{"host":"p033swmn9l8hdcoq","time":1607785847,"event":{"mods":["BaseMod","Minty Spire (QoL Compilation)","StSLib","[功能]功能增强和修复MOD"],"gold_per_floor":[110,123,73,73,68,102,120,295,318,331,331,46,59,77,77,151,151,163,177,196,210,220,220,220],"floor_reached":23,"playtime":952,"items_purged":["Strike_G","Doubt"],"score":449,"play_id":"ec27dfee-7ed3-4258-946e-b3500712a981","local_time":"20201212231047","is_ascension_mode":true,"campfire_choices":[{"data":"Bouncing Flask","floor":11.0,"key":"SMITH"},{"data":"Catalyst","floor":15.0,"key":"SMITH"}],"circlet_count":0,"master_deck":["AscendersBane","Strike_G","Strike_G","Defend_G","Defend_G","Defend_G","Defend_G","Defend_G","Survivor","Neutralize","Bouncing Flask+1","Catalyst+1","Doppelganger","Acrobatics","Acrobatics","Night Terror","Concentrate","Outmaneuver+1","PiercingWail"],"relics":["Ring of the Snake","Gambling Chip","Lantern","Snake Skull","Matryoshka","SacredBark"],"acts_visited":["Exordium","TheCity"],"potions_floor_usage":[22,23],"damage_taken":[{"damage":2.0,"enemies":"Jaw Worm","floor":1.0,"turns":6.0},{"damage":1.0,"enemies":"2 Louse","floor":2.0,"turns":3.0},{"damage":33.0,"enemies":"Lagavulin","floor":6.0,"turns":7.0},{"damage":0.0,"enemies":"Small Slimes","floor":7.0,"turns":3.0},{"damage":5.0,"enemies":"Exordium Thugs","floor":10.0,"turns":7.0},{"damage":4.0,"enemies":"Looter","floor":13.0,"turns":3.0},{"damage":0.0,"enemies":"Exordium Wildlife","floor":14.0,"turns":4.0},{"damage":0.0,"enemies":"Hexaghost","floor":16.0,"turns":4.0},{"damage":0.0,"enemies":"Spheric Guardian","floor":18.0,"turns":2.0},{"damage":10.0,"enemies":"3 Byrds","floor":19.0,"turns":5.0},{"damage":0.0,"enemies":"Snake Plant","floor":20.0,"turns":3.0},{"damage":20.0,"enemies":"Centurion and Healer","floor":21.0,"turns":6.0},{"damage":18,"enemies":"Sentry and Sphere","floor":22,"turns":5},{"damage":10,"enemies":"Slavers","floor":23,"turns":3}],"seed_played":"-3234345332997594580","potions_obtained":[{"floor":6.0,"key":"GamblersBrew"},{"floor":7.0,"key":"Dexterity Potion"},{"floor":13.0,"key":"Dexterity Potion"},{"floor":19.0,"key":"CultistPotion"},{"floor":21.0,"key":"PowerPotion"},{"floor":22,"key":"Regen Potion"}],"is_trial":false,"path_per_floor":["M","M","?","?","$","E","M","?","T","M","R","$","M","M","R","B",null,"M","M","M","M","M","E"],"character_chosen":"THE_SILENT","items_purchased":["Matryoshka","Acrobatics"],"campfire_rested":0,"item_purchase_floors":[12,12],"current_hp_per_floor":[61,60,60,53,53,20,20,20,20,15,15,15,11,11,11,11,50,50,40,40,20,2,11,11],"gold":220,"neow_bonus":"ONE_RARE_RELIC","is_daily":false,"chose_seed":false,"campfire_upgraded":2,"win_rate":0.0,"timestamp":1607785847,"path_taken":["M","M","?","?","$","E","M","?","T","M","R","$","?","M","R","BOSS","M","M","M","M","M","E"],"items_purchased_type":["Relic","Card"],"build_version":"2020-11-30","purchased_purges":2,"victory":false,"max_hp_per_floor":[63,63,63,63,63,63,63,63,63,63,63,63,63,63,63,63,63,63,63,63,63,63,63,63],"card_choices":[{"not_picked":["Bane","Underhanded Strike","Eviscerate"],"picked":"SKIP","floor":1.0},{"not_picked":["Flying Knee","Sucker Punch"],"picked":"Bouncing Flask","floor":2.0},{"not_picked":["Slice","Distraction"],"picked":"Catalyst","floor":6.0},{"not_picked":["Choke","Dagger Spray"],"picked":"Doppelganger","floor":7.0},{"not_picked":["Dagger Spray","Masterful Stab","Quick Slash"],"picked":"SKIP","floor":10.0},{"not_picked":["Underhanded Strike","Backflip"],"picked":"Acrobatics","floor":13.0},{"not_picked":["Acrobatics","Blade Dance","Underhanded Strike"],"picked":"SKIP","floor":14.0},{"not_picked":["Tools of the Trade","Unload"],"picked":"Night Terror","floor":16.0},{"not_picked":["Prepared","Sucker Punch"],"picked":"Concentrate","floor":18.0},{"not_picked":["Blade Dance","Deadly Poison"],"picked":"Outmaneuver+1","floor":19.0},{"not_picked":["Blade Dance","Acrobatics","Setup"],"picked":"SKIP","floor":20.0},{"not_picked":["Blade Dance","Acrobatics","Setup"],"picked":"SKIP","floor":20.0},{"not_picked":["Dagger Throw","Deflect"],"picked":"PiercingWail","floor":21.0},{"not_picked":["PiercingWail","Crippling Poison","Heel Hook"],"picked":"SKIP","floor":22}],"player_experience":57664,"relics_obtained":[{"floor":6.0,"key":"Lantern"},{"floor":9.0,"key":"Snake Skull"}],"event_choices":[{"cards_removed":["Strike_G"],"damage_healed":0.0,"max_hp_gain":0.0,"max_hp_loss":0.0,"gold_gain":0.0,"event_name":"The Cleric","player_choice":"Card Removal","floor":3.0,"gold_loss":50.0,"damage_taken":0.0},{"cards_removed":["Strike_G"],"damage_healed":0.0,"max_hp_gain":0.0,"max_hp_loss":0.0,"gold_gain":0.0,"event_name":"Golden Wing","player_choice":"Card Removal","floor":4.0,"gold_loss":0.0,"damage_taken":7.0},{"damage_healed":0.0,"max_hp_gain":0.0,"max_hp_loss":0.0,"gold_gain":175.0,"event_name":"Liars Game","player_choice":"AGREE","floor":8.0,"gold_loss":0.0,"damage_taken":0.0,"cards_obtained":["Doubt"]}],"is_beta":false,"boss_relics":[{"not_picked":["SlaversCollar","Calling Bell"],"picked":"SacredBark"}],"items_purged_floors":[5,12],"is_endless":false,"potions_floor_spawned":[6,7,13,19,21,22],"killed_by":"Slavers","ascension_level":13}}