{"host":"ppgxiu8l5yxvf2gn","time":1607791227,"event":{"mods":["BaseMod","Hermit","Koishi","Marisa£¨Ùöéë¡¡Øª×âÞÞ£©","Minty Spire (QoL Compilation)","StSLib","Td1madao Mod","WarShipGirlsR/??á´Ò³R mod"],"gold_per_floor":[110,122,139,153,172,207,207,224,278,305,326,341,341,409,409,507,507,525,440,463,463,482,522,522,538,620,655,674,693,724,743,743,851,851,871,921,943,1020,1038,1073,1092,1092,1092,1105,1136,495,495,520,520,520,520,520,56,90,95],"floor_reached":56,"playtime":3835,"items_purged":[],"score":1488,"play_id":"bac6ba2a-de0a-4afc-ab3f-15423999bbe0","local_time":"20201213014027","is_ascension_mode":false,"campfire_choices":[{"floor":7,"key":"RECALL"},{"data":"hermit:Virtue","floor":13,"key":"SMITH"},{"data":"hermit:CursedWeapon","floor":15,"key":"SMITH"},{"data":"hermit:HighNoon","floor":24,"key":"SMITH"},{"data":"hermit:Quickdraw","floor":32,"key":"SMITH"},{"data":"hermit:Quickdraw","floor":42,"key":"SMITH"},{"data":"Transmutation","floor":49,"key":"SMITH"},{"data":"Jack Of All Trades","floor":52,"key":"SMITH"}],"circlet_count":0,"master_deck":["hermit:Strike_Hermit","hermit:Strike_Hermit","hermit:Strike_Hermit","hermit:Strike_Hermit","hermit:Defend_Hermit","hermit:Defend_Hermit","hermit:Defend_Hermit","hermit:Snapshot","hermit:Covet","hermit:HighCaliber","hermit:Headshot","hermit:CursedWeapon+1","hermit:BodyArmor","hermit:Coalescence","hermit:Quickdraw+1","hermit:Headshot","hermit:Coalescence","hermit:Virtue+1","hermit:Scavenge","hermit:HighNoon+1","CurseOfTheBell","hermit:WideOpen","hermit:Quickdraw+1","Decay","hermit:EyeOfTheStorm","hermit:Gambit","hermit:RoundhouseKick","hermit:Maintenance","hermit:BigShot+1","hermit:Quickdraw+1","hermit:Quickdraw+1","hermit:FromBeyond","hermit:Glare","hermit:Desperado+1","hermit:Combo+1","hermit:Glare+1","hermit:Glare","hermit:Deadeye+1","hermit:Manifest","hermit:HighCaliber+1","Transmutation+1","hermit:Scavenge","Thinking Ahead","PanicButton","Jack Of All Trades+1","hermit:CalledShot+1","Secret Weapon","hermit:CursedWeapon"],"relics":["hermit:Momento","Bag of Marbles","Orichalcum","Odd Mushroom","Calling Bell","Potion Belt","Ornamental Fan","Dead Branch","Question Card","Happy Flower","Frozen Egg 2","StoneCalendar","Bottled Flame","Empty Cage","Unceasing Top","Mercury Hourglass","hermit:CharredGlove","Singing Bowl","Anchor","Chemical X","Mummified Hand","Strawberry","Calipers","Blood Vial"],"acts_visited":["Exordium","TheCity","TheBeyond","TheEnding"],"potions_floor_usage":[5,16,16,16],"damage_taken":[{"damage":0,"enemies":"2 Louse","floor":1,"turns":3},{"damage":6,"enemies":"Jaw Worm","floor":2,"turns":3},{"damage":1,"enemies":"Cultist","floor":3,"turns":3},{"damage":7,"enemies":"Looter","floor":4,"turns":2},{"damage":4,"enemies":"3 Louse","floor":5,"turns":2},{"damage":29,"enemies":"3 Sentries","floor":6,"turns":8},{"damage":6,"enemies":"2 Fungi Beasts","floor":8,"turns":2},{"damage":28,"enemies":"Gremlin Nob","floor":10,"turns":4},{"damage":14,"enemies":"The Mushroom Lair","floor":11,"turns":3},{"damage":2,"enemies":"Exordium Wildlife","floor":12,"turns":3},{"damage":23,"enemies":"The Guardian","floor":16,"turns":13},{"damage":12,"enemies":"Spheric Guardian","floor":18,"turns":4},{"damage":21,"enemies":"Shell Parasite","floor":20,"turns":5},{"damage":2,"enemies":"Snecko","floor":22,"turns":5},{"damage":214,"enemies":"Gremlin Leader","floor":23,"turns":15},{"damage":2,"enemies":"Chosen and Byrds","floor":25,"turns":3},{"damage":43,"enemies":"Slavers","floor":27,"turns":6},{"damage":2,"enemies":"Centurion and Healer","floor":28,"turns":4},{"damage":5,"enemies":"3 Cultists","floor":29,"turns":4},{"damage":81,"enemies":"Gremlin Leader","floor":30,"turns":7},{"damage":24,"enemies":"Chosen and Byrds","floor":31,"turns":6},{"damage":91,"enemies":"Champ","floor":33,"turns":11},{"damage":2,"enemies":"3 Darklings","floor":35,"turns":2},{"damage":10,"enemies":"2 Orb Walkers","floor":36,"turns":3},{"damage":25,"enemies":"3 Shapes","floor":37,"turns":3},{"damage":8,"enemies":"Jaw Worm Horde","floor":39,"turns":3},{"damage":2,"enemies":"Nemesis","floor":40,"turns":1},{"damage":49,"enemies":"Transient","floor":41,"turns":5},{"damage":20,"enemies":"4 Shapes","floor":44,"turns":2},{"damage":10,"enemies":"Giant Head","floor":45,"turns":5},{"damage":2,"enemies":"Nemesis","floor":48,"turns":1},{"damage":98,"enemies":"Time Eater","floor":50,"turns":7},{"damage":2,"enemies":"Shield and Spear","floor":54,"turns":4},{"damage":84,"enemies":"The Heart","floor":55,"turns":7}],"seed_played":"-3323700563374268755","potions_obtained":[{"floor":1,"key":"SkillPotion"},{"floor":2,"key":"Regen Potion"},{"floor":3,"key":"Fire Potion"},{"floor":11,"key":"Weak Potion"},{"floor":16,"key":"DistilledChaos"},{"floor":20,"key":"PowerPotion"},{"floor":28,"key":"EssenceOfSteel"},{"floor":29,"key":"hermit:BlackBile"},{"floor":30,"key":"Ancient Potion"},{"floor":37,"key":"SkillPotion"},{"floor":48,"key":"DuplicationPotion"}],"is_trial":false,"path_per_floor":["M","M","M","M","M","E","R","M","T","E","?","M","R","?","R","B",null,"M","?","M","?","M","E","R","M","T","E","M","M","E","M","R","B",null,"M","?","M","T","M","E","M","R","T","M","E","$","?","E","R","B",null,"R","$","E","B",null],"character_chosen":"HERMIT","items_purchased":["Chemical X","Mummified Hand","Transmutation","hermit:Scavenge","Secret Weapon","Calipers"],"campfire_rested":0,"item_purchase_floors":[46,46,46,46,53,53],"current_hp_per_floor":[8200,8194,8193,8186,8187,8158,8158,8152,8152,8124,8110,8108,8108,8108,8108,8085,9820,9808,9808,9787,9787,9785,9571,9571,9569,9569,9526,9524,9519,9438,9414,9414,9323,9820,9818,9808,9783,9783,9775,9773,9724,9724,9724,9704,9694,9694,9684,9689,9689,9591,9827,9827,9827,9825,9743],"gold":95,"neow_bonus":"TEN_PERCENT_HP_BONUS","is_daily":false,"chose_seed":false,"campfire_upgraded":7,"win_rate":0.0,"timestamp":1607791227,"path_taken":["M","M","M","M","M","E","R","M","T","E","?","M","R","?","R","BOSS","M","?","M","?","M","E","R","M","T","E","M","M","E","M","R","BOSS","M","?","M","?","M","E","?","R","T","M","E","$","?","E","R","BOSS","R","$","E","BOSS"],"items_purchased_type":["Relic","Relic","Card","Card","Card","Relic"],"build_version":"2020-11-30","purchased_purges":0,"victory":true,"max_hp_per_floor":[9820,9820,9820,9820,9820,9820,9820,9820,9820,9820,9820,9820,9820,9820,9820,9820,9820,9820,9820,9820,9820,9820,9820,9820,9820,9820,9820,9820,9820,9820,9820,9820,9820,9820,9820,9820,9820,9820,9820,9820,9820,9820,9820,9820,9820,9820,9820,9827,9827,9827,9827,9827,9827,9827,9827],"card_choices":[{"not_picked":["hermit:Misfire","hermit:TrackingShot"],"picked":"hermit:HighCaliber","floor":1},{"not_picked":["hermit:HighCaliber","hermit:Misfire"],"picked":"hermit:Headshot","floor":2},{"not_picked":["hermit:Feint","hermit:PistolWhip"],"picked":"hermit:CursedWeapon","floor":3},{"not_picked":["hermit:Headshot","hermit:Showdown"],"picked":"hermit:BodyArmor","floor":4},{"not_picked":["hermit:HeroicBravado","hermit:WideOpen"],"picked":"hermit:Coalescence","floor":5},{"not_picked":["hermit:WideOpen","hermit:Virtue"],"picked":"hermit:Quickdraw","floor":6},{"not_picked":["hermit:Feint","hermit:Desperado"],"picked":"hermit:Headshot","floor":8},{"not_picked":["hermit:Dive","hermit:Manifest"],"picked":"hermit:Coalescence","floor":10},{"not_picked":["hermit:Headshot","hermit:Cheat"],"picked":"hermit:Virtue","floor":11},{"not_picked":["hermit:EyeOfTheStorm","hermit:Misfire"],"picked":"hermit:Scavenge","floor":12},{"not_picked":["hermit:FinalCanter","hermit:BlackWind"],"picked":"hermit:HighNoon","floor":16},{"not_picked":["hermit:LowProfile","hermit:Misfire"],"picked":"hermit:WideOpen","floor":18},{"not_picked":["hermit:BlackWind","hermit:TrackingShot","hermit:Headshot"],"picked":"hermit:Quickdraw","floor":20},{"not_picked":["hermit:NoHoldsBarred","hermit:Enervate","hermit:Roulette+1"],"picked":"hermit:EyeOfTheStorm","floor":22},{"not_picked":["hermit:HoleUp","hermit:Virtue","hermit:Vantage"],"picked":"hermit:Roulette","floor":23},{"not_picked":["hermit:HoleUp+1","hermit:BodyArmor","hermit:CalledShot"],"picked":"hermit:Gambit","floor":25},{"not_picked":["hermit:ShadowCloak+1","hermit:Midnight","hermit:Feint+1"],"picked":"hermit:RoundhouseKick","floor":27},{"not_picked":["hermit:HoleUp+1","hermit:Snipe","hermit:Glare"],"picked":"hermit:Maintenance","floor":28},{"not_picked":["hermit:FullyLoaded+1","hermit:BodyArmor+1","hermit:CalledShot"],"picked":"hermit:BigShot+1","floor":29},{"not_picked":["hermit:Headshot","hermit:HoleUp+1","hermit:Dive"],"picked":"hermit:Quickdraw+1","floor":30},{"not_picked":["hermit:Glare+1","hermit:Dissolve","hermit:Desperado"],"picked":"hermit:Quickdraw+1","floor":31},{"not_picked":["hermit:DeadOrAlive","hermit:Roughhouse","hermit:RoundhouseKick"],"picked":"hermit:FromBeyond","floor":33},{"not_picked":["hermit:WideOpen","hermit:CalledShot","hermit:HoleUp"],"picked":"hermit:Glare","floor":35},{"not_picked":["hermit:Vantage","hermit:Feint","hermit:Midnight+1"],"picked":"hermit:Desperado+1","floor":36},{"not_picked":["hermit:Manifest+1","hermit:SprayPray+1","hermit:WideOpen"],"picked":"hermit:Combo+1","floor":37},{"not_picked":["hermit:BigShot+1","hermit:Deadeye+1","hermit:Feint+1"],"picked":"hermit:Glare+1","floor":39},{"not_picked":["hermit:PistolWhip+1","hermit:HoleUp+1","hermit:BodyArmor+1"],"picked":"hermit:Glare","floor":40},{"not_picked":["hermit:TakeAim+1","hermit:Grudge","hermit:BodyArmor"],"picked":"hermit:Deadeye+1","floor":41},{"not_picked":["hermit:Ricochet","hermit:HeroicBravado","hermit:Feint"],"picked":"hermit:Manifest","floor":44},{"not_picked":["hermit:LuckOfTheDraw+1","hermit:DeadMansHand+1","hermit:Dive+1"],"picked":"hermit:HighCaliber+1","floor":45},{"not_picked":["Forethought","Good Instincts","Flash of Steel"],"picked":"Thinking Ahead","floor":47},{"not_picked":["Violence","Enlightenment","Thinking Ahead"],"picked":"PanicButton","floor":47},{"not_picked":["PanicButton","Forethought","Deep Breath"],"picked":"Jack Of All Trades","floor":47},{"not_picked":["hermit:FlashPowder","hermit:Dive+1","hermit:TakeCover"],"picked":"hermit:CalledShot+1","floor":48},{"not_picked":["hermit:TrackingShot","hermit:ShadowCloak+1","hermit:LuckOfTheDraw"],"picked":"hermit:CursedWeapon","floor":54}],"player_experience":63503,"relics_obtained":[{"floor":6,"key":"Bag of Marbles"},{"floor":10,"key":"Orichalcum"},{"floor":11,"key":"Odd Mushroom"},{"floor":17,"key":"Potion Belt"},{"floor":17,"key":"Ornamental Fan"},{"floor":17,"key":"Dead Branch"},{"floor":23,"key":"Happy Flower"},{"floor":26,"key":"Frozen Egg 2"},{"floor":27,"key":"StoneCalendar"},{"floor":30,"key":"Bottled Flame"},{"floor":36,"key":"Unceasing Top"},{"floor":38,"key":"Mercury Hourglass"},{"floor":40,"key":"hermit:CharredGlove"},{"floor":43,"key":"Singing Bowl"},{"floor":45,"key":"Anchor"},{"floor":48,"key":"Strawberry"},{"floor":54,"key":"Blood Vial"}],"event_choices":[{"damage_healed":0,"gold_gain":0,"player_choice":"Fought Mushrooms","damage_taken":0,"max_hp_gain":0,"max_hp_loss":0,"event_name":"Mushrooms","floor":11,"gold_loss":0},{"damage_healed":0,"gold_gain":68,"player_choice":"Gained Gold","damage_taken":0,"max_hp_gain":0,"max_hp_loss":0,"event_name":"Golden Wing","floor":14,"gold_loss":0},{"damage_healed":0,"gold_gain":0,"player_choice":"Obtained Relic","damage_taken":0,"relics_obtained":["Question Card"],"max_hp_gain":0,"max_hp_loss":0,"event_name":"Addict","floor":19,"gold_loss":85},{"damage_healed":0,"gold_gain":0,"player_choice":"Smashed Altar","damage_taken":0,"max_hp_gain":0,"max_hp_loss":0,"event_name":"Forgotten Altar","floor":21,"gold_loss":0,"cards_obtained":["Decay"]},{"damage_healed":0,"gold_gain":0,"player_choice":"Fight","damage_taken":0,"max_hp_gain":0,"max_hp_loss":0,"event_name":"Mysterious Sphere","floor":36,"gold_loss":0},{"damage_healed":0,"gold_gain":0,"player_choice":"Memory 3","damage_taken":10,"max_hp_gain":0,"max_hp_loss":0,"event_name":"SensoryStone","floor":47,"gold_loss":0}],"is_beta":false,"boss_relics":[{"not_picked":["hermit:BartenderGlass","Fusion Hammer"],"picked":"Calling Bell"},{"not_picked":["Snecko Eye","Tiny House"],"picked":"Empty Cage"}],"items_purged_floors":[],"is_endless":false,"potions_floor_spawned":[1,2,3,4,11,16,20,28,29,30,37,39,41,48],"ascension_level":0}}