{"host":"07ljfmttuzqopd7f","time":1607747451,"event":{"mods":["2.2 Compatiblity","BaseMod","Bestiary","Block Reminder","Colored Map","Colored Powertips","Curses Come First","Hermit","Minty Spire (QoL Compilation)","Quick Restart","Random Character Button","Rare Cards Sparkle","Relic Stats","StSLib","The Cursed","UnlockEverythingMod"],"gold_per_floor":[113,113,113,2,19,46,46,77,77,77,13,113,156,181,181,181,181],"floor_reached":16,"playtime":858,"items_purged":["hermit:Defend_Hermit"],"score":176,"play_id":"ef33d2eb-5e77-43b6-b05c-64f0e5186bd3","local_time":"20201211233051","is_ascension_mode":true,"campfire_choices":[{"data":"hermit:GoldenBullet","floor":7,"key":"SMITH"},{"floor":15,"key":"REST"}],"circlet_count":0,"master_deck":["hermit:Strike_Hermit+1","hermit:Strike_Hermit","hermit:Strike_Hermit","hermit:Strike_Hermit","hermit:Defend_Hermit","hermit:Defend_Hermit","hermit:Snapshot+1","hermit:Covet","hermit:TakeCover","hermit:GoldenBullet+1","hermit:Coalescence","hermit:Vantage","Injury","hermit:Brawl","hermit:Reprieve"],"relics":["hermit:Momento","NeowsBlessing","Calipers","hermit:CharredGlove","The Courier","Golden Idol","Potion Belt"],"acts_visited":["Exordium"],"potions_floor_usage":[16],"damage_taken":[{"damage":0,"enemies":"Jaw Worm","floor":1,"turns":1},{"damage":0,"enemies":"Cultist","floor":5,"turns":1},{"damage":0,"enemies":"Gremlin Nob","floor":6,"turns":1},{"damage":27,"enemies":"3 Sentries","floor":8,"turns":10},{"damage":23,"enemies":"Gremlin Nob","floor":13,"turns":4},{"damage":0,"enemies":"2 Louse","floor":14,"turns":3},{"damage":49,"enemies":"Slime Boss","floor":16,"turns":9}],"seed_played":"7692907998820674959","potions_obtained":[{"floor":8,"key":"SteroidPotion"}],"is_trial":false,"path_per_floor":["M","?","?","$","M","E","R","E","T","?","$","?","E","M","R","B"],"character_chosen":"HERMIT","items_purchased":["hermit:GoldenBullet","hermit:Brawl"],"campfire_rested":1,"item_purchase_floors":[4,11],"current_hp_per_floor":[75,75,60,60,60,60,60,33,33,33,33,33,10,18,40,0,0],"gold":181,"neow_bonus":"THREE_ENEMY_KILL","is_daily":false,"chose_seed":false,"campfire_upgraded":1,"win_rate":0.0,"timestamp":1607747451,"path_taken":["M","?","?","?","?","E","R","E","T","?","$","?","E","M","R","BOSS"],"items_purchased_type":["Card","Card"],"build_version":"2020-11-30","purchased_purges":1,"victory":false,"max_hp_per_floor":[75,75,75,75,75,75,75,75,75,75,75,75,75,75,75,75,75],"relic_stats":{"counters":[7,29],"Golden Idol":14,"obtain_stats":[{"Potion Belt":13,"Calipers":6,"NeowsBlessing":0,"Golden Idol":10,"hermit:CharredGlove":8,"The Courier":9,"hermit:Momento":0},{"Potion Belt":5,"Calipers":3,"NeowsBlessing":0,"Golden Idol":4,"hermit:CharredGlove":4,"The Courier":4,"hermit:Momento":0},{"Potion Belt":17,"Calipers":3,"NeowsBlessing":0,"Golden Idol":13,"hermit:CharredGlove":13,"The Courier":13,"hermit:Momento":0}]},"card_choices":[{"not_picked":["hermit:CalledShot","hermit:BigShot"],"picked":"hermit:TakeCover","floor":1},{"not_picked":["hermit:Midnight","hermit:HoleUp","hermit:ItchyTrigger"],"picked":"SKIP","floor":5},{"not_picked":["hermit:LowProfile","hermit:TrackingShot"],"picked":"hermit:Coalescence","floor":6},{"not_picked":["hermit:Glare","hermit:Dive"],"picked":"hermit:Vantage","floor":8},{"not_picked":["hermit:Determination","hermit:ShadowCloak"],"picked":"hermit:Reprieve","floor":13},{"not_picked":["hermit:Misfire","hermit:Snipe","hermit:Determination"],"picked":"SKIP","floor":14}],"player_experience":381767,"relics_obtained":[{"floor":6,"key":"Calipers"},{"floor":8,"key":"hermit:CharredGlove"},{"floor":9,"key":"The Courier"},{"floor":13,"key":"Potion Belt"}],"event_choices":[{"cards_removed":["hermit:Defend_Hermit"],"damage_healed":0,"gold_gain":0,"player_choice":"Forget","damage_taken":0,"max_hp_gain":0,"max_hp_loss":0,"event_name":"Living Wall","floor":2,"gold_loss":0},{"damage_healed":0,"gold_gain":0,"player_choice":"Entered Light","damage_taken":15,"max_hp_gain":0,"max_hp_loss":0,"event_name":"Shining Light","floor":3,"gold_loss":0,"cards_upgraded":["hermit:Snapshot","hermit:Strike_Hermit"]},{"damage_healed":0,"gold_gain":0,"player_choice":"Take Wound","damage_taken":0,"relics_obtained":["Golden Idol"],"max_hp_gain":0,"max_hp_loss":0,"event_name":"Golden Idol","floor":10,"gold_loss":0,"cards_obtained":["Injury"]},{"damage_healed":0,"gold_gain":100,"player_choice":"Pray","damage_taken":0,"max_hp_gain":0,"max_hp_loss":0,"event_name":"Golden Shrine","floor":12,"gold_loss":0}],"is_beta":false,"boss_relics":[],"items_purged_floors":[4],"is_endless":false,"potions_floor_spawned":[8],"killed_by":"Slime Boss","ascension_level":5}}