{"host":"Ilker","time":1607804342,"event":{"mods":["BaseMod","Bestiary","Block Reminder","Colored Map","DeckTracker","Highlight Path","Minty Spire (QoL Compilation)","Quick Restart","Relic Sorter","Relic Stats"],"gold_per_floor":[118,128,140,158,221,221,249,214,214,214,364,364,374,18,18,95,95,109,119,119,119,119,119],"floor_reached":22,"playtime":1121,"items_purged":["Regret"],"score":368,"play_id":"b701ee1c-e69f-48f3-8b15-5d51ca47f443","local_time":"20201212231901","is_ascension_mode":true,"campfire_choices":[{"data":"Redo","floor":6.0,"key":"SMITH"},{"data":"Darkness","floor":12.0,"key":"SMITH"},{"floor":15.0,"key":"REST"}],"circlet_count":0,"master_deck":["AscendersBane","Strike_B","Defend_B","Defend_B","Defend_B","Defend_B","Zap","Dualcast","Darkness+1","Rebound","Doom and Gloom","Redo+1","Compile Driver","Parasite","Leap+1","Hologram+1","BootSequence+1","Redo+1","Conserve Battery+1","Hyperbeam","Coolheaded+1","Leap+1","Doubt","Leap+1","Self Repair"],"relics":["Cursed Key","The Courier","Toxic Egg 2","Blood Vial","OrangePellets","Empty Cage","PreservedInsect"],"acts_visited":["Exordium","TheCity"],"potions_floor_usage":[18],"damage_taken":[{"damage":1.0,"enemies":"2 Louse","floor":1.0,"turns":4.0},{"damage":7.0,"enemies":"Small Slimes","floor":2.0,"turns":3.0},{"damage":2.0,"enemies":"Jaw Worm","floor":3.0,"turns":4.0},{"damage":7.0,"enemies":"2 Fungi Beasts","floor":4.0,"turns":2.0},{"damage":40.0,"enemies":"3 Sentries","floor":7.0,"turns":8.0},{"damage":0.0,"enemies":"Blue Slaver","floor":13.0,"turns":2.0},{"damage":37.0,"enemies":"Hexaghost","floor":16.0,"turns":9.0},{"damage":16,"enemies":"Chosen","floor":18,"turns":6},{"damage":11,"enemies":"Shell Parasite","floor":19,"turns":4},{"damage":39,"enemies":"Cultist and Chosen","floor":22,"turns":5}],"seed_played":"2946815725665607135","potions_obtained":[{"floor":1.0,"key":"DuplicationPotion"},{"floor":7.0,"key":"Ancient Potion"},{"floor":13.0,"key":"Ancient Potion"}],"is_trial":false,"path_per_floor":["M","M","M","M","?","R","E","?","T","?","?","R","M","$","R","B",null,"M","M","T","?","M"],"character_chosen":"DEFECT","items_purchased":["Hologram+1","OrangePellets","BootSequence+1","Redo+1","Conserve Battery+1"],"campfire_rested":1,"item_purchase_floors":[14,14,14,14,14],"current_hp_per_floor":[63,56,54,47,47,47,7,24,24,24,24,24,26,26,47,12,56,42,33,33,33,0,0],"gold":119,"neow_bonus":"BOSS_RELIC","is_daily":false,"chose_seed":false,"campfire_upgraded":2,"win_rate":0.0,"timestamp":1607804341,"path_taken":["M","M","M","M","?","R","E","?","T","?","?","R","?","$","R","BOSS","M","M","?","?","M"],"items_purchased_type":["Card","Relic","Card","Card","Card"],"build_version":"2020-12-07","purchased_purges":1,"victory":false,"max_hp_per_floor":[71,71,71,71,71,71,71,71,71,71,71,71,71,71,71,71,71,71,71,71,71,71,71],"relic_stats":{"Blood Vial":10,"OrangePellets":[3],"counters":[10,47],"PreservedInsect":0,"Cursed Key":2,"obtain_stats":[{"Blood Vial":10,"OrangePellets":14,"The Courier":7,"PreservedInsect":20,"Toxic Egg 2":9,"Cracked Core":0,"Cursed Key":0,"Empty Cage":17},{"Blood Vial":5,"OrangePellets":6,"The Courier":5,"PreservedInsect":9,"Toxic Egg 2":5,"Cracked Core":0,"Cursed Key":0,"Empty Cage":7},{"Blood Vial":21,"OrangePellets":23,"The Courier":21,"PreservedInsect":42,"Toxic Egg 2":21,"Cracked Core":0,"Cursed Key":0,"Empty Cage":32}]},"card_choices":[{"not_picked":["Sweeping Beam","Steam"],"picked":"Darkness","floor":1.0},{"not_picked":["Conserve Battery","Stack"],"picked":"Rebound","floor":2.0},{"not_picked":["Scrape","Sunder"],"picked":"Doom and Gloom","floor":3.0},{"not_picked":["Sunder","FTL"],"picked":"Redo","floor":4.0},{"not_picked":["Steam","Sweeping Beam"],"picked":"Compile Driver","floor":7.0},{"not_picked":["Gash","Hello World"],"picked":"Leap+1","floor":13.0},{"not_picked":["Machine Learning","Electrodynamics"],"picked":"Hyperbeam","floor":16.0},{"not_picked":["Rebound","Streamline"],"picked":"Coolheaded+1","floor":18},{"not_picked":["Static Discharge","Double Energy+1"],"picked":"Leap+1","floor":19}],"player_experience":1639335,"relics_obtained":[{"floor":7.0,"key":"The Courier"},{"floor":9.0,"key":"Toxic Egg 2"},{"floor":20,"key":"PreservedInsect"}],"event_choices":[{"damage_healed":0.0,"max_hp_gain":0.0,"max_hp_loss":0.0,"gold_gain":63.0,"event_name":"Golden Wing","player_choice":"Gained Gold","floor":5.0,"gold_loss":0.0,"damage_taken":0.0},{"damage_healed":17.0,"max_hp_gain":0.0,"max_hp_loss":0.0,"gold_gain":0.0,"event_name":"The Cleric","player_choice":"Healed","floor":8.0,"gold_loss":35.0,"damage_taken":0.0},{"damage_healed":0.0,"max_hp_gain":0.0,"max_hp_loss":0.0,"gold_gain":0.0,"event_name":"Big Fish","player_choice":"Box","floor":10.0,"gold_loss":0.0,"damage_taken":0.0,"relics_obtained":["Blood Vial"],"cards_obtained":["Regret"]},{"damage_healed":0.0,"max_hp_gain":0.0,"max_hp_loss":0.0,"gold_gain":150.0,"event_name":"Liars Game","player_choice":"AGREE","floor":11.0,"gold_loss":0.0,"damage_taken":0.0,"cards_obtained":["Doubt"]},{"damage_healed":0,"gold_gain":0,"cards_transformed":["Strike_B","Strike_B"],"player_choice":"Became Test Subject","damage_taken":0,"max_hp_gain":0,"max_hp_loss":0,"event_name":"Drug Dealer","floor":21,"gold_loss":0,"cards_obtained":["Leap","Self Repair"]}],"is_beta":true,"boss_relics":[{"not_picked":["Inserter","Sozu"],"picked":"Empty Cage"}],"items_purged_floors":[14],"is_endless":false,"potions_floor_spawned":[1,7,13],"killed_by":"Cultist and Chosen","ascension_level":20}}