{"host":"se2kry7a7ac49ar7","time":1607753720,"event":{"mods":["BaseMod","Bestiary","Minty Spire (QoL Compilation)","StSLib"],"gold_per_floor":[99,99,49,1,1,1,1,1,1,1,1,1,1,1,1,1,1,1,1,1,1,1,1,1],"floor_reached":23,"playtime":1284,"items_purged":[],"score":373,"play_id":"e5456770-47a3-4480-bd3d-d46ef48ef74a","local_time":"20201211221520","is_ascension_mode":true,"campfire_choices":[{"data":"Uppercut","floor":6,"key":"SMITH"},{"data":"Flame Barrier","floor":10,"key":"SMITH"},{"data":"Havoc","floor":15,"key":"SMITH"}],"circlet_count":0,"master_deck":["AscendersBane","Strike_R","Strike_R","Strike_R","Strike_R","Defend_R","Defend_R","Defend_R","Defend_R","Bash","Uppercut+1","Disarm","Shrug It Off","Flame Barrier+1","Havoc+1","Uppercut","Demon Form","Clothesline","True Grit","Barricade","Burning Pact","RitualDagger","Disarm","Feel No Pain"],"relics":["Ectoplasm","Calipers","Pantograph","Torii","CeramicFish","Boot","Fusion Hammer"],"acts_visited":["Exordium","TheCity"],"potions_floor_usage":[8,11,23,23],"damage_taken":[{"damage":5,"enemies":"Small Slimes","floor":1,"turns":3},{"damage":1,"enemies":"Cultist","floor":2,"turns":3},{"damage":4,"enemies":"2 Louse","floor":5,"turns":2},{"damage":12,"enemies":"Large Slime","floor":7,"turns":5},{"damage":12,"enemies":"Gremlin Nob","floor":8,"turns":4},{"damage":2,"enemies":"Lagavulin","floor":11,"turns":6},{"damage":0,"enemies":"Exordium Thugs","floor":12,"turns":3},{"damage":11,"enemies":"Gremlin Nob","floor":13,"turns":4},{"damage":1,"enemies":"Blue Slaver","floor":14,"turns":5},{"damage":6,"enemies":"Hexaghost","floor":16,"turns":9},{"damage":9,"enemies":"Spheric Guardian","floor":18,"turns":5},{"damage":3,"enemies":"Shell Parasite","floor":20,"turns":7},{"damage":8,"enemies":"Centurion and Healer","floor":22,"turns":10},{"damage":47,"enemies":"Slavers","floor":23,"turns":4}],"seed_played":"841347984043317763","potions_obtained":[{"floor":5,"key":"Regen Potion"},{"floor":7,"key":"Regen Potion"},{"floor":11,"key":"ElixirPotion"},{"floor":13,"key":"ColorlessPotion"},{"floor":18,"key":"Dexterity Potion"}],"is_trial":false,"path_per_floor":["M","M","?","$","M","R","M","E","T","R","E","M","E","M","R","B",null,"M","?","M","?","M","E"],"character_chosen":"IRONCLAD","items_purchased":["BlessingOfTheForge"],"campfire_rested":0,"item_purchase_floors":[4],"current_hp_per_floor":[63,62,62,62,58,58,46,46,46,46,59,59,48,47,47,66,73,64,58,55,55,47,0,0],"gold":1,"neow_bonus":"BOSS_RELIC","is_daily":false,"chose_seed":false,"campfire_upgraded":3,"win_rate":0.0,"timestamp":1607753720,"path_taken":["M","M","?","?","?","R","M","E","T","R","E","M","E","M","R","BOSS","M","?","M","?","M","E"],"items_purchased_type":["Potion"],"build_version":"2020-11-30","purchased_purges":0,"victory":false,"max_hp_per_floor":[75,75,75,75,75,75,75,75,75,75,75,75,75,75,75,75,75,75,75,75,75,75,75,75],"card_choices":[{"not_picked":["Shrug It Off","Ghostly Armor"],"picked":"Uppercut","floor":1},{"not_picked":["Twin Strike","Pommel Strike"],"picked":"Disarm","floor":2},{"not_picked":["Headbutt","Sword Boomerang"],"picked":"Shrug It Off","floor":5},{"not_picked":["Blood for Blood","Cleave"],"picked":"Flame Barrier","floor":7},{"not_picked":["Anger","Intimidate"],"picked":"Havoc","floor":8},{"not_picked":["Sword Boomerang","Clash"],"picked":"Uppercut","floor":11},{"not_picked":["Body Slam","Flex"],"picked":"Demon Form","floor":12},{"not_picked":["Fire Breathing","Rage"],"picked":"Clothesline","floor":13},{"not_picked":["Wild Strike","Warcry"],"picked":"True Grit","floor":14},{"not_picked":["Limit Break","Brutality"],"picked":"Barricade","floor":16},{"not_picked":["Armaments","Pommel Strike"],"picked":"Burning Pact","floor":18},{"not_picked":["Heavy Blade","Hemokinesis"],"picked":"Disarm","floor":20},{"not_picked":["Fiend Fire","Sword Boomerang+1"],"picked":"Feel No Pain","floor":22}],"player_experience":619754,"relics_obtained":[{"floor":8,"key":"Pantograph"},{"floor":9,"key":"Torii"},{"floor":11,"key":"CeramicFish"},{"floor":13,"key":"Boot"}],"event_choices":[{"damage_healed":0,"gold_gain":0,"player_choice":"Paid Gold","damage_taken":0,"relics_obtained":["Calipers"],"max_hp_gain":0,"max_hp_loss":0,"event_name":"WeMeetAgain","floor":3,"gold_loss":50},{"damage_healed":0,"gold_gain":0,"player_choice":"Joined the Cult","damage_taken":6,"max_hp_gain":0,"max_hp_loss":0,"event_name":"Nest","floor":19,"gold_loss":0,"cards_obtained":["RitualDagger"]},{"cards_removed":["Strike_R"],"damage_healed":0,"gold_gain":0,"player_choice":"Purged","damage_taken":0,"max_hp_gain":0,"max_hp_loss":0,"event_name":"Purifier","floor":21,"gold_loss":0}],"is_beta":false,"boss_relics":[{"not_picked":["Runic Dome","Astrolabe"],"picked":"Fusion Hammer"}],"items_purged_floors":[],"is_endless":false,"potions_floor_spawned":[5,7,11,13,14,18],"killed_by":"Slavers","ascension_level":15}}