{"host":"sav7uxregyirlf69","time":1607785289,"event":{"mods":["AchievementEnabler","BaseMod","Colored Map","DeckTracker","Hermit","Keyboard Shortcuts","Minty Spire (QoL Compilation)","READ ME - Guardian Mod","StSLib","SuperFastMode"],"gold_per_floor":[117,128,128,147,162,192,39,39,39,70,70,102,102,116,116,192,192,208,208,219,219,237,237,237],"floor_reached":23,"playtime":615,"items_purged":["Strike_R"],"score":422,"play_id":"564d4537-9aa2-4f11-8e4d-01dbce4b6bcf","local_time":"20201213000129","is_ascension_mode":true,"campfire_choices":[{"floor":8,"key":"REST"},{"floor":11,"key":"REST"},{"data":"Evolve","floor":15,"key":"SMITH"}],"circlet_count":0,"master_deck":["AscendersBane","Strike_R","Strike_R","Strike_R","Defend_R","Defend_R","Defend_R","Bash","Shrug It Off","Anger","Burning Pact","Evolve+1","Seeing Red","Power Through","Fiend Fire","Dropkick"],"relics":["Burning Blood","Happy Flower","Paper Frog","Meat on the Bone","Orichalcum","Centennial Puzzle","Sozu","Blood Vial"],"acts_visited":["Exordium","TheCity"],"potions_floor_usage":[6,12,16,18],"damage_taken":[{"damage":7,"enemies":"Small Slimes","floor":1,"turns":3},{"damage":0,"enemies":"Jaw Worm","floor":2,"turns":3},{"damage":3,"enemies":"Cultist","floor":4,"turns":4},{"damage":35,"enemies":"Exordium Thugs","floor":5,"turns":9},{"damage":43,"enemies":"Lagavulin","floor":6,"turns":6},{"damage":24,"enemies":"3 Sentries","floor":10,"turns":8},{"damage":14,"enemies":"Lagavulin","floor":12,"turns":7},{"damage":10,"enemies":"Exordium Wildlife","floor":14,"turns":4},{"damage":12,"enemies":"Hexaghost","floor":16,"turns":8},{"damage":16,"enemies":"3 Byrds","floor":18,"turns":6},{"damage":16,"enemies":"Spheric Guardian","floor":20,"turns":5},{"damage":22,"enemies":"Snecko","floor":22,"turns":5},{"damage":48,"enemies":"Slavers","floor":23,"turns":4}],"seed_played":"-8058728111884187624","potions_obtained":[{"floor":4,"key":"Fruit Juice"},{"floor":10,"key":"Swift Potion"},{"floor":12,"key":"BlessingOfTheForge"},{"floor":14,"key":"Weak Potion"},{"floor":16,"key":"LiquidMemories"}],"is_trial":false,"path_per_floor":["M","M","?","M","M","E","$","R","T","E","R","E","?","M","R","B",null,"M","?","M","T","M","E"],"character_chosen":"IRONCLAD","items_purchased":["Evolve"],"campfire_rested":2,"item_purchase_floors":[7],"current_hp_per_floor":[67,73,66,69,40,8,8,32,32,26,50,54,54,50,50,56,74,64,41,43,43,41,0,0],"gold":237,"neow_bonus":"RANDOM_COMMON_RELIC","is_daily":false,"chose_seed":false,"campfire_upgraded":1,"win_rate":0.0,"timestamp":1607785289,"path_taken":["M","M","?","M","M","E","$","R","T","E","R","E","?","M","R","BOSS","M","?","M","?","M","E"],"items_purchased_type":["Card"],"build_version":"2020-11-30","purchased_purges":1,"victory":false,"max_hp_per_floor":[75,75,75,75,75,80,80,80,80,80,80,80,80,80,80,80,80,80,85,85,85,85,85,85],"card_choices":[{"not_picked":["Sword Boomerang","Combust"],"picked":"Shrug It Off","floor":1},{"not_picked":["Flex","Headbutt","Shrug It Off"],"picked":"SKIP","floor":2},{"not_picked":["Iron Wave","Perfected Strike","Clash"],"picked":"SKIP","floor":4},{"not_picked":["Entrench","Flex"],"picked":"Anger","floor":5},{"not_picked":["Evolve","Sword Boomerang"],"picked":"Burning Pact","floor":6},{"not_picked":["Carnage","Double Tap"],"picked":"Seeing Red","floor":10},{"not_picked":["Dropkick","Dual Wield","Infernal Blade"],"picked":"SKIP","floor":12},{"not_picked":["Havoc","Burning Pact"],"picked":"Power Through","floor":14},{"not_picked":["Corruption","Double Tap"],"picked":"Fiend Fire","floor":16},{"not_picked":["Cleave","Dual Wield","Armaments"],"picked":"SKIP","floor":18},{"not_picked":["Clash","Havoc"],"picked":"Dropkick","floor":20},{"not_picked":["Heavy Blade","True Grit","Intimidate"],"picked":"SKIP","floor":22}],"player_experience":924598,"relics_obtained":[{"floor":6,"key":"Paper Frog"},{"floor":9,"key":"Meat on the Bone"},{"floor":10,"key":"Orichalcum"},{"floor":12,"key":"Centennial Puzzle"},{"floor":21,"key":"Blood Vial"}],"event_choices":[{"cards_removed":["Strike_R"],"damage_healed":0,"gold_gain":0,"player_choice":"Card Removal","damage_taken":7,"max_hp_gain":0,"max_hp_loss":0,"event_name":"Golden Wing","floor":3,"gold_loss":0},{"cards_removed":["Defend_R"],"damage_healed":0,"gold_gain":0,"player_choice":"Offered Basic","damage_taken":0,"max_hp_gain":0,"max_hp_loss":0,"event_name":"Bonfire Elementals","floor":13,"gold_loss":0},{"damage_healed":0,"gold_gain":0,"player_choice":"Shed Blood","damage_taken":28,"max_hp_gain":5,"max_hp_loss":0,"event_name":"Forgotten Altar","floor":19,"gold_loss":0}],"is_beta":false,"boss_relics":[{"not_picked":["Black Blood","Snecko Eye"],"picked":"Sozu"}],"items_purged_floors":[7],"is_endless":false,"potions_floor_spawned":[4,10,12,14,16,18,20],"killed_by":"Slavers","ascension_level":20}}