{"host":"swphzoo6hmc78epl","time":1607814537,"event":{"mods":["BaseMod","Highlight Path","Minty Spire (QoL Compilation)","Quick Restart"],"gold_per_floor":[109,120,135,150,167,167,192,192,192,203,215,231,306,325,325,427,427,443,199,213,229,266,266,266],"floor_reached":23,"playtime":1088,"items_purged":["Strike_P"],"score":301,"play_id":"26c21325-1dc6-46b1-9cb9-92ca091b79c0","local_time":"20201212180857","is_ascension_mode":true,"campfire_choices":[{"data":"Judgement","floor":6,"key":"SMITH"},{"data":"BattleHymn","floor":8,"key":"SMITH"},{"data":"Eruption","floor":15,"key":"SMITH"}],"circlet_count":0,"master_deck":["Strike_P","Strike_P","Strike_P","Defend_P","Defend_P","Defend_P","Defend_P","Eruption+1","Vigilance","Judgement+1","BowlingBash","JustLucky","BattleHymn+1","FlurryOfBlows","FlurryOfBlows","Perseverance","EmptyFist","ClearTheMind","Brilliance","SashWhip","Alpha","CurseOfTheBell","FlyingSleeves+1","Consecrate","Distraction","Footwork+1","Infernal Blade"],"relics":["PureWater","Thread and Needle","Calling Bell","Ancient Tea Set","Ornamental Fan","Bird Faced Urn","PrismaticShard"],"acts_visited":["Exordium","TheCity"],"potions_floor_usage":[4,12,16,20,21,22,23],"damage_taken":[{"damage":0,"enemies":"2 Louse","floor":1,"turns":2},{"damage":0,"enemies":"Jaw Worm","floor":2,"turns":2},{"damage":0,"enemies":"Small Slimes","floor":3,"turns":2},{"damage":0,"enemies":"Looter","floor":4,"turns":1},{"damage":0,"enemies":"3 Louse","floor":5,"turns":3},{"damage":12,"enemies":"Lagavulin","floor":7,"turns":5},{"damage":4,"enemies":"Large Slime","floor":10,"turns":3},{"damage":0,"enemies":"2 Fungi Beasts","floor":11,"turns":2},{"damage":10,"enemies":"Lots of Slimes","floor":12,"turns":2},{"damage":2,"enemies":"3 Louse","floor":14,"turns":2},{"damage":0,"enemies":"Slime Boss","floor":16,"turns":6},{"damage":6,"enemies":"3 Byrds","floor":18,"turns":4},{"damage":14,"enemies":"2 Thieves","floor":20,"turns":4},{"damage":0,"enemies":"3 Cultists","floor":21,"turns":3},{"damage":8,"enemies":"Shelled Parasite and Fungi","floor":22,"turns":5},{"damage":56,"enemies":"Book of Stabbing","floor":23,"turns":5}],"seed_played":"-1065259404251753336","potions_obtained":[{"floor":2,"key":"StancePotion"},{"floor":7,"key":"ColorlessPotion"},{"floor":10,"key":"EssenceOfSteel"},{"floor":12,"key":"Energy Potion"},{"floor":14,"key":"Block Potion"},{"floor":20,"key":"AttackPotion"},{"floor":21,"key":"ColorlessPotion"},{"floor":22,"key":"Dexterity Potion"}],"is_trial":false,"path_per_floor":["M","M","M","M","M","R","E","R","T","M","M","M","?","M","R","B",null,"M","$","M","M","M","E"],"character_chosen":"WATCHER","items_purchased":["PrismaticShard","Consecrate"],"campfire_rested":0,"item_purchase_floors":[19,19],"current_hp_per_floor":[72,72,72,72,72,72,60,60,60,56,56,46,35,33,33,33,72,66,66,54,56,52,0,0],"gold":266,"neow_bonus":"ONE_RANDOM_RARE_CARD","is_daily":false,"chose_seed":false,"campfire_upgraded":3,"win_rate":0.0,"timestamp":1607814537,"path_taken":["M","M","M","M","M","R","E","R","T","M","M","M","?","M","R","BOSS","M","$","M","M","M","E"],"items_purchased_type":["Relic","Card"],"build_version":"2020-11-30","purchased_purges":1,"victory":false,"max_hp_per_floor":[72,72,72,72,72,72,72,72,72,72,72,72,72,72,72,72,72,72,72,72,72,72,72,72],"card_choices":[{"not_picked":["EmptyBody","SashWhip"],"picked":"BowlingBash","floor":1},{"not_picked":["ThirdEye","DeceiveReality"],"picked":"JustLucky","floor":2},{"not_picked":["FollowUp","PathToVictory"],"picked":"BattleHymn","floor":3},{"not_picked":["Halt","SashWhip"],"picked":"FlurryOfBlows","floor":4},{"not_picked":["EmptyBody","ClearTheMind"],"picked":"FlurryOfBlows","floor":5},{"not_picked":["PathToVictory","Fasting2"],"picked":"Perseverance","floor":7},{"not_picked":["Study","SashWhip"],"picked":"EmptyFist","floor":10},{"not_picked":["BattleHymn","SignatureMove"],"picked":"ClearTheMind","floor":11},{"not_picked":["BattleHymn","ClearTheMind"],"picked":"Brilliance","floor":12},{"not_picked":["PathToVictory","Evaluate"],"picked":"SashWhip","floor":14},{"not_picked":["Vault","ConjureBlade"],"picked":"Alpha","floor":16},{"not_picked":["Evaluate","ForeignInfluence"],"picked":"FlyingSleeves+1","floor":18},{"not_picked":["Terror","Warcry"],"picked":"Distraction","floor":20},{"not_picked":["Headbutt","Havoc+1"],"picked":"Footwork+1","floor":21},{"not_picked":["Twin Strike","WaveOfTheHand"],"picked":"Infernal Blade","floor":22}],"player_experience":726498,"relics_obtained":[{"floor":7,"key":"Thread and Needle"},{"floor":17,"key":"Ancient Tea Set"},{"floor":17,"key":"Ornamental Fan"},{"floor":17,"key":"Bird Faced Urn"}],"event_choices":[{"damage_healed":0,"gold_gain":75,"player_choice":"Gather Gold","damage_taken":11,"max_hp_gain":0,"max_hp_loss":0,"event_name":"World of Goop","floor":13,"gold_loss":0}],"is_beta":false,"boss_relics":[{"not_picked":["Astrolabe","Tiny House"],"picked":"Calling Bell"}],"items_purged_floors":[19],"is_endless":false,"potions_floor_spawned":[2,7,10,12,14,20,21,22],"killed_by":"Book of Stabbing","ascension_level":4}}