{"host":"f6tqpspb2ou2a4h5","time":1607750533,"event":{"mods":["2.2 Compatiblity","Ascension Unlocker","BaseMod","Colored Map","DeckTracker","Hermit","Highlight Path","KOR Keyword Fix","Keyboard Shortcuts","Minty Spire (QoL Compilation)","Permanent Neow","Quick Restart","Random Character Button","StSLib","SuperFastMode","The Poker Player","everything is the same but u backflip on backflip"],"gold_per_floor":[116,133,14,25,25,25,59,59,59,77,112,128,143,61,61,158,158,169,183,9,9,9,9,27,27,27,27,27,40,40,70,70,167,167,186,186,196,158,171,171,181,181,181],"floor_reached":42,"playtime":2020,"items_purged":["Defend_G"],"score":680,"play_id":"5b52c1ea-6d3b-4dc9-bc19-86472a7d41a1","local_time":"20201212142213","is_ascension_mode":true,"campfire_choices":[{"data":"Acrobatics","floor":6,"key":"SMITH"},{"floor":8,"key":"REST"},{"floor":15,"key":"REST"},{"floor":23,"key":"REST"},{"data":"Tactician","floor":25,"key":"SMITH"},{"data":"A Thousand Cuts","floor":27,"key":"SMITH"},{"floor":30,"key":"REST"},{"floor":32,"key":"REST"},{"data":"Reflex","floor":40,"key":"SMITH"}],"circlet_count":0,"master_deck":["AscendersBane","Strike_G","Strike_G","Defend_G","Defend_G","Defend_G","Defend_G","Survivor","Neutralize","Tactician+1","Quick Slash","Acrobatics+1","Die Die Die","Reflex+1","PiercingWail+1","Blur+1","Doppelganger+1","Outmaneuver+1","Prepared+1","Impatience+1","A Thousand Cuts+1","Underhanded Strike","Well Laid Plans+1","Backflip+1","Burst+1","Acrobatics+1","Calculated Gamble+1","Venomology+1","Heel Hook+1","Prepared+1","Backstab+1","Tactician+1","Cloak And Dagger+1"],"relics":["Cursed Key","Letter Opener","Toxic Egg 2","Blood Vial","Shuriken","SacredBark","Membership Card","Question Card","Incense Burner","Frozen Egg 2","Astrolabe"],"acts_visited":["Exordium","TheCity","TheBeyond"],"potions_floor_usage":[7,13,16,24,29,33,39,41,42],"damage_taken":[{"damage":1,"enemies":"Jaw Worm","floor":1,"turns":6},{"damage":0,"enemies":"2 Louse","floor":2,"turns":3},{"damage":0,"enemies":"Cultist","floor":4,"turns":4},{"damage":25,"enemies":"Lagavulin","floor":7,"turns":6},{"damage":3,"enemies":"2 Fungi Beasts","floor":10,"turns":3},{"damage":16,"enemies":"3 Sentries","floor":11,"turns":9},{"damage":0,"enemies":"Lots of Slimes","floor":12,"turns":1},{"damage":10,"enemies":"3 Louse","floor":13,"turns":3},{"damage":36,"enemies":"Slime Boss","floor":16,"turns":13},{"damage":12,"enemies":"2 Thieves","floor":18,"turns":4},{"damage":37,"enemies":"Spheric Guardian","floor":19,"turns":6},{"damage":15,"enemies":"Cultist and Chosen","floor":24,"turns":8},{"damage":5,"enemies":"Centurion and Healer","floor":29,"turns":7},{"damage":32,"enemies":"Slavers","floor":31,"turns":4},{"damage":13,"enemies":"Collector","floor":33,"turns":6},{"damage":16,"enemies":"Orb Walker","floor":35,"turns":4},{"damage":0,"enemies":"3 Shapes","floor":37,"turns":3},{"damage":11,"enemies":"Jaw Worm Horde","floor":39,"turns":3},{"damage":11,"enemies":"3 Darklings","floor":41,"turns":4},{"damage":57,"enemies":"4 Shapes","floor":42,"turns":3}],"seed_played":"-1764436480112547738","potions_obtained":[{"floor":1,"key":"Weak Potion"},{"floor":4,"key":"FearPotion"},{"floor":12,"key":"SkillPotion"},{"floor":13,"key":"Poison Potion"},{"floor":16,"key":"Strength Potion"},{"floor":24,"key":"Poison Potion"},{"floor":37,"key":"ColorlessPotion"}],"is_trial":false,"path_per_floor":["M","M","$","M","?","R","E","R","T","M","E","M","M","$","R","B",null,"M","M","$","?","?","R","M","R","T","R","$","M","R","E","R","B",null,"M","?","M","$","M","R","M","M"],"character_chosen":"THE_SILENT","items_purchased":["Acrobatics","Die Die Die","Impatience+1","Membership Card","Backflip+1"],"campfire_rested":5,"item_purchase_floors":[3,3,14,20,20],"current_hp_per_floor":[62,62,62,62,55,55,30,51,51,50,36,38,30,30,51,17,57,47,12,12,12,12,33,20,20,20,20,20,17,38,8,29,18,57,43,43,45,45,36,36,27,0,0],"gold":181,"neow_bonus":"BOSS_RELIC","is_daily":false,"chose_seed":false,"campfire_upgraded":4,"win_rate":0.0,"timestamp":1607750533,"path_taken":["M","M","$","M","?","R","E","R","T","M","E","M","M","$","R","BOSS","M","M","$","?","?","R","M","R","T","R","$","?","R","E","R","BOSS","M","?","M","$","M","R","?","M"],"items_purchased_type":["Card","Card","Card","Relic","Card"],"build_version":"2020-11-30","purchased_purges":1,"victory":false,"max_hp_per_floor":[70,70,70,70,70,70,70,70,70,70,70,70,70,70,70,70,70,70,70,70,70,70,70,70,70,70,70,70,70,70,70,70,70,70,70,67,67,67,67,67,67,67,67],"card_choices":[{"not_picked":["Blur","Noxious Fumes"],"picked":"Tactician","floor":1},{"not_picked":["Dodge and Roll","Caltrops"],"picked":"Quick Slash","floor":2},{"not_picked":["Slice","Underhanded Strike"],"picked":"Reflex","floor":4},{"not_picked":["Dodge and Roll+1","Slice"],"picked":"PiercingWail+1","floor":7},{"not_picked":["Flying Knee","Footwork"],"picked":"Blur+1","floor":10},{"not_picked":["Crippling Poison+1","Flying Knee"],"picked":"Doppelganger+1","floor":11},{"not_picked":["All Out Attack","Dagger Throw"],"picked":"Outmaneuver+1","floor":12},{"not_picked":["Eviscerate","Dagger Spray"],"picked":"Prepared+1","floor":13},{"not_picked":["Tools of the Trade","Bullet Time+1"],"picked":"A Thousand Cuts","floor":16},{"not_picked":["Accuracy","Outmaneuver+1"],"picked":"Underhanded Strike","floor":18},{"not_picked":["Quick Slash+1","Underhanded Strike+1"],"picked":"Well Laid Plans+1","floor":19},{"not_picked":["Dagger Spray","Cloak And Dagger+1","Leg Sweep+1"],"picked":"Acrobatics+1","floor":24},{"not_picked":["Doppelganger+1","Flying Knee","Finisher","Well Laid Plans"],"picked":"SKIP","floor":29},{"not_picked":["Doppelganger+1","Flying Knee","Finisher","Well Laid Plans"],"picked":"SKIP","floor":29},{"not_picked":["Prepared+1","Infinite Blades+1","Blur+1"],"picked":"Calculated Gamble+1","floor":31},{"not_picked":["Burst+1","Tools of the Trade+1","Bullet Time+1"],"picked":"Venomology+1","floor":33},{"not_picked":["Terror+1","Flying Knee+1","Heel Hook","Dash+1"],"picked":"SKIP","floor":35},{"not_picked":["Deadly Poison+1","Finisher","Dagger Spray+1","Unload"],"picked":"SKIP","floor":37},{"not_picked":["Infinite Blades+1","Calculated Gamble+1","Distraction+1"],"picked":"Tactician+1","floor":39},{"not_picked":["Quick Slash+1","Leg Sweep+1","Dagger Throw"],"picked":"Cloak And Dagger+1","floor":41}],"player_experience":10935,"relics_obtained":[{"floor":7,"key":"Toxic Egg 2"},{"floor":9,"key":"Blood Vial"},{"floor":11,"key":"Shuriken"},{"floor":26,"key":"Incense Burner"},{"floor":31,"key":"Frozen Egg 2"}],"event_choices":[{"damage_healed":0,"gold_gain":0,"player_choice":"Success","damage_taken":7,"relics_obtained":["Letter Opener"],"max_hp_gain":0,"max_hp_loss":0,"event_name":"Scrap Ooze","floor":5,"gold_loss":0},{"damage_healed":0,"gold_gain":0,"player_choice":"Opened","damage_taken":0,"relics_obtained":["Question Card"],"max_hp_gain":0,"max_hp_loss":0,"event_name":"The Mausoleum","floor":21,"gold_loss":0,"cards_obtained":["Writhe"]},{"damage_healed":0,"gold_gain":0,"player_choice":"1 cards matched","damage_taken":0,"max_hp_gain":0,"max_hp_loss":0,"event_name":"Match and Keep!","floor":22,"gold_loss":0,"cards_obtained":["Burst"]},{"cards_removed":["Doubt","Writhe","Parasite"],"damage_healed":0,"gold_gain":0,"player_choice":"Removed Curses","damage_taken":0,"max_hp_gain":0,"max_hp_loss":0,"event_name":"Fountain of Cleansing","floor":36,"gold_loss":0}],"is_beta":false,"boss_relics":[{"not_picked":["Snecko Eye","Sozu"],"picked":"SacredBark"},{"not_picked":["Busted Crown","Black Star"],"picked":"Astrolabe"}],"items_purged_floors":[38],"is_endless":false,"potions_floor_spawned":[1,4,12,13,16,24,37,39],"killed_by":"4 Shapes","ascension_level":10}}