{"host":"3h5qf14xt40jhha0","time":1607761557,"event":{"mods":["AlwaysNeverKeys","BaseMod","Colored Powertips","Minty Spire (QoL Compilation)","Permanent Neow","Relic Stats","StSLib"],"gold_per_floor":[109,129,129,140,140,140,171,186,237,237,26,60,72,89,89,163,163,176,176,176],"floor_reached":19,"playtime":977,"items_purged":[],"score":408,"play_id":"3864ffc6-e1cc-41ac-8e71-3b9660dfacde","local_time":"20201212032557","is_ascension_mode":true,"campfire_choices":[{"data":"Eruption","floor":6.0,"key":"SMITH"},{"data":"Devotion","floor":15.0,"key":"SMITH"}],"circlet_count":0,"master_deck":["AscendersBane","Strike_P+1","Strike_P","Strike_P","Defend_P","Defend_P","Eruption+1","Vigilance","FearNoEvil","JustLucky+1","Weave","Wireheading","JustLucky","ThirdEye","Devotion+1","Ragnarok","FlyingSleeves"],"relics":["Philosopher\u0027s Stone","Gremlin Horn","Tiny Chest","Whetstone","Damaru","Empty Cage"],"acts_visited":["Exordium","TheCity"],"potions_floor_usage":[16,19],"damage_taken":[{"damage":1.0,"enemies":"2 Louse","floor":1.0,"turns":4.0},{"damage":0.0,"enemies":"Jaw Worm","floor":2.0,"turns":3.0},{"damage":0.0,"enemies":"Small Slimes","floor":4.0,"turns":2.0},{"damage":0.0,"enemies":"Lagavulin","floor":7.0,"turns":3.0},{"damage":0.0,"enemies":"2 Fungi Beasts","floor":8.0,"turns":3.0},{"damage":13.0,"enemies":"3 Sentries","floor":12.0,"turns":5.0},{"damage":1.0,"enemies":"Blue Slaver","floor":13.0,"turns":3.0},{"damage":3.0,"enemies":"Exordium Wildlife","floor":14.0,"turns":2.0},{"damage":24,"enemies":"Hexaghost","floor":16,"turns":8},{"damage":26,"enemies":"2 Thieves","floor":18,"turns":4},{"damage":36,"enemies":"3 Byrds","floor":19,"turns":3}],"seed_played":"-6190356612023766677","potions_obtained":[{"floor":1.0,"key":"Explosive Potion"},{"floor":2.0,"key":"Fire Potion"},{"floor":4.0,"key":"Fire Potion"},{"floor":13.0,"key":"SteroidPotion"},{"floor":18,"key":"SteroidPotion"}],"is_trial":false,"path_per_floor":["M","M","?","M","?","R","E","M","T","?","$","E","M","M","R","B",null,"M","M"],"character_chosen":"WATCHER","items_purchased":["Whetstone","PowerPotion"],"campfire_rested":0,"item_purchase_floors":[11,11],"current_hp_per_floor":[60,60,60,60,53,53,53,53,53,58,58,45,44,41,41,17,59,33,0,0],"gold":176,"neow_bonus":"BOSS_RELIC","is_daily":false,"chose_seed":false,"campfire_upgraded":2,"win_rate":0.0,"timestamp":1607761557,"path_taken":["M","M","?","M","?","R","E","M","T","?","$","E","M","M","R","BOSS","M","M"],"items_purchased_type":["Relic","Potion"],"build_version":"2020-11-30","purchased_purges":0,"victory":false,"max_hp_per_floor":[68,68,68,68,68,68,68,68,68,73,73,73,73,73,73,73,73,73,73,73],"relic_stats":{"Gremlin Horn":[5,5],"counters":[11,40],"Tiny Chest":0,"Whetstone":["Strike_P","JustLucky"],"obtain_stats":[{"Gremlin Horn":7,"Damaru":12,"Philosopher\u0027s Stone":0,"Tiny Chest":9,"Whetstone":11,"PureWater":0,"Empty Cage":17},{"Gremlin Horn":4,"Damaru":6,"Philosopher\u0027s Stone":0,"Tiny Chest":5,"Whetstone":5,"PureWater":0,"Empty Cage":9},{"Gremlin Horn":12,"Damaru":20,"Philosopher\u0027s Stone":0,"Tiny Chest":15,"Whetstone":15,"PureWater":0,"Empty Cage":33}]},"card_choices":[{"not_picked":["Sanctity","WindmillStrike"],"picked":"FearNoEvil","floor":1.0},{"not_picked":["FearNoEvil","Prostrate"],"picked":"JustLucky","floor":2.0},{"not_picked":["JustLucky","MentalFortress"],"picked":"Weave","floor":4.0},{"not_picked":["Sanctity","Swivel"],"picked":"Wireheading","floor":7.0},{"not_picked":["LikeWater","ClearTheMind"],"picked":"JustLucky","floor":8.0},{"not_picked":["FlyingSleeves","Wallop"],"picked":"ThirdEye","floor":12.0},{"not_picked":["PathToVictory","MentalFortress","ReachHeaven"],"picked":"SKIP","floor":13.0},{"not_picked":["ThirdEye","EmptyBody"],"picked":"Devotion","floor":14.0},{"not_picked":["DeusExMachina","Wish"],"picked":"Ragnarok","floor":16},{"not_picked":["CrushJoints","EmptyFist"],"picked":"FlyingSleeves","floor":18}],"player_experience":1229188,"relics_obtained":[{"floor":7.0,"key":"Gremlin Horn"},{"floor":9.0,"key":"Tiny Chest"},{"floor":12.0,"key":"Damaru"}],"event_choices":[{"damage_healed":0.0,"max_hp_gain":0.0,"max_hp_loss":0.0,"gold_gain":0.0,"event_name":"Liars Game","player_choice":"Ignored","floor":3.0,"gold_loss":0.0,"damage_taken":0.0},{"cards_removed":["Defend_P"],"damage_healed":0.0,"max_hp_gain":0.0,"max_hp_loss":0.0,"gold_gain":0.0,"event_name":"Golden Wing","player_choice":"Card Removal","floor":5.0,"gold_loss":0.0,"damage_taken":7.0},{"damage_healed":0.0,"max_hp_gain":5.0,"max_hp_loss":0.0,"gold_gain":0.0,"event_name":"Big Fish","player_choice":"Donut","floor":10.0,"gold_loss":0.0,"damage_taken":0.0}],"is_beta":false,"boss_relics":[{"not_picked":["Fusion Hammer","Ectoplasm"],"picked":"Empty Cage"}],"items_purged_floors":[],"is_endless":false,"potions_floor_spawned":[1,2,4,13,18],"killed_by":"3 Byrds","ascension_level":20}}