{"host":"g53g9qlo34vrqi92","time":1607733314,"event":{"mods":["Aspiration","Bard","BaseMod","Beaked The Cultist","BetterRewards","Colored Map","Conspire","Energized Spire","Fiend Mod","GifTheSpireLib","Googly Eyes","Gremlin Skip","Halation","Hermit","Hubris","Infinite Spire","Jedi Mod","Minty Spire (QoL Compilation)","Permanent Neow","Quick Restart","Relic Filter","Replay The Spire","Spikes Relics","StSLib","Stuff the Spire","Synergy Search","The Bladedancer","The Bug Knight","The Construct","The Cursed","The Factory","The Forsaken","The Jungle","The Necromancer","The Spell Scribe","The Trickster","Trackpad","slay the spire mod where everything is the same but ironclad has a cowboy hat","vexMod"],"gold_per_floor":[113,127,127,142,88,88,7,7,7,24,57,126,141,21,21,116,116,152,182,201,311,361,390,458,508,534,534,534],"floor_reached":27,"playtime":1855,"items_purged":["Strike_G"],"score":262,"play_id":"a5f3490d-2c9d-4837-bb0d-dd808f53b58c","local_time":"20201211163514","is_ascension_mode":false,"campfire_choices":[{"data":"Neutralize","floor":6.0,"key":"SMITH"},{"floor":15,"key":"REST"}],"circlet_count":0,"master_deck":["Strike_G","Strike_G","Strike_G","Strike_G","Defend_G","Defend_G","Defend_G","Defend_G","Defend_G","Survivor","Neutralize+1","StuffTheSpire:ReptileScales+1","Backflip","Quick Slash","Quick Slash","Panacea","Dash","ReplayTheSpireMod:Speed Training","jedi:rejectivetoxin+1","Eviscerate","Prepared+1","Glass Knife+1","Footwork","Crippling Poison","All Out Attack+1","Poisoned Stab"],"relics":["energizedSpire:OgreHead","SsserpentHead","Golden Egg","trackpad:HandOfMidas","Replay:Fungal Core","Ice Cream","aspiration:VileToxins"],"acts_visited":["Exordium","TheCity"],"potions_floor_usage":[16,27],"damage_taken":[{"damage":0.0,"enemies":"conspire:RoseBush","floor":1.0,"turns":3.0},{"damage":0.0,"enemies":"Cultist","floor":2.0,"turns":4.0},{"damage":12.0,"enemies":"infinitespire:Voidling","floor":4.0,"turns":6.0},{"damage":8.0,"enemies":"3 Louse","floor":10.0,"turns":3.0},{"damage":14.0,"enemies":"Replay:BlueRogue","floor":11.0,"turns":11.0},{"damage":2.0,"enemies":"conspire:2 RoseBushes","floor":12.0,"turns":7.0},{"damage":14,"enemies":"Exordium Thugs","floor":13,"turns":4},{"damage":31,"enemies":"Fading Forest","floor":16,"turns":11},{"damage":0,"enemies":"3 Byrds","floor":18,"turns":5},{"damage":0,"enemies":"Spheric Guardian","floor":19,"turns":2},{"damage":29,"enemies":"Snake Plant","floor":20,"turns":5},{"damage":0,"enemies":"conspire:HollyBat","floor":21,"turns":1},{"damage":0,"enemies":"Replay:Snechameleon","floor":23,"turns":7},{"damage":22,"enemies":"Shelled Parasite and Fungi","floor":24,"turns":7},{"damage":44,"enemies":"Slavers","floor":27,"turns":3}],"seed_played":"4763174385816640022","potions_obtained":[{"floor":2.0,"key":"Adrenaline Potion"},{"floor":10.0,"key":"ColorlessPotion"},{"floor":11.0,"key":"construct:ShiftPotion"},{"floor":18,"key":"PowerPotion"},{"floor":23,"key":"Toxic Potion"}],"is_trial":false,"path_per_floor":["M","M","?","M","$","R","$","?","T","M","E","M","M","$","R","B",null,"M","M","M","M","?","E","M","?","T","E"],"character_chosen":"THE_SILENT","items_purchased":["Quick Slash","Panacea","Prepared"],"campfire_rested":1,"item_purchase_floors":[5,7,14],"current_hp_per_floor":[70,70,70,68,68,68,68,68,68,60,46,44,30,30,51,36,70,70,70,41,41,64,64,42,42,42,0,0],"gold":534,"neow_bonus":"BOSS_RELIC","is_daily":false,"chose_seed":false,"campfire_upgraded":1,"win_rate":0.0,"timestamp":1607733314,"path_taken":["M","M","?","?","$","R","$","?","T","M","E","?","M","$","R","BOSS","M","M","M","M","?","E","?","?","T","E"],"items_purchased_type":["Card","Card","Card"],"build_version":"2020-11-30","purchased_purges":1,"victory":false,"max_hp_per_floor":[70,70,70,70,70,70,70,70,70,70,70,70,70,70,70,70,70,70,70,70,70,70,70,70,70,70,70,70],"card_choices":[{"not_picked":["StuffTheSpire:Fury","hubris:Counter"],"picked":"StuffTheSpire:ReptileScales","floor":1.0},{"not_picked":["Eviscerate","hubris:Counter"],"picked":"Backflip","floor":2.0},{"not_picked":["jedi:poisonivy","Backflip"],"picked":"Quick Slash","floor":4.0},{"not_picked":["Dagger Throw","Hidden Blade"],"picked":"Dash","floor":10.0},{"not_picked":["Dodge and Roll","Dagger Spray"],"picked":"ReplayTheSpireMod:Speed Training","floor":11.0},{"not_picked":["Catalyst","Underhanded Strike"],"picked":"jedi:rejectivetoxin","floor":12.0},{"not_picked":["Sucker Punch","Expertise"],"picked":"Eviscerate","floor":13},{"not_picked":["Phantasmal Killer","Night Terror"],"picked":"Glass Knife","floor":16},{"not_picked":["PiercingWail+1","Well Laid Plans"],"picked":"Footwork","floor":18},{"not_picked":["StuffTheSpire:Shiver+1","Flying Knee"],"picked":"Crippling Poison","floor":19},{"not_picked":["Sneak Up+1","Outmaneuver","Sucker Punch"],"picked":"SKIP","floor":20},{"not_picked":["Sneak Up+1","Outmaneuver","Sucker Punch"],"picked":"SKIP","floor":20},{"not_picked":["Underhanded Strike","Predator+1","StuffTheSpire:ClusterCrunch"],"picked":"SKIP","floor":21},{"not_picked":["Bullet Time","Quick Slash+1"],"picked":"All Out Attack+1","floor":23},{"not_picked":["PiercingWail","Blade Dance"],"picked":"Poisoned Stab","floor":24}],"player_experience":950442,"relics_obtained":[{"floor":9.0,"key":"Golden Egg"},{"floor":11.0,"key":"trackpad:HandOfMidas"},{"floor":23,"key":"Ice Cream"},{"floor":26,"key":"aspiration:VileToxins"}],"event_choices":[{"damage_healed":0.0,"max_hp_gain":0.0,"max_hp_loss":0.0,"gold_gain":0.0,"event_name":"Upgrade Shrine","player_choice":"Upgraded","floor":3.0,"gold_loss":0.0,"damage_taken":0.0,"cards_upgraded":["StuffTheSpire:ReptileScales"]},{"damage_healed":0.0,"max_hp_gain":0.0,"max_hp_loss":0.0,"gold_gain":0.0,"event_name":"FaceTrader","player_choice":"Trade","floor":8.0,"gold_loss":0.0,"damage_taken":0.0,"relics_obtained":["SsserpentHead"]},{"damage_healed":23,"gold_gain":0,"player_choice":"Heal","damage_taken":0,"max_hp_gain":0,"max_hp_loss":0,"event_name":"The Library","floor":22,"gold_loss":0},{"damage_healed":0,"gold_gain":0,"player_choice":"Got Potions","damage_taken":0,"max_hp_gain":0,"max_hp_loss":0,"event_name":"Lab","floor":25,"gold_loss":0}],"is_beta":false,"boss_relics":[{"not_picked":["beaked:SacredDeck","energizedSpire:MagnifyingGlass"],"picked":"Replay:Fungal Core"}],"items_purged_floors":[14],"is_endless":false,"potions_floor_spawned":[2,10,11,12,18,20,21,23],"killed_by":"Slavers","ascension_level":0}}