{"host":"e87rn453naquue3h","time":1607800382,"event":{"mods":["AchievementEnabler","BaseMod","Minty Spire (QoL Compilation)","Relic Stats","StSLib"],"gold_per_floor":[110,110,110,125,138,165,165,240,319,319,356,356,382,403,403,403,403],"floor_reached":16,"playtime":450,"items_purged":[],"score":182,"play_id":"18073165-4417-4303-a265-7dca27710875","local_time":"20201212141302","is_ascension_mode":true,"campfire_choices":[{"data":"LessonLearned","floor":7,"key":"SMITH"},{"data":"Halt","floor":10,"key":"SMITH"},{"data":"Judgement","floor":15,"key":"SMITH"}],"circlet_count":0,"master_deck":["AscendersBane","Strike_P","Strike_P","Strike_P","Strike_P","Defend_P","Defend_P","Defend_P","Defend_P","Eruption+1","Vigilance","Halt+1","Consecrate","CarveReality+1","LessonLearned+1","Judgement+1","CutThroughFate","Indignation"],"relics":["Coffee Dripper","Happy Flower","Blue Candle","CeramicFish","StrikeDummy"],"acts_visited":["Exordium"],"potions_floor_usage":[6,11],"damage_taken":[{"damage":1,"enemies":"Small Slimes","floor":1,"turns":3},{"damage":1,"enemies":"2 Louse","floor":4,"turns":4},{"damage":0,"enemies":"Cultist","floor":5,"turns":3},{"damage":24,"enemies":"Gremlin Nob","floor":6,"turns":4},{"damage":11,"enemies":"3 Sentries","floor":11,"turns":4},{"damage":0,"enemies":"Looter","floor":13,"turns":1},{"damage":0,"enemies":"3 Louse","floor":14,"turns":1},{"damage":18,"enemies":"Hexaghost","floor":16,"turns":3}],"seed_played":"1140885975088676231","potions_obtained":[{"floor":5,"key":"Weak Potion"},{"floor":6,"key":"Block Potion"},{"floor":11,"key":"DistilledChaos"}],"is_trial":false,"path_per_floor":["M","?","?","M","M","E","R","?","T","R","E","T","M","M","R","B"],"character_chosen":"WATCHER","items_purchased":[],"campfire_rested":0,"item_purchase_floors":[],"current_hp_per_floor":[64,64,64,63,63,39,39,28,28,28,17,17,17,17,17,0,0],"gold":403,"neow_bonus":"BOSS_RELIC","is_daily":false,"chose_seed":false,"campfire_upgraded":3,"win_rate":0.0,"timestamp":1607800382,"path_taken":["M","?","?","M","M","E","R","?","T","R","E","?","?","M","R","BOSS"],"items_purchased_type":[],"build_version":"2020-11-30","purchased_purges":0,"victory":false,"max_hp_per_floor":[72,72,72,72,72,72,72,72,72,72,72,72,72,72,72,72,72],"relic_stats":{"Happy Flower":[3],"counters":[8,23],"Blue Candle":[0],"CeramicFish":27,"obtain_stats":[{"Happy Flower":6,"Blue Candle":9,"CeramicFish":11,"Coffee Dripper":0,"PureWater":0,"StrikeDummy":12},{"Happy Flower":4,"Blue Candle":4,"CeramicFish":5,"Coffee Dripper":0,"PureWater":0,"StrikeDummy":5},{"Happy Flower":14,"Blue Candle":14,"CeramicFish":18,"Coffee Dripper":0,"PureWater":0,"StrikeDummy":18}]},"card_choices":[{"not_picked":["Crescendo","FlyingSleeves"],"picked":"Halt","floor":1},{"not_picked":["Halt","ClearTheMind"],"picked":"Consecrate","floor":4},{"not_picked":["Evaluate","BowlingBash"],"picked":"CarveReality","floor":5},{"not_picked":["CrushJoints","FlurryOfBlows"],"picked":"LessonLearned","floor":6},{"not_picked":["ClearTheMind","Vengeance"],"picked":"Judgement","floor":11},{"not_picked":["EmptyFist","EmptyBody"],"picked":"CutThroughFate","floor":13},{"not_picked":["InnerPeace","Consecrate"],"picked":"Indignation","floor":14}],"player_experience":2259494,"relics_obtained":[{"floor":6,"key":"Happy Flower"},{"floor":9,"key":"Blue Candle"},{"floor":11,"key":"CeramicFish"},{"floor":12,"key":"StrikeDummy"}],"event_choices":[{"damage_healed":0,"gold_gain":0,"player_choice":"Grow","damage_taken":0,"max_hp_gain":0,"max_hp_loss":0,"event_name":"Living Wall","floor":2,"gold_loss":0,"cards_upgraded":["Eruption"]},{"damage_healed":0,"gold_gain":0,"player_choice":"Ignored","damage_taken":0,"max_hp_gain":0,"max_hp_loss":0,"event_name":"Golden Wing","floor":3,"gold_loss":0},{"damage_healed":0,"gold_gain":75,"player_choice":"Gather Gold","damage_taken":11,"max_hp_gain":0,"max_hp_loss":0,"event_name":"World of Goop","floor":8,"gold_loss":0}],"is_beta":false,"boss_relics":[],"items_purged_floors":[],"is_endless":false,"potions_floor_spawned":[5,6,11],"killed_by":"Hexaghost","ascension_level":13}}