{"host":"n23juj4d9qam5hh1","time":1607754205,"event":{"mods":["BaseMod","Better Note","BetterRewards","Infinite Spire","Minty Spire (QoL Compilation)","Relic Stats","StSLib"],"gold_per_floor":[214,26,60,60,73,73,112,187,260,2,39,39,90,132,132,229,229,268,287,341,358,283,283,323,323,323,361,361,361,414,414,414,519,519,532,532,546,564,607,607,200,200,224,224,265,117,117,156,156,181,181],"floor_reached":50,"playtime":2503,"items_purged":["Strike_R","Strike_R"],"score":563,"play_id":"034da0ee-8eb5-498d-bb83-4e934adca7b0","local_time":"20201212012325","is_ascension_mode":true,"campfire_choices":[{"data":"HandOfGreed","floor":6.0,"key":"SMITH"},{"data":"Flame Barrier","floor":12.0,"key":"SMITH"},{"data":"Juggernaut","floor":15.0,"key":"SMITH"},{"floor":23.0,"key":"REST"},{"floor":25.0,"key":"REST"},{"floor":32.0,"key":"REST"},{"floor":40,"key":"REST"},{"data":"infinitespire:Oblivion","floor":42,"key":"SMITH"},{"data":"infinitespire:Fortify","floor":49,"key":"SMITH"}],"circlet_count":0,"master_deck":["Strike_R","Strike_R","Strike_R","Defend_R","Defend_R","Defend_R","Defend_R","Bash","HandOfGreed+1","Heavy Blade","Juggernaut+1","Flame Barrier+1","Ghostly Armor+1","Fire Breathing","Shrug It Off+1","Limit Break","Whirlwind+1","Pummel+1","infinitespire:Oblivion+1","Inflame+1","infinitespire:Fortify+1","Battle Trance","Demon Form+1","Magnetism+1","Fire Breathing+1","Uppercut+1","HandOfGreed+1","Parasite","Feel No Pain+1"],"relics":["Black Blood","MealTicket","Letter Opener","infinitespire:Lucky Rock","Frozen Egg 2","Red Mask","infinitespire:Satchel","Singing Bowl","infinitespire:Bottled Soul","MutagenicStrength","Black Star","DollysMirror","Lantern","Centennial Puzzle","War Paint"],"acts_visited":["Exordium","TheCity","TheBeyond"],"potions_floor_usage":[37,39,50],"damage_taken":[{"damage":1.0,"enemies":"Cultist","floor":1.0,"turns":3.0},{"damage":0.0,"enemies":"2 Louse","floor":3.0,"turns":2.0},{"damage":9.0,"enemies":"Jaw Worm","floor":5.0,"turns":4.0},{"damage":7.0,"enemies":"Looter","floor":7.0,"turns":4.0},{"damage":12.0,"enemies":"Exordium Wildlife","floor":11.0,"turns":3.0},{"damage":13.0,"enemies":"Lagavulin","floor":13.0,"turns":8.0},{"damage":0.0,"enemies":"3 Louse","floor":14.0,"turns":3.0},{"damage":16.0,"enemies":"The Guardian","floor":16.0,"turns":13.0},{"damage":23.0,"enemies":"2 Thieves","floor":18.0,"turns":4.0},{"damage":0.0,"enemies":"3 Byrds","floor":19.0,"turns":4.0},{"damage":30.0,"enemies":"Masked Bandits","floor":20.0,"turns":5.0},{"damage":58.0,"enemies":"3 Cultists","floor":21.0,"turns":6.0},{"damage":33.0,"enemies":"Chosen and Byrds","floor":24.0,"turns":8.0},{"damage":18.0,"enemies":"Snecko","floor":27.0,"turns":5.0},{"damage":35.0,"enemies":"Nightmare","floor":30.0,"turns":7.0},{"damage":29.0,"enemies":"Automaton","floor":33.0,"turns":12.0},{"damage":8.0,"enemies":"3 Shapes","floor":35.0,"turns":6.0},{"damage":29,"enemies":"3 Darklings","floor":37,"turns":6},{"damage":34,"enemies":"Sphere and 2 Shapes","floor":38,"turns":5},{"damage":17,"enemies":"Spire Growth","floor":39,"turns":5},{"damage":36,"enemies":"Writhing Mass","floor":45,"turns":6},{"damage":0,"enemies":"3 Darklings","floor":48,"turns":3},{"damage":90,"enemies":"Awakened One","floor":50,"turns":6}],"seed_played":"-8623011994743635450","potions_obtained":[{"floor":1.0,"key":"PowerPotion"},{"floor":3.0,"key":"Swift Potion"},{"floor":14.0,"key":"Energy Potion"},{"floor":20.0,"key":"SpeedPotion"},{"floor":24.0,"key":"FearPotion"},{"floor":33.0,"key":"SkillPotion"},{"floor":38,"key":"SkillPotion"},{"floor":39,"key":"BlessingOfTheForge"},{"floor":45,"key":"GamblersBrew"},{"floor":48,"key":"PowerPotion"}],"is_trial":false,"path_per_floor":["M","$","M","?","M","R","M","?","T","$","M","R","E","M","R","B",null,"M","M","?","M","$","R","M","R","T","M","AVR","?","NM","?","R","B",null,"M","?","M","M","M","R","$","R","T","?","M","$","?","M","R","B"],"character_chosen":"IRONCLAD","items_purchased":["HandOfGreed","Flame Barrier","infinitespire:Lucky Rock","Ghostly Armor","DollysMirror","Lantern","War Paint"],"campfire_rested":4,"item_purchase_floors":[2,10,10,10,41,41,46],"current_hp_per_floor":[80,80,80,73,70,70,69,58,58,73,67,67,60,66,66,56,80,69,80,62,16,31,55,34,58,58,52,52,52,29,29,53,36,80,82,82,65,45,40,65,80,80,80,80,56,71,71,82,82,0,0],"gold":181,"neow_bonus":"HUNDRED_GOLD","is_daily":false,"chose_seed":false,"campfire_upgraded":5,"win_rate":0.0,"timestamp":1607754205,"path_taken":["M","$","M","?","M","R","M","?","T","$","?","R","E","M","R","BOSS","M","M","?","M","$","R","M","R","T","M","AVR","?","NM","?","R","BOSS","M","?","M","M","M","R","$","R","T","?","M","$","?","M","R","BOSS"],"items_purchased_type":["Card","Card","Relic","Card","Relic","Relic","Relic"],"build_version":"2020-11-30","purchased_purges":2,"victory":false,"max_hp_per_floor":[80,80,80,80,80,80,80,80,80,80,80,80,80,80,80,80,80,80,80,80,80,80,80,80,80,80,80,80,80,80,80,80,80,80,82,82,82,84,84,84,84,84,84,80,80,80,80,82,82,82,82],"relic_stats":{"Centennial Puzzle":[6],"Singing Bowl":6,"counters":[23,128],"Black Blood":197,"MealTicket":60,"Black Star":0,"Letter Opener":[63],"War Paint":["Ghostly Armor","Shrug It Off"],"obtain_stats":[{"Lantern":41,"Singing Bowl":28,"Black Blood":17,"Letter Opener":9,"infinitespire:Lucky Rock":10,"Frozen Egg 2":13,"War Paint":46,"Burning Blood":0,"Centennial Puzzle":43,"infinitespire:Bottled Soul":30,"DollysMirror":41,"MutagenicStrength":31,"infinitespire:Satchel":26,"MealTicket":4,"Red Mask":20,"Black Star":34},{"Lantern":20,"Singing Bowl":14,"Black Blood":8,"Letter Opener":4,"infinitespire:Lucky Rock":4,"Frozen Egg 2":6,"War Paint":21,"Burning Blood":0,"Centennial Puzzle":20,"infinitespire:Bottled Soul":15,"DollysMirror":20,"MutagenicStrength":15,"infinitespire:Satchel":13,"MealTicket":2,"Red Mask":11,"Black Star":16},{"Lantern":113,"Singing Bowl":72,"Black Blood":40,"Letter Opener":13,"infinitespire:Lucky Rock":13,"Frozen Egg 2":24,"War Paint":119,"Burning Blood":0,"Centennial Puzzle":113,"infinitespire:Bottled Soul":79,"DollysMirror":113,"MutagenicStrength":79,"infinitespire:Satchel":67,"MealTicket":5,"Red Mask":53,"Black Star":91}]},"card_choices":[{"not_picked":["Headbutt","Perfected Strike","Rampage"],"picked":"SKIP","floor":1.0},{"not_picked":["Combust","Havoc"],"picked":"Heavy Blade","floor":3.0},{"not_picked":["Havoc","Twin Strike"],"picked":"Juggernaut","floor":5.0},{"not_picked":["Perfected Strike","Heavy Blade","Warcry"],"picked":"SKIP","floor":7.0},{"not_picked":["Sword Boomerang","Anger"],"picked":"Fire Breathing","floor":11.0},{"not_picked":["Armaments","Perfected Strike"],"picked":"Shrug It Off","floor":13.0},{"not_picked":["Sentinel","Heavy Blade","Shrug It Off"],"picked":"SKIP","floor":14.0},{"not_picked":["Berserk+1","Brutality+1"],"picked":"Limit Break","floor":16.0},{"not_picked":["Rampage","Clash"],"picked":"Whirlwind+1","floor":18.0},{"not_picked":["Warcry","Hemokinesis","Wild Strike"],"picked":"SKIP","floor":19.0},{"not_picked":["Twin Strike","Double Tap"],"picked":"Pummel+1","floor":20.0},{"not_picked":["Warcry","Body Slam","Havoc"],"picked":"SKIP","floor":21.0},{"not_picked":["Infernal Blade","Brutality+1","Heavy Blade"],"picked":"SKIP","floor":24.0},{"not_picked":["Perfected Strike","Sword Boomerang","Warcry"],"picked":"SKIP","floor":27.0},{"not_picked":["infinitespire:FinalStrike","infinitespire:Punishment"],"picked":"infinitespire:Fortify","floor":30.0},{"not_picked":["Cleave+1","Berserk+1"],"picked":"Battle Trance","floor":30.0},{"not_picked":["Limit Break","Brutality+1"],"picked":"Demon Form+1","floor":33.0},{"not_picked":["Pummel+1","Thunderclap+1","Clash+1"],"picked":"Singing Bowl","floor":35.0},{"not_picked":["Good Instincts","Swift Strike"],"picked":"Magnetism+1","floor":36.0},{"not_picked":["Ghostly Armor","Pommel Strike+1"],"picked":"Fire Breathing+1","floor":37},{"not_picked":["Havoc+1","Body Slam","Thunderclap"],"picked":"Singing Bowl","floor":38},{"not_picked":["Clash+1","Demon Form+1"],"picked":"Uppercut+1","floor":39},{"not_picked":["Wild Strike","Thunderclap+1"],"picked":"Feel No Pain+1","floor":45},{"not_picked":["Iron Wave+1","Shockwave","Dark Embrace+1"],"picked":"Singing Bowl","floor":48}],"player_experience":163468,"relics_obtained":[{"floor":9.0,"key":"Letter Opener"},{"floor":13.0,"key":"Frozen Egg 2"},{"floor":20.0,"key":"Red Mask"},{"floor":26.0,"key":"infinitespire:Satchel"},{"floor":30.0,"key":"infinitespire:Bottled Soul"},{"floor":43,"key":"Centennial Puzzle"}],"event_choices":[{"damage_healed":0.0,"max_hp_gain":0.0,"max_hp_loss":0.0,"gold_gain":0.0,"event_name":"Scrap Ooze","player_choice":"Success","floor":4.0,"gold_loss":0.0,"damage_taken":7.0,"relics_obtained":["MealTicket"]},{"damage_healed":0.0,"max_hp_gain":0.0,"max_hp_loss":0.0,"gold_gain":75.0,"event_name":"World of Goop","player_choice":"Gather Gold","floor":8.0,"gold_loss":0.0,"damage_taken":11.0},{"damage_healed":0.0,"max_hp_gain":0.0,"max_hp_loss":0.0,"gold_gain":0.0,"event_name":"Masked Bandits","player_choice":"Fought Bandits","floor":20.0,"gold_loss":0.0,"damage_taken":0.0},{"damage_healed":0.0,"max_hp_gain":0.0,"max_hp_loss":0.0,"gold_gain":0.0,"event_name":"The Library","player_choice":"Read","floor":29.0,"gold_loss":0.0,"damage_taken":0.0,"cards_obtained":["Inflame"]},{"damage_healed":0.0,"max_hp_gain":0.0,"max_hp_loss":0.0,"gold_gain":0.0,"event_name":"Drug Dealer","player_choice":"Inject Mutagens","floor":31.0,"gold_loss":0.0,"damage_taken":0.0,"relics_obtained":["MutagenicStrength"]},{"damage_healed":0.0,"max_hp_gain":0.0,"max_hp_loss":0.0,"gold_gain":0.0,"event_name":"SensoryStone","player_choice":"Memory 1","floor":36.0,"gold_loss":0.0,"damage_taken":0.0},{"damage_healed":0,"gold_gain":0,"player_choice":"Max HP","damage_taken":0,"max_hp_gain":0,"max_hp_loss":4,"event_name":"Winding Halls","floor":44,"gold_loss":0},{"damage_healed":0,"gold_gain":0,"player_choice":"Ignored","damage_taken":0,"max_hp_gain":0,"max_hp_loss":0,"event_name":"Mysterious Sphere","floor":47,"gold_loss":0}],"is_beta":false,"boss_relics":[{"not_picked":["Calling Bell","Sozu"],"picked":"Black Blood"},{"not_picked":["SlaversCollar","Runic Cube"],"picked":"Black Star"}],"items_purged_floors":[22,41],"is_endless":false,"potions_floor_spawned":[1,3,14,16,20,24,33,38,39,45,48],"killed_by":"Awakened One","ascension_level":2}}