{"host":"z9grmtg2w0nmz8n1","time":1607754571,"event":{"mods":["Aspiration","BaseMod","Better Third Choice","BetterRewards","CCEM","Colored Map","GifTheSpireLib","Highlight Path","Hubris","Infinite Spire","Jedi Mod","Jorbs\u0027s Wanderer Trilogy","Minty Spire (QoL Compilation)","Permanent Neow","Replay The Spire","Spicy Shops","StSLib","Stuff the Spire","The Bug Knight"],"gold_per_floor":[117,134,154,174,174,174,201,201,225,225,244,261,290,302,314,422,434,460,422,444,466,492,504,545,557,592,604,616,648,695,713,102,121,121,231,231,255,255,275,134,157,194,194,207,207,238,240,264,272,272],"floor_reached":49,"playtime":2820,"items_purged":["Strike_G","Strike_G"],"score":574,"play_id":"2ebdeaa3-1e7f-4705-a696-b179769532e2","local_time":"20201212042931","is_ascension_mode":false,"campfire_choices":[{"floor":6,"key":"RECALL"},{"data":"infinitespire:Gouge","floor":10,"key":"SMITH"},{"floor":25,"key":"REST"},{"floor":34,"key":"REST"},{"floor":43,"key":"REST"}],"circlet_count":0,"master_deck":["Strike_G","Defend_G","Defend_G","Defend_G","Defend_G","Defend_G","Survivor","Neutralize","Blade Dance","Cloak And Dagger","Dagger Spray","infinitespire:Gouge+1","jedi:studypoison","Distraction+1","Dagger Spray+1","Dash","Flying Knee","Footwork+1","StuffTheSpire:CopiaOfFamine","Apotheosis+1","Fluid Movement","Flying Knee","Distraction","Noxious Fumes+1","Infinite Blades","Madness","Madness","StuffTheSpire:Incantation"],"relics":["Ring of the Snake","infinitespire:Lucky Rock","Meat on the Bone","hubris:Towel","Oddly Smooth Stone","MawBank","aspiration:ArtOfWarUpgrade","Fusion Hammer","StuffTheSpire:CocoNut","infinitespire:Midas Blood","Quantum Egg","BargainBundle","Empty Cage","hubris:BottledRain","StuffTheSpire:HeavyRock","Smiling Mask"],"acts_visited":["Exordium","TheCity","TheBeyond"],"potions_floor_usage":[7,13,16,18,24,30,39,44,49,49],"damage_taken":[{"damage":2,"enemies":"Cultist","floor":1,"turns":5},{"damage":2,"enemies":"2 Louse","floor":2,"turns":3},{"damage":0,"enemies":"Small Slimes","floor":3,"turns":3},{"damage":2,"enemies":"Blue Slaver","floor":4,"turns":4},{"damage":21,"enemies":"Lagavulin","floor":7,"turns":7},{"damage":5,"enemies":"Lots of Slimes","floor":11,"turns":2},{"damage":1,"enemies":"Exordium Wildlife","floor":12,"turns":2},{"damage":2,"enemies":"3 Sentries","floor":13,"turns":6},{"damage":13,"enemies":"Slime Boss","floor":16,"turns":10},{"damage":0,"enemies":"3 Byrds","floor":18,"turns":3},{"damage":7,"enemies":"Spheric Guardian","floor":20,"turns":3},{"damage":5,"enemies":"Shelled Parasite and Fungi","floor":21,"turns":6},{"damage":2,"enemies":"Snecko","floor":22,"turns":3},{"damage":21,"enemies":"Nightmare","floor":24,"turns":8},{"damage":16,"enemies":"3 Cultists","floor":29,"turns":5},{"damage":29,"enemies":"Gremlin Leader","floor":30,"turns":7},{"damage":6,"enemies":"Shelled Parasite and Fungi","floor":33,"turns":4},{"damage":20,"enemies":"hubris:MusketHawk","floor":35,"turns":7},{"damage":18,"enemies":"3 Shapes","floor":37,"turns":5},{"damage":9,"enemies":"3 Darklings","floor":39,"turns":3},{"damage":17,"enemies":"Jaw Worm Horde","floor":41,"turns":4},{"damage":4,"enemies":"R_Hoarder","floor":42,"turns":7},{"damage":8,"enemies":"Maw","floor":44,"turns":6},{"damage":0,"enemies":"Nemesis","floor":46,"turns":7},{"damage":25,"enemies":"3 Darklings","floor":48,"turns":5},{"damage":53,"enemies":"Reptomancer","floor":49,"turns":3}],"seed_played":"8464157533648941399","potions_obtained":[{"floor":4,"key":"SkillPotion"},{"floor":7,"key":"DuplicationPotion"},{"floor":13,"key":"Toxic Potion"},{"floor":16,"key":"Explosive Potion"},{"floor":20,"key":"Explosive Potion"},{"floor":29,"key":"Strength Potion"},{"floor":33,"key":"FearPotion"},{"floor":37,"key":"DistilledChaos"},{"floor":42,"key":"jedi:StrikingPotion"},{"floor":44,"key":"Energy Potion"},{"floor":48,"key":"Reflective Coating"}],"is_trial":false,"path_per_floor":["M","M","M","M","?","R","E","?","T","R","M","M","E","?","R","B",null,"M","?","M","M","M","R","NM","R","T","PTL","PTL","M","E","?","$","M","R","B",null,"M","?","M","$","M","E","R","M","T","E","?","M","E"],"character_chosen":"THE_SILENT","items_purchased":["Apotheosis","Quantum Egg","BargainBundle","Fluid Movement","Flying Knee","Infinite Blades"],"campfire_rested":3,"item_purchase_floors":[32,32,32,32,32,40],"current_hp_per_floor":[68,66,66,64,47,47,26,26,26,26,33,44,42,42,42,41,70,70,70,63,58,56,56,54,77,77,77,77,61,44,24,24,30,53,45,77,59,59,50,50,45,41,64,56,56,56,46,33,0,0],"gold":272,"neow_bonus":"RANDOM_COMMON_RELIC","is_daily":false,"chose_seed":false,"campfire_upgraded":1,"win_rate":0.0,"timestamp":1607754571,"path_taken":["M","M","?","M","?","R","E","?","T","R","M","M","E","?","R","BOSS","M","?","?","M","M","R","NM","R","T","PTL","PTL","M","E","?","?","M","R","BOSS","M","?","?","?","M","E","R","M","T","E","?","M","E"],"items_purchased_type":["Card","Relic","Relic","Card","Card","Card"],"build_version":"2020-11-30","purchased_purges":2,"victory":false,"max_hp_per_floor":[70,70,70,70,70,70,70,70,70,70,70,70,70,70,70,70,70,70,70,70,70,70,70,77,77,77,77,77,77,77,77,77,77,77,77,77,77,77,77,77,77,77,77,77,77,77,77,77,77,77],"card_choices":[{"not_picked":["Outmaneuver","Prepared"],"picked":"Blade Dance","floor":1},{"not_picked":["Acrobatics","StuffTheSpire:DoubleShiv"],"picked":"Cloak And Dagger","floor":2},{"not_picked":["Outmaneuver","Quick Slash"],"picked":"Dagger Spray","floor":3},{"not_picked":["StuffTheSpire:ClusterCrunch","jedi:pocketpoison","Malaise"],"picked":"SKIP","floor":4},{"not_picked":["infinitespire:Starlight","ReplayTheSpireMod:Echoes of Time"],"picked":"infinitespire:Gouge","floor":5},{"not_picked":["Quick Slash","Poison Darts","ReplayTheSpireMod:The Works"],"picked":"SKIP","floor":7},{"not_picked":["Dodge and Roll","Deadly Poison","Choke"],"picked":"SKIP","floor":11},{"not_picked":["Dodge and Roll","Deadly Poison","StuffTheSpire:Injection"],"picked":"SKIP","floor":12},{"not_picked":["Terror","StuffTheSpire:Incursion","jedi:pocketpoison"],"picked":"SKIP","floor":13},{"not_picked":["jedi:brewingpoison","Corpse Explosion"],"picked":"jedi:studypoison","floor":16},{"not_picked":["Flying Knee","Deflect+1"],"picked":"Distraction+1","floor":18},{"not_picked":["Dodge and Roll","StuffTheSpire:ClusterCrunch+1","Flechettes"],"picked":"SKIP","floor":20},{"not_picked":["Flying Knee","StuffTheSpire:Python"],"picked":"Dagger Spray+1","floor":21},{"not_picked":["Tactician","Bane","StuffTheSpire:ReptileScales"],"picked":"SKIP","floor":22},{"not_picked":["Crippling Poison","StuffTheSpire:Python+1"],"picked":"Dash","floor":24},{"not_picked":["Dagger Throw","Backflip"],"picked":"Flying Knee","floor":29},{"not_picked":["StuffTheSpire:Incantation","Caltrops+1"],"picked":"Footwork+1","floor":30},{"not_picked":["Flechettes","StuffTheSpire:Sprint","hubris:Counter+1"],"picked":"SKIP","floor":33},{"not_picked":["Crippling Poison","Backflip"],"picked":"Distraction","floor":37},{"not_picked":["Hidden Blade","Underhanded Strike+1"],"picked":"Noxious Fumes+1","floor":39},{"not_picked":["Bane","Masterful Stab+1","Caltrops+1"],"picked":"SKIP","floor":41},{"not_picked":["jedi:pocketpoison","Bane","Slice"],"picked":"SKIP","floor":42},{"not_picked":["Underhanded Strike","ReplayTheSpireMod:The Works+1","jedi:pocketpoison+1"],"picked":"SKIP","floor":44},{"not_picked":["Tactician","Endless Agony+1","Dagger Throw+1"],"picked":"SKIP","floor":46},{"not_picked":["hubris:SlightOfHand","Quick Slash+1"],"picked":"StuffTheSpire:Incantation","floor":48}],"player_experience":536660,"relics_obtained":[{"floor":7,"key":"Meat on the Bone"},{"floor":9,"key":"Oddly Smooth Stone"},{"floor":13,"key":"MawBank"},{"floor":14,"key":"Art of War"},{"floor":24,"key":"StuffTheSpire:CocoNut"},{"floor":30,"key":"infinitespire:Midas Blood"},{"floor":42,"key":"hubris:BottledRain"},{"floor":45,"key":"StuffTheSpire:HeavyRock"},{"floor":46,"key":"Smiling Mask"}],"event_choices":[{"damage_healed":0,"gold_gain":0,"player_choice":"Bet on Owner","damage_taken":0,"max_hp_gain":0,"max_hp_loss":0,"event_name":"The Joust","floor":19,"gold_loss":50},{"damage_healed":0,"gold_gain":0,"player_choice":"Upgraded","damage_taken":0,"max_hp_gain":0,"max_hp_loss":0,"event_name":"Upgrade Shrine","floor":38,"gold_loss":0,"cards_upgraded":["Apotheosis"]},{"damage_healed":0,"gold_gain":0,"player_choice":"Embrace Madness","damage_taken":10,"max_hp_gain":0,"max_hp_loss":0,"event_name":"Winding Halls","floor":47,"gold_loss":0,"cards_obtained":["Madness","Madness"]}],"is_beta":false,"boss_relics":[{"not_picked":["ChewingGum","Honey Jar"],"picked":"Fusion Hammer"},{"not_picked":["Pandora\u0027s Box","CCEMRelics:TransientCore"],"picked":"Empty Cage"}],"items_purged_floors":[32,40],"is_endless":true,"potions_floor_spawned":[4,7,13,16,20,29,33,37,42,44,48],"killed_by":"Reptomancer","ascension_level":0}}