{"host":"Ilker","time":1607806029,"event":{"mods":["BaseMod","Bestiary","Block Reminder","Colored Map","DeckTracker","Highlight Path","Minty Spire (QoL Compilation)","Quick Restart","Relic Sorter","Relic Stats"],"gold_per_floor":[113,128,139,139,158,158,193,193,193,223,223,252,55,69,69,146,146,161,161,28,41,57,83,83,83,83,102,102,102],"floor_reached":28,"playtime":1595,"items_purged":["Strike_B"],"score":520,"play_id":"7d386db1-01dc-4b00-91e9-923f9c18582f","local_time":"20201212234709","is_ascension_mode":true,"campfire_choices":[{"data":"Go for the Eyes","floor":6.0,"key":"SMITH"},{"floor":8.0,"key":"REST"},{"floor":11.0,"key":"REST"},{"data":"Capacitor","floor":15.0,"key":"SMITH"},{"floor":25,"key":"REST"}],"circlet_count":0,"master_deck":["AscendersBane","Strike_B","Defend_B","Defend_B","Defend_B","Zap","Dualcast","Melter+1","Gash+1","Rip and Tear+1","Rebound","Coolheaded","Ball Lightning","Go for the Eyes+1","Compile Driver","Lockon","Conserve Battery","Capacitor+1","Sweeping Beam","Electrodynamics","Chaos","Coolheaded","Coolheaded+1","Barrage"],"relics":["Astrolabe","WingedGreaves","Ginger","Busted Crown","ClockworkSouvenir","Orichalcum","Sundial","StrikeDummy","Letter Opener"],"acts_visited":["Exordium","TheCity"],"potions_floor_usage":[24,28,28],"damage_taken":[{"damage":0.0,"enemies":"Small Slimes","floor":1.0,"turns":2.0},{"damage":7.0,"enemies":"Jaw Worm","floor":2.0,"turns":2.0},{"damage":0.0,"enemies":"Cultist","floor":3.0,"turns":2.0},{"damage":14.0,"enemies":"Lots of Slimes","floor":5.0,"turns":4.0},{"damage":8.0,"enemies":"Gremlin Nob","floor":7.0,"turns":3.0},{"damage":21.0,"enemies":"3 Sentries","floor":10.0,"turns":5.0},{"damage":14.0,"enemies":"Lagavulin","floor":12.0,"turns":6.0},{"damage":20.0,"enemies":"Exordium Thugs","floor":14.0,"turns":4.0},{"damage":14.0,"enemies":"The Guardian","floor":16.0,"turns":10.0},{"damage":0.0,"enemies":"Spheric Guardian","floor":18.0,"turns":1.0},{"damage":0.0,"enemies":"3 Byrds","floor":21.0,"turns":2.0},{"damage":19.0,"enemies":"Centurion and Healer","floor":22.0,"turns":4.0},{"damage":43.0,"enemies":"Book of Stabbing","floor":23.0,"turns":5.0},{"damage":0,"enemies":"Snake Plant","floor":24,"turns":1},{"damage":2,"enemies":"Cultist and Chosen","floor":27,"turns":4},{"damage":33,"enemies":"Slavers","floor":28,"turns":2}],"seed_played":"1377445368844037734","potions_obtained":[{"floor":3.0,"key":"BlessingOfTheForge"},{"floor":5.0,"key":"GamblersBrew"},{"floor":7.0,"key":"SmokeBomb"},{"floor":10.0,"key":"LiquidBronze"},{"floor":23.0,"key":"LiquidBronze"},{"floor":27,"key":"LiquidBronze"}],"is_trial":false,"path_per_floor":["M","M","M","?","M","R","E","R","T","E","R","E","$","M","R","B",null,"M","?","$","M","M","E","M","R","T","M","E"],"character_chosen":"DEFECT","items_purchased":["Capacitor","ClockworkSouvenir","Coolheaded"],"campfire_rested":3,"item_purchase_floors":[13,13,20],"current_hp_per_floor":[64,57,57,57,43,43,35,56,56,35,56,42,42,22,22,8,55,55,71,71,71,52,9,9,30,30,28,0,0],"gold":102,"neow_bonus":"BOSS_RELIC","is_daily":false,"chose_seed":false,"campfire_upgraded":2,"win_rate":0.0,"timestamp":1607806029,"path_taken":["M","M","M","?","M","R","E","R","T","E","R","E","$","M","R","BOSS","M","?","?","M","M","E","M","R","T","M","E"],"items_purchased_type":["Card","Relic","Card"],"build_version":"2020-12-07","purchased_purges":1,"victory":false,"max_hp_per_floor":[71,71,71,71,71,71,71,71,71,71,71,71,71,71,71,71,71,71,71,71,71,71,71,71,71,71,71,71,71],"relic_stats":{"Busted Crown":10,"counters":[16,57],"Sundial":[4],"Astrolabe":["Melter","Gash","Rip and Tear"],"Ginger":[0],"Letter Opener":[28],"Orichalcum":[72],"obtain_stats":[{"Busted Crown":17,"Sundial":10,"Astrolabe":0,"WingedGreaves":7,"Ginger":9,"Letter Opener":26,"Orichalcum":12,"Cracked Core":0,"StrikeDummy":23,"ClockworkSouvenir":13},{"Busted Crown":9,"Sundial":6,"Astrolabe":0,"WingedGreaves":5,"Ginger":5,"Letter Opener":14,"Orichalcum":7,"Cracked Core":0,"StrikeDummy":13,"ClockworkSouvenir":7},{"Busted Crown":38,"Sundial":18,"Astrolabe":0,"WingedGreaves":13,"Ginger":13,"Letter Opener":51,"Orichalcum":24,"Cracked Core":0,"StrikeDummy":50,"ClockworkSouvenir":24}]},"card_choices":[{"not_picked":["Conserve Battery","Hologram"],"picked":"Rebound","floor":1.0},{"not_picked":["Conserve Battery","Reinforced Body"],"picked":"Coolheaded","floor":2.0},{"not_picked":["Leap","Auto Shields"],"picked":"Ball Lightning","floor":3.0},{"not_picked":["Rip and Tear","Lockon"],"picked":"Go for the Eyes","floor":5.0},{"not_picked":["Fusion","Chaos"],"picked":"Compile Driver","floor":7.0},{"not_picked":["Ball Lightning","Thunder Strike"],"picked":"Lockon","floor":10.0},{"not_picked":["Redo","Sweeping Beam"],"picked":"Conserve Battery","floor":12.0},{"not_picked":["Chill","Aggregate"],"picked":"Sweeping Beam","floor":14.0},{"not_picked":["Thunder Strike","Meteor Strike"],"picked":"Electrodynamics","floor":16.0},{"not_picked":[],"picked":"Chaos","floor":18.0},{"not_picked":[],"picked":"Coolheaded+1","floor":21.0},{"not_picked":["Gash"],"picked":"SKIP","floor":22.0},{"not_picked":["Rip and Tear"],"picked":"SKIP","floor":23.0},{"not_picked":[],"picked":"Barrage","floor":27}],"player_experience":1640456,"relics_obtained":[{"floor":7.0,"key":"WingedGreaves"},{"floor":9.0,"key":"Ginger"},{"floor":10.0,"key":"Sundial"},{"floor":12.0,"key":"Orichalcum"},{"floor":23.0,"key":"StrikeDummy"},{"floor":26,"key":"Letter Opener"}],"event_choices":[{"damage_healed":0.0,"max_hp_gain":0.0,"max_hp_loss":0.0,"gold_gain":0.0,"event_name":"Shining Light","player_choice":"Ignored","floor":4.0,"gold_loss":0.0,"damage_taken":0.0},{"damage_healed":16.0,"max_hp_gain":0.0,"max_hp_loss":0.0,"gold_gain":0.0,"event_name":"Wheel of Change","player_choice":"Full Heal","floor":19.0,"gold_loss":0.0,"damage_taken":0.0}],"is_beta":true,"boss_relics":[{"not_picked":["Runic Dome","Fusion Hammer"],"picked":"Busted Crown"}],"items_purged_floors":[20],"is_endless":false,"potions_floor_spawned":[3,5,7,10,12,23,24,27],"killed_by":"Slavers","ascension_level":20}}