{"host":"3c27c697js19kaoo","time":1607777216,"event":{"mods":["BaseMod","Dota2Spire","Minty Spire (QoL Compilation)","Quick Restart","Remilia£®¿Ÿ√◊¿Ú—«£©","Replay The Spire","StSLib","The Cursed","The Gatherer","The Servant 0.9.4","°æ“≈ŒÔø®≈∆°øREMEMod"],"gold_per_floor":[118,319,2,21,21,21,38,66,66,92,92,102,126,201,201,296,296,315,240,180,180,180,211,211,231,231,246,345,377,390,390,390],"floor_reached":31,"playtime":1090,"items_purged":[],"score":352,"play_id":"32a1900a-46f4-4d4d-9d8b-2a0aab88094d","local_time":"20201212204656","is_ascension_mode":true,"campfire_choices":[{"data":"Madness","floor":6,"key":"SMITH"},{"floor":11,"key":"REST"},{"floor":15,"key":"REST"},{"floor":24,"key":"REST"}],"circlet_count":0,"master_deck":["Strike_S","Strike_S+1","Strike_S","Defend_S","Defend_S","Defend_S","Defend_S","KidneyShot","Exchange","Judgement","Spin","Madness+1","RealityMarble","GearUp","SilverBlades","Advance","FloweringNight+1","BottledTime+1","TimeTheft+1","Starlight"],"relics":["Uniform","REME_ComplimentaryCards","Membership Card","Dota2Spire:OrchidMalevolence","Golden Egg","Iron Hammer","Pear","Omamori","SlaversCollar","Necronomicon","Orichalcum","Bottled Flame","Dota2Spire:LotusOrb"],"acts_visited":["Exordium","TheCity"],"potions_floor_usage":[10,10,23,29],"damage_taken":[{"damage":6,"enemies":"2 Louse","floor":1,"turns":2},{"damage":4,"enemies":"Jaw Worm","floor":4,"turns":3},{"damage":0,"enemies":"Cultist","floor":7,"turns":2},{"damage":35,"enemies":"Replay:BlueRogue","floor":8,"turns":4},{"damage":0,"enemies":"3 Sentries","floor":10,"turns":2},{"damage":7,"enemies":"Exordium Thugs","floor":12,"turns":4},{"damage":46,"enemies":"The Guardian","floor":16,"turns":15},{"damage":0,"enemies":"Spheric Guardian","floor":18,"turns":2},{"damage":37,"enemies":"Gremlin Leader","floor":23,"turns":5},{"damage":8,"enemies":"3 Byrds","floor":25,"turns":4},{"damage":13,"enemies":"Cultist and Chosen","floor":27,"turns":4},{"damage":12,"enemies":"REME_1_Revenger","floor":29,"turns":4},{"damage":0,"enemies":"Sentry and Sphere","floor":30,"turns":2},{"damage":15,"enemies":"Slavers","floor":31,"turns":1}],"seed_played":"1982427078054203984","potions_obtained":[{"floor":1,"key":"LifebloodPotion"},{"floor":8,"key":"Toxic Potion"},{"floor":16,"key":"FearPotion"},{"floor":23,"key":"FearPotion"},{"floor":25,"key":"DuplicationPotion"}],"is_trial":false,"path_per_floor":["M","?","$","M","$","R","M","E","T","E","R","M","T","?","R","B",null,"M","?","?","?","?","E","R","M","T","M","?","E","M","E"],"character_chosen":"THE_SERVANT","items_purchased":["Membership Card","Dota2Spire:OrchidMalevolence","Madness"],"campfire_rested":3,"item_purchase_floors":[3,3,3],"current_hp_per_floor":[59,59,59,55,55,55,55,20,20,30,52,45,45,34,56,10,75,75,75,75,75,59,22,44,36,36,23,23,11,11,0,0],"gold":390,"neow_bonus":"RANDOM_EVENT","is_daily":false,"chose_seed":false,"campfire_upgraded":1,"win_rate":0.0,"timestamp":1607777216,"path_taken":["M","?","?","M","$","R","?","E","T","E","R","M","?","?","R","BOSS","M","?","?","?","?","E","R","M","T","?","?","E","M","E"],"items_purchased_type":["Relic","Relic","Card"],"build_version":"2020-11-30","purchased_purges":0,"victory":false,"max_hp_per_floor":[65,65,65,65,65,65,65,65,65,75,75,75,75,75,75,75,75,75,75,75,75,75,75,75,75,75,75,75,75,75,75,75],"card_choices":[{"not_picked":["Rearm","Rewind","Read"],"picked":"SKIP","floor":1},{"not_picked":["Hightail","Ricochet"],"picked":"Spin","floor":2},{"not_picked":["Rewind","TimeTheft"],"picked":"RealityMarble","floor":4},{"not_picked":["SpecialFormula","Deadline"],"picked":"GearUp","floor":7},{"not_picked":["Ricochet","Alleviate"],"picked":"SilverBlades","floor":8},{"not_picked":["InstantArmor","Contraction","Snipe"],"picked":"SKIP","floor":10},{"not_picked":["DoubleEdge","Rewind"],"picked":"Advance","floor":12},{"not_picked":["MurderousAura","Sunlight"],"picked":"FloweringNight","floor":16},{"not_picked":["Moonlight","Spin"],"picked":"BottledTime+1","floor":18},{"not_picked":["Foresight+1","DoubleEdge+1","Manipulate"],"picked":"SKIP","floor":23},{"not_picked":["Reset","Replace+1","Rearm+1"],"picked":"SKIP","floor":25},{"not_picked":["Advance","Revamp"],"picked":"TimeTheft+1","floor":27},{"not_picked":["DualDimension+1","TimeWarp","Desolation"],"picked":"SKIP","floor":29},{"not_picked":["Spin","ShatteredReality"],"picked":"Starlight","floor":30}],"player_experience":108626,"relics_obtained":[{"floor":8,"key":"Golden Egg"},{"floor":9,"key":"Iron Hammer"},{"floor":10,"key":"Pear"},{"floor":13,"key":"Omamori"},{"floor":22,"key":"Necronomicon"},{"floor":23,"key":"Orichalcum"},{"floor":26,"key":"Bottled Flame"},{"floor":29,"key":"Dota2Spire:LotusOrb"}],"event_choices":[{"damage_healed":0,"gold_gain":75,"player_choice":"Gather Gold","damage_taken":11,"max_hp_gain":0,"max_hp_loss":0,"event_name":"World of Goop","floor":14,"gold_loss":0},{"cards_removed":["Strike_S"],"damage_healed":0,"gold_gain":0,"player_choice":"Gave Gold","damage_taken":0,"max_hp_gain":0,"max_hp_loss":0,"event_name":"Beggar","floor":19,"gold_loss":75},{"damage_healed":0,"gold_gain":0,"player_choice":"Ignored","damage_taken":0,"max_hp_gain":0,"max_hp_loss":0,"event_name":"Ghosts","floor":21,"gold_loss":0},{"damage_healed":0,"gold_gain":0,"player_choice":"Obtained Book","damage_taken":16,"max_hp_gain":0,"max_hp_loss":0,"event_name":"Cursed Tome","floor":22,"gold_loss":0},{"damage_healed":0,"gold_gain":99,"player_choice":"Stole From Cult","damage_taken":0,"max_hp_gain":0,"max_hp_loss":0,"event_name":"Nest","floor":28,"gold_loss":0}],"is_beta":false,"boss_relics":[{"not_picked":["Sozu","Replay:Drink Me"],"picked":"SlaversCollar"}],"items_purged_floors":[],"is_endless":false,"potions_floor_spawned":[1,8,16,23,25],"killed_by":"Slavers","ascension_level":3}}