{"host":"vm8b3ptwl81uq21f","time":1607809062,"event":{"mods":["BaseMod","BetterRewards","Colored Powertips","Downfall","GifTheSpireLib","Googly Eyes","GungeonMod","Halation","Hubris","Minty Spire (QoL Compilation)","Quick Restart","Rare Cards Sparkle","Replay The Spire","Shop Mod","StSLib","Stuff the Spire","The Bug Knight","The IronCluck","[IsaacMod]????"],"gold_per_floor":[115,126,126,11,37,71,71,91,144,175,195,214,289,289,289,400,400,410,109,124,142,162,162,187,213,213,213,213,213],"floor_reached":28,"playtime":2135,"items_purged":[],"score":310,"play_id":"c506550c-23a8-4a74-875b-ef8f579f2fe3","local_time":"20201212163742","is_ascension_mode":false,"campfire_choices":[{"data":"DemoMod:ManualReload","floor":7,"key":"SMITH"},{"data":"DemoMod:ThirdPartyController","floor":15,"key":"SMITH"},{"data":"DemoMod:Unity","floor":23,"key":"SMITH"}],"circlet_count":0,"master_deck":["DemoMod:Strike_Huntress","DemoMod:Strike_Huntress","DemoMod:Strike_Huntress","DemoMod:Defend_Huntress","DemoMod:Defend_Huntress","DemoMod:Defend_Huntress","DemoMod:Defend_Huntress","DemoMod:Roll","DemoMod:ManualReload+1","DemoMod:RustySidearm","DemoMod:CrossBow","BettingIsNotGood","DemoMod:TeaPot","DemoMod:CombinedRifle","DemoMod:Desperate+1","DemoMod:Unity+1","DemoMod:HardPowerCard","DemoMod:JK47","DemoMod:TripleGun","DemoMod:ThirdPartyController+1","DemoMod:Unity","DemoMod:ThirdPartyController","DemoMod:ThirdPartyController","DemoMod:Unity","DemoMod:HuntsMan","DemoMod:HighKaliber","DemoMod:Camera+1","DemoMod:HardPowerCard","DemoMod:StickyCrossBow","DemoMod:Unity"],"relics":["DemoMod:Dog","HushsDoor","TheBible","NeowsBlessing","hubris:ToyBattleship","ReplayTheSpireMod:TigerMarble","BFFS","StuffTheSpire:OldFever","Mirror","halation:StarCompass","Honey Jar","halation:SelfBoilingWater","halation:WeightlessCrab","PillsDrop","DemoMod:Ammonomicon"],"acts_visited":["Exordium","TheCity"],"potions_floor_usage":[10,10,22,25],"damage_taken":[{"damage":0,"enemies":"Jaw Worm","floor":1,"turns":1},{"damage":0,"enemies":"2 Louse","floor":2,"turns":1},{"damage":0,"enemies":"3 Sentries","floor":6,"turns":2},{"damage":0,"enemies":"Cultist","floor":8,"turns":3},{"damage":25,"enemies":"Lagavulin","floor":10,"turns":8},{"damage":0,"enemies":"Large Slime","floor":11,"turns":5},{"damage":6,"enemies":"Blue Slaver","floor":12,"turns":3},{"damage":17,"enemies":"Gremlin Nob","floor":13,"turns":3},{"damage":26,"enemies":"The Guardian","floor":16,"turns":9},{"damage":9,"enemies":"Spheric Guardian","floor":18,"turns":3},{"damage":5,"enemies":"3 Byrds","floor":20,"turns":2},{"damage":0,"enemies":"Sentry and Sphere","floor":21,"turns":2},{"damage":7,"enemies":"Snake Plant","floor":22,"turns":2},{"damage":11,"enemies":"Centurion and Healer","floor":24,"turns":2},{"damage":19,"enemies":"Replay:Snechameleon","floor":25,"turns":3},{"damage":8,"enemies":"3 Cultists","floor":28,"turns":3}],"seed_played":"-5663226771175575359","potions_obtained":[{"floor":2,"key":"Regen Potion"},{"floor":6,"key":"Adrenaline Potion"},{"floor":11,"key":"BlessingOfTheForge"},{"floor":12,"key":"Weak Potion"},{"floor":21,"key":"sneckomod:MuddlingPotion"},{"floor":24,"key":"Adrenaline Potion"},{"floor":25,"key":"Swift Potion"}],"is_trial":false,"path_per_floor":["M","M","?","$","T","E","R","M","T","E","M","M","E","?","R","B",null,"M","$","M","M","M","R","M","E","T","?","M"],"character_chosen":"HUNTRESS","items_purchased":["DemoMod:Desperate+1","halation:SelfBoilingWater","DemoMod:HuntsMan"],"campfire_rested":0,"item_purchase_floors":[4,19,19],"current_hp_per_floor":[70,70,75,75,75,75,75,75,75,59,59,53,41,41,41,15,75,66,66,61,61,59,59,48,29,29,29,21,21],"gold":213,"neow_bonus":"THREE_ENEMY_KILL","is_daily":false,"chose_seed":false,"campfire_upgraded":3,"win_rate":0.0,"timestamp":1607809062,"path_taken":["M","M","?","$","?","E","R","M","T","E","M","M","E","?","R","BOSS","M","$","M","M","M","R","M","E","T","?","M"],"items_purchased_type":["Card","Relic","Card"],"build_version":"2020-11-30","purchased_purges":0,"victory":false,"max_hp_per_floor":[70,70,75,75,75,75,75,75,75,75,75,75,75,75,75,75,75,75,75,75,75,75,75,75,75,75,75,75,75],"card_choices":[{"not_picked":[],"picked":"BettingIsNotGood","floor":0},{"not_picked":["DemoMod:Ejector","DemoMod:JK47"],"picked":"DemoMod:TeaPot","floor":1},{"not_picked":["DemoMod:HuntsMan","DemoMod:SAA"],"picked":"DemoMod:CombinedRifle","floor":2},{"not_picked":["DemoMod:SkilledReload","DemoMod:DoubleSwitch"],"picked":"DemoMod:Unity","floor":6},{"not_picked":["DemoMod:MegaHand","DemoMod:AC15"],"picked":"DemoMod:HardPowerCard","floor":8},{"not_picked":["DemoMod:SAA","DemoMod:Ejector"],"picked":"DemoMod:JK47","floor":10},{"not_picked":["DemoMod:EasyReloadBullets","DemoMod:SAA"],"picked":"DemoMod:TripleGun","floor":11},{"not_picked":["Bomb","DemoMod:ZorGun"],"picked":"DemoMod:ThirdPartyController","floor":12},{"not_picked":["DemoMod:ConditionalReflex","DemoMod:FastSwitch"],"picked":"DemoMod:Unity","floor":13},{"not_picked":["DemoMod:BalloonGun","DemoMod:BlackHoleGun"],"picked":"DemoMod:ThirdPartyController","floor":16},{"not_picked":["DemoMod:SuppressiveFire","DemoMod:Elimentaler"],"picked":"DemoMod:ThirdPartyController","floor":16},{"not_picked":["DemoMod:ChanceBullets","DemoMod:HardPowerCard","DemoMod:ProbeStrike"],"picked":"DemoMod:Unity","floor":18},{"not_picked":["DemoMod:MachoBrace","DemoMod:ChanceBullets","DemoMod:ConditionalReflex"],"picked":"DemoMod:HighKaliber","floor":20},{"not_picked":["DemoMod:JK47+1","DemoMod:DoubleSwitch","DemoMod:TripleGun"],"picked":"DemoMod:Camera+1","floor":21},{"not_picked":["DemoMod:AbyssalTentacle","DemoMod:DoubleSwitch","DemoMod:ShadowBullets"],"picked":"DemoMod:HardPowerCard","floor":22},{"not_picked":["DemoMod:Camera+1","DemoMod:SniperShot","DemoMod:GunstockTap+1"],"picked":"DemoMod:StickyCrossBow","floor":24},{"not_picked":["DemoMod:DirectionalPad","DemoMod:MachoBrace","DemoMod:RadGun+1"],"picked":"DemoMod:Unity","floor":25}],"player_experience":274703,"relics_obtained":[{"floor":5,"key":"hubris:ToyBattleship"},{"floor":6,"key":"ReplayTheSpireMod:TigerMarble"},{"floor":9,"key":"BFFS"},{"floor":10,"key":"StuffTheSpire:OldFever"},{"floor":13,"key":"Mirror"},{"floor":25,"key":"halation:WeightlessCrab"},{"floor":26,"key":"PillsDrop"}],"event_choices":[{"damage_healed":0,"gold_gain":0,"player_choice":"Donut","damage_taken":0,"max_hp_gain":5,"max_hp_loss":0,"event_name":"Big Fish","floor":3,"gold_loss":0}],"is_beta":false,"boss_relics":[{"not_picked":["Coffee Dripper","ChampionBelt"],"picked":"Honey Jar"},{"not_picked":[]}],"items_purged_floors":[],"is_endless":false,"potions_floor_spawned":[2,6,11,12,21,24,25],"killed_by":"3 Cultists","ascension_level":0}}