{"host":"p033swmn9l8hdcoq","time":1607784496,"event":{"mods":["BaseMod","Minty Spire (QoL Compilation)","StSLib","[功能]功能增强和修复MOD"],"gold_per_floor":[116,116,116,129,129,429,445,445,513,597,139,164,164,182,182,306,306,325,338,22,42,42,70,87,87,87,104,104,104,19,30,30,132,132,148,148,159,170,184,184,179,179,229,81,110,110,121,141,141,141,141,141,136,167,167,167],"floor_reached":55,"playtime":2179,"items_purged":["Strike_G","Strike_G","Strike_G","Defend_G","Strike_G+1"],"score":1203,"play_id":"31d52492-2e0f-45b8-b798-c36b245495eb","local_time":"20201212224816","is_ascension_mode":true,"campfire_choices":[{"floor":6.0,"key":"DIG"},{"floor":8.0,"key":"DIG"},{"data":"Blade Dance","floor":13.0,"key":"SMITH"},{"data":"Well Laid Plans","floor":15.0,"key":"SMITH"},{"floor":25.0,"key":"REST"},{"data":"Tactician","floor":29.0,"key":"SMITH"},{"floor":32.0,"key":"DIG"},{"floor":40.0,"key":"DIG"},{"floor":42.0,"key":"DIG"},{"floor":46.0,"key":"DIG"},{"floor":49.0,"key":"RECALL"},{"floor":52.0,"key":"DIG"}],"circlet_count":0,"master_deck":["AscendersBane","Defend_G","Defend_G+1","Defend_G","Survivor","Neutralize","Predator+1","Well Laid Plans+1","Footwork","Backflip","Accuracy","Blade Dance+1","Accuracy","Adrenaline","Corpse Explosion+1","Outmaneuver+1","Acrobatics+1","Calculated Gamble","Finisher+1","Tactician+1","Blade Dance","Doppelganger","Cloak And Dagger+1","Acrobatics+1","Blur+1","Adrenaline","Calculated Gamble","Prepared+1"],"relics":["Ring of the Snake","Shovel","Bloody Idol","Old Coin","Nunchaku","Bottled Tornado","Orrery","Letter Opener","Astrolabe","Chemical X","PreservedInsect","Tingsha","Enchiridion","Vajra","Centennial Puzzle","Philosopher\u0027s Stone","Gremlin Horn","Frozen Egg 2","MealTicket","Medical Kit","Art of War","Ninja Scroll","Pantograph","Boot"],"acts_visited":["Exordium","TheCity","TheBeyond","TheEnding"],"potions_floor_usage":[55],"damage_taken":[{"damage":0.0,"enemies":"Small Slimes","floor":1.0,"turns":4.0},{"damage":0.0,"enemies":"Jaw Worm","floor":4.0,"turns":3.0},{"damage":0.0,"enemies":"Cultist","floor":7.0,"turns":3.0},{"damage":0.0,"enemies":"Gremlin Gang","floor":10.0,"turns":6.0},{"damage":0.0,"enemies":"Exordium Thugs","floor":12.0,"turns":3.0},{"damage":0.0,"enemies":"2 Fungi Beasts","floor":14.0,"turns":4.0},{"damage":3.0,"enemies":"Hexaghost","floor":16.0,"turns":9.0},{"damage":14.0,"enemies":"2 Thieves","floor":18.0,"turns":2.0},{"damage":4.0,"enemies":"Shell Parasite","floor":19.0,"turns":4.0},{"damage":0.0,"enemies":"Snake Plant","floor":21.0,"turns":3.0},{"damage":25.0,"enemies":"Slavers","floor":23.0,"turns":3.0},{"damage":1.0,"enemies":"Sentry and Sphere","floor":24.0,"turns":3.0},{"damage":2.0,"enemies":"3 Cultists","floor":27.0,"turns":3.0},{"damage":0.0,"enemies":"Snecko","floor":31.0,"turns":3.0},{"damage":21.0,"enemies":"Champ","floor":33.0,"turns":7.0},{"damage":16.0,"enemies":"3 Darklings","floor":35.0,"turns":3.0},{"damage":5.0,"enemies":"3 Shapes","floor":37.0,"turns":3.0},{"damage":10.0,"enemies":"Writhing Mass","floor":38.0,"turns":4.0},{"damage":0.0,"enemies":"Transient","floor":39.0,"turns":5.0},{"damage":0.0,"enemies":"Reptomancer","floor":45.0,"turns":2.0},{"damage":0.0,"enemies":"Maw","floor":47.0,"turns":3.0},{"damage":0.0,"enemies":"Jaw Worm Horde","floor":48.0,"turns":2.0},{"damage":19.0,"enemies":"Donu and Deca","floor":50.0,"turns":3.0},{"damage":22.0,"enemies":"Shield and Spear","floor":54.0,"turns":2.0},{"damage":83,"enemies":"The Heart","floor":55,"turns":3}],"seed_played":"-4873519757997827528","potions_obtained":[{"floor":1.0,"key":"PowerPotion"},{"floor":7.0,"key":"ColorlessPotion"},{"floor":10.0,"key":"Explosive Potion"},{"floor":14.0,"key":"BlessingOfTheForge"},{"floor":18.0,"key":"SpeedPotion"},{"floor":21.0,"key":"SpeedPotion"},{"floor":24.0,"key":"SteroidPotion"},{"floor":27.0,"key":"BlessingOfTheForge"},{"floor":31.0,"key":"SteroidPotion"},{"floor":39.0,"key":"DistilledChaos"},{"floor":47.0,"key":"Poison Potion"},{"floor":48.0,"key":"SpeedPotion"}],"is_trial":false,"path_per_floor":["M","?","?","M","?","R","M","R","T","M","$","M","R","M","R","B",null,"M","M","$","M","?","E","M","R","T","M","?","R","?","M","R","B",null,"M","?","M","M","M","R","$","R","T","$","E","R","M","M","R","B",null,"R","$","E","B"],"character_chosen":"THE_SILENT","items_purchased":["Orrery","Blade Dance","Letter Opener","Chemical X","PreservedInsect","Medical Kit"],"campfire_rested":1,"item_purchase_floors":[11,11,11,20,20,44],"current_hp_per_floor":[63,50,35,35,35,35,35,35,35,35,35,35,35,35,35,32,55,41,37,37,37,37,17,21,39,39,42,26,26,26,31,31,15,51,40,40,40,35,40,40,40,40,45,60,63,63,63,63,63,44,58,58,63,46,0,0],"gold":167,"neow_bonus":"ONE_RARE_RELIC","is_daily":false,"chose_seed":false,"campfire_upgraded":3,"win_rate":0.0,"timestamp":1607784496,"path_taken":["M","?","?","?","?","R","?","R","T","M","$","M","R","?","R","BOSS","M","M","$","M","?","E","M","R","T","M","?","R","?","M","R","BOSS","M","?","?","?","M","R","$","R","T","$","E","R","M","M","R","BOSS","R","$","E","BOSS"],"items_purchased_type":["Relic","Card","Relic","Relic","Relic","Relic"],"build_version":"2020-11-30","purchased_purges":5,"victory":false,"max_hp_per_floor":[63,63,63,63,63,63,63,63,63,63,63,63,63,63,63,63,63,63,63,63,63,63,63,63,63,63,63,63,63,63,63,63,63,63,63,63,63,63,63,63,63,63,63,63,63,63,63,63,63,63,63,63,63,63,63,63],"card_choices":[{"not_picked":["Crippling Poison","Caltrops"],"picked":"Predator","floor":1.0},{"not_picked":["Dash","Concentrate","Deadly Poison"],"picked":"SKIP","floor":4.0},{"not_picked":["Dagger Spray","Underhanded Strike"],"picked":"Well Laid Plans","floor":7.0},{"not_picked":["Heel Hook","Dagger Throw","Skewer"],"picked":"SKIP","floor":10.0},{"not_picked":["Poisoned Stab","Dagger Spray"],"picked":"Footwork","floor":11.0},{"not_picked":["Dodge and Roll","Endless Agony"],"picked":"Backflip","floor":11.0},{"not_picked":["Caltrops","Catalyst"],"picked":"Infinite Blades","floor":11.0},{"not_picked":["Burst","Underhanded Strike"],"picked":"Accuracy","floor":11.0},{"not_picked":["Crippling Poison","Underhanded Strike","Flechettes"],"picked":"SKIP","floor":12.0},{"not_picked":["Riddle With Holes","Backflip"],"picked":"Accuracy","floor":14.0},{"not_picked":["Die Die Die","Storm of Steel"],"picked":"Adrenaline","floor":16.0},{"not_picked":["Infinite Blades","Well Laid Plans"],"picked":"Calculated Gamble","floor":18.0},{"not_picked":["Skewer","Outmaneuver","Dagger Throw"],"picked":"SKIP","floor":19.0},{"not_picked":["Cloak And Dagger","Unload","Outmaneuver"],"picked":"SKIP","floor":21.0},{"not_picked":["Poisoned Stab","Backflip","Deadly Poison"],"picked":"SKIP","floor":23.0},{"not_picked":["All Out Attack","Poisoned Stab"],"picked":"Finisher+1","floor":24.0},{"not_picked":["Accuracy","Prepared+1"],"picked":"Tactician","floor":27.0},{"not_picked":["Sucker Punch","Eviscerate"],"picked":"Blade Dance","floor":31.0},{"not_picked":["Grand Finale","Night Terror"],"picked":"Doppelganger","floor":33.0},{"not_picked":["Crippling Poison","Underhanded Strike+1"],"picked":"Cloak And Dagger+1","floor":35.0},{"not_picked":["Accuracy","Blade Dance"],"picked":"Blur+1","floor":37.0},{"not_picked":["Blade Dance+1","Dagger Throw","Setup"],"picked":"SKIP","floor":38.0},{"not_picked":["Finisher","Underhanded Strike"],"picked":"Adrenaline","floor":39.0},{"not_picked":["Dagger Throw+1","All Out Attack"],"picked":"Calculated Gamble","floor":45.0},{"not_picked":["Concentrate","Poisoned Stab","All Out Attack+1"],"picked":"SKIP","floor":47.0},{"not_picked":["Deadly Poison+1","Slice+1"],"picked":"Prepared+1","floor":48.0},{"not_picked":["Dash","Glass Knife","Flying Knee"],"picked":"SKIP","floor":54.0}],"player_experience":55485,"relics_obtained":[{"floor":6.0,"key":"Old Coin"},{"floor":8.0,"key":"Nunchaku"},{"floor":9.0,"key":"Bottled Tornado"},{"floor":23.0,"key":"Tingsha"},{"floor":28.0,"key":"Enchiridion"},{"floor":32.0,"key":"Centennial Puzzle"},{"floor":40.0,"key":"Gremlin Horn"},{"floor":42.0,"key":"Frozen Egg 2"},{"floor":43.0,"key":"MealTicket"},{"floor":45.0,"key":"Art of War"},{"floor":46.0,"key":"Ninja Scroll"},{"floor":52.0,"key":"Pantograph"},{"floor":54.0,"key":"Boot"}],"event_choices":[{"damage_healed":0.0,"max_hp_gain":0.0,"max_hp_loss":0.0,"gold_gain":0.0,"event_name":"Shining Light","player_choice":"Entered Light","floor":2.0,"gold_loss":0.0,"damage_taken":13.0,"cards_upgraded":["Strike_G","Defend_G"]},{"damage_healed":0.0,"max_hp_gain":0.0,"max_hp_loss":0.0,"gold_gain":0.0,"event_name":"Golden Idol","player_choice":"Take Damage","floor":3.0,"gold_loss":0.0,"damage_taken":15.0,"relics_obtained":["Golden Idol"]},{"damage_healed":0.0,"max_hp_gain":0.0,"max_hp_loss":0.0,"gold_gain":0.0,"event_name":"Accursed Blacksmith","player_choice":"Forge","floor":5.0,"gold_loss":0.0,"damage_taken":0.0,"cards_upgraded":["Predator"]},{"damage_healed":0.0,"max_hp_gain":0.0,"max_hp_loss":0.0,"gold_gain":0.0,"event_name":"Forgotten Altar","player_choice":"Gave Idol","floor":22.0,"relics_lost":["Golden Idol"],"gold_loss":0.0,"damage_taken":0.0,"relics_obtained":["Bloody Idol"]},{"damage_healed":0.0,"max_hp_gain":0.0,"max_hp_loss":0.0,"gold_gain":0.0,"event_name":"Cursed Tome","player_choice":"Obtained Book","floor":28.0,"gold_loss":0.0,"damage_taken":16.0},{"damage_healed":0.0,"max_hp_gain":0.0,"max_hp_loss":0.0,"gold_gain":0.0,"event_name":"Addict","player_choice":"Obtained Relic","floor":30.0,"gold_loss":85.0,"damage_taken":0.0,"relics_obtained":["Vajra"]},{"damage_healed":0.0,"max_hp_gain":0.0,"max_hp_loss":0.0,"gold_gain":0.0,"event_name":"Duplicator","player_choice":"Copied","floor":36.0,"gold_loss":0.0,"damage_taken":0.0,"cards_obtained":["Acrobatics"]}],"is_beta":false,"boss_relics":[{"not_picked":["Busted Crown","Sozu"],"picked":"Astrolabe"},{"not_picked":["Cursed Key","Ring of the Serpent"],"picked":"Philosopher\u0027s Stone"}],"items_purged_floors":[11,20,41,44,53],"is_endless":false,"potions_floor_spawned":[1,7,10,14,18,21,24,27,31,35,39,45,47,48],"killed_by":"The Heart","ascension_level":12}}