{"host":"3q8x5nua6nulvkr6","time":1607756506,"event":{"mods":["Aspiration","BaseMod","Better Note","BetterRewards","Colored Map","Colored Powertips","Conspire","GifTheSpireLib","Hubris","Infinite Spire","Minty Spire (QoL Compilation)","Rare Cards Sparkle","Replay The Spire","StSLib","Stuff the Spire","Wandering Minibosses"],"gold_per_floor":[117,136,14,24,99,124,124,138,138,149,181,81,108,123,123,224,274,292,292,54,54,72,72,106,106,106,136,185,185,203,219,219,324,324,341,341,341,353,108,142,142,142,211,211,230,262,281,281,281,378,378,394,471,23,28,34,34,59,159,235,256,263,275,289,303,303,395,395,397,94,101,1,18,44,44,49,49,64,71,71,71,92,92,164,164,168,238,271,271,271,284,323,331,358,365,365,382,382,8,8,102,102,111,111,111,120,120,140,155,177,177,199,211,275,205,212,212,289,289,304,50,48,48,55,55,63,76,128,148,150,160,186,194,194,276,276,308,335,396,435,435,435,459,505,574,574,210,210,232,255,255,350,350,350,155,185,257],"floor_reached":158,"playtime":7233,"items_purged":["StuffTheSpire:Plugnplay","Streamline","Tempest","aspiration:Polymerization+1","Consume+1"],"score":4698,"play_id":"422703ca-c934-400f-ae73-33d87762d852","local_time":"20201212020146","daily_mods":["SealedDeck"],"is_ascension_mode":true,"campfire_choices":[{"floor":7,"key":"REST"},{"data":"Ghostly","floor":15,"key":"SMITH"},{"data":"Fission","floor":23,"key":"SMITH"},{"data":"Storm","floor":25,"key":"SMITH"},{"data":"Storm","floor":29,"key":"SMITH"},{"floor":41,"key":"REST"},{"data":"infinitespire:TheBestDefense","floor":44,"key":"SMITH"},{"data":"hubris:DuctTapeCard","floor":49,"key":"SMITH"},{"data":"Consume","floor":57,"key":"SMITH"},{"data":"ReplayTheSpireMod:Reroute Power","floor":66,"key":"SMITH"},{"floor":75,"key":"REST"},{"floor":83,"key":"REST"},{"floor":100,"key":"REST"},{"floor":117,"key":"REST"},{"floor":134,"key":"REST"},{"floor":142,"key":"REST"},{"floor":146,"key":"REST"},{"floor":151,"key":"REST"},{"floor":154,"key":"REST"}],"circlet_count":0,"master_deck":["Crystallizer","Ball Lightning+1","Beam Cell+1","Ball Lightning+1","hubris:Ukulele","Genetic Algorithm+1","Conserve Battery","Ghostly+1","Self Repair+1","Storm+1","Electrodynamics+1","Fission+1","Machine Learning+1","Core Surge+1","infinitespire:TheBestDefense+1","hubris:DuctTapeCard+2","Storm+1","Capacitor+1","ReplayTheSpireMod:Reroute Power+1","StuffTheSpire:Synthwave+1","infinitespire:Starlight","infinitespire:Starlight","infinitespire:UltimateForm","infinitespire:UltimateForm+1","Conserve Battery","infinitespire:UltimateForm","infinitespire:Collect+1","hubris:EnhanceAbility+1","Regret","FIFO Queue+1","FIFO Queue+1","hubris:PowerSurge","hubris:SpecializedCircuitry","Force Field+1","Electrodynamics"],"relics":["Cracked Core","hubris:GlazedTorus","Blue Candle","Happy Flower","Prayer Wheel","Centennial Puzzle","Tiny House","infinitespire:Satchel","aspiration:EnhancedActuators","MealTicket","Busted Crown","aspiration:VileToxins","hubris:DuctTape","hubris:Potato","Darkstone Periapt","Gremlin Food","Toy Ornithopter","conspire:SpecialSausage","infinitespire:FocusingShard","Meat on the Bone","TheAbacus","Garlic","StuffTheSpire:PointBlank","hubris:DeckOfHolding","Potion Belt","Fusion Hammer","aspiration:AnachronicSnailShell","Bottled Flame","hubris:RGBLights","aspiration:RitualStick","DollysMirror","hubris:PeanutButter","hubris:ScarierMask","aspiration:HatOfInfinitePower","Ginger","Blue Doll","StuffTheSpire:Mouthbags","Durian","Bag of Marbles","Gremlin Horn","Bronze Scales","HornCleat","Empty Cage","StuffTheSpire:RedRose","Omamori","Replay:Accelerometer","MawBank","Nunchaku","Runic Dome","hubris:SoftwareUpdate","Smiling Mask","hubris:Towel","hubris:BallOfYels","Lantern","Orichalcum","infinitespire:EvilPickle","Sozu","infinitespire:CheckeredPen","Anchor","hubris:Spice","StuffTheSpire:Tea","hubris:FunFungus","Orrery"],"acts_visited":["Exordium","TheCity","TheBeyond","Exordium","TheCity","TheBeyond","Exordium","TheCity","TheBeyond","TheEnding"],"potions_floor_usage":[24,24,24,24,50,50,64,69,78,82,97,97,116],"damage_taken":[{"damage":0,"enemies":"Cultist","floor":1,"turns":2},{"damage":6,"enemies":"2 Louse","floor":2,"turns":2},{"damage":3,"enemies":"Small Slimes","floor":4,"turns":2},{"damage":9,"enemies":"Gremlin Nob","floor":6,"turns":3},{"damage":0,"enemies":"Blue Slaver","floor":8,"turns":1},{"damage":0,"enemies":"conspire:2 RoseBushes","floor":10,"turns":3},{"damage":2,"enemies":"3 Sentries","floor":11,"turns":6},{"damage":0,"enemies":"Lagavulin","floor":13,"turns":4},{"damage":1,"enemies":"Red Slaver","floor":14,"turns":2},{"damage":1,"enemies":"The Guardian","floor":16,"turns":7},{"damage":2,"enemies":"Shell Parasite","floor":18,"turns":3},{"damage":0,"enemies":"Spheric Guardian","floor":22,"turns":2},{"damage":6,"enemies":"conspire:Head Lice","floor":24,"turns":5},{"damage":3,"enemies":"conspire:SneckoGhost","floor":27,"turns":3},{"damage":5,"enemies":"Centurion and Healer","floor":30,"turns":2},{"damage":0,"enemies":"Snake Plant","floor":31,"turns":2},{"damage":21,"enemies":"hubris:MusketHawk","floor":33,"turns":6},{"damage":0,"enemies":"3 Darklings","floor":35,"turns":3},{"damage":15,"enemies":"Orb Walker","floor":38,"turns":3},{"damage":31,"enemies":"Nightmare","floor":40,"turns":7},{"damage":10,"enemies":"3 Darklings","floor":45,"turns":2},{"damage":0,"enemies":"Reptomancer","floor":46,"turns":4},{"damage":2,"enemies":"Jaw Worm Horde","floor":47,"turns":2},{"damage":48,"enemies":"infinitespire:MassOfShapes","floor":50,"turns":12},{"damage":0,"enemies":"2 Louse","floor":52,"turns":1},{"damage":0,"enemies":"Small Slimes","floor":55,"turns":1},{"damage":7,"enemies":"Jaw Worm","floor":56,"turns":2},{"damage":1,"enemies":"3 Sentries","floor":58,"turns":2},{"damage":10,"enemies":"Gremlin Nob","floor":61,"turns":3},{"damage":0,"enemies":"2 Fungi Beasts","floor":62,"turns":2},{"damage":0,"enemies":"Gremlin Gang","floor":63,"turns":1},{"damage":15,"enemies":"Lagavulin","floor":64,"turns":3},{"damage":0,"enemies":"Exordium Wildlife","floor":65,"turns":2},{"damage":6,"enemies":"Hexaghost","floor":67,"turns":3},{"damage":8,"enemies":"Shell Parasite","floor":69,"turns":2},{"damage":0,"enemies":"Spheric Guardian","floor":71,"turns":2},{"damage":2,"enemies":"Shelled Parasite and Fungi","floor":73,"turns":2},{"damage":3,"enemies":"Slavers","floor":74,"turns":2},{"damage":8,"enemies":"Cultist and Chosen","floor":76,"turns":2},{"damage":18,"enemies":"Snake Plant","floor":78,"turns":2},{"damage":14,"enemies":"Shelled Parasite and Fungi","floor":79,"turns":2},{"damage":0,"enemies":"Gremlin Leader","floor":82,"turns":2},{"damage":0,"enemies":"Automaton","floor":84,"turns":4},{"damage":5,"enemies":"Orb Walker","floor":86,"turns":2},{"damage":0,"enemies":"infinitespire:Three Voidlings","floor":87,"turns":2},{"damage":26,"enemies":"Nightmare_Alpha","floor":87,"turns":7},{"damage":10,"enemies":"Mind Bloom Boss Battle","floor":88,"turns":3},{"damage":0,"enemies":"3 Darklings","floor":90,"turns":3},{"damage":0,"enemies":"Reptomancer","floor":91,"turns":3},{"damage":0,"enemies":"2 Orb Walkers","floor":92,"turns":2},{"damage":2,"enemies":"4 Shapes","floor":93,"turns":2},{"damage":0,"enemies":"R_Hoarder","floor":95,"turns":5},{"damage":0,"enemies":"Nemesis","floor":97,"turns":3},{"damage":16,"enemies":"Replay:Hell Engine","floor":101,"turns":3},{"damage":0,"enemies":"Jaw Worm","floor":103,"turns":1},{"damage":0,"enemies":"Small Slimes","floor":106,"turns":1},{"damage":0,"enemies":"3 Sentries","floor":108,"turns":2},{"damage":0,"enemies":"2 Louse","floor":109,"turns":1},{"damage":0,"enemies":"Lagavulin","floor":110,"turns":2},{"damage":0,"enemies":"Gremlin Nob","floor":112,"turns":2},{"damage":0,"enemies":"Lagavulin Event","floor":114,"turns":2},{"damage":10,"enemies":"Large Slime","floor":116,"turns":2},{"damage":0,"enemies":"Fading Forest","floor":118,"turns":4},{"damage":0,"enemies":"Spheric Guardian","floor":120,"turns":1},{"damage":8,"enemies":"Shell Parasite","floor":122,"turns":2},{"damage":0,"enemies":"Snecko","floor":124,"turns":2},{"damage":0,"enemies":"Centurion and Healer","floor":126,"turns":2},{"damage":0,"enemies":"3 Cultists","floor":127,"turns":2},{"damage":4,"enemies":"Slavers","floor":129,"turns":2},{"damage":20,"enemies":"Snake Plant","floor":130,"turns":2},{"damage":6,"enemies":"Cultist and Chosen","floor":131,"turns":2},{"damage":0,"enemies":"Gremlin Leader","floor":132,"turns":2},{"damage":0,"enemies":"Centurion and Healer","floor":133,"turns":1},{"damage":0,"enemies":"Pondfish","floor":135,"turns":3},{"damage":0,"enemies":"3 Shapes","floor":137,"turns":1},{"damage":0,"enemies":"conspire:MimicChest","floor":138,"turns":2},{"damage":0,"enemies":"3 Darklings","floor":140,"turns":1},{"damage":0,"enemies":"Maw","floor":143,"turns":3},{"damage":0,"enemies":"R_Hoarder","floor":144,"turns":2},{"damage":3,"enemies":"Writhing Mass","floor":149,"turns":2},{"damage":0,"enemies":"3 Darklings","floor":150,"turns":1},{"damage":0,"enemies":"hubris:GrandSnecko","floor":152,"turns":4},{"damage":1,"enemies":"Shield and Spear","floor":156,"turns":2},{"damage":12,"enemies":"The Heart","floor":157,"turns":6}],"seed_played":"-539595181781089519","potions_obtained":[{"floor":1,"key":"ColorlessPotion"},{"floor":2,"key":"ColorlessPotion"},{"floor":4,"key":"Toxic Potion"},{"floor":11,"key":"Toxic Potion"},{"floor":13,"key":"EssenceOfSteel"},{"floor":31,"key":"FearPotion"},{"floor":40,"key":"Swift Potion"},{"floor":55,"key":"Explosive Potion"},{"floor":62,"key":"Block Potion"},{"floor":63,"key":"Toxic Potion"},{"floor":67,"key":"SkillPotion"},{"floor":74,"key":"SpeedPotion"},{"floor":82,"key":"FearPotion"},{"floor":84,"key":"LiquidMemories"},{"floor":88,"key":"Adrenaline Potion"},{"floor":95,"key":"Regen Potion"},{"floor":97,"key":"Milkshake"},{"floor":101,"key":"Ancient Potion"},{"floor":114,"key":"DuplicationPotion"},{"floor":116,"key":"DuplicationPotion"},{"floor":124,"key":"Milkshake"},{"floor":129,"key":"AttackPotion"}],"is_trial":true,"path_per_floor":["M","M","$","M","?","E","R","M","T","M","E","?","E","M","R","B",null,"M","?","$","?","M","R","E","R","T","E","T","R","M","M","R_BF","B",null,"M","AVR","?","M","$","NM","R","?","T","R","M","E","M","?","R","B",null,"M","T","$","M","M","R","E","?","T","E","M","M","E","M","R_BF","B",null,"M","$","M","$","M","E","R","M","T","M","M","?","AVR","E","R","B",null,"M","?","?","T","M","E","?","M","T","E","AVR","E","?","$","R","B",null,"M","$","?","M","?","E","M","E","T","E","AVR","?","$","M","R","B",null,"M","$","M","?","M","?","M","M","T","E","M","M","E","M","R","B",null,"M","?","?","M","?","R","M","E","T","R","$","?","M","M","R","B",null,"R","$","E","B",null],"character_chosen":"DEFECT","items_purchased":["Conserve Battery","Fission","Storm","hubris:DuctTape","Capacitor+1","Meat on the Bone","TheAbacus","aspiration:AnachronicSnailShell","hubris:EnhanceAbility+1","HornCleat","FIFO Queue","hubris:SoftwareUpdate","hubris:FunFungus","Orrery"],"campfire_rested":11,"item_purchase_floors":[3,20,20,39,54,54,54,70,99,99,115,121,147,155],"current_hp_per_floor":[75,69,69,66,55,46,68,68,68,68,66,66,66,65,65,71,80,80,80,80,80,80,80,80,80,80,80,80,80,75,80,80,66,80,80,80,80,72,80,56,80,80,80,80,77,80,80,80,80,44,80,80,80,80,80,80,80,79,79,79,76,76,76,72,80,80,80,80,79,80,80,80,80,80,80,72,72,59,52,36,36,51,75,80,80,80,80,80,80,80,80,85,83,83,85,85,85,88,88,88,88,88,88,88,88,88,94,94,94,94,94,94,94,94,94,84,94,94,94,94,94,94,94,94,94,94,94,94,94,84,88,94,94,94,94,94,94,94,94,94,89,89,89,97,97,97,97,97,96,96,97,97,97,97,97,104,105],"gold":257,"neow_bonus":"","is_daily":false,"chose_seed":false,"campfire_upgraded":8,"win_rate":0.0,"timestamp":1607756506,"path_taken":["M","M","$","?","?","E","R","M","T","M","E","?","E","M","R","BOSS","M","?","$","?","M","R","E","R","T","E","?","R","M","?","R_BF","BOSS","M","AVR","?","M","$","NM","R","?","T","R","M","E","M","?","R","BOSS","M","?","$","M","M","R","E","?","T","E","M","?","E","M","R_BF","BOSS","M","$","M","$","M","E","R","?","T","M","M","?","AVR","E","R","BOSS","M","?","?","?","?","E","?","M","T","E","AVR","E","?","$","R","BOSS","M","$","?","M","?","E","M","E","T","E","AVR","?","$","M","R","BOSS","M","$","M","?","?","?","M","M","T","E","M","M","E","M","R","BOSS","M","?","?","M","?","R","M","E","T","R","$","?","M","M","R","BOSS","R","$","E","BOSS"],"items_purchased_type":["Card","Card","Card","Relic","Card","Relic","Relic","Relic","Card","Relic","Card","Relic","Relic","Relic"],"build_version":"2020-11-30","purchased_purges":5,"victory":true,"max_hp_per_floor":[75,75,75,75,75,75,75,75,75,75,75,75,75,75,75,75,80,80,80,80,80,80,80,80,80,80,80,80,80,80,80,80,80,80,80,80,80,80,80,80,80,80,80,80,80,80,80,80,80,80,80,80,80,80,80,80,80,80,80,80,80,80,80,80,80,80,80,80,80,80,80,80,80,80,80,80,80,80,80,80,80,80,80,80,80,80,80,80,80,80,80,85,85,85,85,85,85,88,88,88,88,88,88,88,88,88,94,94,94,94,94,94,94,94,94,94,94,94,94,94,94,94,94,94,94,94,94,94,94,94,94,94,94,94,94,94,94,94,94,94,89,89,89,97,97,97,97,97,97,97,97,97,97,97,97,105,105],"card_choices":[{"not_picked":["Redo","ReplaySort"],"picked":"Genetic Algorithm","floor":1},{"not_picked":["Barrage","Time Bomb","BasicCrystalCard"],"picked":"SKIP","floor":2},{"not_picked":["Conserve Battery","StuffTheSpire:Plugnplay","conspire:SharedLibrary"],"picked":"SKIP","floor":4},{"not_picked":["Conserve Battery","StuffTheSpire:Plugnplay","conspire:SharedLibrary"],"picked":"SKIP","floor":4},{"not_picked":["StuffTheSpire:LoadUp","Go for the Eyes","Streamline"],"picked":"SKIP","floor":6},{"not_picked":["Skim","Gash"],"picked":"Tempest","floor":8},{"not_picked":["BasicCrystalCard","StuffTheSpire:Plugnplay","Redo"],"picked":"SKIP","floor":10},{"not_picked":["Barrage","Leap"],"picked":"ReplayTheSpireMod:Fabricate Wheel","floor":11},{"not_picked":["Turbo","Rebound"],"picked":"aspiration:Polymerization","floor":13},{"not_picked":["StuffTheSpire:Plugnplay","Hologram"],"picked":"Self Repair","floor":14},{"not_picked":["Beam Cell","Hologram","Rebound"],"picked":"SKIP","floor":14},{"not_picked":["hubris:Prefetch","hubris:DoWhile"],"picked":"Electrodynamics","floor":16},{"not_picked":["StuffTheSpire:LoadUp","Streamline"],"picked":"Storm","floor":17},{"not_picked":["Leap","Ball Lightning","Beam Cell"],"picked":"SKIP","floor":18},{"not_picked":["Sunder+1","aspiration:Polymerization","StuffTheSpire:Plugnplay"],"picked":"SKIP","floor":18},{"not_picked":["Go for the Eyes","Recycle","StuffTheSpire:LoadUp"],"picked":"SKIP","floor":22},{"not_picked":["Auto Shields","Gash","Panic Button+1"],"picked":"SKIP","floor":22},{"not_picked":["Turbo","conspire:Rain"],"picked":"Machine Learning","floor":24},{"not_picked":["Chaos+1","Sweeping Beam","BootSequence"],"picked":"SKIP","floor":27},{"not_picked":["Barrage","Stack","Redo"],"picked":"SKIP","floor":30},{"not_picked":["StuffTheSpire:Plugnplay+1","Ball Lightning+1","Streamline+1"],"picked":"SKIP","floor":30},{"not_picked":["Rebound+1","StuffTheSpire:LaunchingStrike","Undo"],"picked":"SKIP","floor":31},{"not_picked":["Undo+1","Ball Lightning","Go for the Eyes"],"picked":"SKIP","floor":31},{"not_picked":["StuffTheSpire:LaunchingStrike","ReplayRNGCard"],"picked":"Core Surge","floor":33},{"not_picked":["Double Energy"],"picked":"SKIP","floor":35},{"not_picked":["Ball Lightning+1"],"picked":"SKIP","floor":35},{"not_picked":["Leap"],"picked":"SKIP","floor":38},{"not_picked":["Steam+1"],"picked":"SKIP","floor":38},{"not_picked":[],"picked":"Storm+1","floor":40},{"not_picked":["Cold Snap+1"],"picked":"SKIP","floor":45},{"not_picked":["Skim+1"],"picked":"SKIP","floor":45},{"not_picked":["Recycle+1"],"picked":"SKIP","floor":46},{"not_picked":["Go for the Eyes+1"],"picked":"SKIP","floor":47},{"not_picked":["Conserve Battery"],"picked":"SKIP","floor":47},{"not_picked":["Go for the Eyes+1"],"picked":"SKIP","floor":47},{"not_picked":["Conserve Battery"],"picked":"SKIP","floor":47},{"not_picked":[],"picked":"Consume","floor":52},{"not_picked":["Coolheaded"],"picked":"SKIP","floor":52},{"not_picked":[],"picked":"ReplayTheSpireMod:Reroute Power","floor":55},{"not_picked":["Turbo"],"picked":"SKIP","floor":55},{"not_picked":["StuffTheSpire:Plugnplay"],"picked":"SKIP","floor":56},{"not_picked":["Melter"],"picked":"SKIP","floor":56},{"not_picked":["Hologram"],"picked":"SKIP","floor":58},{"not_picked":["Rip and Tear"],"picked":"SKIP","floor":61},{"not_picked":["Streamline"],"picked":"SKIP","floor":62},{"not_picked":["BasicCrystalCard"],"picked":"SKIP","floor":62},{"not_picked":["Aggregate"],"picked":"SKIP","floor":63},{"not_picked":["Ball Lightning"],"picked":"SKIP","floor":63},{"not_picked":["ReplayTheSpireMod:Dual Polarity"],"picked":"SKIP","floor":64},{"not_picked":["Hologram"],"picked":"SKIP","floor":65},{"not_picked":["Conserve Battery"],"picked":"SKIP","floor":65},{"not_picked":["Steam+1"],"picked":"SKIP","floor":69},{"not_picked":["Storm"],"picked":"SKIP","floor":69},{"not_picked":["Coolheaded+1"],"picked":"SKIP","floor":71},{"not_picked":["hubris:Ukulele"],"picked":"SKIP","floor":71},{"not_picked":["Conserve Battery"],"picked":"SKIP","floor":73},{"not_picked":["Doom and Gloom"],"picked":"SKIP","floor":73},{"not_picked":["ReplaySort"],"picked":"SKIP","floor":74},{"not_picked":["Go for the Eyes"],"picked":"SKIP","floor":76},{"not_picked":["StuffTheSpire:Plugnplay+1"],"picked":"SKIP","floor":76},{"not_picked":[],"picked":"StuffTheSpire:Synthwave+1","floor":78},{"not_picked":["Panic Button"],"picked":"SKIP","floor":78},{"not_picked":["Streamline"],"picked":"SKIP","floor":79},{"not_picked":["StuffTheSpire:NuclearReactor+1"],"picked":"SKIP","floor":79},{"not_picked":["Coolheaded"],"picked":"SKIP","floor":82},{"not_picked":["infinitespire:Punishment","hubris:InfiniteBlow+260"],"picked":"infinitespire:UltimateForm","floor":84},{"not_picked":["Conserve Battery"],"picked":"SKIP","floor":86},{"not_picked":["Rebound"],"picked":"SKIP","floor":86},{"not_picked":["ReplayTheSpireMod:Chaos Vortex","ReplayTheSpireMod:Echoes of Time"],"picked":"infinitespire:UltimateForm","floor":87},{"not_picked":["StuffTheSpire:Plugnplay+1"],"picked":"SKIP","floor":90},{"not_picked":["Biased Cognition"],"picked":"SKIP","floor":90},{"not_picked":["StuffTheSpire:SnapShoot"],"picked":"SKIP","floor":91},{"not_picked":["Crystallizer+1"],"picked":"SKIP","floor":93},{"not_picked":["BasicCrystalCard+1"],"picked":"SKIP","floor":93},{"not_picked":["Leap"],"picked":"SKIP","floor":95},{"not_picked":["Leap"],"picked":"SKIP","floor":95},{"not_picked":["Fusion+1"],"picked":"SKIP","floor":97},{"not_picked":["Panic Button"],"picked":"SKIP","floor":103},{"not_picked":["Rebound"],"picked":"SKIP","floor":103},{"not_picked":["Sunder"],"picked":"SKIP","floor":106},{"not_picked":["Go for the Eyes"],"picked":"SKIP","floor":106},{"not_picked":["StuffTheSpire:EventHorizon"],"picked":"SKIP","floor":108},{"not_picked":["Turbo"],"picked":"SKIP","floor":109},{"not_picked":["Barrage"],"picked":"SKIP","floor":109},{"not_picked":["Conserve Battery"],"picked":"SKIP","floor":110},{"not_picked":["Reboot"],"picked":"SKIP","floor":112},{"not_picked":["StuffTheSpire:Rend"],"picked":"SKIP","floor":116},{"not_picked":["Steam Power"],"picked":"SKIP","floor":116},{"not_picked":["BasicCrystalCard"],"picked":"SKIP","floor":120},{"not_picked":["Redo+1"],"picked":"SKIP","floor":120},{"not_picked":["Barrage+1"],"picked":"SKIP","floor":122},{"not_picked":["Redo+1"],"picked":"SKIP","floor":122},{"not_picked":["FIFO Queue+1"],"picked":"SKIP","floor":124},{"not_picked":["Beam Cell"],"picked":"SKIP","floor":124},{"not_picked":[],"picked":"FIFO Queue+1","floor":124},{"not_picked":["Beam Cell"],"picked":"SKIP","floor":124},{"not_picked":["Sweeping Beam"],"picked":"SKIP","floor":126},{"not_picked":["Reprogram"],"picked":"SKIP","floor":126},{"not_picked":["StuffTheSpire:Plugnplay+1"],"picked":"SKIP","floor":127},{"not_picked":["Leap+1"],"picked":"SKIP","floor":127},{"not_picked":["Hologram+1"],"picked":"SKIP","floor":129},{"not_picked":[],"picked":"hubris:PowerSurge","floor":130},{"not_picked":["BasicCrystalCard"],"picked":"SKIP","floor":130},{"not_picked":["Ball Lightning+1"],"picked":"SKIP","floor":131},{"not_picked":["Gash"],"picked":"SKIP","floor":131},{"not_picked":["StuffTheSpire:Coldhearted"],"picked":"SKIP","floor":132},{"not_picked":["StuffTheSpire:Plugnplay"],"picked":"SKIP","floor":133},{"not_picked":["Beam Cell+1"],"picked":"SKIP","floor":133},{"not_picked":[],"picked":"hubris:SpecializedCircuitry","floor":135},{"not_picked":["Coolheaded"],"picked":"SKIP","floor":137},{"not_picked":["Panic Button"],"picked":"SKIP","floor":137},{"not_picked":[],"picked":"Force Field+1","floor":140},{"not_picked":["Hello World+1"],"picked":"SKIP","floor":140},{"not_picked":["BootSequence"],"picked":"SKIP","floor":143},{"not_picked":["Gash+1"],"picked":"SKIP","floor":143},{"not_picked":["Reprogram+1"],"picked":"SKIP","floor":144},{"not_picked":["Chill+1"],"picked":"SKIP","floor":149},{"not_picked":["Panic Button+1"],"picked":"SKIP","floor":149},{"not_picked":["StuffTheSpire:Rend+1"],"picked":"SKIP","floor":150},{"not_picked":["Leap"],"picked":"SKIP","floor":150},{"not_picked":["Consume+1"],"picked":"SKIP","floor":156},{"not_picked":[],"picked":"Electrodynamics","floor":157}],"player_experience":1007135,"relics_obtained":[{"floor":6,"key":"hubris:GlazedTorus"},{"floor":9,"key":"Blue Candle"},{"floor":11,"key":"Happy Flower"},{"floor":13,"key":"Centennial Puzzle"},{"floor":26,"key":"infinitespire:Satchel"},{"floor":27,"key":"aspiration:EnhancedActuators"},{"floor":28,"key":"MealTicket"},{"floor":40,"key":"hubris:Potato"},{"floor":43,"key":"Darkstone Periapt"},{"floor":46,"key":"Gremlin Food"},{"floor":53,"key":"infinitespire:FocusingShard"},{"floor":58,"key":"Garlic"},{"floor":60,"key":"StuffTheSpire:PointBlank"},{"floor":61,"key":"hubris:DeckOfHolding"},{"floor":64,"key":"Potion Belt"},{"floor":74,"key":"Bottled Flame"},{"floor":77,"key":"hubris:RGBLights"},{"floor":82,"key":"hubris:PeanutButter"},{"floor":87,"key":"aspiration:HatOfInfinitePower"},{"floor":88,"key":"Ginger"},{"floor":89,"key":"Blue Doll"},{"floor":91,"key":"StuffTheSpire:Mouthbags"},{"floor":92,"key":"Durian"},{"floor":94,"key":"Bag of Marbles"},{"floor":95,"key":"Gremlin Horn"},{"floor":97,"key":"Bronze Scales"},{"floor":108,"key":"Omamori"},{"floor":111,"key":"Replay:Accelerometer"},{"floor":112,"key":"MawBank"},{"floor":114,"key":"Nunchaku"},{"floor":128,"key":"hubris:BallOfYels"},{"floor":129,"key":"Lantern"},{"floor":132,"key":"Orichalcum"},{"floor":138,"key":"infinitespire:CheckeredPen"},{"floor":139,"key":"Anchor"},{"floor":144,"key":"hubris:Spice"},{"floor":145,"key":"StuffTheSpire:Tea"},{"floor":156,"key":"hubris:Spice"}],"event_choices":[{"damage_healed":0,"gold_gain":75,"player_choice":"Gather Gold","damage_taken":11,"max_hp_gain":0,"max_hp_loss":0,"event_name":"World of Goop","floor":5,"gold_loss":0},{"damage_healed":0,"gold_gain":0,"player_choice":"Argue","damage_taken":0,"max_hp_gain":0,"max_hp_loss":0,"event_name":"conspire:LoneGhost","floor":12,"gold_loss":0},{"damage_healed":0,"gold_gain":0,"player_choice":"Copied","damage_taken":0,"max_hp_gain":0,"max_hp_loss":0,"event_name":"Duplicator","floor":19,"gold_loss":0,"cards_obtained":["Electrodynamics"]},{"damage_healed":0,"gold_gain":0,"player_choice":"0 cards matched","damage_taken":0,"max_hp_gain":0,"max_hp_loss":0,"event_name":"Match and Keep!","floor":21,"gold_loss":0,"cards_obtained":[]},{"damage_healed":0,"gold_gain":0,"player_choice":"Memory 1","damage_taken":0,"max_hp_gain":0,"max_hp_loss":0,"event_name":"SensoryStone","floor":42,"gold_loss":0},{"damage_healed":0,"gold_gain":0,"player_choice":"Gave Potion","damage_taken":0,"relics_obtained":["Toy Ornithopter"],"max_hp_gain":0,"max_hp_loss":0,"event_name":"WeMeetAgain","floor":48,"gold_loss":0},{"damage_healed":0,"gold_gain":100,"player_choice":"Pray","damage_taken":0,"max_hp_gain":0,"max_hp_loss":0,"event_name":"Golden Shrine","floor":59,"gold_loss":0},{"damage_healed":0,"gold_gain":0,"player_choice":"Fight","damage_taken":0,"max_hp_gain":0,"max_hp_loss":0,"event_name":"MindBloom","floor":88,"gold_loss":0},{"damage_healed":0,"gold_gain":0,"player_choice":"Fight","damage_taken":0,"max_hp_gain":0,"max_hp_loss":0,"event_name":"Mysterious Sphere","floor":92,"gold_loss":0},{"damage_healed":0,"gold_gain":0,"player_choice":"Grow","damage_taken":0,"max_hp_gain":0,"max_hp_loss":0,"event_name":"Living Wall","floor":105,"gold_loss":0,"cards_upgraded":["infinitespire:Collect"]},{"damage_healed":0,"gold_gain":0,"player_choice":"Searched \u00271\u0027 times","damage_taken":0,"max_hp_gain":0,"max_hp_loss":0,"event_name":"Dead Adventurer","floor":114,"gold_loss":0},{"damage_healed":0,"gold_gain":0,"player_choice":"Gave Potion","damage_taken":0,"relics_obtained":["Smiling Mask"],"max_hp_gain":0,"max_hp_loss":0,"event_name":"WeMeetAgain","floor":123,"gold_loss":0},{"damage_healed":0,"gold_gain":0,"player_choice":"Max HP","damage_taken":0,"max_hp_gain":0,"max_hp_loss":5,"event_name":"Winding Halls","floor":141,"gold_loss":0}],"is_beta":false,"boss_relics":[{"not_picked":["Honey Jar","hubris:TerracottaHorce"],"picked":"Tiny House"},{"not_picked":["Fusion Hammer","hubris:CrackedHourglass"],"picked":"Busted Crown"},{"not_picked":["SacredBark","hubris:RunicObelisk"],"picked":"conspire:SpecialSausage"},{"not_picked":["StuffTheSpire:Kangaroo","conspire:RunicOctahedron"],"picked":"Fusion Hammer"},{"not_picked":["StuffTheSpire:ModemDavis","Ring of Chaos"],"picked":"hubris:ScarierMask"},{"not_picked":["ChewingGum","StuffTheSpire:RunicHypercube"],"picked":"Empty Cage"},{"not_picked":["Calling Bell","SlaversCollar"],"picked":"Runic Dome"},{"not_picked":["hubris:Stopwatch","aspiration:RitualDagger"],"picked":"Sozu"},{"not_picked":["hubris:GrandSneckoEye","hubris:Spice","aspiration:PoetsPen_weak"]}],"items_purged_floors":[3,36,72,147,155],"is_endless":true,"potions_floor_spawned":[1,2,4,11,13,22,31,40,46,47,55,62,63,67,74,82,84,87,88,93,95,97,101,103,110,114,116,118,124,127,129,132,133,137,144,149,156],"ascension_level":1}}