{"host":"zksvs3x2ysy9npnz","time":1607792525,"event":{"mods":["Aspiration","BaseMod","Beaked The Cultist","BetterRewards","Colored Map","Conspire","Duelist Mod","Halation","Highlight Path","Hubris","Infinite Spire","Jedi Mod","Minty Spire (QoL Compilation)","Permanent Neow","Quick Restart","Relic Stats","Replay The Spire","Retaliation","Shop Mod","StSLib"],"gold_per_floor":[137,157,206,217,217,242,256,286,286,185,216,216,216,232,232,305,305,320,333,333,333,333,358,358,422,422,462,462,517,517,562,562,647,647,686,686,522,709,719,756,756,780,849,870,870,901,121,141,141,152,166,166,166,17,128,221],"floor_reached":57,"playtime":5527,"items_purged":["theDuelist:Sparks","Replay:Fractal Strike","theDuelist:AquaactressArowana"],"score":3401,"play_id":"c51e77e3-ecdb-441a-b8f6-c09c401c06c4","local_time":"20201212180205","is_ascension_mode":true,"campfire_choices":[{"data":"theDuelist:Umi","floor":13,"key":"SMITH"},{"data":"theDuelist:Umi","floor":15,"key":"SMITH"},{"data":"theDuelist:Umi","floor":24,"key":"SMITH"},{"data":"theDuelist:FishSwaps","floor":28,"key":"SMITH"},{"data":"theDuelist:GishkiMollusk","floor":30,"key":"SMITH"},{"data":"theDuelist:Sparks","floor":32,"key":"PURGE"},{"data":"theDuelist:LegendaryOcean","floor":41,"key":"SMITH"},{"floor":49,"key":"RECALL"},{"data":"infinitespire:Collect","floor":53,"key":"SMITH"}],"circlet_count":0,"master_deck":["theDuelist:SevenColoredFish","theDuelist:SevenColoredFish","theDuelist:AquaSpirit","theDuelist:CastleWalls","theDuelist:CastleWalls","AscendersBane","theDuelist:IslandTurtle","theDuelist:IslandTurtle","theDuelist:RevivalJam","theDuelist:Umi+1","theDuelist:Umi+1","theDuelist:Hyosube","theDuelist:EvigishkiTetrogre","theDuelist:Umi+1","theDuelist:GishkiMollusk+1","theDuelist:GishkiBeast","theDuelist:KoakiMeiruIce","theDuelist:SwampFrog","theDuelist:SwampFrog","theDuelist:FishSwaps+1","theDuelist:IslandTurtle","theDuelist:GamecieltheSeaTurtleKaiju","theDuelist:GishkiZielgigas+1","theDuelist:CatapultTurtle+1","theDuelist:MorayGreed","theDuelist:GishkiShadow","theDuelist:LegendaryOcean+1","infinitespire:Collect+1","theDuelist:CallAtlanteans","theDuelist:YamiForm+1","theDuelist:MorayGreed+1","Poison Darts+1","theDuelist:ToadallyAwesome+1"],"relics":["theDuelist:MillenniumPuzzle","theDuelist:CardPoolRelic","theDuelist:CardPoolBasicRelic","theDuelist:BoosterPackPoolRelic","theDuelist:CardPoolAddRelic","theDuelist:CardPoolMinusRelic","theDuelist:CardPoolSaveRelic","theDuelist:CardPoolOptionsRelic","aspiration:Nostalgia","beaked:MendingPlumage","infinitespire:Satchel","Byrd Skull","Omamori","theDuelist:DuelistOrichalcum","aspiration:PoetsPen_weak","Snake Skull","theDuelist:KaibaToken","halation:IllGainedPizza","infinitespire:Midas Blood","aspiration:SilentSkillbook","halation:EternalFortune","theDuelist:KaibaToken","Champion Belt","hubris:Metronome","halation:LettersToHer","Painkiller Herb","Golden Egg","halation:Jellyphish","hubris:TenFootPole","hubris:BallOfYels","White Beast Statue"],"acts_visited":["Exordium","TheCity","TheBeyond","TheEnding"],"potions_floor_usage":[11,27,29,55,56],"damage_taken":[{"damage":7,"enemies":"Jaw Worm","floor":1,"turns":6},{"damage":0,"enemies":"Small Slimes","floor":2,"turns":4},{"damage":14,"enemies":"conspire:MimicChest","floor":3,"turns":9},{"damage":3,"enemies":"2 Louse","floor":4,"turns":2},{"damage":27,"enemies":"Gremlin Nob","floor":6,"turns":6},{"damage":0,"enemies":"Red Slaver","floor":7,"turns":4},{"damage":0,"enemies":"Lagavulin","floor":8,"turns":9},{"damage":3,"enemies":"Gremlin Nob","floor":11,"turns":4},{"damage":18,"enemies":"3 Louse","floor":14,"turns":4},{"damage":0,"enemies":"Fading Forest","floor":16,"turns":13},{"damage":0,"enemies":"3 Byrds","floor":18,"turns":8},{"damage":0,"enemies":"Shell Parasite","floor":19,"turns":6},{"damage":0,"enemies":"Nightmare","floor":23,"turns":10},{"damage":13,"enemies":"Slavers","floor":25,"turns":12},{"damage":1,"enemies":"Snecko","floor":27,"turns":9},{"damage":57,"enemies":"Book of Stabbing","floor":29,"turns":9},{"damage":0,"enemies":"Shelled Parasite and Fungi","floor":31,"turns":6},{"damage":8,"enemies":"hubris:MusketHawk","floor":33,"turns":9},{"damage":0,"enemies":"3 Darklings","floor":35,"turns":6},{"damage":0,"enemies":"3 Shapes","floor":39,"turns":3},{"damage":0,"enemies":"Giant Head","floor":40,"turns":8},{"damage":8,"enemies":"Jaw Worm Horde","floor":42,"turns":8},{"damage":17,"enemies":"Transient","floor":44,"turns":6},{"damage":0,"enemies":"Nemesis","floor":46,"turns":5},{"damage":0,"enemies":"Spire Growth","floor":48,"turns":6},{"damage":0,"enemies":"infinitespire:MassOfShapes","floor":50,"turns":9},{"damage":0,"enemies":"Donu and Deca","floor":51,"turns":10},{"damage":39,"enemies":"Shield and Spear","floor":55,"turns":9},{"damage":60,"enemies":"The Heart","floor":56,"turns":9}],"seed_played":"5907607875716712975","potions_obtained":[{"floor":2,"key":"DDmod:CleansePotion"},{"floor":3,"key":"HeartOfIron"},{"floor":25,"key":"theDuelist:WhiteBottle"},{"floor":27,"key":"theDuelist:FireBottle"},{"floor":29,"key":"theDuelist:BigTributeBottle"},{"floor":31,"key":"LifebloodPotion"}],"is_trial":false,"path_per_floor":["M","M","?","M","?","E","M","E","T","$","E","?","R","M","R","B",null,"M","M","?","?","?","NM","R","E","T","M","R","E","R","M","R_BF","B",null,"M","?","?","?","M","E","R","M","T","M","AVR","E","T","?","T","B","B",null,"T","T","E","B",null],"character_chosen":"THE_DUELIST","items_purchased":["theDuelist:GishkiBeast","theDuelist:YamiForm","halation:Jellyphish","hubris:TenFootPole","hubris:BallOfYels","Poison Darts"],"campfire_rested":0,"item_purchase_floors":[10,47,47,47,47,54],"current_hp_per_floor":[70,70,67,70,70,56,68,70,70,70,69,69,69,59,59,70,70,70,70,53,53,53,70,70,70,70,70,70,29,29,49,49,68,70,70,73,73,73,73,73,73,73,73,73,73,73,73,73,73,73,73,73,73,73,69,37],"gold":221,"neow_bonus":"NOSTALGIA","is_daily":false,"chose_seed":false,"campfire_upgraded":7,"win_rate":0.0,"timestamp":1607792525,"path_taken":["M","M","?","M","?","E","M","E","T","$","E","?","R","M","R","BOSS","M","M","?","?","?","NM","R","E","T","?","R","E","R","M","R_BF","BOSS","M","?","?","?","M","E","R","M","T","?","AVR","E","T","?","T","BOSS","BOSS","T","T","E","BOSS"],"items_purchased_type":["Card","Card","Relic","Relic","Relic","Card"],"build_version":"2020-11-30","purchased_purges":3,"victory":true,"max_hp_per_floor":[70,70,70,70,70,70,70,70,70,70,70,70,70,70,70,70,70,70,70,70,70,70,70,70,70,70,70,70,70,70,70,70,70,70,70,73,73,73,73,73,73,73,73,73,73,73,73,73,73,73,73,73,73,73,73,73],"relic_stats":{"counters":[29,205],"Snake Skull":[5],"Champion Belt":[0],"obtain_stats":[{"Golden Egg":46,"hubris:BallOfYels":47,"theDuelist:DuelistOrichalcum":11,"hubris:Metronome":43,"Painkiller Herb":45,"aspiration:PoetsPen_weak":17,"Snake Skull":23,"theDuelist:MillenniumPuzzle":0,"theDuelist:BoosterPackPoolRelic":0,"theDuelist:KaibaToken":25,"HornCleat":56,"theDuelist:CardPoolAddRelic":0,"theDuelist:CardPoolOptionsRelic":0,"halation:PromiseList":51,"Byrd Skull":6,"halation:LettersToHer":45,"theDuelist:CardPoolRelic":0,"halation:MonkeysPaw":48,"aspiration:Nostalgia":0,"halation:IllGainedPizza":26,"Omamori":8,"theDuelist:CardPoolSaveRelic":0,"White Beast Statue":55,"theDuelist:CardPoolMinusRelic":0,"theDuelist:CardPoolBasicRelic":0,"halation:Jellyphish":47,"infinitespire:Satchel":3,"halation:EternalFortune":36,"aspiration:SilentSkillbook":34,"hubris:TenFootPole":47,"hubris:ToyBattleship":50,"infinitespire:Burning Sword":55,"Champion Belt":40,"beaked:MendingPlumage":0,"infinitespire:Midas Blood":29},{"Golden Egg":24,"hubris:BallOfYels":24,"theDuelist:DuelistOrichalcum":8,"hubris:Metronome":22,"Painkiller Herb":23,"aspiration:PoetsPen_weak":10,"Snake Skull":13,"theDuelist:MillenniumPuzzle":0,"theDuelist:BoosterPackPoolRelic":0,"theDuelist:KaibaToken":14,"HornCleat":28,"theDuelist:CardPoolAddRelic":0,"theDuelist:CardPoolOptionsRelic":0,"halation:PromiseList":26,"Byrd Skull":5,"halation:LettersToHer":23,"theDuelist:CardPoolRelic":0,"halation:MonkeysPaw":24,"aspiration:Nostalgia":0,"halation:IllGainedPizza":14,"Omamori":7,"theDuelist:CardPoolSaveRelic":0,"White Beast Statue":28,"theDuelist:CardPoolMinusRelic":0,"theDuelist:CardPoolBasicRelic":0,"halation:Jellyphish":24,"infinitespire:Satchel":3,"halation:EternalFortune":19,"aspiration:SilentSkillbook":18,"hubris:TenFootPole":24,"hubris:ToyBattleship":25,"infinitespire:Burning Sword":27,"Champion Belt":21,"beaked:MendingPlumage":0,"infinitespire:Midas Blood":16},{"Golden Egg":163,"hubris:BallOfYels":163,"theDuelist:DuelistOrichalcum":44,"hubris:Metronome":152,"Painkiller Herb":158,"aspiration:PoetsPen_weak":61,"Snake Skull":85,"theDuelist:MillenniumPuzzle":0,"theDuelist:BoosterPackPoolRelic":0,"theDuelist:KaibaToken":97,"HornCleat":197,"theDuelist:CardPoolAddRelic":0,"theDuelist:CardPoolOptionsRelic":0,"halation:PromiseList":178,"Byrd Skull":27,"halation:LettersToHer":158,"theDuelist:CardPoolRelic":0,"halation:MonkeysPaw":163,"aspiration:Nostalgia":0,"halation:IllGainedPizza":97,"Omamori":40,"theDuelist:CardPoolSaveRelic":0,"White Beast Statue":197,"theDuelist:CardPoolMinusRelic":0,"theDuelist:CardPoolBasicRelic":0,"halation:Jellyphish":163,"infinitespire:Satchel":19,"halation:EternalFortune":135,"aspiration:SilentSkillbook":130,"hubris:TenFootPole":163,"hubris:ToyBattleship":169,"infinitespire:Burning Sword":188,"Champion Belt":145,"beaked:MendingPlumage":0,"infinitespire:Midas Blood":115}]},"card_choices":[{"not_picked":["theDuelist:ToadallyAwesome","theDuelist:LegendaryOcean","theDuelist:CatapultTurtle"],"picked":"theDuelist:Umi","floor":1},{"not_picked":["theDuelist:ToadallyAwesome","theDuelist:SharkStickers","theDuelist:LegendaryOcean"],"picked":"theDuelist:Umi","floor":2},{"not_picked":["theDuelist:GoldenFlyingFish","theDuelist:Dorover","theDuelist:CatShark","theDuelist:BoulderTortoise"],"picked":"theDuelist:Hyosube","floor":3},{"not_picked":["theDuelist:GraydleEagle","theDuelist:EnchantingMermaid","theDuelist:Boneheimer","theDuelist:AbyssalKingshark"],"picked":"theDuelist:EvigishkiTetrogre","floor":4},{"not_picked":["theDuelist:Fissure","theDuelist:GilfordLegend","theDuelist:HammerShot","theDuelist:GishkiMarker","theDuelist:SolemnStrike"],"picked":"SKIP","floor":6},{"not_picked":[],"picked":"theDuelist:Umi","floor":7},{"not_picked":["theDuelist:GishkiBeast","theDuelist:GishkiAriel","theDuelist:GishkiReliever","theDuelist:GishkiPsychelone"],"picked":"theDuelist:GishkiMollusk","floor":8},{"not_picked":["theDuelist:GishkiEmilia","theDuelist:GishkiAriel","theDuelist:AbyssSoldier","theDuelist:FishRain"],"picked":"theDuelist:KoakiMeiruIce","floor":11},{"not_picked":["theDuelist:CatShark","theDuelist:BoulderTortoise","theDuelist:Unifrog","theDuelist:Dorover"],"picked":"theDuelist:SwampFrog","floor":14},{"not_picked":["theDuelist:TorrentialReborn","theDuelist:Monokeros","theDuelist:LostBlueBreaker","theDuelist:AtlanteanAttackSquad"],"picked":"theDuelist:AquaactressArowana","floor":16},{"not_picked":["theDuelist:SpearfishSoldier+1","theDuelist:RevivalJam","theDuelist:CallAtlanteans+1","theDuelist:AquaSpirit"],"picked":"theDuelist:SwampFrog","floor":18},{"not_picked":["theDuelist:RageDeepSea","theDuelist:GishkiBeast","theDuelist:RevivalJam","theDuelist:HumanoidSlime"],"picked":"theDuelist:FishSwaps","floor":19},{"not_picked":["infinitespire:Fortify","infinitespire:Menacing"],"picked":"Replay:Fractal Strike","floor":20},{"not_picked":["theDuelist:GraydleDragon+1","theDuelist:GishkiBeast+1","theDuelist:GraydleAlligator","theDuelist:GiantTurtle"],"picked":"theDuelist:IslandTurtle","floor":23},{"not_picked":["theDuelist:TripodFish+1","theDuelist:SplashCapture","theDuelist:Monokeros","theDuelist:LostBlueBreaker"],"picked":"theDuelist:GamecieltheSeaTurtleKaiju","floor":25},{"not_picked":["theDuelist:GishkiBeast","theDuelist:EvigishkiTetrogre","theDuelist:Cryomancer","theDuelist:GishkiMollusk"],"picked":"theDuelist:GishkiZielgigas+1","floor":27},{"not_picked":["theDuelist:BattleOx","theDuelist:DupeFrog","theDuelist:BlizzardDefender+1","theDuelist:HammerShot+1","theDuelist:MadLobster"],"picked":"SKIP","floor":29},{"not_picked":["theDuelist:WaterHazard","theDuelist:SharkStickers","theDuelist:CyberShark","theDuelist:FishborgArcher"],"picked":"theDuelist:CatapultTurtle+1","floor":31},{"not_picked":["theDuelist:TorrentialReborn","theDuelist:EvigishkiSoulOgre","theDuelist:DewlorenTigerKing","theDuelist:ColdEnchanter"],"picked":"theDuelist:MorayGreed","floor":33},{"not_picked":["theDuelist:GishkiReliever","theDuelist:GishkiBeast+1","theDuelist:GishkiPsychelone","theDuelist:GishkiEmilia"],"picked":"theDuelist:GishkiShadow","floor":35},{"not_picked":["theDuelist:HydraViper","theDuelist:Dorover+1","theDuelist:Cryomancer","theDuelist:BigWaveSmallWave+1","theDuelist:DrillBarnacle"],"picked":"SKIP","floor":39},{"not_picked":["theDuelist:GraydleSlimeJr","theDuelist:EvigishkiTetrogre+1","theDuelist:GraydleDragon","theDuelist:GraydleAlligator"],"picked":"theDuelist:LegendaryOcean","floor":40},{"not_picked":["theDuelist:DiamondDust","theDuelist:GoraTurtle","theDuelist:HyperancientShark+1","theDuelist:CorrodingShark","theDuelist:WaterHazard+1"],"picked":"SKIP","floor":42},{"not_picked":["theDuelist:SplashCapture","theDuelist:SeaLordAmulet","theDuelist:MermailAbyssalacia","theDuelist:LostBlueBreaker+1","theDuelist:GamecieltheSeaTurtleKaiju"],"picked":"SKIP","floor":44},{"not_picked":["theDuelist:DiamondDust+1","theDuelist:BigWaveSmallWave","theDuelist:Umi","theDuelist:LegendaryOcean"],"picked":"theDuelist:CallAtlanteans","floor":46},{"not_picked":["theDuelist:Umi+1","theDuelist:JamBreeding+1","theDuelist:FishSwaps","theDuelist:LegendaryOcean+1"],"picked":"theDuelist:MorayGreed+1","floor":48},{"not_picked":["theDuelist:SharkStickers+1","theDuelist:CatapultTurtle+1","theDuelist:CyberShark+1","theDuelist:ColdEnchanter+1"],"picked":"theDuelist:ToadallyAwesome+1","floor":55}],"player_experience":1195350,"relics_obtained":[{"floor":3,"key":"infinitespire:Satchel"},{"floor":6,"key":"Byrd Skull"},{"floor":8,"key":"Omamori"},{"floor":11,"key":"theDuelist:DuelistOrichalcum"},{"floor":23,"key":"Snake Skull"},{"floor":25,"key":"theDuelist:KaibaToken"},{"floor":26,"key":"halation:IllGainedPizza"},{"floor":29,"key":"infinitespire:Midas Blood"},{"floor":40,"key":"Champion Belt"},{"floor":43,"key":"hubris:Metronome"},{"floor":46,"key":"Golden Egg"},{"floor":55,"key":"White Beast Statue"}],"event_choices":[{"damage_healed":0,"gold_gain":0,"player_choice":"Leave","duelist":true,"damage_taken":0,"max_hp_gain":0,"max_hp_loss":0,"event_name":"Egyptian Village","floor":5,"gold_loss":0},{"damage_healed":0,"gold_gain":0,"player_choice":"Leave","duelist":true,"damage_taken":0,"max_hp_gain":0,"max_hp_loss":0,"event_name":"Millennium Items","floor":12,"gold_loss":0},{"damage_healed":0,"gold_gain":0,"player_choice":"Ignored","damage_taken":0,"max_hp_gain":0,"max_hp_loss":0,"event_name":"Ghosts","floor":21,"gold_loss":0},{"damage_healed":0,"gold_gain":0,"player_choice":"Leave","duelist":true,"damage_taken":0,"max_hp_gain":0,"max_hp_loss":0,"event_name":"Tomb of the Nameless","floor":22,"gold_loss":0},{"damage_healed":0,"gold_gain":0,"player_choice":"Duplicated Relic - Kaiba Token","duelist":true,"damage_taken":0,"max_hp_gain":0,"max_hp_loss":0,"event_name":"Relic Duplicator","floor":37,"gold_loss":0}],"is_beta":false,"boss_relics":[{"not_picked":["halation:LoveArrow","hubris:HollowSoul"],"picked":"aspiration:PoetsPen_weak"},{"not_picked":["Runic Dome","Kintsugi"],"picked":"aspiration:SilentSkillbook"}],"items_purged_floors":[10,45,47],"is_endless":false,"potions_floor_spawned":[2,3,6,7,25,27,29,31,33,39,46,48],"ascension_level":20}}