{"host":"hfvpa4llnnjpeawn","time":1607794484,"event":{"mods":["2.2 Compatiblity","Act Like it!","BaseMod","Better Skull","Better Third Choice","BetterRewards","CapriCore","Conspire","Downfall","Elementarium","Hermit","Hubris","Koishi","Lobotomy","Mad Scientist","Minty Spire (QoL Compilation)","Replay The Spire","Shade Mod","Somnambulant","StSLib","The Bladedancer","The Factory","The Jungle","Waifu the Spire"],"gold_per_floor":[13,29,29,45,45,45,70,70,70,86,86,86,50,81,100,120,120,218,218,229,453,469,484,193,193,243,233,280,280,280],"floor_reached":29,"playtime":1907,"items_purged":[],"score":245,"play_id":"16c7162f-5ee1-4811-9674-80abb16fdb97","local_time":"20201212123444","is_ascension_mode":true,"campfire_choices":[{"data":"Draining Mist","floor":6,"key":"SMITH"},{"data":"conspire:PoisonWeapons","floor":17,"key":"SMITH"}],"circlet_count":0,"master_deck":["Strike_G+2","Strike_G+1","Strike_G+1","Strike_G+1","Strike_G+1","Defend_G+1","Defend_G+1","Defend_G","Survivor","Neutralize","Acrobatics","Draining Mist+1","Accuracy","conspire:PoisonWeapons+1","Blade Dance","Bane","Cloak And Dagger","hubris:Counter","Night Terror","CurseOfTheBell","Deadly Poison","Footwork+1","Elementarium:GildedEssence"],"relics":["Sizzling Blood","conspire:InfiniteJournal","ReplayTheSpireMod:Shallot","betterThird:SlimedRelic","Replay:Rubber Ducky","Calling Bell","hubris:SlimyHat","Replay:Bottled Eggs","Replay:Multitool","Simple Rune","TwistedFunnel","Replay:Baseball","Blue Doll"],"acts_visited":["Exordium","Exordium"],"potions_floor_usage":[14,16,22,23],"damage_taken":[{"damage":1,"enemies":"Cultist","floor":1,"turns":4},{"damage":2,"enemies":"2 Louse","floor":2,"turns":3},{"damage":3,"enemies":"conspire:RoseBush","floor":4,"turns":3},{"damage":7,"enemies":"Replay:BlueRogue","floor":7,"turns":5},{"damage":7,"enemies":"Gremlin Gang","floor":10,"turns":5},{"damage":9,"enemies":"Lagavulin","floor":14,"turns":7},{"damage":6,"enemies":"Blue Slaver","floor":15,"turns":3},{"damage":0,"enemies":"Large Slime","floor":16,"turns":3},{"damage":5,"enemies":"Hexaghost","floor":18,"turns":10},{"damage":0,"enemies":"Elementarium:2_ELEMENTALS","floor":20,"turns":4},{"damage":22,"enemies":"Elementarium:Cyclone","floor":22,"turns":6},{"damage":0,"enemies":"Elementarium:RubyGolem","floor":23,"turns":4},{"damage":52,"enemies":"Elementarium:FIRE_NOBILITY","floor":29,"turns":8}],"seed_played":"-679236551316039051","potions_obtained":[{"floor":2,"key":"FearPotion"},{"floor":7,"key":"Fire Potion"},{"floor":18,"key":"Energy Potion"},{"floor":22,"key":"Adrenaline Potion"}],"is_trial":false,"path_per_floor":["M","M","$","M","?","R","E","?","T","M","PTL","PTL","?","E","M","M","R","B",null,"M","?","M","M","$","R","?","?","T","E"],"character_chosen":"THE_SILENT","items_purchased":["TwistedFunnel","Replay:Baseball"],"campfire_rested":0,"item_purchase_floors":[24,24],"current_hp_per_floor":[69,67,67,64,68,68,65,65,65,62,62,62,51,46,44,48,48,47,74,74,43,25,29,29,51,51,51,51,0,0],"gold":280,"neow_bonus":"REMOVE_TWO","is_daily":false,"chose_seed":false,"campfire_upgraded":2,"win_rate":0.0,"timestamp":1607794484,"path_taken":["M","M","?","M","?","R","E","?","T","M","PTL","PTL","?","E","M","M","R","BOSS","M","?","?","M","$","R","?","?","T","E"],"items_purchased_type":["Relic","Relic"],"build_version":"2020-11-30","purchased_purges":0,"victory":false,"max_hp_per_floor":[70,70,70,70,74,74,74,74,74,74,74,74,74,74,74,74,74,74,74,74,74,74,74,74,74,74,74,74,74,74],"card_choices":[{"not_picked":["Flying Knee","Blade Dance"],"picked":"Acrobatics","floor":1},{"not_picked":["Dagger Spray","Outmaneuver"],"picked":"Draining Mist","floor":2},{"not_picked":["Heel Hook","Cloak And Dagger"],"picked":"Accuracy","floor":4},{"not_picked":["Outmaneuver","ReplayTheSpireMod:Speed Training"],"picked":"conspire:PoisonWeapons","floor":7},{"not_picked":["Eviscerate","Dash"],"picked":"Blade Dance","floor":10},{"not_picked":["Quick Slash","Outmaneuver"],"picked":"Bane","floor":14},{"not_picked":["Quick Slash","Dagger Spray"],"picked":"Cloak And Dagger","floor":15},{"not_picked":["Unload","Flying Knee"],"picked":"hubris:Counter","floor":16},{"not_picked":["Corpse Explosion","Malaise"],"picked":"Night Terror","floor":18},{"not_picked":["hubris:SlightOfHand","Dagger Spray"],"picked":"Deadly Poison","floor":20},{"not_picked":["Finisher","Poisoned Stab+1"],"picked":"Footwork","floor":22},{"not_picked":["conspire:DoublingDagger","Dagger Spray+1","Hidden Blade"],"picked":"SKIP","floor":23}],"player_experience":163727,"relics_obtained":[{"floor":7,"key":"conspire:InfiniteJournal"},{"floor":9,"key":"ReplayTheSpireMod:Shallot"},{"floor":14,"key":"Replay:Rubber Ducky"},{"floor":19,"key":"hubris:SlimyHat"},{"floor":19,"key":"Replay:Bottled Eggs"},{"floor":19,"key":"Replay:Multitool"},{"floor":28,"key":"Blue Doll"}],"event_choices":[{"damage_healed":0,"gold_gain":0,"player_choice":"Slimed","damage_taken":11,"max_hp_gain":0,"max_hp_loss":0,"event_name":"betterThird:BetterGoop","floor":13,"gold_loss":36},{"damage_healed":0,"gold_gain":224,"player_choice":"GO GO RE ","damage_taken":35,"relics_obtained":["Simple Rune"],"max_hp_gain":0,"max_hp_loss":0,"event_name":"betterSkull:BetterSkull","floor":21,"gold_loss":0,"cards_upgraded":[]},{"damage_healed":0,"gold_gain":50,"player_choice":"Take","damage_taken":0,"max_hp_gain":0,"max_hp_loss":0,"event_name":"Elementarium:StickySituation","floor":26,"gold_loss":0},{"damage_healed":0,"gold_gain":0,"player_choice":"Toss","damage_taken":0,"max_hp_gain":0,"max_hp_loss":0,"event_name":"Elementarium:OnrushingOffering","floor":27,"gold_loss":10,"cards_obtained":["Elementarium:GildedEssence"]}],"is_beta":false,"boss_relics":[{"not_picked":["hubris:TerracottaHorce","Astrolabe"],"picked":"Calling Bell"}],"items_purged_floors":[],"is_endless":false,"potions_floor_spawned":[2,7,18,22],"killed_by":"Elementarium:FIRE_NOBILITY","ascension_level":1}}