{"host":"re9xirrjoezsqg3h","time":1607781137,"event":{"mods":["AchievementEnabler","BaseMod","Dota2Spire","Downfall","GifTheSpireLib","Hermit","Luminous","Minty Spire (QoL Compilation)","Replay The Spire","Robot Space Explorer","StSLib","The Administrix","The Bug Knight","The Cursed","[IsaacMod]ÒÔÈö¼âËþ"],"gold_per_floor":[113,120,120,136,179,179,264,329,329,421,428,428],"floor_reached":11,"playtime":378,"items_purged":[],"score":65,"play_id":"df2c9a2e-cae9-4bbc-8eb4-2aaaaacebd7a","local_time":"20201212215217","is_ascension_mode":false,"campfire_choices":[{"data":"BettingIsNotGood","floor":6,"key":"SMITH"}],"circlet_count":0,"master_deck":["hermit:Strike_Hermit","hermit:Strike_Hermit","hermit:Strike_Hermit","hermit:Strike_Hermit","hermit:Defend_Hermit","hermit:Defend_Hermit","hermit:Defend_Hermit","hermit:Defend_Hermit","hermit:Snapshot","hermit:Covet","BettingIsNotGood+1","hermit:BigShot","Decay","expansioncontent:StudyTheSpire"],"relics":["hermit:Momento","HushsDoor","SalivaCoin","NeowsBlessing","Replay:Bandana","PrismaticShard","Turnip"],"acts_visited":["Exordium"],"potions_floor_usage":[],"damage_taken":[{"damage":0,"enemies":"2 Louse","floor":1,"turns":1},{"damage":0,"enemies":"Cultist","floor":4,"turns":1},{"damage":3,"enemies":"Small Slimes","floor":5,"turns":2},{"damage":16,"enemies":"Exordium Thugs","floor":7,"turns":6},{"damage":17,"enemies":"Blue Slaver","floor":8,"turns":4},{"damage":6,"enemies":"3 Sentries","floor":11,"turns":1}],"seed_played":"127162503472174981","potions_obtained":[{"floor":4,"key":"hexamod:EctoCoolerPotion"}],"is_trial":false,"path_per_floor":["M","?","?","M","M","R","M","M","T","?","E"],"character_chosen":"HERMIT","items_purchased":[],"campfire_rested":0,"item_purchase_floors":[],"current_hp_per_floor":[75,60,60,60,57,57,41,24,24,9,3,3],"gold":428,"neow_bonus":"THREE_ENEMY_KILL","is_daily":false,"chose_seed":false,"campfire_upgraded":1,"win_rate":0.0,"timestamp":1607781137,"path_taken":["M","?","?","M","?","R","M","M","T","?","E"],"items_purchased_type":[],"build_version":"2020-11-30","purchased_purges":0,"victory":false,"max_hp_per_floor":[75,75,75,75,75,75,75,75,75,75,75,75],"card_choices":[{"not_picked":[],"picked":"BettingIsNotGood","floor":0},{"not_picked":["hermit:Brawl","hermit:Combo"],"picked":"hermit:BigShot","floor":1},{"not_picked":["Luminous:Light_Glare","AdministrixMod:TouchOfCinnabar","TheCursedMod:VitalStrike"],"picked":"SKIP","floor":4},{"not_picked":["Slimebound:FinishingTackle","Sunder"],"picked":"expansioncontent:StudyTheSpire","floor":5},{"not_picked":["sneckomod:UnknownWeak","Rebound","sneckomod:IronFang"],"picked":"SKIP","floor":7},{"not_picked":["HollowMod:CoiledNail","Slimebound:PressTheAttack","RobotSpaceExplorer:Jetpack"],"picked":"SKIP","floor":8}],"player_experience":257639,"relics_obtained":[{"floor":9,"key":"Turnip"}],"event_choices":[],"is_beta":false,"boss_relics":[],"items_purged_floors":[],"is_endless":false,"potions_floor_spawned":[4],"killed_by":"3 Sentries","ascension_level":0}}