{"host":"50per11302020","time":1607810832,"event":{"mods":["AchievementEnabler","BaseMod","Colored Map","Minty Spire (QoL Compilation)","Relic Stats","StSLib"],"gold_per_floor":[117,129,149,149,224,249,259,259,259,290,309,309,327,9,9,113,113,128,128,138,158,171,171,92,126,126,126,154,172,172,172,172,277,277,293,293,307,323,323,323,355,355,355,371,371,381,399,18,18,18],"floor_reached":51,"playtime":4456,"items_purged":["Strike_B","Strike_B"],"score":764,"play_id":"34cf41a1-c8b7-4fcd-9ffc-111cc22210bb","local_time":"20201212140712","is_ascension_mode":true,"campfire_choices":[{"floor":8,"key":"REST"},{"floor":12,"key":"REST"},{"data":"Consume","floor":15,"key":"SMITH"},{"floor":23,"key":"REST"},{"floor":27,"key":"REST"},{"data":"Creative AI","floor":32,"key":"SMITH"},{"floor":40,"key":"REST"},{"data":"Writhe","floor":42,"key":"PURGE"},{"floor":49,"key":"REST"}],"circlet_count":0,"master_deck":["Strike_B","Defend_B","Defend_B","Defend_B","Defend_B","Zap","Dualcast","Gash","Scrape","Consume+1","Cold Snap","All For One","Darkness+1","Compile Driver","Panacea+1","Coolheaded+1","FTL","Loop+1","Creative AI+1","Steam+1","Hologram+1","Go for the Eyes+1","Darkness+1","Redo+1","Coolheaded+1","Capacitor","Reboot+1","Meteor Strike","Redo+1","Gash","Darkness+1","Self Repair+1","BootSequence+1","Discovery+1","Dark Shackles+1","Transmutation+1","Redo+1","Gash","Static Discharge"],"relics":["Cracked Core","Anchor","Toxic Egg 2","Peace Pipe","Sozu","Tiny Chest","Toy Ornithopter","White Beast Statue","Fusion Hammer","Nunchaku","InkBottle","StoneCalendar","Regal Pillow"],"acts_visited":["Exordium","TheCity","TheBeyond"],"potions_floor_usage":[6,13,16,20],"damage_taken":[{"damage":1,"enemies":"Jaw Worm","floor":1,"turns":4},{"damage":0,"enemies":"2 Louse","floor":2,"turns":2},{"damage":5,"enemies":"Small Slimes","floor":3,"turns":3},{"damage":24,"enemies":"3 Sentries","floor":6,"turns":7},{"damage":4,"enemies":"Gremlin Gang","floor":7,"turns":6},{"damage":16,"enemies":"Gremlin Nob","floor":10,"turns":4},{"damage":0,"enemies":"Large Slime","floor":11,"turns":5},{"damage":1,"enemies":"3 Louse","floor":13,"turns":3},{"damage":11,"enemies":"Slime Boss","floor":16,"turns":4},{"damage":23,"enemies":"2 Thieves","floor":18,"turns":5},{"damage":2,"enemies":"Spheric Guardian","floor":20,"turns":3},{"damage":11,"enemies":"Centurion and Healer","floor":21,"turns":6},{"damage":5,"enemies":"Snecko","floor":22,"turns":7},{"damage":22,"enemies":"Slavers","floor":25,"turns":6},{"damage":10,"enemies":"Book of Stabbing","floor":28,"turns":4},{"damage":0,"enemies":"Snake Plant","floor":29,"turns":6},{"damage":15,"enemies":"Champ","floor":33,"turns":11},{"damage":28,"enemies":"3 Darklings","floor":35,"turns":5},{"damage":16,"enemies":"Orb Walker","floor":37,"turns":4},{"damage":18,"enemies":"Transient","floor":38,"turns":5},{"damage":6,"enemies":"Giant Head","floor":41,"turns":7},{"damage":7,"enemies":"Maw","floor":44,"turns":5},{"damage":19,"enemies":"3 Darklings","floor":46,"turns":7},{"damage":27,"enemies":"Jaw Worm Horde","floor":47,"turns":5},{"damage":29,"enemies":"Donu and Deca","floor":50,"turns":8}],"seed_played":"3916835881977441504","potions_obtained":[{"floor":3,"key":"FocusPotion"},{"floor":6,"key":"Ancient Potion"},{"floor":10,"key":"Block Potion"},{"floor":11,"key":"Weak Potion"}],"is_trial":false,"path_per_floor":["M","M","M","?","?","E","M","R","T","E","M","R","M","$","R","B",null,"M","?","M","M","M","R","$","E","T","R","E","M","?","?","R","B",null,"M","T","M","M","?","R","E","R","T","M","?","M","M","$","R","B",null],"character_chosen":"DEFECT","items_purchased":["Panacea+1","Coolheaded+1","FTL","Loop","Redo+1","Coolheaded+1","Gash","Regal Pillow","Static Discharge"],"campfire_rested":6,"item_purchase_floors":[14,14,14,14,24,24,48,48,48],"current_hp_per_floor":[67,67,62,55,44,20,16,42,42,26,26,52,51,51,51,40,89,66,66,64,53,48,74,74,52,52,78,68,68,68,68,68,53,89,61,61,45,27,49,75,69,69,69,72,62,53,36,36,77,58],"gold":18,"neow_bonus":"TWENTY_PERCENT_HP_BONUS","is_daily":false,"chose_seed":false,"campfire_upgraded":2,"win_rate":0.0,"timestamp":1607810832,"path_taken":["M","M","M","?","?","E","M","R","T","E","M","R","M","?","R","BOSS","M","?","M","M","?","R","$","E","T","R","E","?","?","?","R","BOSS","M","?","M","M","?","R","E","R","T","M","?","M","M","$","R","BOSS"],"items_purchased_type":["Card","Card","Card","Card","Card","Card","Card","Relic","Card"],"build_version":"2020-12-07","purchased_purges":2,"victory":true,"max_hp_per_floor":[89,89,89,89,89,89,89,89,89,89,89,89,89,89,89,89,89,89,89,89,89,89,89,89,89,89,89,89,89,89,89,89,89,89,89,89,89,89,89,89,89,89,89,89,89,89,89,89,89,89],"relic_stats":{"Peace Pipe":1,"Sozu":11,"Nunchaku":[10],"Regal Pillow":15,"counters":[25,131],"Tiny Chest":1,"StoneCalendar":[92],"obtain_stats":[{"Regal Pillow":48,"StoneCalendar":43,"White Beast Statue":28,"Peace Pipe":10,"Sozu":17,"Anchor":6,"Nunchaku":36,"Tiny Chest":25,"Fusion Hammer":34,"Toxic Egg 2":9,"Cracked Core":0,"Toy Ornithopter":26,"InkBottle":41},{"Regal Pillow":24,"StoneCalendar":21,"White Beast Statue":15,"Peace Pipe":6,"Sozu":9,"Anchor":4,"Nunchaku":18,"Tiny Chest":14,"Fusion Hammer":17,"Toxic Egg 2":5,"Cracked Core":0,"Toy Ornithopter":14,"InkBottle":21},{"Regal Pillow":123,"StoneCalendar":106,"White Beast Statue":69,"Peace Pipe":26,"Sozu":38,"Anchor":16,"Nunchaku":90,"Tiny Chest":65,"Fusion Hammer":85,"Toxic Egg 2":22,"Cracked Core":0,"Toy Ornithopter":65,"InkBottle":106}],"Toy Ornithopter":0,"InkBottle":[19]},"card_choices":[{"not_picked":["Force Field","Stack"],"picked":"Gash","floor":1},{"not_picked":["Leap","Hello World","Sweeping Beam"],"picked":"SKIP","floor":2},{"not_picked":["Stack","Coolheaded"],"picked":"Scrape","floor":3},{"not_picked":["Conserve Battery","Fission"],"picked":"Consume","floor":6},{"not_picked":["Rebound","Redo"],"picked":"Cold Snap","floor":7},{"not_picked":["BootSequence+1","Cold Snap"],"picked":"All For One","floor":10},{"not_picked":["Turbo+1","Barrage"],"picked":"Darkness+1","floor":11},{"not_picked":["Turbo+1","Ball Lightning"],"picked":"Compile Driver","floor":13},{"not_picked":["Meteor Strike","Electrodynamics"],"picked":"Creative AI","floor":16},{"not_picked":["Cold Snap","Reprogram+1"],"picked":"Steam+1","floor":18},{"not_picked":["Melter","Leap+1"],"picked":"Hologram+1","floor":20},{"not_picked":["Redo+1","Reprogram+1"],"picked":"Go for the Eyes+1","floor":21},{"not_picked":["Turbo+1","Skim+1"],"picked":"Darkness+1","floor":22},{"not_picked":["Ball Lightning","Double Energy+1"],"picked":"Capacitor","floor":25},{"not_picked":["Thunder Strike","Tempest+1"],"picked":"Reboot+1","floor":28},{"not_picked":["Sweeping Beam","Rip and Tear","Conserve Battery+1"],"picked":"SKIP","floor":29},{"not_picked":["Electrodynamics","Echo Form"],"picked":"Meteor Strike","floor":33},{"not_picked":["Hologram+1","Compile Driver+1"],"picked":"Redo+1","floor":35},{"not_picked":["Leap+1","Reprogram+1"],"picked":"Gash","floor":37},{"not_picked":["Stack+1","FTL"],"picked":"Darkness+1","floor":38},{"not_picked":["Cold Snap+1","Aggregate+1"],"picked":"Self Repair+1","floor":41},{"not_picked":["Reinforced Body+1","Cold Snap"],"picked":"BootSequence+1","floor":44},{"not_picked":["Flash of Steel","Good Instincts+1"],"picked":"Discovery+1","floor":45},{"not_picked":["Good Instincts+1","Discovery+1"],"picked":"Dark Shackles+1","floor":45},{"not_picked":["Chrysalis+1","Mind Blast"],"picked":"Transmutation+1","floor":45},{"not_picked":["Steam Power+1","Sweeping Beam+1"],"picked":"Redo+1","floor":46},{"not_picked":["Barrage+1","Sweeping Beam+1","Conserve Battery+1"],"picked":"SKIP","floor":47}],"player_experience":35750,"relics_obtained":[{"floor":6,"key":"Anchor"},{"floor":9,"key":"Toxic Egg 2"},{"floor":10,"key":"Peace Pipe"},{"floor":25,"key":"Tiny Chest"},{"floor":26,"key":"Toy Ornithopter"},{"floor":28,"key":"White Beast Statue"},{"floor":36,"key":"Nunchaku"},{"floor":41,"key":"InkBottle"},{"floor":43,"key":"StoneCalendar"}],"event_choices":[{"cards_removed":["Strike_B"],"damage_healed":0,"gold_gain":0,"player_choice":"Card Removal","damage_taken":7,"max_hp_gain":0,"max_hp_loss":0,"event_name":"Golden Wing","floor":4,"gold_loss":0},{"damage_healed":0,"gold_gain":75,"player_choice":"Gather Gold","damage_taken":11,"max_hp_gain":0,"max_hp_loss":0,"event_name":"World of Goop","floor":5,"gold_loss":0},{"damage_healed":0,"gold_gain":0,"player_choice":"Upgraded","damage_taken":0,"max_hp_gain":0,"max_hp_loss":0,"event_name":"Upgrade Shrine","floor":19,"gold_loss":0,"cards_upgraded":["Loop"]},{"damage_healed":0,"gold_gain":0,"player_choice":"Ignored","damage_taken":0,"max_hp_gain":0,"max_hp_loss":0,"event_name":"Vampires","floor":30,"gold_loss":0},{"damage_healed":0,"gold_gain":0,"player_choice":"Ignored","damage_taken":0,"max_hp_gain":0,"max_hp_loss":0,"event_name":"Beggar","floor":31,"gold_loss":0},{"damage_healed":22,"gold_gain":0,"player_choice":"Writhe","damage_taken":0,"max_hp_gain":0,"max_hp_loss":0,"event_name":"Winding Halls","floor":39,"gold_loss":0,"cards_obtained":["Writhe"]},{"damage_healed":0,"gold_gain":0,"player_choice":"Memory 3","damage_taken":10,"max_hp_gain":0,"max_hp_loss":0,"event_name":"SensoryStone","floor":45,"gold_loss":0}],"is_beta":true,"boss_relics":[{"not_picked":["Black Star","Tiny House"],"picked":"Sozu"},{"not_picked":["Astrolabe","Calling Bell"],"picked":"Fusion Hammer"}],"items_purged_floors":[14,48],"is_endless":false,"potions_floor_spawned":[3,6,10,11,20,21,29,33,35,37,38,41,44,46,47],"ascension_level":1}}