{"host":"ueef25wtkg2eer3h","time":1607782976,"event":{"mods":["AchievementEnabler","BaseMod","Colored Map","Colored Powertips","DeckTracker","Displayed Cursed Tome","Googly Eyes","Highlight Path","Minty Spire (QoL Compilation)","Slay the Relics Exporter","StSLib"],"gold_per_floor":[111,121,137,147,162,162,193,193,193,204,232,232,245,275,275,275,275],"floor_reached":16,"playtime":2973,"items_purged":[],"score":192,"play_id":"16eba351-66e2-4a0d-804a-7f41c0f696f8","local_time":"20201212152256","is_ascension_mode":true,"campfire_choices":[{"floor":6,"key":"REST"},{"floor":8,"key":"REST"},{"floor":12,"key":"REST"},{"floor":15,"key":"REST"}],"circlet_count":0,"master_deck":["AscendersBane","Strike_B","Strike_B","Strike_B","Strike_B","Defend_B","Defend_B","Defend_B","Defend_B","Zap","Dualcast","Sweeping Beam","Streamline","Go for the Eyes","Defragment","Sunder","Rebound","Undo","Conserve Battery","Barrage","Coolheaded"],"relics":["Cracked Core","Nunchaku","Singing Bowl","Darkstone Periapt","Lantern","Turnip"],"acts_visited":["Exordium"],"potions_floor_usage":[16],"damage_taken":[{"damage":0,"enemies":"Small Slimes","floor":1,"turns":3},{"damage":1,"enemies":"Cultist","floor":2,"turns":3},{"damage":12,"enemies":"Jaw Worm","floor":3,"turns":2},{"damage":26,"enemies":"Lots of Slimes","floor":4,"turns":4},{"damage":19,"enemies":"2 Fungi Beasts","floor":5,"turns":3},{"damage":21,"enemies":"Gremlin Nob","floor":7,"turns":4},{"damage":6,"enemies":"Exordium Thugs","floor":10,"turns":3},{"damage":25,"enemies":"3 Sentries","floor":11,"turns":5},{"damage":0,"enemies":"Large Slime","floor":13,"turns":4},{"damage":13,"enemies":"Lagavulin","floor":14,"turns":7},{"damage":57,"enemies":"The Guardian","floor":16,"turns":7}],"seed_played":"-5792861339546161990","potions_obtained":[{"floor":2,"key":"FearPotion"},{"floor":5,"key":"FairyPotion"},{"floor":13,"key":"SkillPotion"},{"floor":14,"key":"AttackPotion"}],"is_trial":false,"path_per_floor":["M","M","M","M","M","R","E","R","T","M","E","R","M","E","R","B"],"character_chosen":"DEFECT","items_purchased":[],"campfire_rested":4,"item_purchase_floors":[],"current_hp_per_floor":[68,67,55,29,10,32,11,33,33,27,2,24,24,11,33,0,0],"gold":275,"neow_bonus":"RANDOM_COMMON_RELIC","is_daily":false,"chose_seed":false,"campfire_upgraded":0,"win_rate":0.0,"timestamp":1607782976,"path_taken":["M","M","M","M","M","R","E","R","T","M","E","R","M","E","R","BOSS"],"items_purchased_type":[],"build_version":"2020-11-30","purchased_purges":0,"victory":false,"max_hp_per_floor":[75,75,75,75,75,75,75,75,75,75,75,75,75,75,75,75,75],"card_choices":[{"not_picked":["Leap","Beam Cell"],"picked":"Sweeping Beam","floor":1},{"not_picked":["Leap","Cold Snap"],"picked":"Streamline","floor":2},{"not_picked":["Beam Cell","Force Field"],"picked":"Go for the Eyes","floor":3},{"not_picked":["Hyperbeam","Recycle"],"picked":"Defragment","floor":4},{"not_picked":["Static Discharge","Go for the Eyes"],"picked":"Sunder","floor":5},{"not_picked":["Turbo","Steam"],"picked":"Rebound","floor":7},{"not_picked":["Rebound","Sunder"],"picked":"Undo","floor":10},{"not_picked":["Sweeping Beam","Reprogram"],"picked":"Conserve Battery","floor":11},{"not_picked":["Melter","Stack"],"picked":"Barrage","floor":13},{"not_picked":["Barrage","Reinforced Body"],"picked":"Coolheaded","floor":14}],"player_experience":250942,"relics_obtained":[{"floor":7,"key":"Singing Bowl"},{"floor":9,"key":"Darkstone Periapt"},{"floor":11,"key":"Lantern"},{"floor":14,"key":"Turnip"}],"event_choices":[],"is_beta":false,"boss_relics":[],"items_purged_floors":[],"is_endless":false,"potions_floor_spawned":[2,5,10,13,14],"killed_by":"The Guardian","ascension_level":11}}