{"host":"vti7ja5rr21myvc5","time":1607788523,"event":{"mods":["Abigail Mod","AchievementEnabler","BaseMod","Friendly Minions","GifTheSpireLib","Gold Saver","Koishi","Minty Spire (QoL Compilation)","Replay The Spire","StSLib","The Wild Card","Uncapped","noobMod"],"gold_per_floor":[1198,775,791,791,807,835,835,851,851,851,871,871,871,340,340,470,470,484,484,1114,1129,1129,1129,1142,1162,1189,786,810,667,701,400,400,525,625,648,648,673,696,696,734,767,767,767,767,767,767,802,818,818,818,818,818,525,565,565],"floor_reached":56,"playtime":4249,"items_purged":[],"score":1473,"play_id":"2335b404-d620-41ea-85f7-4f6090258dc2","local_time":"20201212165523","is_ascension_mode":false,"campfire_choices":[{"data":"theWildCard:Arsene","floor":13,"key":"SMITH"},{"data":"theWildCard:EnergyTheft","floor":15,"key":"SMITH"},{"floor":23,"key":"REST"},{"floor":32,"key":"RECALL"},{"data":"Pot Of Greed","floor":42,"key":"SMITH"},{"data":"Discovery","floor":46,"key":"SMITH"},{"data":"Pot Of Greed","floor":49,"key":"SMITH"},{"data":"Pot Of Greed","floor":52,"key":"SMITH"}],"circlet_count":0,"master_deck":["theWildCard:BasicStrike","theWildCard:BasicStrike","theWildCard:BasicStrike","theWildCard:BasicDefend","theWildCard:BasicDefend","theWildCard:BasicDefend","theWildCard:BasicDefend","theWildCard:CallToAdventure","theWildCard:Arsene+1","theWildCard:SeveringSlash","theWildCard:StingingStrike","theWildCard:SeveringSlash","theWildCard:MaskChange","theWildCard:EnergyTheft+1","theWildCard:Patience","theWildCard:IdentityTheft+1","theWildCard:Abstinence+1","theWildCard:Safeguard+1","theWildCard:EnergyTheft+1","Pot Of Greed+1","Pot Of Greed+1","theWildCard:EnergizedStroke+1","Discovery+1","Pot Of Greed+1","theWildCard:EnergizedStroke+1","theWildCard:ArcaneArts"],"relics":["theWildCard:VelvetContract","ice","Bronze Scales","Kunai","Sling","MealTicket","Singing Bowl","Golden Idol","Molten Egg 2","Chemical X","Blood Vial","Replay:Mystery Machine","Runic Pyramid","Anchor","Replay:Rubber Ducky","Pear","Grinning Jar","Iron Hammer","Guide Book","Bag of Preparation","Replay:Grab Bag","Replay:Wanted Poster","Busted Crown","Empty Cage","SlaversCollar","ReplayTheSpireMod:Ninjato","Incense Burner","Replay:Bottled Steam","Golden Egg","Snack Pack","Pen Nib"],"acts_visited":["Exordium","TheCity","TheBeyond","TheEnding"],"potions_floor_usage":[6,6,11,11,11,16,18,25,54,54,55,55],"damage_taken":[{"damage":0,"enemies":"Jaw Worm","floor":1,"turns":3},{"damage":3,"enemies":"Small Slimes","floor":3,"turns":2},{"damage":2,"enemies":"Cultist","floor":5,"turns":3},{"damage":15,"enemies":"Replay:BlueRogue","floor":6,"turns":7},{"damage":13,"enemies":"Exordium Wildlife","floor":8,"turns":3},{"damage":10,"enemies":"Exordium Thugs","floor":11,"turns":4},{"damage":41,"enemies":"Hexaghost","floor":16,"turns":7},{"damage":2,"enemies":"3 Byrds","floor":18,"turns":3},{"damage":0,"enemies":"Chosen","floor":21,"turns":3},{"damage":10,"enemies":"Snake Plant","floor":24,"turns":4},{"damage":0,"enemies":"Centurion and Healer","floor":25,"turns":4},{"damage":7,"enemies":"3 Cultists","floor":28,"turns":5},{"damage":5,"enemies":"Slavers","floor":30,"turns":5},{"damage":14,"enemies":"Automaton","floor":33,"turns":9},{"damage":0,"enemies":"3 Shapes","floor":35,"turns":3},{"damage":0,"enemies":"Orb Walker","floor":37,"turns":2},{"damage":0,"enemies":"Sphere and 2 Shapes","floor":38,"turns":3},{"damage":0,"enemies":"Nemesis","floor":40,"turns":5},{"damage":5,"enemies":"R_Hoarder","floor":47,"turns":4},{"damage":0,"enemies":"Spire Growth","floor":48,"turns":3},{"damage":22,"enemies":"Time Eater","floor":50,"turns":6},{"damage":0,"enemies":"Shield and Spear","floor":54,"turns":4},{"damage":43,"enemies":"The Heart","floor":55,"turns":8}],"seed_played":"-4322919351922679014","potions_obtained":[{"floor":3,"key":"ColorlessPotion"},{"floor":5,"key":"LifebloodPotion"},{"floor":10,"key":"Cursed Concoction"},{"floor":10,"key":"ColorlessPotion"},{"floor":10,"key":"Reflective Coating"},{"floor":11,"key":"PowerPotion"},{"floor":16,"key":"SkillPotion"},{"floor":18,"key":"BlessingOfTheForge"},{"floor":24,"key":"Explosive Potion"},{"floor":30,"key":"Block Potion"},{"floor":37,"key":"Toxic Potion"},{"floor":38,"key":"Death Potion"},{"floor":54,"key":"Weak Potion"}],"is_trial":false,"path_per_floor":["M","$","M","?","M","E","?","M","T","?","M","T","R","$","R","B",null,"M","?","?","M","?","R","M","M","T","$","M","$","E","$","R","B",null,"M","?","M","M","$","E","?","R","T","?","?","R","E","M","R","B",null,"R","$","E","B",null],"character_chosen":"THE_WILD_CARD","items_purchased":["Kunai","Sling","theWildCard:StingingStrike","Chemical X","Blood Vial","Replay:Mystery Machine","theWildCard:IdentityTheft+1","Replay:Rubber Ducky","Pear","Grinning Jar","Guide Book","Bag of Preparation","Snack Pack","theWildCard:EnergizedStroke+1"],"campfire_rested":1,"item_purchase_floors":[2,2,2,14,14,14,14,27,27,29,31,31,53,53],"current_hp_per_floor":[60,60,57,57,55,40,25,14,14,14,62,62,62,62,62,21,72,81,81,12,14,14,41,35,39,39,64,59,74,73,88,88,78,139,139,139,143,147,152,158,120,120,120,120,120,120,119,123,123,103,171,171,171,177,165],"gold":565,"neow_bonus":"RANDOM_COMMON_RELIC","is_daily":false,"chose_seed":false,"campfire_upgraded":6,"win_rate":0.0,"timestamp":1607788523,"path_taken":["M","$","M","?","M","E","?","M","T","?","?","?","R","?","R","BOSS","M","?","?","?","?","R","M","?","T","$","M","?","E","?","R","BOSS","M","?","M","M","$","E","?","R","T","?","?","R","E","?","R","BOSS","R","$","E","BOSS"],"items_purchased_type":["Relic","Relic","Card","Relic","Relic","Relic","Card","Relic","Relic","Relic","Relic","Relic","Relic","Card"],"build_version":"2020-11-30","purchased_purges":0,"victory":true,"max_hp_per_floor":[60,60,60,60,60,60,60,62,62,62,62,62,62,62,62,72,72,88,88,88,90,90,90,98,105,105,115,120,120,129,129,129,139,139,146,146,149,152,152,161,163,163,163,155,155,155,160,164,164,171,171,171,171,177,274],"card_choices":[{"not_picked":["theWildCard:StingingStrike","theWildCard:PowerOfTheArcana"],"picked":"theWildCard:SeveringSlash","floor":1},{"not_picked":["theWildCard:Alice","theWildCard:SacrificialStroke"],"picked":"theWildCard:SeveringSlash","floor":3},{"not_picked":["theWildCard:Michael","theWildCard:SacrificialStroke"],"picked":"theWildCard:MaskChange","floor":5},{"not_picked":["theWildCard:MagicalMight","theWildCard:Polydeuces"],"picked":"theWildCard:EnergyTheft","floor":6},{"not_picked":["theWildCard:Polydeuces","theWildCard:Lucifer","theWildCard:ArcaneArts"],"picked":"Singing Bowl","floor":8},{"not_picked":["theWildCard:Metatron","theWildCard:ArchaicAssault"],"picked":"theWildCard:Patience","floor":11},{"not_picked":["theWildCard:FuelForTheFire","theWildCard:Ruination+1"],"picked":"theWildCard:Desolation+1","floor":16},{"not_picked":["theWildCard:PaleRider","theWildCard:Sakuya"],"picked":"theWildCard:Abstinence","floor":18},{"not_picked":["theWildCard:ArcaneArts","theWildCard:Michael"],"picked":"theWildCard:Safeguard","floor":21},{"not_picked":["theWildCard:StingingStrike+1","theWildCard:StalwartBlade+1","theWildCard:Unburden+1"],"picked":"Singing Bowl","floor":24},{"not_picked":["theWildCard:Patience","theWildCard:ArchaicAssault+1","theWildCard:PaleRider"],"picked":"Singing Bowl","floor":25},{"not_picked":["theWildCard:BladeOfGenerations+1","theWildCard:TheArcanaUnleashed"],"picked":"theWildCard:EnergyTheft+1","floor":28},{"not_picked":["theWildCard:StalwartBlade+1","theWildCard:ArchaicAssault+1","theWildCard:PowerOfTheArcana+1"],"picked":"Singing Bowl","floor":30},{"not_picked":["theWildCard:AllOutAttack+1","theWildCard:Caesar","theWildCard:Desolation+1"],"picked":"Singing Bowl","floor":33},{"not_picked":[],"picked":"theWildCard:EnergizedStroke+1","floor":35},{"not_picked":["theWildCard:Michael"],"picked":"Singing Bowl","floor":37},{"not_picked":["theWildCard:UnendingRitual"],"picked":"Singing Bowl","floor":38},{"not_picked":["theWildCard:Satanael"],"picked":"Singing Bowl","floor":40},{"not_picked":["theWildCard:Polydeuces+1"],"picked":"Singing Bowl","floor":41},{"not_picked":[],"picked":"Discovery","floor":45},{"not_picked":["theWildCard:Polydeuces"],"picked":"Singing Bowl","floor":47},{"not_picked":["theWildCard:Proficiency+1"],"picked":"Singing Bowl","floor":48},{"not_picked":[],"picked":"theWildCard:ArcaneArts","floor":54}],"player_experience":354716,"relics_obtained":[{"floor":6,"key":"Singing Bowl"},{"floor":12,"key":"Molten Egg 2"},{"floor":26,"key":"Anchor"},{"floor":30,"key":"Iron Hammer"},{"floor":40,"key":"ReplayTheSpireMod:Ninjato"},{"floor":41,"key":"Incense Burner"},{"floor":43,"key":"Replay:Bottled Steam"},{"floor":47,"key":"Golden Egg"},{"floor":54,"key":"Pen Nib"}],"event_choices":[{"damage_healed":0,"gold_gain":0,"player_choice":"Box","damage_taken":0,"relics_obtained":["MealTicket"],"max_hp_gain":0,"max_hp_loss":0,"event_name":"Big Fish","floor":4,"gold_loss":0,"cards_obtained":["Regret"]},{"damage_healed":0,"gold_gain":0,"player_choice":"Take Damage","damage_taken":15,"relics_obtained":["Golden Idol"],"max_hp_gain":0,"max_hp_loss":0,"event_name":"Golden Idol","floor":7,"gold_loss":0},{"damage_healed":0,"gold_gain":0,"player_choice":"Got Potions","damage_taken":0,"max_hp_gain":0,"max_hp_loss":0,"event_name":"Lab","floor":10,"gold_loss":0},{"damage_healed":0,"gold_gain":0,"player_choice":"Ignored","damage_taken":0,"max_hp_gain":0,"max_hp_loss":0,"event_name":"Vampires","floor":19,"gold_loss":0},{"damage_healed":0,"gold_gain":630,"player_choice":"GOLD GOLD GOLD GOLD GOLD GOLD GOLD ","damage_taken":69,"max_hp_gain":0,"max_hp_loss":0,"event_name":"Knowing Skull","floor":20,"potions_obtained":[],"gold_loss":0,"cards_obtained":[]},{"damage_healed":0,"gold_gain":0,"player_choice":"Ignored","damage_taken":0,"max_hp_gain":0,"max_hp_loss":0,"event_name":"NoteForYourself","floor":22,"gold_loss":0},{"cards_removed":["theWildCard:BasicStrike"],"damage_healed":0,"gold_gain":0,"player_choice":"Removed Attack","damage_taken":0,"max_hp_gain":0,"max_hp_loss":0,"event_name":"Falling","floor":36,"gold_loss":0},{"damage_healed":0,"gold_gain":0,"player_choice":"Max HP","damage_taken":0,"max_hp_gain":0,"max_hp_loss":8,"event_name":"Winding Halls","floor":44,"gold_loss":0},{"damage_healed":0,"gold_gain":0,"player_choice":"Memory 1","damage_taken":0,"max_hp_gain":0,"max_hp_loss":0,"event_name":"SensoryStone","floor":45,"gold_loss":0}],"is_beta":false,"boss_relics":[{"not_picked":["Cursed Key","theWildCard:Wildcard"],"picked":"Runic Pyramid"},{"not_picked":["Philosopher\u0027s Stone","Ring of Chaos"],"picked":"Replay:Grab Bag"},{"not_picked":["Painkiller Herb","ReplayTheSpireMod:Onyx Gauntlets"],"picked":"Replay:Wanted Poster"},{"not_picked":["Replay:Bronze Core","Velvet Choker"],"picked":"Busted Crown"},{"not_picked":["Kintsugi","Calling Bell"],"picked":"Empty Cage"},{"not_picked":["SacredBark","Snecko Eye"],"picked":"SlaversCollar"}],"items_purged_floors":[],"is_endless":false,"potions_floor_spawned":[3,5,11,16,18,24,30,37,38,54],"ascension_level":0}}