{"host":"cmxkjr0hek4mqvmn","time":1607793338,"event":{"mods":["BaseMod","Beaked The Cultist","Better Match","Better Skull","Better Third Choice","BetterRewards","Clawfect","Colored Map","Displayed Cursed Tome","Duelist Mod","GifTheSpireLib","Hermit","Hubris","JesterMod","Mimic Mod","Minty Spire (QoL Compilation)","Quick Restart","Robot Space Explorer","StSLib","The Bladedancer","The Blue Laboratory","The Cursed","Thieving Mod","Waifu the Spire"],"gold_per_floor":[114,132,145,145,161,196,196,49,85,85,116,116,116,116,116,223,223,243,11,0,19,46,82,108,108,108,108,128,172,172,208,208,312,312,336,395,395,36,36,36,59,97,137,162,7,66,93,120,120,120],"floor_reached":51,"playtime":4394,"items_purged":[],"score":818,"play_id":"d5dc2511-5fce-452a-b7ab-0445e6b2c810","local_time":"20201212121538","is_ascension_mode":false,"campfire_choices":[{"data":"RobotSpaceExplorer:StarDust","floor":7.0,"key":"SMITH"},{"data":"RobotSpaceExplorer:Autoloader","floor":12.0,"key":"SMITH"},{"floor":15.0,"key":"REST"},{"floor":25.0,"key":"REST"},{"floor":27.0,"key":"REST"},{"floor":30.0,"key":"REST"},{"data":"RobotSpaceExplorer:DroneSwarm","floor":32.0,"key":"SMITH"},{"floor":40.0,"key":"REST"},{"floor":49,"key":"REST"}],"circlet_count":0,"master_deck":["RobotSpaceExplorer:Strike","RobotSpaceExplorer:Strike","RobotSpaceExplorer:Strike","RobotSpaceExplorer:Strike","RobotSpaceExplorer:Defend+1","RobotSpaceExplorer:Defend","RobotSpaceExplorer:Defend","RobotSpaceExplorer:Defend","RobotSpaceExplorer:Scan+1","RobotSpaceExplorer:MiniLasers","RobotSpaceExplorer:PlasmaMissile+1","RobotSpaceExplorer:MiniDrones+1","RobotSpaceExplorer:StunGrenade","RobotSpaceExplorer:TurboDodge+1","RobotSpaceExplorer:StarDust+1","RobotSpaceExplorer:StarLightning+1","RobotSpaceExplorer:Autoloader+1","RobotSpaceExplorer:DroneSwarm+1","RobotSpaceExplorer:MiniDrones","Bandage Up","RobotSpaceExplorer:DualCore","RobotSpaceExplorer:SurgingStrike","RobotSpaceExplorer:FranticSearch+1","RobotSpaceExplorer:Asteroid","RobotSpaceExplorer:MiniDrones","RobotSpaceExplorer:TurboDodge+1","RobotSpaceExplorer:BlastShield","RobotSpaceExplorer:Multitool","RobotSpaceExplorer:PowerCollector+1","RobotSpaceExplorer:Pulsar+1","RobotSpaceExplorer:ScrapMissile","RobotSpaceExplorer:GlueShot","RobotSpaceExplorer:Ammunition","RobotSpaceExplorer:Blaster","RobotSpaceExplorer:ShovelStrike+1","RobotSpaceExplorer:Pulsar","RobotSpaceExplorer:ShovelStrike+1","RobotSpaceExplorer:MiniDrones","RobotSpaceExplorer:LuckyStrike"],"relics":["RobotSpaceExplorer:RoboCore","Centennial Puzzle","Anchor","hubris:TenFootPole","Whetstone","Nunchaku","CeramicFish","Juzu Bracelet","Bag of Preparation","hubris:Backtick","Bottled Tornado","War Paint","hubris:BottledRain","Letter Opener","hubris:SlimyHat","Eternal Feather","Fusion Hammer","Unceasing Top","hubris:Towel","Strange Spoon","Regal Pillow","Vajra","hubris:FunFungus","hubris:GlazedTorus","HandDrill","Turnip"],"acts_visited":["Exordium","TheCity","TheBeyond"],"potions_floor_usage":[44,44,44,50],"damage_taken":[{"damage":0.0,"enemies":"Small Slimes","floor":1.0,"turns":4.0},{"damage":1.0,"enemies":"Cultist","floor":2.0,"turns":3.0},{"damage":0.0,"enemies":"Jaw Worm","floor":3.0,"turns":2.0},{"damage":0.0,"enemies":"2 Fungi Beasts","floor":5.0,"turns":3.0},{"damage":12.0,"enemies":"Lagavulin","floor":6.0,"turns":9.0},{"damage":6.0,"enemies":"Exordium Thugs","floor":9.0,"turns":7.0},{"damage":0.0,"enemies":"3 Sentries","floor":11.0,"turns":6.0},{"damage":13.0,"enemies":"Hexaghost","floor":16.0,"turns":7.0},{"damage":6.0,"enemies":"3 Byrds","floor":18.0,"turns":4.0},{"damage":9.0,"enemies":"Spheric Guardian","floor":21.0,"turns":4.0},{"damage":2.0,"enemies":"Centurion and Healer","floor":22.0,"turns":7.0},{"damage":39.0,"enemies":"Slavers","floor":23.0,"turns":5.0},{"damage":17.0,"enemies":"3 Cultists","floor":24.0,"turns":5.0},{"damage":9.0,"enemies":"Snecko","floor":28.0,"turns":4.0},{"damage":51.0,"enemies":"Gremlin Leader","floor":29.0,"turns":5.0},{"damage":21.0,"enemies":"Slavers","floor":31.0,"turns":5.0},{"damage":40.0,"enemies":"hubris:MusketHawk","floor":33.0,"turns":8.0},{"damage":0.0,"enemies":"Orb Walker","floor":35.0,"turns":4.0},{"damage":42.0,"enemies":"2 Orb Walkers","floor":36.0,"turns":5.0},{"damage":2.0,"enemies":"3 Shapes","floor":41.0,"turns":4.0},{"damage":13.0,"enemies":"Giant Head","floor":42.0,"turns":7.0},{"damage":0,"enemies":"Maw","floor":43,"turns":6},{"damage":0,"enemies":"Maw","floor":44,"turns":5},{"damage":0,"enemies":"Mind Bloom Boss Battle","floor":46,"turns":5},{"damage":8,"enemies":"Sphere and 2 Shapes","floor":47,"turns":4},{"damage":3,"enemies":"4 Shapes","floor":48,"turns":3},{"damage":31,"enemies":"hubris:GrandSnecko","floor":50,"turns":11}],"seed_played":"7444305151663062088","potions_obtained":[{"floor":1.0,"key":"RobotSpaceExplorer:LiquidFusion"},{"floor":3.0,"key":"BlessingOfTheForge"},{"floor":4.0,"key":"EssenceOfSteel"},{"floor":4.0,"key":"RobotSpaceExplorer:PlasmaFlask"},{"floor":5.0,"key":"blueLaboratory:HummingbirdPotion"},{"floor":18.0,"key":"PowerPotion"},{"floor":21.0,"key":"blueLaboratory:FrostheartPotion"},{"floor":28.0,"key":"Fire Potion"},{"floor":29.0,"key":"blueLaboratory:FruitPreserves"},{"floor":33.0,"key":"DuplicationPotion"},{"floor":35.0,"key":"Fire Potion"},{"floor":41.0,"key":"RobotSpaceExplorer:PlasmaFlask"},{"floor":42.0,"key":"Energy Potion"},{"floor":47,"key":"blueLaboratory:BottleOfRum"},{"floor":48,"key":"SkillPotion"}],"is_trial":false,"path_per_floor":["M","M","M","?","M","E","R","$","MIM","?","E","R","?","?","R","B",null,"M","$","?","M","M","E","M","R","T","R","M","E","R","E","R","B",null,"M","?","?","$","?","R","M","E","MIM","M","$","?","M","M","R","B",null],"character_chosen":"RobotSpaceExplorer","items_purchased":["Anchor","War Paint","Bandage Up","Strange Spoon","Regal Pillow","RobotSpaceExplorer:ScrapMissile","RobotSpaceExplorer:GlueShot","HandDrill"],"campfire_rested":6,"item_purchase_floors":[8,19,19,38,38,38,38,45],"current_hp_per_floor":[82,81,81,81,81,69,69,69,63,63,63,63,29,29,53,40,82,76,76,76,71,73,38,25,49,49,73,68,21,45,28,43,36,82,82,44,44,44,40,82,80,69,73,74,74,79,71,68,82,59],"gold":120,"neow_bonus":"TEN_PERCENT_HP_BONUS","is_daily":false,"chose_seed":false,"campfire_upgraded":3,"win_rate":0.0,"timestamp":1607793338,"path_taken":["M","M","M","?","M","E","R","?","MIM","?","E","R","?","?","R","BOSS","M","?","?","M","M","E","M","R","T","R","M","E","R","E","R","BOSS","M","?","?","$","?","R","M","E","MIM","M","?","?","M","M","R","BOSS"],"items_purchased_type":["Relic","Relic","Card","Relic","Relic","Card","Card","Relic"],"build_version":"2020-11-30","purchased_purges":0,"victory":true,"max_hp_per_floor":[82,82,82,82,82,82,82,82,82,82,82,82,82,82,82,82,82,82,82,82,82,82,82,82,82,82,82,82,82,82,82,82,82,82,82,82,82,82,82,82,82,82,82,82,82,82,82,82,82,82],"card_choices":[{"not_picked":["RobotSpaceExplorer:Counterblock","RobotSpaceExplorer:Discharger"],"picked":"RobotSpaceExplorer:PlasmaMissile","floor":1.0},{"not_picked":["RobotSpaceExplorer:Blitz","RobotSpaceExplorer:ShockKick"],"picked":"RobotSpaceExplorer:MiniDrones","floor":2.0},{"not_picked":["RobotSpaceExplorer:FreezingShield","RobotSpaceExplorer:GlueSpray"],"picked":"RobotSpaceExplorer:StunGrenade","floor":3.0},{"not_picked":["RobotSpaceExplorer:SlimeMissile","RobotSpaceExplorer:MetalStrike"],"picked":"RobotSpaceExplorer:TurboDodge","floor":5.0},{"not_picked":["RobotSpaceExplorer:ScrapToss","RobotSpaceExplorer:GlueSpray"],"picked":"RobotSpaceExplorer:StarDust","floor":6.0},{"not_picked":["RobotSpaceExplorer:ScrapMissile","RobotSpaceExplorer:SurgingShield"],"picked":"RobotSpaceExplorer:StarLightning","floor":9.0},{"not_picked":["RobotSpaceExplorer:ShovelStrike","RobotSpaceExplorer:ImprovisedAttack"],"picked":"RobotSpaceExplorer:Autoloader","floor":11.0},{"not_picked":["RobotSpaceExplorer:Blaster","RobotSpaceExplorer:Arsenal"],"picked":"RobotSpaceExplorer:DroneSwarm","floor":16.0},{"not_picked":["RobotSpaceExplorer:ImprovisedAttack","RobotSpaceExplorer:MetalStrike"],"picked":"RobotSpaceExplorer:MiniDrones","floor":18.0},{"not_picked":["RobotSpaceExplorer:ScrapMissile","RobotSpaceExplorer:ImprovisedAttack+1"],"picked":"RobotSpaceExplorer:DualCore","floor":21.0},{"not_picked":["RobotSpaceExplorer:FreezingShield","RobotSpaceExplorer:ImprovisedAttack+1"],"picked":"RobotSpaceExplorer:SurgingStrike","floor":22.0},{"not_picked":["RobotSpaceExplorer:ShockKick+1","RobotSpaceExplorer:FrostMissile+1"],"picked":"RobotSpaceExplorer:FranticSearch+1","floor":23.0},{"not_picked":["RobotSpaceExplorer:SurgingStrike+1","RobotSpaceExplorer:RigExplosive+1"],"picked":"RobotSpaceExplorer:Asteroid","floor":24.0},{"not_picked":["RobotSpaceExplorer:SurgingShield","RobotSpaceExplorer:Pulsar"],"picked":"RobotSpaceExplorer:MiniDrones","floor":28.0},{"not_picked":["RobotSpaceExplorer:Wormhole","RobotSpaceExplorer:StunGrenade"],"picked":"RobotSpaceExplorer:TurboDodge+1","floor":29.0},{"not_picked":["RobotSpaceExplorer:MetalStrike","RobotSpaceExplorer:ShovelStrike"],"picked":"RobotSpaceExplorer:BlastShield","floor":31.0},{"not_picked":["RobotSpaceExplorer:Wormhole","RobotSpaceExplorer:BlastShield"],"picked":"RobotSpaceExplorer:Multitool","floor":33.0},{"not_picked":["RobotSpaceExplorer:MetalStrike+1","RobotSpaceExplorer:BigMissile+1"],"picked":"RobotSpaceExplorer:PowerCollector+1","floor":35.0},{"not_picked":["RobotSpaceExplorer:PowerGlove+1","RobotSpaceExplorer:ImprovisedAttack"],"picked":"RobotSpaceExplorer:Pulsar+1","floor":36.0},{"not_picked":["RobotSpaceExplorer:StarLightning","RobotSpaceExplorer:FranticSearch+1"],"picked":"RobotSpaceExplorer:Ammunition","floor":41.0},{"not_picked":["RobotSpaceExplorer:FrostMissile+1","RobotSpaceExplorer:Pulsar"],"picked":"RobotSpaceExplorer:Blaster","floor":42.0},{"not_picked":["RobotSpaceExplorer:ScrapMissile+1","RobotSpaceExplorer:MetalStrike"],"picked":"RobotSpaceExplorer:ShovelStrike+1","floor":43},{"not_picked":["RobotSpaceExplorer:Ammunition+1","RobotSpaceExplorer:IronShell"],"picked":"RobotSpaceExplorer:Pulsar","floor":44},{"not_picked":["RobotSpaceExplorer:MiniDrones+1","RobotSpaceExplorer:DualCore"],"picked":"RobotSpaceExplorer:ShovelStrike+1","floor":46},{"not_picked":["RobotSpaceExplorer:StarDust+1","RobotSpaceExplorer:FranticSearch"],"picked":"RobotSpaceExplorer:MiniDrones","floor":47},{"not_picked":["RobotSpaceExplorer:MiniDrones","RobotSpaceExplorer:Multitool"],"picked":"RobotSpaceExplorer:LuckyStrike","floor":48}],"player_experience":506163,"relics_obtained":[{"floor":6.0,"key":"Centennial Puzzle"},{"floor":9.0,"key":"hubris:TenFootPole"},{"floor":11.0,"key":"Whetstone"},{"floor":23.0,"key":"hubris:BottledRain"},{"floor":26.0,"key":"Letter Opener"},{"floor":29.0,"key":"hubris:SlimyHat"},{"floor":31.0,"key":"Eternal Feather"},{"floor":36.0,"key":"Unceasing Top"},{"floor":42.0,"key":"Vajra"},{"floor":43,"key":"hubris:FunFungus"},{"floor":43,"key":"hubris:GlazedTorus"},{"floor":46,"key":"Turnip"}],"event_choices":[{"damage_healed":0.0,"max_hp_gain":0.0,"max_hp_loss":0.0,"gold_gain":0.0,"event_name":"Lab","player_choice":"Got Potions","floor":4.0,"gold_loss":0.0,"damage_taken":0.0},{"damage_healed":0.0,"max_hp_gain":0.0,"max_hp_loss":0.0,"gold_gain":0.0,"event_name":"betterSkull:BetterSkull","player_choice":"RE RE RE RE ","floor":13.0,"gold_loss":0.0,"damage_taken":81.0,"cards_upgraded":[],"relics_obtained":["Nunchaku","CeramicFish","Juzu Bracelet","Bag of Preparation"]},{"damage_healed":0.0,"max_hp_gain":0.0,"max_hp_loss":0.0,"gold_gain":0.0,"event_name":"Upgrade Shrine","player_choice":"Upgraded","floor":14.0,"gold_loss":0.0,"damage_taken":0.0,"cards_upgraded":["RobotSpaceExplorer:TurboDodge"]},{"damage_healed":0.0,"max_hp_gain":0.0,"max_hp_loss":0.0,"gold_gain":0.0,"event_name":"Masked Bandits","player_choice":"Paid Fearfully","floor":20.0,"gold_loss":11.0,"damage_taken":0.0},{"damage_healed":0.0,"max_hp_gain":0.0,"max_hp_loss":0.0,"gold_gain":0.0,"event_name":"Mysterious Sphere","player_choice":"Fight","floor":36.0,"gold_loss":0.0,"damage_taken":0.0},{"damage_healed":0.0,"max_hp_gain":0.0,"max_hp_loss":0.0,"gold_gain":0.0,"event_name":"Wheel of Change","player_choice":"Damaged","floor":39.0,"gold_loss":0.0,"damage_taken":8.0},{"damage_healed":0,"gold_gain":0,"player_choice":"Fight","damage_taken":0,"max_hp_gain":0,"max_hp_loss":0,"event_name":"MindBloom","floor":46,"gold_loss":0}],"is_beta":false,"boss_relics":[{"not_picked":["Velvet Choker","Runic Dome"],"picked":"hubris:Backtick"},{"not_picked":["RobotSpaceExplorer:SearchSpecs","beaked:SacredDeck"],"picked":"Fusion Hammer"}],"items_purged_floors":[],"is_endless":false,"potions_floor_spawned":[1,3,5,18,21,28,29,33,35,41,42,47,48],"ascension_level":0}}