{"host":"p7j7o00jacnw7qzt","time":1607748663,"event":{"mods":["BaseMod","Colored Map","Colored Powertips","DeckTracker","Highlight Path","Minty Spire (QoL Compilation)","Relic Stats"],"gold_per_floor":[109,109,109,184,109,109,128,157,237,257,257,282,282,207,207,306,306,320,370,19,19,33,67,67,100,100,100,143,143,143],"floor_reached":29,"playtime":1267,"items_purged":["Strike_R","Strike_R"],"score":654,"play_id":"f4063bc1-9916-4609-8530-9eb315ca3ec6","local_time":"20201211235103","is_ascension_mode":true,"campfire_choices":[{"data":"Second Wind","floor":6.0,"key":"SMITH"},{"data":"Hemokinesis","floor":13.0,"key":"SMITH"},{"data":"Bloodletting","floor":15.0,"key":"SMITH"},{"floor":27.0,"key":"REST"}],"circlet_count":0,"master_deck":["AscendersBane","Strike_R","Defend_R","Defend_R","Defend_R","Defend_R","Bash+1","Second Wind+1","Bloodletting+1","Carnage","Hemokinesis+1","Feed+1","CurseOfTheBell","Feel No Pain","Deep Breath","Battle Trance","Burning Pact"],"relics":["Burning Blood","NeowsBlessing","PreservedInsect","Mango","InkBottle","Golden Idol","Calling Bell","Tiny Chest","The Courier","Ice Cream","TheAbacus","Nunchaku","Paper Frog","Anchor","Meat on the Bone","Whetstone"],"acts_visited":["Exordium","TheCity"],"potions_floor_usage":[],"damage_taken":[{"damage":0.0,"enemies":"Small Slimes","floor":1.0,"turns":1.0},{"damage":0.0,"enemies":"Jaw Worm","floor":7.0,"turns":1.0},{"damage":0.0,"enemies":"Lagavulin","floor":8.0,"turns":2.0},{"damage":1.0,"enemies":"2 Louse","floor":10.0,"turns":4.0},{"damage":14.0,"enemies":"Exordium Thugs","floor":12.0,"turns":6.0},{"damage":60.0,"enemies":"Slime Boss","floor":16.0,"turns":9.0},{"damage":40.0,"enemies":"Shell Parasite","floor":18.0,"turns":4.0},{"damage":18.0,"enemies":"2 Thieves","floor":22.0,"turns":4.0},{"damage":14.0,"enemies":"Gremlin Leader","floor":23.0,"turns":6.0},{"damage":28.0,"enemies":"Book of Stabbing","floor":25.0,"turns":4.0},{"damage":33.0,"enemies":"Gremlin Leader","floor":28.0,"turns":5.0},{"damage":24,"enemies":"Chosen and Byrds","floor":29,"turns":4}],"seed_played":"8350442662848009203","potions_obtained":[{"floor":1.0,"key":"BloodPotion"},{"floor":7.0,"key":"SteroidPotion"},{"floor":18.0,"key":"BloodPotion"}],"is_trial":false,"path_per_floor":["M","?","T","?","$","R","M","E","T","M","?","M","R","?","R","B",null,"M","?","$","?","M","E","T","E","T","R","E","M"],"character_chosen":"IRONCLAD","items_purchased":["Feel No Pain","TheAbacus","Deep Breath"],"campfire_rested":1,"item_purchase_floors":[20,20,20],"current_hp_per_floor":[74,74,74,63,63,63,69,89,89,89,81,73,73,73,73,19,66,32,32,32,32,23,15,15,12,12,38,23,0,0],"gold":143,"neow_bonus":"THREE_ENEMY_KILL","is_daily":false,"chose_seed":false,"campfire_upgraded":3,"win_rate":0.0,"timestamp":1607748663,"path_taken":["M","?","?","?","$","R","M","E","T","M","?","M","R","?","R","BOSS","M","?","?","?","M","E","?","E","T","R","E","M"],"items_purchased_type":["Card","Relic","Card"],"build_version":"2020-11-30","purchased_purges":2,"victory":false,"max_hp_per_floor":[75,75,75,75,75,75,75,89,89,89,81,81,81,81,81,81,81,81,81,81,81,84,84,84,87,87,87,87,87,87],"relic_stats":{"Nunchaku":[1],"TheAbacus":[102],"counters":[12,50],"Golden Idol":54,"Tiny Chest":1,"PreservedInsect":138,"Whetstone":["Feed","Bash"],"obtain_stats":[{"Ice Cream":17,"NeowsBlessing":0,"Golden Idol":11,"Mango":8,"PreservedInsect":3,"The Courier":17,"Whetstone":28,"Burning Blood":0,"Calling Bell":17,"Nunchaku":23,"Anchor":25,"TheAbacus":20,"Tiny Chest":17,"InkBottle":9,"Paper Frog":24,"Meat on the Bone":26},{"Ice Cream":6,"NeowsBlessing":0,"Golden Idol":4,"Mango":3,"PreservedInsect":1,"The Courier":6,"Whetstone":11,"Burning Blood":0,"Calling Bell":6,"Nunchaku":9,"Anchor":10,"TheAbacus":7,"Tiny Chest":6,"InkBottle":3,"Paper Frog":9,"Meat on the Bone":10},{"Ice Cream":23,"NeowsBlessing":0,"Golden Idol":8,"Mango":4,"PreservedInsect":1,"The Courier":23,"Whetstone":46,"Burning Blood":0,"Calling Bell":23,"Nunchaku":37,"Anchor":41,"TheAbacus":27,"Tiny Chest":23,"InkBottle":4,"Paper Frog":37,"Meat on the Bone":41}],"Burning Blood":61,"InkBottle":[9],"Meat on the Bone":12},"card_choices":[{"not_picked":["Iron Wave","Body Slam"],"picked":"Second Wind","floor":1.0},{"not_picked":["Metallicize","True Grit","Headbutt"],"picked":"SKIP","floor":7.0},{"not_picked":["Clothesline","Cleave"],"picked":"Bloodletting","floor":8.0},{"not_picked":["Clash","Headbutt"],"picked":"Carnage","floor":10.0},{"not_picked":["Dual Wield","Havoc"],"picked":"Hemokinesis","floor":12.0},{"not_picked":["Limit Break","Bludgeon"],"picked":"Feed","floor":16.0},{"not_picked":["Iron Wave","Perfected Strike+1","Disarm"],"picked":"SKIP","floor":18.0},{"not_picked":["Clash","Headbutt"],"picked":"Battle Trance","floor":22.0},{"not_picked":["Cleave","Searing Blow","Inflame"],"picked":"SKIP","floor":23.0},{"not_picked":["Cleave","Searing Blow","Inflame"],"picked":"SKIP","floor":23.0},{"not_picked":["Flex","Heavy Blade"],"picked":"Burning Pact","floor":25.0},{"not_picked":["Warcry","Armaments","Battle Trance"],"picked":"SKIP","floor":28.0}],"player_experience":798088,"relics_obtained":[{"floor":3.0,"key":"PreservedInsect"},{"floor":8.0,"key":"Mango"},{"floor":9.0,"key":"InkBottle"},{"floor":17.0,"key":"Tiny Chest"},{"floor":17.0,"key":"The Courier"},{"floor":17.0,"key":"Ice Cream"},{"floor":23.0,"key":"Nunchaku"},{"floor":24.0,"key":"Paper Frog"},{"floor":25.0,"key":"Anchor"},{"floor":26.0,"key":"Meat on the Bone"},{"floor":28.0,"key":"Whetstone"}],"event_choices":[{"cards_removed":["Strike_R"],"damage_healed":0.0,"max_hp_gain":0.0,"max_hp_loss":0.0,"gold_gain":0.0,"event_name":"Living Wall","player_choice":"Forget","floor":2.0,"gold_loss":0.0,"damage_taken":0.0},{"damage_healed":0.0,"max_hp_gain":0.0,"max_hp_loss":0.0,"gold_gain":75.0,"event_name":"World of Goop","player_choice":"Gather Gold","floor":4.0,"gold_loss":0.0,"damage_taken":11.0},{"damage_healed":0.0,"max_hp_gain":0.0,"max_hp_loss":8.0,"gold_gain":0.0,"event_name":"Golden Idol","player_choice":"Lose Max HP","floor":11.0,"gold_loss":0.0,"damage_taken":0.0,"relics_obtained":["Golden Idol"]},{"cards_removed":["Strike_R"],"damage_healed":0.0,"max_hp_gain":0.0,"max_hp_loss":0.0,"gold_gain":0.0,"event_name":"The Cleric","player_choice":"Card Removal","floor":14.0,"gold_loss":75.0,"damage_taken":0.0},{"damage_healed":0.0,"max_hp_gain":0.0,"max_hp_loss":0.0,"gold_gain":100.0,"event_name":"The Joust","player_choice":"Bet on Murderer","floor":19.0,"gold_loss":50.0,"damage_taken":0.0},{"damage_healed":0.0,"max_hp_gain":0.0,"max_hp_loss":0.0,"gold_gain":0.0,"event_name":"Vampires","player_choice":"Ignored","floor":21.0,"gold_loss":0.0,"damage_taken":0.0}],"is_beta":false,"boss_relics":[{"not_picked":["Pandora\u0027s Box","Black Blood"],"picked":"Calling Bell"}],"items_purged_floors":[5,20],"is_endless":false,"potions_floor_spawned":[1,7,18],"killed_by":"Chosen and Byrds","ascension_level":20}}