{"host":"7cfzm0fn42wwm7gf","time":1607781925,"event":{"mods":["Alarm Clock","BaseMod","Colored Powertips","Highlight Path","Minty Spire (QoL Compilation)","Quick Restart","Relic Stats","Waifu the Spire"],"gold_per_floor":[109,124,49,49,68,68,68],"floor_reached":6,"playtime":160,"items_purged":["Strike_G"],"score":59,"play_id":"066898af-e541-4f39-bd88-c5473cd6c177","local_time":"20201212220525","is_ascension_mode":true,"campfire_choices":[],"circlet_count":0,"master_deck":["AscendersBane","Strike_G","Strike_G","Strike_G","Strike_G","Defend_G","Defend_G","Defend_G","Defend_G","Defend_G","Survivor","Neutralize","Acrobatics","Concentrate"],"relics":["Ring of the Snake","NeowsBlessing","Pocketwatch"],"acts_visited":["Exordium"],"potions_floor_usage":[],"damage_taken":[{"damage":0,"enemies":"Cultist","floor":1,"turns":1},{"damage":0,"enemies":"Small Slimes","floor":2,"turns":1},{"damage":0,"enemies":"2 Louse","floor":5,"turns":1},{"damage":0,"enemies":"Gremlin Nob","floor":6,"turns":2}],"seed_played":"1687299624007912606","potions_obtained":[{"floor":1,"key":"Ancient Potion"}],"is_trial":false,"path_per_floor":["M","M","$","?","M","E"],"character_chosen":"THE_SILENT","items_purchased":[],"campfire_rested":0,"item_purchase_floors":[],"current_hp_per_floor":[63,63,63,56,56,56,56],"gold":68,"neow_bonus":"THREE_ENEMY_KILL","is_daily":false,"chose_seed":false,"campfire_upgraded":0,"win_rate":0.0,"timestamp":1607781925,"path_taken":["M","?","$","?","M","E"],"items_purchased_type":[],"build_version":"2020-11-30","purchased_purges":1,"victory":false,"max_hp_per_floor":[70,70,70,70,70,70,70],"relic_stats":{"counters":[4,5],"obtain_stats":[{"NeowsBlessing":0,"Ring of the Snake":0,"Pocketwatch":4},{"NeowsBlessing":0,"Ring of the Snake":0,"Pocketwatch":2},{"NeowsBlessing":0,"Ring of the Snake":0,"Pocketwatch":2}],"Ring of the Snake":[8],"Pocketwatch":[0]},"card_choices":[{"not_picked":["Choke","Outmaneuver","Dagger Throw"],"picked":"SKIP","floor":1},{"not_picked":["Deadly Poison","Sucker Punch"],"picked":"Acrobatics","floor":2},{"not_picked":["Backstab","Quick Slash"],"picked":"Concentrate","floor":5}],"player_experience":96628,"relics_obtained":[],"event_choices":[{"damage_healed":0,"gold_gain":0,"player_choice":"Success","damage_taken":7,"relics_obtained":["Pocketwatch"],"max_hp_gain":0,"max_hp_loss":0,"event_name":"Scrap Ooze","floor":4,"gold_loss":0}],"is_beta":false,"boss_relics":[],"items_purged_floors":[3],"is_endless":false,"potions_floor_spawned":[1],"killed_by":"Gremlin Nob","ascension_level":13}}