{"host":"sqc03gvc95ea30py","time":1607746256,"event":{"mods":["BaseMod","Better-Laid Plans","Colored Powertips","Minty Spire (QoL Compilation)","Quick Restart","Shop Mod"],"gold_per_floor":[111,122,72,86,133,133,58,75,75,75,87,87,116,132,132,234,234,252,271,282,55,69,69,400,400,424,166,176,209,27,40,40,135,135,154,168,180,180,194,194,194,226,226,242,259,297,297,297,297,297,297,297,20,51,51,51],"floor_reached":55,"playtime":2312,"items_purged":["Strike_G","Strike_G","Strike_G","Neutralize+1","Defend_G"],"score":1549,"play_id":"12a53fc5-6590-4938-9427-9dff0936aee8","local_time":"20201212121056","is_ascension_mode":true,"campfire_choices":[{"data":"Flechettes","floor":6.0,"key":"SMITH"},{"data":"Neutralize","floor":10.0,"key":"SMITH"},{"data":"Calculated Gamble","floor":12.0,"key":"SMITH"},{"data":"Eviscerate","floor":15.0,"key":"SMITH"},{"data":"Burst","floor":23.0,"key":"SMITH"},{"data":"Prepared","floor":32,"key":"SMITH"},{"data":"Phantasmal Killer","floor":40,"key":"SMITH"},{"data":"Deep Breath","floor":47,"key":"SMITH"},{"floor":49,"key":"RECALL"},{"data":"Purity","floor":52,"key":"SMITH"}],"circlet_count":0,"master_deck":["AscendersBane","Defend_G","Defend_G","Survivor","Eviscerate+1","Flechettes+1","Grand Finale+1","Calculated Gamble+1","Eviscerate+1","Burst+1","Acrobatics+1","Acrobatics","Prepared+1","Well Laid Plans+1","Eviscerate+1","Expertise+1","Tools of the Trade+1","Prepared+1","Backflip+1","Phantasmal Killer+1","Purity","Purity+1","Transmutation","Well Laid Plans+1","Deep Breath+1","Terror+1"],"relics":["Ring of the Snake","Bag of Marbles","Pantograph","HoveringKite","Membership Card","MerchantsRug","TheAbacus","Gremlin Horn","Paper Crane","PreservedInsect","Vajra","Sling","Pen Nib","Boot","StoneCalendar"],"acts_visited":["Exordium","TheCity","TheBeyond","TheEnding"],"potions_floor_usage":[33,50,55,55],"damage_taken":[{"damage":9.0,"enemies":"Jaw Worm","floor":1.0,"turns":6.0},{"damage":0.0,"enemies":"Cultist","floor":2.0,"turns":3.0},{"damage":0.0,"enemies":"Small Slimes","floor":4.0,"turns":3.0},{"damage":5.0,"enemies":"Gremlin Gang","floor":8.0,"turns":4.0},{"damage":4.0,"enemies":"2 Fungi Beasts","floor":11.0,"turns":3.0},{"damage":21.0,"enemies":"3 Sentries","floor":13.0,"turns":9.0},{"damage":12.0,"enemies":"Exordium Wildlife","floor":14.0,"turns":2.0},{"damage":51.0,"enemies":"Slime Boss","floor":16.0,"turns":11.0},{"damage":14.0,"enemies":"3 Byrds","floor":18.0,"turns":7.0},{"damage":4.0,"enemies":"Shell Parasite","floor":19.0,"turns":2.0},{"damage":15.0,"enemies":"Snake Plant","floor":20.0,"turns":3.0},{"damage":4.0,"enemies":"Chosen and Byrds","floor":22.0,"turns":4.0},{"damage":0.0,"enemies":"Book of Stabbing","floor":24.0,"turns":2.0},{"damage":9.0,"enemies":"3 Cultists","floor":28.0,"turns":4.0},{"damage":0.0,"enemies":"Gremlin Leader","floor":29.0,"turns":3.0},{"damage":4,"enemies":"Snake Plant","floor":31,"turns":3},{"damage":0,"enemies":"Collector","floor":33,"turns":3},{"damage":0,"enemies":"Orb Walker","floor":35,"turns":1},{"damage":0,"enemies":"3 Darklings","floor":36,"turns":2},{"damage":0,"enemies":"Jaw Worm Horde","floor":37,"turns":2},{"damage":6,"enemies":"Maw","floor":39,"turns":5},{"damage":12,"enemies":"Giant Head","floor":42,"turns":4},{"damage":0,"enemies":"3 Darklings","floor":44,"turns":1},{"damage":0,"enemies":"Jaw Worm Horde","floor":45,"turns":2},{"damage":20,"enemies":"Donu and Deca","floor":50,"turns":3},{"damage":12,"enemies":"Shield and Spear","floor":54,"turns":2},{"damage":95,"enemies":"The Heart","floor":55,"turns":6}],"seed_played":"-2844642358309497981","potions_obtained":[{"floor":2.0,"key":"FairyPotion"},{"floor":13.0,"key":"ColorlessPotion"},{"floor":14.0,"key":"Ancient Potion"},{"floor":16.0,"key":"SpeedPotion"},{"floor":19.0,"key":"GhostInAJar"},{"floor":24.0,"key":"CultistPotion"},{"floor":28.0,"key":"PowerPotion"},{"floor":31,"key":"EssenceOfSteel"},{"floor":36,"key":"Block Potion"}],"is_trial":false,"path_per_floor":["M","M","?","M","T","R","$","M","T","R","M","R","E","M","R","B",null,"M","M","M","$","M","R","E","?","T","$","M","E","$","M","R","B",null,"M","M","M","?","M","R","T","E","T","M","M","$","R","?","R","B",null,"R","$","E","B"],"character_chosen":"THE_SILENT","items_purchased":["Membership Card","Acrobatics","Prepared","MerchantsRug","Matryoshka","Eviscerate","Whetstone","TheAbacus","Vajra","Deep Breath","Sling","Pen Nib","Boot"],"campfire_rested":0,"item_purchase_floors":[21,21,27,27,27,30,30,30,46,46,53,53,53],"current_hp_per_floor":[36,36,36,36,36,36,36,31,31,31,27,27,16,4,4,17,64,50,46,31,31,27,27,27,27,27,27,18,18,18,14,14,39,70,70,70,70,60,54,54,54,42,42,42,42,57,57,57,57,60,75,75,80,68,0,0],"gold":51,"neow_bonus":"REMOVE_TWO","is_daily":false,"chose_seed":false,"campfire_upgraded":9,"win_rate":0.0,"timestamp":1607746256,"path_taken":["M","M","?","M","?","R","$","M","T","R","?","R","E","M","R","BOSS","M","M","?","?","?","R","E","?","T","$","M","E","$","?","R","BOSS","M","?","M","?","M","R","?","E","T","M","M","$","R","?","R","BOSS","R","$","E","BOSS"],"items_purchased_type":["Relic","Card","Card","Relic","Relic","Card","Relic","Relic","Relic","Card","Relic","Relic","Relic"],"build_version":"2020-11-30","purchased_purges":5,"victory":false,"max_hp_per_floor":[70,70,70,70,70,70,70,70,70,70,70,70,80,80,80,80,80,80,80,80,80,80,80,80,80,80,80,80,80,80,80,80,80,80,80,80,80,80,80,80,80,80,80,80,80,80,80,80,80,80,80,80,80,80,80,80],"card_choices":[{"not_picked":["Quick Slash","Bane"],"picked":"Eviscerate","floor":1.0},{"not_picked":["Cloak And Dagger","Bane"],"picked":"Blade Dance","floor":2.0},{"not_picked":["Underhanded Strike","Dagger Spray"],"picked":"Flechettes","floor":4.0},{"not_picked":["Acrobatics","Dagger Spray"],"picked":"Grand Finale","floor":8.0},{"not_picked":["Terror","Outmaneuver"],"picked":"Calculated Gamble","floor":11.0},{"not_picked":["Deadly Poison","All Out Attack","Unload"],"picked":"SKIP","floor":13.0},{"not_picked":["Endless Agony","Riddle With Holes"],"picked":"Eviscerate","floor":14.0},{"not_picked":["Envenom","Doppelganger"],"picked":"Burst","floor":16.0},{"not_picked":["Endless Agony+1","Bane","Dagger Spray"],"picked":"SKIP","floor":18.0},{"not_picked":["Deadly Poison","PiercingWail"],"picked":"Acrobatics+1","floor":19.0},{"not_picked":["Sucker Punch","Terror","Dagger Spray"],"picked":"SKIP","floor":20.0},{"not_picked":["Distraction+1","Endless Agony+1","Slice"],"picked":"SKIP","floor":22.0},{"not_picked":["Noxious Fumes","Bouncing Flask","Dash"],"picked":"SKIP","floor":24.0},{"not_picked":["Underhanded Strike","Prepared"],"picked":"Well Laid Plans+1","floor":28.0},{"not_picked":["Corpse Explosion","Setup+1","Dagger Spray+1"],"picked":"SKIP","floor":29.0},{"not_picked":["Accuracy+1","Noxious Fumes+1"],"picked":"Expertise+1","floor":31},{"not_picked":["Unload","Corpse Explosion"],"picked":"Tools of the Trade+1","floor":33},{"not_picked":["Predator+1","Caltrops+1"],"picked":"Prepared+1","floor":35},{"not_picked":["Dagger Throw+1","Sucker Punch"],"picked":"Backflip+1","floor":36},{"not_picked":["Outmaneuver+1","Blade Dance"],"picked":"Phantasmal Killer","floor":37},{"not_picked":["Forethought","Madness"],"picked":"Purity","floor":38},{"not_picked":["Mind Blast","Dark Shackles"],"picked":"Purity","floor":38},{"not_picked":["Purity","Good Instincts"],"picked":"Transmutation","floor":38},{"not_picked":["Catalyst+1","Sucker Punch","Slice+1"],"picked":"SKIP","floor":39},{"not_picked":["Endless Agony+1","Dagger Throw+1","Dash"],"picked":"SKIP","floor":42},{"not_picked":["Outmaneuver","Skewer","Sucker Punch"],"picked":"Well Laid Plans+1","floor":44},{"not_picked":["Crippling Poison+1","Quick Slash","Dagger Spray","Finisher+1"],"picked":"SKIP","floor":45},{"not_picked":["Dagger Spray+1","Dagger Throw"],"picked":"Terror+1","floor":54}],"player_experience":338337,"relics_obtained":[{"floor":5.0,"key":"Bag of Marbles"},{"floor":9.0,"key":"Pantograph"},{"floor":13.0,"key":"Pear"},{"floor":24.0,"key":"Old Coin"},{"floor":29.0,"key":"Frozen Egg 2"},{"floor":41,"key":"Gremlin Horn"},{"floor":41,"key":"MealTicket"},{"floor":42,"key":"Paper Crane"},{"floor":43,"key":"PreservedInsect"},{"floor":43,"key":"Question Card"},{"floor":54,"key":"StoneCalendar"}],"event_choices":[{"cards_removed":["Strike_G"],"damage_healed":0.0,"max_hp_gain":0.0,"max_hp_loss":0.0,"gold_gain":0.0,"event_name":"The Cleric","player_choice":"Card Removal","floor":3.0,"gold_loss":50.0,"damage_taken":0.0},{"damage_healed":0.0,"max_hp_gain":0.0,"max_hp_loss":0.0,"gold_gain":0.0,"event_name":"Accursed Blacksmith","player_choice":"Forge","floor":25.0,"gold_loss":0.0,"damage_taken":0.0,"cards_upgraded":["Eviscerate"]},{"damage_healed":0,"gold_gain":0,"player_choice":"Memory 3","damage_taken":10,"max_hp_gain":0,"max_hp_loss":0,"event_name":"SensoryStone","floor":38,"gold_loss":0},{"damage_healed":0,"gold_gain":0,"player_choice":"Ignored","damage_taken":0,"max_hp_gain":0,"max_hp_loss":0,"event_name":"Tomb of Lord Red Mask","floor":48,"gold_loss":0}],"is_beta":false,"boss_relics":[{"not_picked":["Ectoplasm","Coffee Dripper"],"picked":"HoveringKite"},{"not_picked":["Calling Bell","Tiny House"],"picked":"Empty Cage"}],"items_purged_floors":[7,21,27,46,53],"is_endless":false,"potions_floor_spawned":[2,13,14,16,19,24,28,29,31,36,37,39],"killed_by":"The Heart","ascension_level":10}}