{"host":"2yqfi47fogfu1ic4","time":1607732139,"event":{"mods":["AchievementEnabler","BaseMod","Colored Map","Colored Powertips","Highlight Path","Minty Spire (QoL Compilation)","Permanent Neow","Relic Stats","StSLib"],"gold_per_floor":[359,359,377,42,60,89,107,107,107,107,118,153,163,197,197,274,274,287,302,302,313,313,343,343,343,417,430,71,102,156,173,173,250,250,268,203,203,203,217,217,243,258,258,271,305,324,133,145,145,145,145,145,145,37,62,62],"floor_reached":57,"playtime":4511,"items_purged":["Strike_G","Strike_G","Strike_G"],"score":2973,"play_id":"87c7a7c7-b1b4-41c2-b023-bfec4f2902ca","local_time":"20201212011539","is_ascension_mode":true,"campfire_choices":[{"floor":8.0,"key":"REST"},{"data":"Bouncing Flask","floor":15,"key":"SMITH"},{"data":"Bouncing Flask","floor":25,"key":"SMITH"},{"data":"Night Terror","floor":32,"key":"SMITH"},{"data":"Wraith Form v2","floor":40,"key":"SMITH"},{"floor":49,"key":"RECALL"},{"data":"Well Laid Plans","floor":53,"key":"SMITH"}],"circlet_count":0,"master_deck":["AscendersBane","Defend_G","Defend_G","Defend_G","Defend_G","Defend_G","Survivor","Neutralize","Outmaneuver","Masterful Stab","Storm of Steel","Catalyst+1","Blur","Bouncing Flask+1","Deadly Poison","Backflip","PiercingWail","Bouncing Flask+1","Night Terror+1","Backflip","PanicButton","Backflip","Wraith Form v2+1","Backflip","Crippling Poison+1","Well Laid Plans+1","Burst","Catalyst","Outmaneuver+1","Footwork","Noxious Fumes","PiercingWail"],"relics":["Ring of the Snake","TwistedFunnel","Letter Opener","Singing Bowl","Boot","Gremlin Horn","Coffee Dripper","Juzu Bracelet","Question Card","Membership Card","Centennial Puzzle","Strawberry","Lantern","Sozu","Snake Skull","Kunai","Anchor","ClockworkSouvenir","Toy Ornithopter"],"acts_visited":["Exordium","TheCity","TheBeyond","TheEnding"],"potions_floor_usage":[12,14,19,29],"damage_taken":[{"damage":5.0,"enemies":"Cultist","floor":1.0,"turns":5.0},{"damage":0.0,"enemies":"2 Louse","floor":3.0,"turns":5.0},{"damage":0.0,"enemies":"Jaw Worm","floor":5.0,"turns":3.0},{"damage":29.0,"enemies":"3 Sentries","floor":6.0,"turns":10.0},{"damage":0.0,"enemies":"Blue Slaver","floor":7.0,"turns":3.0},{"damage":0.0,"enemies":"Exordium Wildlife","floor":11.0,"turns":3.0},{"damage":10,"enemies":"Lagavulin","floor":12,"turns":3},{"damage":0,"enemies":"Lots of Slimes","floor":13,"turns":2},{"damage":12,"enemies":"3 Sentries","floor":14,"turns":8},{"damage":7,"enemies":"Hexaghost","floor":16,"turns":7},{"damage":2,"enemies":"Chosen","floor":18,"turns":3},{"damage":0,"enemies":"2 Thieves","floor":19,"turns":3},{"damage":6,"enemies":"Snake Plant","floor":21,"turns":3},{"damage":13,"enemies":"Book of Stabbing","floor":23,"turns":4},{"damage":7,"enemies":"3 Cultists","floor":27,"turns":4},{"damage":2,"enemies":"Slavers","floor":29,"turns":3},{"damage":0,"enemies":"Snecko","floor":31,"turns":5},{"damage":0,"enemies":"Champ","floor":33,"turns":3},{"damage":0,"enemies":"Orb Walker","floor":35,"turns":2},{"damage":0,"enemies":"3 Shapes","floor":39,"turns":2},{"damage":1,"enemies":"Reptomancer","floor":41,"turns":5},{"damage":0,"enemies":"3 Darklings","floor":42,"turns":4},{"damage":0,"enemies":"4 Shapes","floor":44,"turns":3},{"damage":0,"enemies":"Giant Head","floor":45,"turns":4},{"damage":0,"enemies":"Transient","floor":46,"turns":5},{"damage":4,"enemies":"Writhing Mass","floor":48,"turns":3},{"damage":1,"enemies":"Time Eater","floor":50,"turns":3},{"damage":31,"enemies":"Donu and Deca","floor":51,"turns":9},{"damage":0,"enemies":"Shield and Spear","floor":55,"turns":5},{"damage":51,"enemies":"The Heart","floor":56,"turns":6}],"seed_played":"5624650121047324418","potions_obtained":[{"floor":1.0,"key":"Strength Potion"},{"floor":3.0,"key":"DistilledChaos"},{"floor":11.0,"key":"Regen Potion"},{"floor":12,"key":"Energy Potion"},{"floor":16,"key":"Poison Potion"},{"floor":19,"key":"SteroidPotion"},{"floor":27,"key":"DuplicationPotion"},{"floor":29,"key":"SteroidPotion"}],"is_trial":false,"path_per_floor":["M","?","M","$","M","E","M","R","T","?","M","E","M","E","R","B",null,"M","M","?","M","?","E","?","R","T","M","$","E","T","M","R","B",null,"M","$","?","?","M","R","E","M","T","M","E","M","$","M","R","B","B",null,"R","$","E","B",null],"character_chosen":"THE_SILENT","items_purchased":["TwistedFunnel","Storm of Steel","Membership Card","Centennial Puzzle","Backflip","PanicButton","Backflip","Footwork","Anchor","ClockworkSouvenir","PiercingWail"],"campfire_rested":1,"item_purchase_floors":[4,4,28,28,28,28,36,47,47,54,54],"current_hp_per_floor":[54,54,54,54,54,25,25,43,43,43,43,47,47,37,37,32,58,58,60,60,56,56,43,37,37,37,30,30,37,37,37,37,37,70,72,72,72,72,72,72,71,73,73,73,73,73,73,69,69,68,37,73,73,73,75,24],"gold":62,"neow_bonus":"TWO_FIFTY_GOLD","is_daily":false,"chose_seed":false,"campfire_upgraded":5,"win_rate":0.0,"timestamp":1607732139,"path_taken":["M","?","M","$","M","E","M","R","T","?","?","E","M","E","R","BOSS","M","M","?","M","?","E","?","R","T","M","?","E","?","M","R","BOSS","M","$","?","?","M","R","E","M","T","M","E","M","?","M","R","BOSS","BOSS","R","$","E","BOSS"],"items_purchased_type":["Relic","Card","Relic","Relic","Card","Card","Card","Card","Relic","Relic","Card"],"build_version":"2020-11-30","purchased_purges":3,"victory":true,"max_hp_per_floor":[60,60,60,60,60,60,60,60,60,60,60,62,62,64,64,66,66,68,70,70,72,72,72,72,72,72,72,72,81,81,81,81,81,81,83,83,83,83,83,83,83,85,85,85,85,85,85,85,85,85,85,85,85,85,87,87],"relic_stats":{"Singing Bowl":20,"Gremlin Horn":[18,18],"counters":[30,128],"Snake Skull":[157],"Juzu Bracelet":1,"Letter Opener":[548],"Boot":[94],"Question Card":13,"Sozu":4,"Centennial Puzzle":[18],"Kunai":[3],"obtain_stats":[{"TwistedFunnel":4,"Lantern":30,"Singing Bowl":9,"Gremlin Horn":14,"Snake Skull":41,"Juzu Bracelet":23,"Letter Opener":6,"Boot":12,"Question Card":26,"ClockworkSouvenir":54,"Sozu":34,"Centennial Puzzle":28,"Anchor":47,"Strawberry":29,"Coffee Dripper":17,"Membership Card":28,"Kunai":45,"Toy Ornithopter":55,"Ring of the Snake":0},{"TwistedFunnel":2,"Lantern":16,"Singing Bowl":5,"Gremlin Horn":9,"Snake Skull":21,"Juzu Bracelet":14,"Letter Opener":4,"Boot":7,"Question Card":14,"ClockworkSouvenir":28,"Sozu":18,"Centennial Puzzle":15,"Anchor":25,"Strawberry":16,"Coffee Dripper":10,"Membership Card":15,"Kunai":24,"Toy Ornithopter":29,"Ring of the Snake":0},{"TwistedFunnel":10,"Lantern":69,"Singing Bowl":26,"Gremlin Horn":42,"Snake Skull":86,"Juzu Bracelet":62,"Letter Opener":23,"Boot":32,"Question Card":62,"ClockworkSouvenir":117,"Sozu":77,"Centennial Puzzle":66,"Anchor":102,"Strawberry":69,"Coffee Dripper":49,"Membership Card":66,"Kunai":97,"Toy Ornithopter":122,"Ring of the Snake":0}],"Toy Ornithopter":0,"Ring of the Snake":[60]},"card_choices":[{"not_picked":["Setup","Expertise"],"picked":"Outmaneuver","floor":1.0},{"not_picked":["Bane","Prepared"],"picked":"Masterful Stab","floor":3.0},{"not_picked":["Reflex","Accuracy"],"picked":"Catalyst","floor":5.0},{"not_picked":["Deadly Poison","PiercingWail"],"picked":"Blur","floor":6.0},{"not_picked":["Blade Dance","Underhanded Strike"],"picked":"Bouncing Flask","floor":7.0},{"not_picked":["Bane","Backflip"],"picked":"Deadly Poison","floor":11.0},{"not_picked":["Riddle With Holes","Bane","Cloak And Dagger"],"picked":"Singing Bowl","floor":12},{"not_picked":["Cloak And Dagger","Deadly Poison"],"picked":"Backflip","floor":13},{"not_picked":["Grand Finale","Deadly Poison","Flechettes"],"picked":"Singing Bowl","floor":14},{"not_picked":["Storm of Steel","Grand Finale","Unload"],"picked":"Singing Bowl","floor":16},{"not_picked":["Blade Dance","Backstab","Terror"],"picked":"Singing Bowl","floor":18},{"not_picked":["Flechettes","Reflex","Deflect"],"picked":"Singing Bowl","floor":19},{"not_picked":["Dagger Spray+1","Endless Agony","Deadly Poison"],"picked":"Singing Bowl","floor":21},{"not_picked":["Sucker Punch","Slice+1"],"picked":"Bouncing Flask","floor":23},{"not_picked":["Leg Sweep","Slice","Skewer"],"picked":"Night Terror","floor":27},{"not_picked":["Slice","Terror","PiercingWail","Blade Dance"],"picked":"Singing Bowl","floor":29},{"not_picked":["Deflect","Poisoned Stab","Flechettes"],"picked":"Backflip","floor":31},{"not_picked":["Burst","Die Die Die","Night Terror"],"picked":"Wraith Form v2","floor":33},{"not_picked":["Underhanded Strike+1","Setup+1","Finisher+1","Dagger Throw"],"picked":"Singing Bowl","floor":35},{"not_picked":["Dagger Spray","Prepared","Cloak And Dagger+1"],"picked":"Crippling Poison+1","floor":39},{"not_picked":["Outmaneuver","Crippling Poison","Leg Sweep+1"],"picked":"Well Laid Plans","floor":41},{"not_picked":["Quick Slash","Tactician","Riddle With Holes+1","Prepared"],"picked":"Singing Bowl","floor":42},{"not_picked":["Cloak And Dagger","All Out Attack+1","Deadly Poison+1"],"picked":"Burst","floor":44},{"not_picked":["Slice+1","Well Laid Plans","Outmaneuver"],"picked":"Catalyst","floor":45},{"not_picked":["Endless Agony","Cloak And Dagger","Bouncing Flask"],"picked":"Outmaneuver+1","floor":46},{"not_picked":["Backstab","Blade Dance+1","Flying Knee+1"],"picked":"Noxious Fumes","floor":48},{"not_picked":["Grand Finale","Venomology","Cloak And Dagger+1","Bane+1"],"picked":"Singing Bowl","floor":55}],"player_experience":1726861,"relics_obtained":[{"floor":6.0,"key":"Letter Opener"},{"floor":9.0,"key":"Singing Bowl"},{"floor":12,"key":"Boot"},{"floor":14,"key":"Gremlin Horn"},{"floor":23,"key":"Juzu Bracelet"},{"floor":26,"key":"Question Card"},{"floor":29,"key":"Strawberry"},{"floor":30,"key":"Lantern"},{"floor":41,"key":"Snake Skull"},{"floor":45,"key":"Kunai"},{"floor":55,"key":"Toy Ornithopter"}],"event_choices":[{"damage_healed":0.0,"max_hp_gain":0.0,"max_hp_loss":0.0,"gold_gain":0.0,"event_name":"Shining Light","player_choice":"Ignored","floor":2.0,"gold_loss":0.0,"damage_taken":0.0},{"damage_healed":0.0,"max_hp_gain":0.0,"max_hp_loss":0.0,"gold_gain":0.0,"event_name":"Upgrade Shrine","player_choice":"Upgraded","floor":10.0,"gold_loss":0.0,"damage_taken":0.0,"cards_upgraded":["Catalyst"]},{"damage_healed":0,"gold_gain":0,"cards_transformed":["Strike_G","Strike_G"],"player_choice":"Became Test Subject","damage_taken":0,"max_hp_gain":0,"max_hp_loss":0,"event_name":"Drug Dealer","floor":20,"gold_loss":0,"cards_obtained":["PiercingWail","Dagger Spray"]},{"damage_healed":0,"gold_gain":0,"player_choice":"Ignored","damage_taken":0,"max_hp_gain":0,"max_hp_loss":0,"event_name":"Vampires","floor":22,"gold_loss":0},{"damage_healed":0,"gold_gain":0,"player_choice":"","damage_taken":6,"max_hp_gain":0,"max_hp_loss":0,"event_name":"Knowing Skull","floor":24,"potions_obtained":[],"gold_loss":0,"cards_obtained":[]},{"cards_removed":["Dagger Spray"],"damage_healed":0,"gold_gain":0,"player_choice":"Removed Attack","damage_taken":0,"max_hp_gain":0,"max_hp_loss":0,"event_name":"Falling","floor":37,"gold_loss":0},{"damage_healed":0,"gold_gain":0,"player_choice":"Ignored","damage_taken":0,"max_hp_gain":0,"max_hp_loss":0,"event_name":"Mysterious Sphere","floor":38,"gold_loss":0}],"is_beta":false,"boss_relics":[{"not_picked":["Astrolabe","Runic Dome"],"picked":"Coffee Dripper"},{"not_picked":["WristBlade","Ring of the Serpent"],"picked":"Sozu"}],"items_purged_floors":[28,36,47],"is_endless":false,"potions_floor_spawned":[1,3,5,11,12,16,19,27,29,35,44,46,48],"ascension_level":20}}