{"host":"c3kh4y5z2xx8jyu6","time":1607803975,"event":{"mods":["AchievementEnabler","BaseMod","Colored Powertips","Downfall","Hermit","Hubris","Lobotomy","Marisa????????","Minty Spire (QoL Compilation)","READ ME - Guardian Mod","Replay The Spire","Shop Mod","StSLib","Td1madao Mod","The Bug Knight","The Cursed","The Disciple","The Hierophant","The Necromancer","The Runesmith","The Servant 0.9.4"],"gold_per_floor":[109,109,120,120,138,167,167,150,150,150,150],"floor_reached":10,"playtime":378,"items_purged":[],"score":68,"play_id":"8115455d-90a0-4395-8f8f-e78f38065575","local_time":"20201212221255","is_ascension_mode":false,"campfire_choices":[{"floor":7,"key":"REST"}],"circlet_count":0,"master_deck":["Strike_S","Strike_S","Strike_S","Strike_S","Defend_S","Defend_S","Defend_S","Defend_S","KidneyShot","Exchange","Advance","Rearm","FastForward","Defy"],"relics":["Uniform","Replay:Mystery Machine","Letter Opener","Tiny Chest"],"acts_visited":["Exordium"],"potions_floor_usage":[6,10],"damage_taken":[{"damage":1,"enemies":"2 Louse","floor":1,"turns":3},{"damage":0,"enemies":"Cultist","floor":3,"turns":5},{"damage":3,"enemies":"Small Slimes","floor":5,"turns":3},{"damage":59,"enemies":"Lagavulin","floor":6,"turns":11},{"damage":12,"enemies":"Exordium Thugs","floor":8,"turns":4},{"damage":25,"enemies":"Gremlin Nob","floor":10,"turns":3}],"seed_played":"4933106781436197443","potions_obtained":[{"floor":4,"key":"LiquidMemories"},{"floor":4,"key":"Regen Potion"},{"floor":4,"key":"Ancient Potion"},{"floor":5,"key":"Strength Potion"},{"floor":8,"key":"Slimebound:ThreeZeroPotion"}],"is_trial":false,"path_per_floor":["M","?","M","?","M","E","R","M","T","E"],"character_chosen":"THE_SERVANT","items_purchased":[],"campfire_rested":1,"item_purchase_floors":[],"current_hp_per_floor":[64,64,64,64,61,2,21,9,9,0,0],"gold":150,"neow_bonus":"RANDOM_COMMON_RELIC","is_daily":false,"chose_seed":false,"campfire_upgraded":0,"win_rate":0.0,"timestamp":1607803975,"path_taken":["M","?","?","?","M","E","R","M","T","E"],"items_purchased_type":[],"build_version":"2020-11-30","purchased_purges":0,"victory":false,"max_hp_per_floor":[65,65,65,65,65,65,65,65,65,65,65],"card_choices":[{"not_picked":["BottledTime","Rewind"],"picked":"Advance","floor":1},{"not_picked":["ShatteredReality","Unruled"],"picked":"Rearm","floor":3},{"not_picked":["Alleviate","Spin"],"picked":"FastForward","floor":5},{"not_picked":["FloweringNight","FastForward"],"picked":"Defy","floor":6},{"not_picked":["Replace","Defy","Moondial"],"picked":"SKIP","floor":8}],"player_experience":195491,"relics_obtained":[{"floor":6,"key":"Letter Opener"},{"floor":9,"key":"Tiny Chest"}],"event_choices":[{"damage_healed":0,"gold_gain":0,"player_choice":"Bought 0 Potions","damage_taken":0,"max_hp_gain":0,"max_hp_loss":0,"event_name":"The Woman in Blue","floor":2,"gold_loss":0},{"damage_healed":0,"gold_gain":0,"player_choice":"Got Potions","damage_taken":0,"max_hp_gain":0,"max_hp_loss":0,"event_name":"Lab","floor":4,"gold_loss":0}],"is_beta":false,"boss_relics":[],"items_purged_floors":[],"is_endless":false,"potions_floor_spawned":[5,8],"killed_by":"Gremlin Nob","ascension_level":0}}