{"host":"yassvrowvc2yfwp2","time":1607752637,"event":{"mods":["2.2 Compatiblity","Act Like it!","BaseMod","Better Note","Downfall","HololiveMod","Jorbs\u0027s Wanderer Trilogy","Minty Spire (QoL Compilation)","Prisma Mod","Rare Cards Sparkle","Reimu£®≤©¿ˆ¡È√Œ£©","Replay The Spire","Spicy Shops","StSLib","The Bug Knight","The Cursed","The Servant 0.9.4"],"gold_per_floor":[115,115,115,164,177,177,203,203,203,246,246,287,305,340,340,454,554,573,582,594,610,627,627,627,664,664,703,703,718,718,736,736,846,846,862,881,497,509,509,552,552,587,587,631,672,723,735,765,777,789],"floor_reached":51,"playtime":2666,"items_purged":["hexamod:Strike+1"],"score":975,"play_id":"706db640-945f-44aa-8d68-357ab67b63c8","local_time":"20201212135717","daily_mods":["Vintage","ControlledChaos","Heirloom","Flight","Elite Swarm"],"is_ascension_mode":true,"campfire_choices":[{"floor":6,"key":"REST"},{"floor":8,"key":"REST"},{"data":"hexamod:TimeWarp","floor":11,"key":"SMITH"},{"floor":15,"key":"REST"},{"floor":23,"key":"REST"},{"data":"hexamod:HexaLevel","floor":24,"key":"SMITH"},{"floor":28,"key":"REST"},{"floor":30,"key":"REST"},{"data":"hexamod:Defend","floor":32,"key":"PURGE"},{"data":"hexamod:SearingWound","floor":41,"key":"SMITH"},{"data":"hexamod:TimeOfNeed","floor":47,"key":"SMITH"},{"data":"hexamod:WildfireWeapon","floor":49,"key":"SMITH"}],"circlet_count":0,"master_deck":["hexamod:Strike+1","hexamod:Strike+1","hexamod:Strike+1","hexamod:Defend+1","hexamod:Defend+1","hexamod:Sear+1","hexamod:Float+1","hexamod:SpectersWail+1","hexamod:TimeWarp+1","hexamod:GiftsFromTheDead+1","hexamod:HexaLevel+1","hexamod:SixthSeal","hexamod:EmpoweringStance+1","hexamod:PowerFromBeyond+1","hexamod:TimeOfNeed+1","hexamod:ParanormalForm+1","hexamod:VolcanoVisage+1","hexamod:SearingWound+1","hexamod:Toasty+1","hexamod:WildfireWeapon+1","hexamod:TimeWarp+1","hexamod:TimeOfNeed+1"],"relics":["hexamod:SpiritBrand","Frozen Eye","Unceasing Top","Gremlin Food","Peace Pipe","Matryoshka","HollowMod:LifeEnderRelic","Pen Nib","CeramicFish","Toy Ornithopter","MealTicket","Bronze Scales","Replay:Wanted Poster","Vajra","Counterbalance","Tea:ReiMu","ReplayTheSpireMod:TigerMarble","Turnip","Oddly Smooth Stone","Onion Ring","Tiny Chest","Replay:Ringing Soul","Pantograph","Black Star","Boot","Sundial","ClockworkSouvenir","Toolbox","Shuriken","Replay:Rubber Ducky","Blue Candle","Bird Faced Urn","Meat on the Bone","Replay:WaspNest","Whetstone","Centennial Puzzle","MawBank","Ginger","Blood Vial","Blue Doll","Replay:Baseball"],"acts_visited":["Exordium","TheCity","TheBeyond"],"potions_floor_usage":[22,25,33,33,36,50,50],"damage_taken":[{"damage":0,"enemies":"Jaw Worm","floor":1,"turns":3},{"damage":1,"enemies":"2 Louse","floor":5,"turns":2},{"damage":14,"enemies":"Gremlin Nob","floor":7,"turns":4},{"damage":2,"enemies":"3 Sentries","floor":10,"turns":6},{"damage":25,"enemies":"Gremlin Nob","floor":12,"turns":5},{"damage":0,"enemies":"Small Slimes","floor":13,"turns":3},{"damage":11,"enemies":"3 Sentries","floor":14,"turns":4},{"damage":13,"enemies":"Fading Forest","floor":16,"turns":11},{"damage":0,"enemies":"Chosen","floor":18,"turns":4},{"damage":10,"enemies":"2 Thieves","floor":20,"turns":3},{"damage":12,"enemies":"Shelled Parasite and Fungi","floor":21,"turns":4},{"damage":9,"enemies":"Cultist and Chosen","floor":22,"turns":5},{"damage":26,"enemies":"Slavers","floor":25,"turns":4},{"damage":3,"enemies":"Replay:Snechameleon","floor":27,"turns":3},{"damage":14,"enemies":"Centurion and Healer","floor":29,"turns":5},{"damage":0,"enemies":"3 Cultists","floor":31,"turns":3},{"damage":1,"enemies":"Collector","floor":33,"turns":5},{"damage":4,"enemies":"Orb Walker","floor":35,"turns":2},{"damage":16,"enemies":"3 Darklings","floor":36,"turns":3},{"damage":13,"enemies":"Spire Growth","floor":38,"turns":5},{"damage":0,"enemies":"Giant Head","floor":40,"turns":6},{"damage":0,"enemies":"Reptomancer","floor":42,"turns":5},{"damage":0,"enemies":"Nemesis","floor":44,"turns":3},{"damage":7,"enemies":"Giant Head","floor":45,"turns":5},{"damage":0,"enemies":"R_Hoarder","floor":46,"turns":5},{"damage":20,"enemies":"4 Shapes","floor":48,"turns":3},{"damage":11,"enemies":"Replay:Hell Engine","floor":50,"turns":6}],"seed_played":"3748672376132499551","potions_obtained":[{"floor":4,"key":"GamblersBrew"},{"floor":4,"key":"Guardian:BlockOnCardUsePotion"},{"floor":4,"key":"LifebloodPotion"},{"floor":21,"key":"Strength Potion"},{"floor":25,"key":"LiquidMemories"},{"floor":27,"key":"Swift Potion"},{"floor":36,"key":"CultistPotion"},{"floor":44,"key":"PowerPotion"},{"floor":45,"key":"Reflective Coating"}],"is_trial":true,"path_per_floor":["M","?","T","?","M","R","E","R","T","E","R","E","M","E","R","B",null,"M","?","M","M","M","R","R","E","T","E","R","M","R","M","R","B",null,"M","M","$","M","?","E","R","E","T","E","E","E","R","M","R","B",null],"character_chosen":"THE_SPIRIT","items_purchased":["ClockworkSouvenir","Toolbox"],"campfire_rested":6,"item_purchase_floors":[37,37],"current_hp_per_floor":[70,70,70,42,41,62,48,69,69,67,67,42,42,31,52,49,70,70,70,60,48,44,65,65,44,44,41,62,48,69,69,69,72,73,69,57,72,59,59,62,62,65,65,76,85,88,88,76,76,88],"gold":801,"neow_bonus":"","is_daily":false,"chose_seed":false,"campfire_upgraded":5,"win_rate":0.0,"timestamp":1607752637,"path_taken":["M","?","?","?","?","R","E","R","T","E","R","E","M","E","R","BOSS","M","?","M","?","M","R","R","E","T","E","R","M","R","M","R","BOSS","M","?","$","M","?","E","R","E","T","E","E","E","R","M","R","BOSS"],"items_purchased_type":["Relic","Relic"],"build_version":"2020-11-30","purchased_purges":1,"victory":true,"max_hp_per_floor":[70,70,70,70,70,70,70,70,70,70,70,70,70,70,70,70,70,70,70,70,70,70,70,70,70,70,70,70,70,70,70,70,73,73,73,73,73,73,73,76,76,79,79,82,85,88,88,88,88,88],"card_choices":[{"not_picked":["hexamod:NightmareStrike","hexamod:GhostShield"],"picked":"hexamod:SpectersWail","floor":4},{"not_picked":["hexamod:CrushingStance","hexamod:Toasty"],"picked":"hexamod:TimeWarp","floor":7},{"not_picked":["hexamod:FifthSeal","hexamod:GhostflameInferno"],"picked":"hexamod:GiftsFromTheDead","floor":10},{"not_picked":["hexamod:TurnItUp","hexamod:ParanormalForm"],"picked":"hexamod:HexaLevel","floor":12},{"not_picked":["hexamod:GiftsFromTheDead","hexamod:VolcanoVisage"],"picked":"hexamod:SixthSeal","floor":14},{"not_picked":["hexamod:WildfireWeapon","hexamod:CrushingStance"],"picked":"hexamod:EmpoweringStance","floor":16},{"not_picked":["hexamod:SixthSeal","hexamod:TurnItUp"],"picked":"hexamod:TimeOfNeed","floor":25},{"not_picked":["hexamod:EmpoweringStance","hexamod:TurnItUp"],"picked":"hexamod:ParanormalForm","floor":27},{"not_picked":["hexamod:UnleashSpirits","hexamod:ParanormalForm"],"picked":"hexamod:VolcanoVisage","floor":33},{"not_picked":["hexamod:FifthSeal","hexamod:TurnItUp"],"picked":"hexamod:SearingWound","floor":40},{"not_picked":["hexamod:HexaLevel","hexamod:GiftsFromTheDead"],"picked":"hexamod:Toasty","floor":42},{"not_picked":["hexamod:HexaLevel","hexamod:TurnItUp"],"picked":"hexamod:WildfireWeapon","floor":44},{"not_picked":["hexamod:SearingWound","hexamod:VolcanoVisage"],"picked":"hexamod:TimeWarp","floor":45},{"not_picked":["hexamod:HexaLevel","hexamod:SearingWound"],"picked":"hexamod:TimeOfNeed","floor":46}],"player_experience":1901641,"relics_obtained":[{"floor":1,"key":"Gremlin Food"},{"floor":3,"key":"Peace Pipe"},{"floor":5,"key":"Matryoshka"},{"floor":9,"key":"HollowMod:LifeEnderRelic"},{"floor":9,"key":"Pen Nib"},{"floor":10,"key":"CeramicFish"},{"floor":12,"key":"Toy Ornithopter"},{"floor":13,"key":"MealTicket"},{"floor":14,"key":"Bronze Scales"},{"floor":18,"key":"Vajra"},{"floor":20,"key":"Counterbalance"},{"floor":21,"key":"Tea:ReiMu"},{"floor":22,"key":"ReplayTheSpireMod:TigerMarble"},{"floor":25,"key":"Turnip"},{"floor":26,"key":"Oddly Smooth Stone"},{"floor":26,"key":"Onion Ring"},{"floor":27,"key":"Tiny Chest"},{"floor":29,"key":"Replay:Ringing Soul"},{"floor":31,"key":"Pantograph"},{"floor":35,"key":"Boot"},{"floor":36,"key":"Sundial"},{"floor":38,"key":"Shuriken"},{"floor":40,"key":"Replay:Rubber Ducky"},{"floor":40,"key":"Blue Candle"},{"floor":42,"key":"Bird Faced Urn"},{"floor":42,"key":"Meat on the Bone"},{"floor":43,"key":"Replay:WaspNest"},{"floor":44,"key":"Whetstone"},{"floor":44,"key":"Centennial Puzzle"},{"floor":45,"key":"MawBank"},{"floor":45,"key":"Ginger"},{"floor":46,"key":"Blood Vial"},{"floor":46,"key":"Blue Doll"},{"floor":48,"key":"Replay:Baseball"}],"event_choices":[{"damage_healed":0,"gold_gain":0,"cards_transformed":["hexamod:Defend"],"player_choice":"Transformed","damage_taken":0,"max_hp_gain":0,"max_hp_loss":0,"event_name":"Transmorgrifier","floor":19,"gold_loss":0,"cards_obtained":["hexamod:PowerFromBeyond"]},{"damage_healed":0,"gold_gain":0,"player_choice":"Ignored","damage_taken":0,"max_hp_gain":0,"max_hp_loss":0,"event_name":"Mysterious Sphere","floor":39,"gold_loss":0}],"is_beta":false,"boss_relics":[{"not_picked":["Runic Pyramid","RedLine:ReiMu"],"picked":"Replay:Wanted Poster"},{"not_picked":["Busted Crown","Tiny House"],"picked":"Black Star"}],"items_purged_floors":[37],"is_endless":false,"potions_floor_spawned":[7,10,12,13,20,21,25,27,31,36,44,45,48],"ascension_level":1}}