{"host":"2461dio7vetlq1z3","time":1607810686,"event":{"mods":["AchievementEnabler","Aspiration","BaseMod","Hermit","Lobotomy","Minty Spire (QoL Compilation)","Relic Stats","Spicy Shops","StSLib","Waifu the Spire"],"gold_per_floor":[111,111,128,128,78,118,118,154,233,254,254,294,304,345,345,459,459,471,471,471,495,43,43,79,79,88,88,88,103,134,154,154,264,264,277,286,301,349,349,349,399,399,408,424,424,441,54,73,73,73],"floor_reached":51,"playtime":1936,"items_purged":["Strike_P","Strike_P"],"score":970,"play_id":"136c56e7-7abc-4934-a57b-9189163d8c74","local_time":"20201212230446","daily_mods":["Diverse"],"is_ascension_mode":true,"campfire_choices":[{"data":"Whirlwind","floor":7,"key":"SMITH"},{"data":"Dash","floor":15,"key":"SMITH"},{"data":"Leg Sweep","floor":23,"key":"SMITH"},{"data":"Bludgeon","floor":25,"key":"SMITH"},{"data":"1","floor":28,"key":"LIFT"},{"data":"hermit:Brawl","floor":32,"key":"SMITH"},{"floor":40,"key":"REST"},{"data":"2","floor":42,"key":"LIFT"},{"floor":45,"key":"REST"},{"floor":49,"key":"REST"}],"circlet_count":0,"master_deck":["Defend_P","Defend_P","Defend_P","Eruption","Vigilance","Dash+1","All Out Attack","FearNoEvil","Whirlwind+1","hermit:Brawl+1","Inflame","Bludgeon+1","Berserk","Offering","Genetic Algorithm+1","Leg Sweep+1","Dash","Parasite","hermit:OverwhelmingPower","Violence","Clumsy","Fasting2"],"relics":["PureWater","CeramicFish","Nunchaku","PreservedInsect","White Beast Statue","Vajra","Juzu Bracelet","Cursed Key","MutagenicStrength","TungstenRod","Torii","Girya","Bird Faced Urn","Sozu","StoneCalendar","Shovel","Oddly Smooth Stone","OrangePellets","Bronze Scales"],"acts_visited":["Exordium","TheCity","TheBeyond"],"potions_floor_usage":[33,50,50,50],"damage_taken":[{"damage":2,"enemies":"Jaw Worm","floor":1,"turns":3},{"damage":0,"enemies":"Small Slimes","floor":3,"turns":2},{"damage":15,"enemies":"3 Sentries","floor":6,"turns":7},{"damage":14,"enemies":"Lagavulin","floor":8,"turns":5},{"damage":0,"enemies":"2 Louse","floor":10,"turns":3},{"damage":6,"enemies":"Gremlin Nob","floor":12,"turns":3},{"damage":2,"enemies":"Exordium Wildlife","floor":13,"turns":3},{"damage":0,"enemies":"3 Sentries","floor":14,"turns":1},{"damage":7,"enemies":"The Guardian","floor":16,"turns":9},{"damage":6,"enemies":"Spheric Guardian","floor":18,"turns":1},{"damage":6,"enemies":"Shell Parasite","floor":21,"turns":1},{"damage":5,"enemies":"Gremlin Leader","floor":24,"turns":3},{"damage":5,"enemies":"Cultist and Chosen","floor":29,"turns":3},{"damage":11,"enemies":"Slavers","floor":30,"turns":6},{"damage":0,"enemies":"Snecko","floor":31,"turns":2},{"damage":5,"enemies":"Champ","floor":33,"turns":7},{"damage":0,"enemies":"Orb Walker","floor":35,"turns":3},{"damage":5,"enemies":"3 Darklings","floor":37,"turns":4},{"damage":40,"enemies":"2 Orb Walkers","floor":38,"turns":6},{"damage":7,"enemies":"Mind Bloom Boss Battle","floor":41,"turns":2},{"damage":32,"enemies":"Maw","floor":44,"turns":7},{"damage":28,"enemies":"Sphere and 2 Shapes","floor":46,"turns":7},{"damage":1,"enemies":"4 Shapes","floor":48,"turns":1},{"damage":25,"enemies":"Donu and Deca","floor":50,"turns":7}],"seed_played":"5152974920530431818","potions_obtained":[{"floor":6,"key":"DuplicationPotion"},{"floor":10,"key":"Fire Potion"},{"floor":12,"key":"Energy Potion"},{"floor":16,"key":"SteroidPotion"},{"floor":29,"key":"Block Potion"},{"floor":33,"key":"DuplicationPotion"}],"is_trial":true,"path_per_floor":["M","?","M","?","?","E","R","E","T","M","?","E","M","E","R","B",null,"M","?","?","M","$","R","E","R","T","?","R","M","E","M","R","B",null,"M","?","M","?","?","R","?","R","T","M","R","M","$","M","R","B",null],"character_chosen":"WATCHER","items_purchased":["TungstenRod","Leg Sweep","OrangePellets","Bronze Scales"],"campfire_rested":3,"item_purchase_floors":[22,22,47,47],"current_hp_per_floor":[70,70,70,63,63,48,48,34,34,34,41,35,33,33,33,26,61,55,55,55,49,49,49,44,44,44,44,44,39,28,32,32,33,62,64,60,55,19,19,40,37,37,37,11,32,10,10,9,30,15],"gold":73,"neow_bonus":"","is_daily":false,"chose_seed":false,"campfire_upgraded":5,"win_rate":0.0,"timestamp":1607810686,"path_taken":["M","?","M","?","?","E","R","E","T","M","?","E","?","E","R","BOSS","M","?","?","M","?","R","E","R","T","?","R","M","E","M","R","BOSS","M","?","M","?","?","R","?","R","T","M","R","M","$","M","R","BOSS"],"items_purchased_type":["Relic","Card","Relic","Relic"],"build_version":"2020-11-30","purchased_purges":2,"victory":true,"max_hp_per_floor":[72,72,72,72,72,72,72,72,72,72,72,72,72,72,72,72,72,72,72,72,72,72,72,72,72,72,72,72,72,72,72,72,72,72,72,72,72,72,72,72,72,72,72,72,72,72,72,72,72,72],"relic_stats":{"Torii":11,"counters":[24,96],"CeramicFish":126,"StoneCalendar":[3],"PreservedInsect":141,"Juzu Bracelet":1,"Cursed Key":2,"Sozu":3,"OrangePellets":[3],"Nunchaku":[11],"Shovel":0,"Bird Faced Urn":[42],"Bronze Scales":[18],"obtain_stats":[{"Girya":26,"Torii":24,"CeramicFish":4,"Vajra":12,"Oddly Smooth Stone":43,"StoneCalendar":38,"PreservedInsect":8,"Juzu Bracelet":14,"Cursed Key":17,"White Beast Statue":9,"Sozu":34,"OrangePellets":47,"Nunchaku":6,"Shovel":41,"MutagenicStrength":20,"Bird Faced Urn":30,"Bronze Scales":47,"PureWater":0,"TungstenRod":22},{"Girya":12,"Torii":12,"CeramicFish":2,"Vajra":6,"Oddly Smooth Stone":20,"StoneCalendar":19,"PreservedInsect":4,"Juzu Bracelet":8,"Cursed Key":9,"White Beast Statue":4,"Sozu":16,"OrangePellets":22,"Nunchaku":3,"Shovel":20,"MutagenicStrength":10,"Bird Faced Urn":14,"Bronze Scales":22,"PureWater":0,"TungstenRod":11},{"Girya":41,"Torii":41,"CeramicFish":5,"Vajra":23,"Oddly Smooth Stone":74,"StoneCalendar":72,"PreservedInsect":17,"Juzu Bracelet":27,"Cursed Key":36,"White Beast Statue":17,"Sozu":59,"OrangePellets":88,"Nunchaku":12,"Shovel":74,"MutagenicStrength":37,"Bird Faced Urn":50,"Bronze Scales":88,"PureWater":0,"TungstenRod":38}],"TungstenRod":33},"card_choices":[{"not_picked":["Consecrate","hermit:Glare"],"picked":"Dash","floor":1},{"not_picked":["hermit:FlashPowder","EmptyFist"],"picked":"FearNoEvil","floor":3},{"not_picked":["Iron Wave","Stack"],"picked":"Whirlwind","floor":6},{"not_picked":["hermit:Headshot","Seeing Red"],"picked":"hermit:Brawl","floor":8},{"not_picked":["WheelKick","Outmaneuver"],"picked":"Inflame","floor":10},{"not_picked":["Fire Breathing","Accuracy"],"picked":"Bludgeon","floor":12},{"not_picked":["Weave","Nirvana","Cold Snap"],"picked":"SKIP","floor":13},{"not_picked":["Dodge and Roll","Acrobatics"],"picked":"Berserk","floor":14},{"not_picked":["DeusExMachina","Devotion"],"picked":"Offering","floor":16},{"not_picked":["Reflex","Headbutt","Consecrate"],"picked":"SKIP","floor":18},{"not_picked":["Iron Wave","Hologram"],"picked":"Genetic Algorithm+1","floor":21},{"not_picked":["Alpha","Leap"],"picked":"Dash","floor":24},{"not_picked":["hermit:GhostlyPresence","Endless Agony","True Grit"],"picked":"SKIP","floor":29},{"not_picked":["hermit:ShadowCloak","Loop+1","Static Discharge"],"picked":"SKIP","floor":30},{"not_picked":["hermit:Maintenance+1","Protect","Evolve"],"picked":"SKIP","floor":31},{"not_picked":["Echo Form","Double Tap"],"picked":"hermit:OverwhelmingPower","floor":33},{"not_picked":["hermit:Glare+1","hermit:Roulette+1","Leap"],"picked":"SKIP","floor":35},{"not_picked":["Mind Blast","Discovery"],"picked":"Violence","floor":36},{"not_picked":["hermit:Glare+1","WaveOfTheHand","Flex"],"picked":"SKIP","floor":37},{"not_picked":["FollowUp+1","MentalFortress+1","Warcry"],"picked":"SKIP","floor":44},{"not_picked":["True Grit","Evaluate+1","FearNoEvil+1"],"picked":"SKIP","floor":46},{"not_picked":["hermit:Feint+1","hermit:ItchyTrigger"],"picked":"Fasting2","floor":48}],"player_experience":661230,"relics_obtained":[{"floor":6,"key":"Nunchaku"},{"floor":8,"key":"PreservedInsect"},{"floor":9,"key":"White Beast Statue"},{"floor":12,"key":"Vajra"},{"floor":14,"key":"Juzu Bracelet"},{"floor":24,"key":"Torii"},{"floor":26,"key":"Girya"},{"floor":30,"key":"Bird Faced Urn"},{"floor":38,"key":"StoneCalendar"},{"floor":41,"key":"Shovel"},{"floor":43,"key":"Oddly Smooth Stone"}],"event_choices":[{"damage_healed":0,"gold_gain":0,"cards_transformed":["Strike_P"],"player_choice":"Change","damage_taken":0,"max_hp_gain":0,"max_hp_loss":0,"event_name":"Living Wall","floor":2,"gold_loss":0,"cards_obtained":["All Out Attack"]},{"damage_healed":0,"gold_gain":0,"player_choice":"Success","damage_taken":7,"relics_obtained":["CeramicFish"],"max_hp_gain":0,"max_hp_loss":0,"event_name":"Scrap Ooze","floor":4,"gold_loss":0},{"cards_removed":["Strike_P"],"damage_healed":0,"gold_gain":0,"player_choice":"Card Removal","damage_taken":0,"max_hp_gain":0,"max_hp_loss":0,"event_name":"The Cleric","floor":5,"gold_loss":50},{"damage_healed":0,"gold_gain":0,"player_choice":"Ignored","damage_taken":0,"max_hp_gain":0,"max_hp_loss":0,"event_name":"Vampires","floor":19,"gold_loss":0},{"damage_healed":0,"gold_gain":0,"player_choice":"Inject Mutagens","damage_taken":0,"relics_obtained":["MutagenicStrength"],"max_hp_gain":0,"max_hp_loss":0,"event_name":"Drug Dealer","floor":20,"gold_loss":0},{"damage_healed":0,"gold_gain":0,"player_choice":"Ignored","damage_taken":0,"max_hp_gain":0,"max_hp_loss":0,"event_name":"The Mausoleum","floor":27,"gold_loss":0},{"damage_healed":0,"gold_gain":0,"player_choice":"Memory 2","damage_taken":5,"max_hp_gain":0,"max_hp_loss":0,"event_name":"SensoryStone","floor":36,"gold_loss":0},{"damage_healed":0,"gold_gain":0,"player_choice":"Fight","damage_taken":0,"max_hp_gain":0,"max_hp_loss":0,"event_name":"Mysterious Sphere","floor":38,"gold_loss":0},{"cards_removed":["Defend_P"],"damage_healed":0,"gold_gain":0,"player_choice":"Removed Skill","damage_taken":0,"max_hp_gain":0,"max_hp_loss":0,"event_name":"Falling","floor":39,"gold_loss":0},{"damage_healed":0,"gold_gain":0,"player_choice":"Fight","damage_taken":0,"max_hp_gain":0,"max_hp_loss":0,"event_name":"MindBloom","floor":41,"gold_loss":0}],"is_beta":false,"boss_relics":[{"not_picked":["Ectoplasm","aspiration:SecretTechniqueScroll"],"picked":"Cursed Key"},{"not_picked":["Coffee Dripper","aspiration:RitualDagger"],"picked":"Sozu"}],"items_purged_floors":[22,47],"is_endless":false,"potions_floor_spawned":[6,10,12,13,14,16,18,21,24,29,30,31,33,35,37,38,41,44,46,48],"ascension_level":5}}