{"host":"ilxricga2547gmyy","time":1607800756,"event":{"mods":["AchievementEnabler","BaseMod","Minty Spire (QoL Compilation)","Quick Restart","StSLib"],"gold_per_floor":[114,114,129,146,146,146,180,180,259,286,286,286,313,100,100,195,195,208,223,74,94,112,112,146,346,372,147,181,208,220,220],"floor_reached":30,"playtime":1035,"items_purged":["Pain"],"score":469,"play_id":"8dd73e6c-4d90-47cf-b97c-a35f819c7a57","local_time":"20201212201916","is_ascension_mode":true,"campfire_choices":[{"floor":6,"key":"REST"},{"data":"Strike_R","floor":8,"key":"PURGE"},{"floor":11,"key":"REST"},{"data":"Havoc","floor":15,"key":"PURGE"},{"floor":23,"key":"REST"}],"circlet_count":0,"master_deck":["Strike_R","Strike_R","Strike_R","Strike_R","Defend_R","Defend_R","Defend_R","Bash","Spot Weakness","Spot Weakness","Shrug It Off","Iron Wave+1","Barricade","Evolve","Berserk","Warcry","True Grit","Iron Wave+1","Body Slam+1","Clothesline+1","Body Slam+1","Power Through","Metallicize+1","Limit Break"],"relics":["Fusion Hammer","Boot","Peace Pipe","Molten Egg 2","HornCleat","Gambling Chip","Anchor","Cursed Key","DollysMirror","Art of War","Lantern","MawBank"],"acts_visited":["Exordium","TheCity"],"potions_floor_usage":[7,19,21,28,28],"damage_taken":[{"damage":2,"enemies":"Jaw Worm","floor":1,"turns":3},{"damage":3,"enemies":"2 Louse","floor":3,"turns":2},{"damage":3,"enemies":"Small Slimes","floor":4,"turns":3},{"damage":6,"enemies":"Gremlin Nob","floor":7,"turns":3},{"damage":27,"enemies":"3 Sentries","floor":10,"turns":7},{"damage":0,"enemies":"Lagavulin","floor":13,"turns":7},{"damage":0,"enemies":"Hexaghost","floor":16,"turns":8},{"damage":0,"enemies":"Chosen","floor":18,"turns":5},{"damage":32,"enemies":"Spheric Guardian","floor":19,"turns":6},{"damage":0,"enemies":"Centurion and Healer","floor":21,"turns":6},{"damage":7,"enemies":"Snake Plant","floor":22,"turns":2},{"damage":33,"enemies":"Book of Stabbing","floor":24,"turns":7},{"damage":22,"enemies":"Slavers","floor":28,"turns":6},{"damage":0,"enemies":"3 Cultists","floor":29,"turns":6},{"damage":24,"enemies":"Gremlin Leader","floor":30,"turns":4}],"seed_played":"5591766710899859001","potions_obtained":[{"floor":1,"key":"DistilledChaos"},{"floor":13,"key":"Weak Potion"},{"floor":18,"key":"Block Potion"},{"floor":21,"key":"Strength Potion"}],"is_trial":false,"path_per_floor":["M","?","M","M","$","R","E","R","T","E","R","?","E","$","R","B",null,"M","M","$","M","M","R","E","?","T","$","E","M","E"],"character_chosen":"IRONCLAD","items_purchased":["Anchor","Evolve","DollysMirror","Power Through","Regen Potion"],"campfire_rested":3,"item_purchase_floors":[14,14,20,27,27],"current_hp_per_floor":[70,63,60,57,57,80,74,74,74,47,71,71,71,71,71,71,78,78,46,46,46,39,63,30,30,30,30,23,23,0,0],"gold":220,"neow_bonus":"BOSS_RELIC","is_daily":false,"chose_seed":false,"campfire_upgraded":0,"win_rate":0.0,"timestamp":1607800756,"path_taken":["M","?","M","M","?","R","E","R","T","E","R","?","E","$","R","BOSS","M","M","$","M","M","R","E","?","T","$","E","M","E"],"items_purchased_type":["Relic","Card","Relic","Card","Potion"],"build_version":"2020-11-30","purchased_purges":1,"victory":false,"max_hp_per_floor":[80,80,80,80,80,80,80,80,80,80,80,80,80,80,80,80,80,80,80,80,80,80,80,80,80,80,80,80,80,80,80],"card_choices":[{"not_picked":["Sword Boomerang","Thunderclap"],"picked":"Spot Weakness","floor":1},{"not_picked":["Infernal Blade","Twin Strike"],"picked":"Havoc","floor":3},{"not_picked":["Clash","True Grit"],"picked":"Spot Weakness","floor":4},{"not_picked":["Juggernaut","Spot Weakness"],"picked":"Shrug It Off","floor":7},{"not_picked":["Rupture","Armaments"],"picked":"Iron Wave+1","floor":10},{"not_picked":["Twin Strike+1","Anger+1","Armaments"],"picked":"SKIP","floor":13},{"not_picked":["Barricade","Exhume"],"picked":"Berserk","floor":16},{"not_picked":["Havoc","Feel No Pain+1"],"picked":"Warcry","floor":18},{"not_picked":["Anger+1","Spot Weakness"],"picked":"True Grit","floor":19},{"not_picked":["Sentinel","Clothesline+1"],"picked":"Body Slam+1","floor":21},{"not_picked":["Thunderclap+1","Twin Strike+1"],"picked":"Clothesline+1","floor":22},{"not_picked":["Blood for Blood+1","Clash+1"],"picked":"Body Slam+1","floor":24},{"not_picked":["Sever Soul+1","Havoc+1"],"picked":"Metallicize+1","floor":28},{"not_picked":["True Grit","Twin Strike+1"],"picked":"Limit Break","floor":29}],"player_experience":200640,"relics_obtained":[{"floor":7,"key":"Peace Pipe"},{"floor":9,"key":"Molten Egg 2"},{"floor":10,"key":"HornCleat"},{"floor":13,"key":"Gambling Chip"},{"floor":24,"key":"Art of War"},{"floor":26,"key":"Lantern"},{"floor":28,"key":"MawBank"}],"event_choices":[{"damage_healed":0,"gold_gain":0,"player_choice":"Success","damage_taken":7,"relics_obtained":["Boot"],"max_hp_gain":0,"max_hp_loss":0,"event_name":"Scrap Ooze","floor":2,"gold_loss":0},{"damage_healed":0,"gold_gain":0,"cards_transformed":["Defend_R"],"player_choice":"Change","damage_taken":0,"max_hp_gain":0,"max_hp_loss":0,"event_name":"Living Wall","floor":12,"gold_loss":0,"cards_obtained":["Barricade"]},{"damage_healed":0,"gold_gain":250,"player_choice":"Bet on Owner","damage_taken":0,"max_hp_gain":0,"max_hp_loss":0,"event_name":"The Joust","floor":25,"gold_loss":50}],"is_beta":false,"boss_relics":[{"not_picked":["Coffee Dripper","SacredBark"],"picked":"Cursed Key"}],"items_purged_floors":[27],"is_endless":false,"potions_floor_spawned":[1,13,18,21],"killed_by":"Gremlin Leader","ascension_level":6}}