{"host":"74ozbb5rqo1p2hzi","time":1607812728,"event":{"mods":["BaseMod","AchievementEnabler","BetterRewards","StSLib","Card Forge","Colored Map","Colored Powertips","DeckTracker","Friendly Minions","Highlight Path","Hubris","Marisa£¨Ùöéë¡¡Øª×âÞÞ£©","Minty Spire (QoL Compilation)","Permanent Neow","READ ME - Guardian Mod","Shop Mod","SuperFastMode","The Animator","UnlockEverythingMod","Downfall","GifTheSpireLib","Quick Restart"],"gold_per_floor":[211,211,211,231,250,283,302,302,602,614,639,639,670,682,682,758,758,775,793,813,832,832,832,546,576,600,618,714,743,782,811,811,892,892,917,937,962,983,983,1025,1025,1060,1060,224,262,296,336,373,373,373,373,373,112,150,150],"floor_reached":56,"playtime":5274,"items_purged":[],"score":3010,"play_id":"6577462e-dee2-47ac-a289-d7fb7eb11d2d","local_time":"20201213073848","is_ascension_mode":true,"campfire_choices":[{"floor":15,"key":"REST"},{"floor":23,"key":"RECALL"},{"floor":32,"key":"REST"},{"floor":41,"key":"REST"},{"floor":49,"key":"REST"},{"floor":52,"key":"REST"}],"circlet_count":0,"master_deck":["AscendersBane","Survivor+1","Neutralize+1","PiercingWail+1","Tactician+1","Acrobatics+1","A Thousand Cuts+1","Venomology+1","Adrenaline+1","Prepared+1","After Image+1","Tactician+1","Escape Plan+1","Deflect+1","Escape Plan+1","Prepared+1","Deflect+1","Prepared+1","Tactician+1","Adrenaline+1","After Image+1","Caltrops+1","hubris:Wrath","Outmaneuver+1","Backstab+1","hubris:Counter+1","Noxious Fumes+1","Prepared+1","Adrenaline+1","Crippling Poison+1","Corpse Explosion+1","Survivor+1","Deadly Poison+1","Poisoned Stab+1","A Thousand Cuts+1","Acrobatics+1","Tactician+1","Catalyst+1","Bouncing Flask+1","Burst+1","Escape Plan+1","Catalyst+1","Bouncing Flask+1","Burst+1","Tactician+1","Prepared+1","Adrenaline+1","Crippling Poison+1","Corpse Explosion+1","Deadly Poison+1","Deflect+1","Deadly Poison+1","Prepared+1","Venomology+1","Tactician+1","Bouncing Flask+1","Catalyst+1","Escape Plan+1","Adrenaline+1","Tactician+1","Adrenaline+1","Backflip+1","PiercingWail+1","Night Terror+1","Venomology+1","Acrobatics+1","Adrenaline+1","Tactician+1"],"relics":["Ring of the Snake","Hammer of Thor","Seething Fire","Anvil of the Gods","hubris:Towel","Gambling Chip","Old Coin","Anchor","StrikeDummy","hubris:Stopwatch","Bottled Lightning","Potion Belt","CeramicFish","Bag of Preparation","hubris:Backtick","TwistedFunnel","Snake Skull","Regal Pillow","Centennial Puzzle","ClockworkSouvenir","Tough Bandages","Prayer Wheel","Toy Ornithopter","Mercury Hourglass","hubris:NiceRug","Blood Vial","Strange Spoon","Lantern"],"acts_visited":["Exordium","TheCity","TheBeyond","TheEnding"],"potions_floor_usage":[7,10,14,16,18,18,19,27,29,33,33,36,37,46,47,47,47,47,50,50,50,55,55,55,55,55],"damage_taken":[{"damage":11,"enemies":"2 Louse","floor":1,"turns":4},{"damage":1,"enemies":"Small Slimes","floor":4,"turns":5},{"damage":0,"enemies":"Cultist","floor":5,"turns":3},{"damage":0,"enemies":"3 Sentries","floor":6,"turns":4},{"damage":0,"enemies":"3 Louse","floor":7,"turns":3},{"damage":0,"enemies":"Exordium Thugs","floor":10,"turns":3},{"damage":21,"enemies":"Gremlin Nob","floor":11,"turns":4},{"damage":5,"enemies":"3 Sentries","floor":13,"turns":3},{"damage":0,"enemies":"Red Slaver","floor":14,"turns":1},{"damage":0,"enemies":"Hexaghost","floor":16,"turns":8},{"damage":10,"enemies":"Spheric Guardian","floor":18,"turns":5},{"damage":0,"enemies":"Chosen","floor":19,"turns":4},{"damage":0,"enemies":"Centurion and Healer","floor":20,"turns":4},{"damage":0,"enemies":"Cultist and Chosen","floor":21,"turns":3},{"damage":0,"enemies":"Slavers","floor":25,"turns":2},{"damage":0,"enemies":"Snecko","floor":27,"turns":2},{"damage":0,"enemies":"Book of Stabbing","floor":28,"turns":2},{"damage":6,"enemies":"Centurion and Healer","floor":29,"turns":4},{"damage":0,"enemies":"Slavers","floor":30,"turns":2},{"damage":0,"enemies":"Snake Plant","floor":31,"turns":2},{"damage":5,"enemies":"Automaton","floor":33,"turns":4},{"damage":0,"enemies":"3 Shapes","floor":35,"turns":1},{"damage":0,"enemies":"Orb Walker","floor":36,"turns":2},{"damage":0,"enemies":"Sphere and 2 Shapes","floor":37,"turns":2},{"damage":12,"enemies":"4 Shapes","floor":38,"turns":3},{"damage":0,"enemies":"Giant Head","floor":40,"turns":2},{"damage":0,"enemies":"Reptomancer","floor":42,"turns":2},{"damage":0,"enemies":"3 Darklings","floor":45,"turns":2},{"damage":0,"enemies":"Transient","floor":46,"turns":3},{"damage":0,"enemies":"Giant Head","floor":47,"turns":2},{"damage":0,"enemies":"Writhing Mass","floor":48,"turns":2},{"damage":22,"enemies":"Awakened One","floor":50,"turns":6},{"damage":0,"enemies":"hubris:Merchant","floor":53,"turns":3},{"damage":0,"enemies":"Shield and Spear","floor":54,"turns":2},{"damage":31,"enemies":"The Heart","floor":55,"turns":4}],"seed_played":"-2068104642466917244","potions_obtained":[{"floor":4,"key":"FearPotion"},{"floor":6,"key":"Strength Potion"},{"floor":18,"key":"PowerPotion"},{"floor":25,"key":"LiquidMemories"},{"floor":28,"key":"EssenceOfSteel"},{"floor":30,"key":"Energy Potion"},{"floor":31,"key":"LiquidBronze"},{"floor":47,"key":"hexamod:EctoCoolerPotion"}],"is_trial":false,"path_per_floor":["M","?","?","M","M","E","M","?","T","M","E","?","E","M","R","B",null,"M","M","M","M","?","R","$","E","T","M","E","M","E","M","R","B",null,"M","M","M","M","?","E","R","E","T","$","M","M","E","M","R","B",null,"R","$","E","B",null],"character_chosen":"THE_SILENT","items_purchased":["Bottled Lightning","ClockworkSouvenir","Tough Bandages","Prayer Wheel","Mercury Hourglass"],"campfire_rested":5,"item_purchase_floors":[24,44,44,44,53],"current_hp_per_floor":[48,48,48,47,47,47,47,63,63,63,42,42,37,37,55,55,61,51,51,51,51,51,51,51,51,51,51,51,45,45,45,63,58,62,62,62,62,50,45,45,63,63,63,63,63,63,63,63,63,41,58,63,63,63,32],"gold":150,"neow_bonus":"HUNDRED_GOLD","is_daily":false,"chose_seed":false,"campfire_upgraded":0,"win_rate":1,"timestamp":1607812728,"path_taken":["M","?","?","M","M","E","M","?","T","M","E","?","E","M","R","BOSS","M","?","M","M","?","R","$","E","T","M","E","M","E","M","R","BOSS","M","M","M","M","?","E","R","E","T","$","M","M","E","?","R","BOSS","R","$","E","BOSS"],"build_version":"2020-11-29","purchased_purges":0,"victory":true,"max_hp_per_floor":[66,66,66,66,66,66,66,63,63,63,63,63,63,63,63,63,63,63,63,63,63,63,63,63,63,63,63,63,63,63,63,63,63,63,63,63,63,63,63,63,63,63,63,63,63,63,63,63,63,63,63,63,63,63,63],"card_choices":[{"not_picked":["Dodge and Roll","Deadly Poison"],"picked":"PiercingWail","floor":1},{"not_picked":["Flying Knee","Riddle With Holes"],"picked":"Tactician","floor":4},{"not_picked":["Setup","hubris:Sniper","Flying Knee"],"picked":"SKIP","floor":5},{"not_picked":["Expertise","Underhanded Strike"],"picked":"Escape Plan","floor":6},{"not_picked":["Envenom","Slice"],"picked":"Prepared","floor":7},{"not_picked":["Slice","Underhanded Strike"],"picked":"After Image","floor":10},{"not_picked":["Acrobatics","Burst"],"picked":"Caltrops","floor":11},{"not_picked":["Slice","Choke"],"picked":"Cloak And Dagger","floor":13},{"not_picked":["Bane","PiercingWail"],"picked":"Outmaneuver","floor":14},{"not_picked":["Concentrate","Deflect"],"picked":"Backstab","floor":18},{"not_picked":["Backflip","Sucker Punch+1"],"picked":"Underhanded Strike","floor":19},{"not_picked":["Distraction","PiercingWail"],"picked":"hubris:Counter","floor":20},{"not_picked":["Cloak And Dagger","Unload"],"picked":"Deflect","floor":21},{"not_picked":["Flying Knee","Unload","Phantasmal Killer"],"picked":"SKIP","floor":25},{"not_picked":["Dodge and Roll","Choke"],"picked":"Deadly Poison","floor":27},{"not_picked":["hubris:SlightOfHand","Blade Dance"],"picked":"Prepared","floor":28},{"not_picked":["Dash","Quick Slash"],"picked":"Bane","floor":29},{"not_picked":["Outmaneuver","Finisher"],"picked":"Tactician+1","floor":30},{"not_picked":["Bane","Cloak And Dagger"],"picked":"hubris:Sniper","floor":31},{"not_picked":["Burst","Corpse Explosion"],"picked":"Adrenaline","floor":33},{"not_picked":["hubris:SlightOfHand","Bane"],"picked":"Finisher","floor":35},{"not_picked":["Eviscerate+1","Underhanded Strike+1"],"picked":"Flying Knee","floor":36},{"not_picked":["Deadly Poison","hubris:Sniper"],"picked":"Backflip","floor":37},{"not_picked":["Distraction+1","Blade Dance"],"picked":"PiercingWail+1","floor":38},{"not_picked":["Sucker Punch","Blade Dance"],"picked":"Doppelganger","floor":40},{"not_picked":["Cloak And Dagger","Quick Slash"],"picked":"Night Terror","floor":42},{"not_picked":["Flying Knee","Predator"],"picked":"Deadly Poison","floor":45},{"not_picked":["Dagger Throw","Cloak And Dagger"],"picked":"Venomology","floor":45},{"not_picked":["Acrobatics","Skewer"],"picked":"Underhanded Strike+1","floor":46},{"not_picked":["Quick Slash","Acrobatics","Underhanded Strike"],"picked":"SKIP","floor":46},{"not_picked":["Quick Slash","Underhanded Strike"],"picked":"Acrobatics","floor":46},{"not_picked":["hubris:TrickCloak","Concentrate"],"picked":"Adrenaline","floor":47},{"not_picked":["Distraction","PiercingWail"],"picked":"Bullet Time","floor":48},{"not_picked":["Backflip","Cloak And Dagger+1","All Out Attack"],"picked":"SKIP","floor":48},{"not_picked":["Backflip","All Out Attack"],"picked":"Cloak And Dagger+1","floor":48},{"not_picked":[],"picked":"Masterful Stab","floor":53},{"not_picked":["Bane"],"picked":"SKIP","floor":53},{"not_picked":["Backflip"],"picked":"SKIP","floor":53},{"not_picked":["Deflect"],"picked":"SKIP","floor":53},{"not_picked":["Accuracy"],"picked":"SKIP","floor":53},{"not_picked":["Dark Shackles"],"picked":"SKIP","floor":53},{"not_picked":["expansioncontent:StudyTheSpire"],"picked":"SKIP","floor":53},{"not_picked":["Prepared","Bullet Time"],"picked":"Tactician","floor":54}],"player_experience":3997,"relics_obtained":[{"floor":6,"key":"Gambling Chip"},{"floor":9,"key":"Old Coin"},{"floor":11,"key":"Anchor"},{"floor":13,"key":"StrikeDummy"},{"floor":25,"key":"Potion Belt"},{"floor":28,"key":"CeramicFish"},{"floor":30,"key":"Bag of Preparation"},{"floor":40,"key":"Snake Skull"},{"floor":42,"key":"Regal Pillow"},{"floor":43,"key":"Centennial Puzzle"},{"floor":47,"key":"Toy Ornithopter"},{"floor":53,"key":"Blood Vial"},{"floor":53,"key":"Strange Spoon"},{"floor":54,"key":"Lantern"}],"event_choices":[{"damage_healed":0,"gold_gain":0,"player_choice":"Ignored","damage_taken":0,"max_hp_gain":0,"max_hp_loss":0,"event_name":"Shining Light","floor":3,"gold_loss":0},{"damage_healed":16,"gold_gain":0,"player_choice":"Healed and dodged fight","damage_taken":0,"max_hp_gain":0,"max_hp_loss":0,"event_name":"Mushrooms","floor":8,"gold_loss":0,"cards_obtained":["Parasite"]},{"damage_healed":0,"gold_gain":0,"player_choice":"2 cards matched","damage_taken":0,"max_hp_gain":0,"max_hp_loss":0,"event_name":"Match and Keep!","floor":12,"gold_loss":0,"cards_obtained":["Doppelganger","hubris:Wrath"]},{"damage_healed":0,"gold_gain":0,"player_choice":"2 cards matched","damage_taken":0,"max_hp_gain":0,"max_hp_loss":0,"event_name":"Match and Keep!","floor":12,"gold_loss":0,"cards_obtained":["Doppelganger","hubris:Wrath"]},{"damage_healed":0,"gold_gain":0,"player_choice":"Ignored","damage_taken":0,"max_hp_gain":0,"max_hp_loss":0,"event_name":"Purifier","floor":22,"gold_loss":0},{"damage_healed":0,"gold_gain":0,"player_choice":"Punched","damage_taken":5,"max_hp_gain":0,"max_hp_loss":0,"event_name":"Designer","floor":39,"gold_loss":0}],"is_beta":false,"boss_relics":[{"not_picked":["Cursed Key","hubris:VirtuousBlindfold"],"picked":"hubris:Stopwatch"},{"not_picked":["Runic Dome","hubris:HollowSoul"],"picked":"hubris:Backtick"}],"items_purged_floors":[],"is_endless":false,"potions_floor_spawned":[4,6,7,14,16,18,25,28,30,31,35,45,47,54],"ascension_level":19}}