{"host":"1lcvmslm5dvu1wk7","time":1607759857,"event":{"mods":["BaseMod","Colored Powertips","Minty Spire (QoL Compilation)","Remilia£®¿Ÿ√◊¿Ú—«£©","Shop Mod","StSLib"],"gold_per_floor":[119,194,204,78,78,78,106,118,130,177,189,228,253,298,310,399,411,437,468,491,503,560,617,629,641,653,698,742,785,827,138,138,214,214,228,238,256,271,288,288,317,317,317,317,352,377,377,396,396,396],"floor_reached":51,"playtime":4223,"items_purged":["Defend_RM","Defend_RM"],"score":1809,"play_id":"526f9c73-fc69-401f-9c8c-deaef57c710b","local_time":"20201212155737","is_ascension_mode":true,"campfire_choices":[{"data":"ScarletDream","floor":6.0,"key":"SMITH"},{"data":"ScarletShoot","floor":8.0,"key":"SMITH"},{"floor":11.0,"key":"REST"},{"floor":15.0,"key":"REST"},{"data":"ScarletSymphony","floor":24.0,"key":"SMITH"},{"floor":32.0,"key":"REST"},{"data":"GlobalNightmare","floor":40.0,"key":"SMITH"},{"floor":42.0,"key":"REST"},{"data":"BloodyCatastrophe","floor":47.0,"key":"SMITH"},{"data":"HunterOfTheNight","floor":49,"key":"SMITH"}],"circlet_count":0,"master_deck":["AscendersBane","Strike_RM","Strike_RM","Strike_RM","Strike_RM","Defend_RM","RedMoon","ScarletShoot+1","ScarletDream+1","EndlessAdversity","ScarletSymphony+1","GlobalNightmare+1","DiffusionOfMisfortune","TransientEternity","TransientEternity","MastersStateliness","Master of Strategy","UnderTheZenith","ScarletImprint","DiffusionOfMisfortune+1","BloodyCatastrophe+1","HunterOfTheNight+1","ScarletImprint+1"],"relics":["ScarletHat","Tiny Chest","Nunchaku","Thread and Needle","Sozu","Nloth\u0027s Gift","Juzu Bracelet","Happy Flower","Kunai","Smiling Mask","Red Mask","Vajra","MerchantsRug","Letter Opener","SlaversCollar","Frozen Egg 2","RedBat","White Beast Statue","Centennial Puzzle","Shovel"],"acts_visited":["Exordium","TheCity","TheBeyond"],"potions_floor_usage":[],"damage_taken":[{"damage":0.0,"enemies":"Jaw Worm","floor":1.0,"turns":4.0},{"damage":0.0,"enemies":"2 Louse","floor":3.0,"turns":4.0},{"damage":12.0,"enemies":"3 Sentries","floor":7.0,"turns":6.0},{"damage":37.0,"enemies":"Lagavulin","floor":10.0,"turns":7.0},{"damage":23.0,"enemies":"Gremlin Nob","floor":12.0,"turns":4.0},{"damage":0.0,"enemies":"Cultist","floor":13.0,"turns":2.0},{"damage":5.0,"enemies":"Lagavulin","floor":14.0,"turns":7.0},{"damage":39.0,"enemies":"The Guardian","floor":16.0,"turns":9.0},{"damage":0.0,"enemies":"Chosen","floor":18.0,"turns":3.0},{"damage":14.0,"enemies":"Spheric Guardian","floor":19.0,"turns":4.0},{"damage":18.0,"enemies":"Centurion and Healer","floor":20.0,"turns":5.0},{"damage":24.0,"enemies":"Slavers","floor":23.0,"turns":6.0},{"damage":9.0,"enemies":"Book of Stabbing","floor":27.0,"turns":4.0},{"damage":20.0,"enemies":"Snake Plant","floor":28.0,"turns":4.0},{"damage":0.0,"enemies":"Masked Bandits","floor":29.0,"turns":2.0},{"damage":15.0,"enemies":"Gremlin Leader","floor":30.0,"turns":5.0},{"damage":0.0,"enemies":"Automaton","floor":33.0,"turns":6.0},{"damage":0.0,"enemies":"3 Darklings","floor":35.0,"turns":1.0},{"damage":30.0,"enemies":"3 Shapes","floor":36.0,"turns":2.0},{"damage":0.0,"enemies":"Transient","floor":37.0,"turns":4.0},{"damage":17.0,"enemies":"3 Darklings","floor":38.0,"turns":5.0},{"damage":71.0,"enemies":"4 Shapes","floor":39.0,"turns":5.0},{"damage":26.0,"enemies":"Reptomancer","floor":41.0,"turns":4.0},{"damage":42.0,"enemies":"Nemesis","floor":45.0,"turns":9.0},{"damage":4.0,"enemies":"Mind Bloom Boss Battle","floor":46.0,"turns":4.0},{"damage":0.0,"enemies":"Spire Growth","floor":48.0,"turns":3.0},{"damage":4,"enemies":"Awakened One","floor":50,"turns":6}],"seed_played":"5692304318654903854","potions_obtained":[{"floor":7.0,"key":"DuplicationPotion"},{"floor":10.0,"key":"GamblersBrew"},{"floor":14.0,"key":"ColorlessPotion"}],"is_trial":false,"path_per_floor":["M","?","M","$","?","R","E","R","T","E","R","E","M","E","R","B",null,"M","M","M","?","T","E","R","?","T","E","M","?","E","$","R","B",null,"M","M","M","M","M","R","E","R","T","T","E","?","R","M","R","B",null],"character_chosen":"REMILIA","items_purchased":["EndlessAdversity","Strawberry","MerchantsRug","Letter Opener","Master of Strategy","UnderTheZenith"],"campfire_rested":4,"item_purchase_floors":[4,31,31,31,31,31],"current_hp_per_floor":[70,59,59,59,59,59,47,47,57,28,53,31,34,37,62,43,75,80,66,51,51,51,32,32,32,32,31,19,21,20,27,54,72,87,87,57,92,83,16,16,12,39,39,39,37,54,54,88,88,92],"gold":396,"neow_bonus":"RANDOM_COMMON_RELIC","is_daily":false,"chose_seed":false,"campfire_upgraded":6,"win_rate":0.0,"timestamp":1607759857,"path_taken":["M","?","M","$","?","R","E","R","T","E","R","E","M","E","R","BOSS","M","M","M","?","?","E","R","?","T","E","M","?","E","?","R","BOSS","M","M","M","M","M","R","E","R","T","?","E","?","R","M","R","BOSS"],"items_purchased_type":["Card","Relic","Relic","Relic","Card","Card"],"build_version":"2020-11-30","purchased_purges":2,"victory":true,"max_hp_per_floor":[75,75,75,75,75,75,75,75,85,85,85,85,85,85,85,85,85,85,85,85,85,85,85,85,85,85,85,85,85,85,92,92,92,92,92,92,92,92,92,92,92,92,92,92,92,92,92,92,92,92],"card_choices":[{"not_picked":["NightDance","ForbiddenFruit","Stigmanizer"],"picked":"SKIP","floor":1.0},{"not_picked":["NightDance","EmergencyRegeneration"],"picked":"ScarletDream","floor":3.0},{"not_picked":["BloodHunter","EmergencyRegeneration","UltimateOffering"],"picked":"SKIP","floor":7.0},{"not_picked":["EquivalentExchange","Maim","EternalNight"],"picked":"SKIP","floor":10.0},{"not_picked":["Stigmanizer","VampireKiss"],"picked":"ScarletSymphony","floor":12.0},{"not_picked":["BombardNight","RedRainbow"],"picked":"GlobalNightmare","floor":12.0},{"not_picked":["CharismaGuard","Stigmanizer","FavorOfDestiny"],"picked":"SKIP","floor":13.0},{"not_picked":["BloodyMagicSquare","CeilingFear","VampireKiss"],"picked":"SKIP","floor":14.0},{"not_picked":["ScarletGensokyo","ChainGang+1","UnstableMagic"],"picked":"SKIP","floor":18.0},{"not_picked":["UnderTheZenith","BloodHunter"],"picked":"DiffusionOfMisfortune","floor":19.0},{"not_picked":["BlasphemousPunishment","Stigmanizer","VampireSweep"],"picked":"SKIP","floor":20.0},{"not_picked":["MastersStateliness","ScarletCoffin"],"picked":"TransientEternity","floor":23.0},{"not_picked":["NightDance","StarOfDavid"],"picked":"TransientEternity","floor":27.0},{"not_picked":["DevilSight","EternalNight","NightDance"],"picked":"SKIP","floor":28.0},{"not_picked":["GlobalNightmare","RedMagic"],"picked":"MastersStateliness","floor":29.0},{"not_picked":["FavorOfDestiny","DevilSight","EquivalentExchange"],"picked":"SKIP","floor":30.0},{"not_picked":["CharismaGuard","UnstableMagic+1"],"picked":"ScarletImprint","floor":35.0},{"not_picked":["ChainGang","EndlessAdversity+1","BloodHunter"],"picked":"SKIP","floor":36.0},{"not_picked":["KillingBlow","ForecastOfChange","Ultimatum"],"picked":"SKIP","floor":37.0},{"not_picked":["Ultimatum","VampireKiss","BloodyHallows"],"picked":"SKIP","floor":38.0},{"not_picked":["VampirishNight","Stigmanizer"],"picked":"DiffusionOfMisfortune+1","floor":39.0},{"not_picked":["ForbiddenFruit","BombardNight"],"picked":"BloodyCatastrophe","floor":41.0},{"not_picked":["Septette","EndlessAdversity"],"picked":"HunterOfTheNight","floor":45.0},{"not_picked":["BloodyHallows","RedMagic+1"],"picked":"ScarletImprint+1","floor":46.0},{"not_picked":["ScarletGensokyo","ForbiddenFruit","VampireKiss+1"],"picked":"SKIP","floor":48.0}],"player_experience":183561,"relics_obtained":[{"floor":7.0,"key":"MawBank"},{"floor":9.0,"key":"Pear"},{"floor":10.0,"key":"Nunchaku"},{"floor":12.0,"key":"ScarletDevilRocket"},{"floor":14.0,"key":"Thread and Needle"},{"floor":22.0,"key":"Juzu Bracelet"},{"floor":23.0,"key":"Happy Flower"},{"floor":26.0,"key":"Kunai"},{"floor":27.0,"key":"Smiling Mask"},{"floor":29.0,"key":"Red Mask"},{"floor":30.0,"key":"Vajra"},{"floor":41.0,"key":"Frozen Egg 2"},{"floor":43.0,"key":"RedBat"},{"floor":44.0,"key":"White Beast Statue"},{"floor":45.0,"key":"Centennial Puzzle"},{"floor":46.0,"key":"Shovel"}],"event_choices":[{"damage_healed":0.0,"max_hp_gain":0.0,"max_hp_loss":0.0,"gold_gain":75.0,"event_name":"World of Goop","player_choice":"Gather Gold","floor":2.0,"gold_loss":0.0,"damage_taken":11.0},{"damage_healed":0.0,"max_hp_gain":0.0,"max_hp_loss":0.0,"gold_gain":0.0,"event_name":"Liars Game","player_choice":"Ignored","floor":5.0,"gold_loss":0.0,"damage_taken":0.0},{"damage_healed":0.0,"max_hp_gain":0.0,"max_hp_loss":0.0,"gold_gain":0.0,"event_name":"N\u0027loth","player_choice":"Traded Relic","floor":21.0,"relics_lost":["Pear"],"gold_loss":0.0,"damage_taken":0.0,"relics_obtained":["Nloth\u0027s Gift"]},{"cards_removed":["Defend_RM"],"damage_healed":0.0,"max_hp_gain":0.0,"max_hp_loss":0.0,"gold_gain":0.0,"event_name":"Back to Basics","player_choice":"Elegance","floor":25.0,"gold_loss":0.0,"damage_taken":0.0},{"damage_healed":0.0,"max_hp_gain":0.0,"max_hp_loss":0.0,"gold_gain":0.0,"event_name":"Masked Bandits","player_choice":"Fought Bandits","floor":29.0,"gold_loss":0.0,"damage_taken":0.0},{"damage_healed":0.0,"max_hp_gain":0.0,"max_hp_loss":0.0,"gold_gain":0.0,"event_name":"MindBloom","player_choice":"Fight","floor":46.0,"gold_loss":0.0,"damage_taken":0.0}],"is_beta":false,"boss_relics":[{"not_picked":["Tiny House","Busted Crown"],"picked":"Sozu"},{"not_picked":["Astrolabe","Snecko Eye"],"picked":"SlaversCollar"}],"items_purged_floors":[4,31],"is_endless":false,"potions_floor_spawned":[7,10,14,19,27,28,29,36,38,39,45,46,48],"ascension_level":13}}