{"host":"0vkf1k7bkmi4whcf","time":1607808896,"event":{"mods":["Bartender","BaseMod","Better Third Choice","CapriCore","Displayed Cursed Tome","Downfall","GungeonMod","Koishi","Marisa????????","Minty Spire (QoL Compilation)","Reimu??????","Relic Stats","Remilia??????","StSLib","Td1madao Mod","The Alterego","The Immortal","The Servant 0.9.4","The Wild Card","Waifu the Spire","Yuyuko","???????????mod"],"gold_per_floor":[131,149,149,165,165,198,198,227,252,265,281,281,315,336,336,414,414,430,450,476,526,122,122,122,122],"floor_reached":24,"playtime":1098,"items_purged":[],"score":454,"play_id":"b42c97c2-e1a9-4195-9d47-7e5c25112f39","local_time":"20201212223456","is_ascension_mode":true,"campfire_choices":[{"floor":7.0,"key":"REST"},{"floor":12.0,"key":"REST"},{"floor":15,"key":"REST"},{"floor":23,"key":"REST"}],"circlet_count":0,"master_deck":["AscendersBane","AT_purpleEX","AT_purpleEX","AT_purpleEX","AT_purpleEX","Defend_purpleEX","Defend_purpleEX","Defend_purpleEX","Defend_purpleEX","Observe_purple_1","Observe_purple_2+1","MonsterNeedle_purple+1","OmniscientAndOmnipotent_Monster_purple","theWildCard:PaleRider","StateErode_purple","WatchEyeChange_purple","DarkRealmRedLine_purple","RuleDissolution_purple","WangLiang_LineAndCurveDreams_purple","MonsterNeedle_purple","Shallow_ocean_purpleEX","Know_ledgeAbilityRealm_purple","Yakumo_Ran_purple","MeetDecomposer_purple+1","Bait_Toxicbait_purple","CommonSense_AntiCommonSense_purple","WingOfChimera_purple","PurpleNeedle_purple"],"relics":["Boundary_crack","Memoryfragments_purpleEX","Nunchaku","Blood Vial","Antimatter_spacedebris","Mastiff:ReiMu","Odd Mushroom","Black Star","Red Mask","DemoMod:ClearGuonStone"],"acts_visited":["Exordium","TheCity"],"potions_floor_usage":[16,20,24],"damage_taken":[{"damage":9.0,"enemies":"Cultist","floor":1.0,"turns":6.0},{"damage":7.0,"enemies":"Jaw Worm","floor":2.0,"turns":5.0},{"damage":2.0,"enemies":"2 Louse","floor":4.0,"turns":4.0},{"damage":36.0,"enemies":"3 Sentries","floor":6.0,"turns":12.0},{"damage":33.0,"enemies":"Gremlin Nob","floor":8.0,"turns":4.0},{"damage":0.0,"enemies":"Large Slime","floor":10.0,"turns":2.0},{"damage":1.0,"enemies":"2 Fungi Beasts","floor":11.0,"turns":3.0},{"damage":11,"enemies":"3 Sentries","floor":13,"turns":9},{"damage":22,"enemies":"The Mushroom Lair","floor":14,"turns":4},{"damage":15,"enemies":"Hexaghost","floor":16,"turns":9},{"damage":0,"enemies":"Spheric Guardian","floor":18,"turns":3},{"damage":13,"enemies":"2 Thieves","floor":19,"turns":3},{"damage":31,"enemies":"Masked Bandits","floor":20,"turns":5},{"damage":54,"enemies":"Book of Stabbing","floor":24,"turns":6}],"seed_played":"1004652033381445641","potions_obtained":[{"floor":6.0,"key":"SpeedPotion"},{"floor":8.0,"key":"BlessingOfTheForge"},{"floor":13,"key":"Strength Potion"},{"floor":16,"key":"Block Potion"},{"floor":20,"key":"FearPotion"}],"is_trial":false,"path_per_floor":["M","M","?","M","?","E","R","E","T","M","M","R","E","?","R","B",null,"M","M","?","?","$","R","E"],"character_chosen":"Youkari","items_purchased":["DemoMod:ClearGuonStone","CommonSense_AntiCommonSense_purple","WingOfChimera_purple","PurpleNeedle_purple"],"campfire_rested":4,"item_purchase_floors":[22,22,22,22],"current_hp_per_floor":[55,52,52,50,50,16,35,4,4,8,17,36,30,22,41,36,58,61,52,26,26,26,45,0,0],"gold":122,"neow_bonus":"UPGRADE_CARD","is_daily":false,"chose_seed":false,"campfire_upgraded":0,"win_rate":0.0,"timestamp":1607808896,"path_taken":["M","?","?","M","?","E","R","E","T","M","M","R","E","?","R","BOSS","M","M","?","?","$","R","E"],"items_purchased_type":["Relic","Card","Card","Card"],"build_version":"2020-11-30","purchased_purges":0,"victory":false,"max_hp_per_floor":[65,65,65,65,65,65,65,65,65,65,65,65,65,65,65,65,65,65,65,65,65,65,65,65,65],"relic_stats":{"Blood Vial":18,"Nunchaku":[9],"counters":[14,75],"Black Star":0,"obtain_stats":[{"Blood Vial":8,"Nunchaku":6,"Antimatter_spacedebris":9,"Mastiff:ReiMu":13,"DemoMod:GlassGuonStoneRelic":4,"Black Star":17,"Red Mask":20,"Boundary_crack":0,"Odd Mushroom":14,"DemoMod:ClearGuonStone":22,"Memoryfragments_purpleEX":0},{"Blood Vial":5,"Nunchaku":4,"Antimatter_spacedebris":5,"Mastiff:ReiMu":8,"DemoMod:GlassGuonStoneRelic":3,"Black Star":10,"Red Mask":13,"Boundary_crack":0,"Odd Mushroom":9,"DemoMod:ClearGuonStone":13,"Memoryfragments_purpleEX":0},{"Blood Vial":31,"Nunchaku":27,"Antimatter_spacedebris":31,"Mastiff:ReiMu":45,"DemoMod:GlassGuonStoneRelic":15,"Black Star":58,"Red Mask":69,"Boundary_crack":0,"Odd Mushroom":49,"DemoMod:ClearGuonStone":69,"Memoryfragments_purpleEX":0}]},"card_choices":[{"not_picked":["Umbrella_purple","StateErode_purple"],"picked":"MonsterNeedle_purple","floor":1.0},{"not_picked":["ButterflyHabitatTemple_purple","Boundary_of_Extermination_purpleEX"],"picked":"OmniscientAndOmnipotent_Monster_purple","floor":2.0},{"not_picked":["Anti_communist_purple","ExistenceContinue_purple"],"picked":"StateErode_purple","floor":4.0},{"not_picked":["WeekHit_purple","Mirror_FourBoundary_purple"],"picked":"WatchEyeChange_purple","floor":6.0},{"not_picked":["Mirror_FormAndEmptin_purple","StateErode_purple"],"picked":"DarkRealmRedLine_purple","floor":8.0},{"not_picked":["Shallow_ocean_purpleEX","Mirror_FormAndEmptin_purple"],"picked":"RuleDissolution_purple","floor":10.0},{"not_picked":["Boundary_DreamRealityDamnation_purple","OmniscientAndOmnipotent_Monster_purple"],"picked":"WangLiang_LineAndCurveDreams_purple","floor":11.0},{"not_picked":["OmniscientAndOmnipotent_Monster_purple","SharpContractionReality_purple"],"picked":"MonsterNeedle_purple","floor":13},{"not_picked":["Boundary_LightAndDark_purple","Boundary_of_Extermination_purpleEX"],"picked":"Shallow_ocean_purpleEX","floor":14},{"not_picked":["MagicEyes_LaplaceDemon_purple","UniverseChoice_purple"],"picked":"Know_ledgeAbilityRealm_purple","floor":16},{"not_picked":["StateDuplicate_purple","ExistenceContinue_purple"],"picked":"Yakumo_Ran_purple","floor":18},{"not_picked":["OpenedBox_purple","Boundary_LightAndDark_purple"],"picked":"MeetDecomposer_purple+1","floor":19},{"not_picked":["Boundary_of_Extermination_purpleEX","Boundary_LightAndDark_purple"],"picked":"Bait_Toxicbait_purple","floor":20}],"player_experience":706807,"relics_obtained":[{"floor":6.0,"key":"Nunchaku"},{"floor":8.0,"key":"Blood Vial"},{"floor":9.0,"key":"Antimatter_spacedebris"},{"floor":13,"key":"Mastiff:ReiMu"},{"floor":14,"key":"Odd Mushroom"},{"floor":20,"key":"Red Mask"}],"event_choices":[{"damage_healed":0.0,"max_hp_gain":0.0,"max_hp_loss":0.0,"gold_gain":0.0,"event_name":"Living Wall","player_choice":"Grow","floor":5.0,"gold_loss":0.0,"damage_taken":0.0,"cards_upgraded":["MonsterNeedle_purple"]},{"damage_healed":0,"gold_gain":0,"player_choice":"Fought Mushrooms","damage_taken":0,"max_hp_gain":0,"max_hp_loss":0,"event_name":"Mushrooms","floor":14,"gold_loss":0},{"damage_healed":0,"gold_gain":0,"player_choice":"Fought Bandits","damage_taken":0,"max_hp_gain":0,"max_hp_loss":0,"event_name":"Masked Bandits","floor":20,"gold_loss":0},{"damage_healed":0,"gold_gain":50,"player_choice":"Steal","damage_taken":0,"max_hp_gain":0,"max_hp_loss":0,"event_name":"betterThird:BetterNest","floor":21,"gold_loss":0}],"is_beta":false,"boss_relics":[{"not_picked":["Silver_Glasses","Coffee Dripper"],"picked":"Black Star"}],"items_purged_floors":[],"is_endless":false,"potions_floor_spawned":[6,8,10,13,14,16,20],"killed_by":"Book of Stabbing","ascension_level":18}}