{"host":"fdq5pmhluajjrf8d","time":1607796538,"event":{"mods":["BaseMod","Minty Spire (QoL Compilation)"],"gold_per_floor":[16,16,91,109,130,130,148,148,171,185,185,225,225,250,250,250,250],"floor_reached":16,"playtime":647,"items_purged":[],"score":195,"play_id":"060afe43-1117-4744-b966-43d381db9c58","local_time":"20201212130858","is_ascension_mode":true,"campfire_choices":[{"data":"White Noise","floor":6,"key":"SMITH"},{"data":"Chaos","floor":11,"key":"SMITH"},{"data":"Storm","floor":13,"key":"SMITH"},{"data":"Machine Learning","floor":15,"key":"SMITH"}],"circlet_count":0,"master_deck":["AscendersBane","Strike_B","Strike_B","Strike_B","Strike_B","Defend_B","Defend_B","Defend_B","Defend_B","Zap","Dualcast","Rebound","White Noise+1","Storm+1","Chaos+1","Machine Learning+1"],"relics":["Cracked Core","Golden Idol","Bronze Scales","Potion Belt","Nunchaku"],"acts_visited":["Exordium"],"potions_floor_usage":[12],"damage_taken":[{"damage":7,"enemies":"Jaw Worm","floor":1,"turns":3},{"damage":0,"enemies":"Small Slimes","floor":4,"turns":3},{"damage":5,"enemies":"2 Louse","floor":5,"turns":2},{"damage":9,"enemies":"Red Slaver","floor":7,"turns":4},{"damage":6,"enemies":"Exordium Wildlife","floor":10,"turns":5},{"damage":14,"enemies":"Gremlin Nob","floor":12,"turns":3},{"damage":61,"enemies":"Slime Boss","floor":16,"turns":9}],"seed_played":"-264445599605976132","potions_obtained":[{"floor":7,"key":"BlessingOfTheForge"},{"floor":10,"key":"FearPotion"},{"floor":12,"key":"PotionOfCapacity"}],"is_trial":false,"path_per_floor":["M","?","?","M","M","R","M","?","T","M","R","E","R","T","R","B"],"character_chosen":"DEFECT","items_purchased":[],"campfire_rested":0,"item_purchase_floors":[],"current_hp_per_floor":[71,71,60,60,55,55,46,77,77,71,71,57,57,57,57,0,0],"gold":250,"neow_bonus":"TWENTY_PERCENT_HP_BONUS","is_daily":false,"chose_seed":false,"campfire_upgraded":4,"win_rate":0.0,"timestamp":1607796538,"path_taken":["M","?","?","M","M","R","M","?","T","?","R","E","R","?","R","BOSS"],"items_purchased_type":[],"build_version":"2020-11-30","purchased_purges":0,"victory":false,"max_hp_per_floor":[85,77,77,77,77,77,77,77,77,77,77,77,77,77,77,77,77],"card_choices":[{"not_picked":["Barrage","Double Energy"],"picked":"Rebound","floor":1},{"not_picked":["Streamline","Tempest"],"picked":"White Noise","floor":4},{"not_picked":["White Noise","Beam Cell"],"picked":"Storm","floor":5},{"not_picked":["Go for the Eyes","Meteor Strike"],"picked":"Self Repair","floor":7},{"not_picked":["Cold Snap","Doom and Gloom"],"picked":"Chaos","floor":10},{"not_picked":["Steam","Sweeping Beam"],"picked":"Machine Learning","floor":12}],"player_experience":1827858,"relics_obtained":[{"floor":9,"key":"Bronze Scales"},{"floor":12,"key":"Potion Belt"},{"floor":14,"key":"Nunchaku"}],"event_choices":[{"damage_healed":0,"gold_gain":0,"player_choice":"Lose Max HP","damage_taken":0,"relics_obtained":["Golden Idol"],"max_hp_gain":0,"max_hp_loss":8,"event_name":"Golden Idol","floor":2,"gold_loss":0},{"damage_healed":0,"gold_gain":75,"player_choice":"Gather Gold","damage_taken":11,"max_hp_gain":0,"max_hp_loss":0,"event_name":"World of Goop","floor":3,"gold_loss":0},{"cards_removed":["Self Repair"],"damage_healed":31,"gold_gain":0,"player_choice":"Offered Uncommon","damage_taken":0,"max_hp_gain":0,"max_hp_loss":0,"event_name":"Bonfire Elementals","floor":8,"gold_loss":0}],"is_beta":false,"boss_relics":[],"items_purged_floors":[],"is_endless":false,"potions_floor_spawned":[7,10,12],"killed_by":"Slime Boss","ascension_level":19}}