{"host":"k5dhp0bkccqfauyu","time":1607743581,"event":{"mods":["BaseMod","Better Note","Better Skull","Better Vampires","Colored Map","Colored Powertips","DeckTracker","Minty Spire (QoL Compilation)","Permanent Neow","StSLib","SuperFastMode"],"gold_per_floor":[111,129,129,54,64,89,89,89,112,130,2,2,13,43,43,118,118,128,128,78,95,95,95,95],"floor_reached":23,"playtime":641,"items_purged":["Strike_P"],"score":498,"play_id":"6c94c919-18b7-411a-a87b-9c5460f36e95","local_time":"20201212142621","is_ascension_mode":true,"campfire_choices":[{"data":"Eruption","floor":7,"key":"SMITH"},{"data":"Worship","floor":15,"key":"SMITH"}],"circlet_count":0,"master_deck":["AscendersBane","Eruption+1","Vigilance","Scrawl+1","FlurryOfBlows","CrushJoints","FlurryOfBlows","Vault+1","Worship+1","ReachHeaven","Protect","DevaForm","Scrawl","MasterReality","Wireheading","DeusExMachina","WindmillStrike","LikeWater","FollowUp","ClearTheMind","EmptyMind+1","ThirdEye"],"relics":["PureWater","Dream Catcher","Lantern","Turnip","Pandora\u0027s Box"],"acts_visited":["Exordium","TheCity"],"potions_floor_usage":[16,23],"damage_taken":[{"damage":0,"enemies":"Jaw Worm","floor":1,"turns":3},{"damage":0,"enemies":"Cultist","floor":2,"turns":3},{"damage":0,"enemies":"Small Slimes","floor":5,"turns":1},{"damage":0,"enemies":"Gremlin Nob","floor":6,"turns":2},{"damage":0,"enemies":"3 Louse","floor":10,"turns":2},{"damage":0,"enemies":"Looter","floor":13,"turns":3},{"damage":0,"enemies":"Lagavulin","floor":14,"turns":3},{"damage":31,"enemies":"Hexaghost","floor":16,"turns":7},{"damage":0,"enemies":"3 Byrds","floor":18,"turns":4},{"damage":0,"enemies":"2 Thieves","floor":21,"turns":3},{"damage":38,"enemies":"Slavers","floor":23,"turns":4}],"seed_played":"4734324904518848535","potions_obtained":[{"floor":5,"key":"Dexterity Potion"},{"floor":10,"key":"SkillPotion"},{"floor":14,"key":"StancePotion"},{"floor":18,"key":"GamblersBrew"}],"is_trial":false,"path_per_floor":["M","M","?","$","M","E","R","?","T","M","$","?","M","E","R","B",null,"M","?","?","M","?","E"],"character_chosen":"WATCHER","items_purchased":["ReachHeaven","Protect"],"campfire_rested":0,"item_purchase_floors":[11,11],"current_hp_per_floor":[43,43,43,43,43,43,43,43,43,43,43,48,48,48,48,17,59,59,38,38,38,38,0,0],"gold":95,"neow_bonus":"THREE_RARE_CARDS","is_daily":false,"chose_seed":false,"campfire_upgraded":2,"win_rate":0.0,"timestamp":1607743581,"path_taken":["M","M","?","$","?","E","R","?","T","M","$","?","M","E","R","BOSS","M","?","?","?","?","E"],"items_purchased_type":["Card","Card"],"build_version":"2020-11-30","purchased_purges":1,"victory":false,"max_hp_per_floor":[68,68,68,68,68,68,68,68,68,68,68,73,73,73,73,73,73,73,78,78,78,78,78,78],"card_choices":[{"not_picked":["Vault","Omniscience"],"picked":"Scrawl","floor":0},{"not_picked":["BowlingBash","SignatureMove"],"picked":"FlurryOfBlows","floor":1},{"not_picked":["ClearTheMind","FlyingSleeves"],"picked":"CrushJoints","floor":2},{"not_picked":["Fasting2","LikeWater"],"picked":"FlurryOfBlows","floor":5},{"not_picked":["WreathOfFlame","Protect"],"picked":"Vault","floor":6},{"not_picked":["JustLucky","Crescendo"],"picked":"Worship","floor":10},{"not_picked":["JustLucky","Evaluate","CarveReality"],"picked":"SKIP","floor":13},{"not_picked":["Wallop","EmptyFist"],"picked":"DevaForm","floor":14},{"not_picked":["Establishment","MasterReality"],"picked":"Scrawl","floor":16},{"not_picked":["FollowUp","DeceiveReality"],"picked":"EmptyMind+1","floor":18},{"not_picked":["Nirvana+1","FlurryOfBlows+1"],"picked":"ThirdEye","floor":21}],"player_experience":1751452,"relics_obtained":[{"floor":6,"key":"Dream Catcher"},{"floor":9,"key":"Lantern"},{"floor":14,"key":"Turnip"}],"event_choices":[{"damage_healed":0,"gold_gain":0,"player_choice":"Upgraded","damage_taken":0,"max_hp_gain":0,"max_hp_loss":0,"event_name":"Upgrade Shrine","floor":3,"gold_loss":0,"cards_upgraded":["Scrawl"]},{"damage_healed":0,"gold_gain":0,"player_choice":"Grow","damage_taken":0,"max_hp_gain":0,"max_hp_loss":0,"event_name":"Living Wall","floor":8,"gold_loss":0,"cards_upgraded":["Vault"]},{"damage_healed":0,"gold_gain":0,"player_choice":"Donut","damage_taken":0,"max_hp_gain":5,"max_hp_loss":0,"event_name":"Big Fish","floor":12,"gold_loss":0},{"damage_healed":0,"gold_gain":0,"player_choice":"Shed Blood","damage_taken":26,"max_hp_gain":5,"max_hp_loss":0,"event_name":"Forgotten Altar","floor":19,"gold_loss":0},{"damage_healed":0,"gold_gain":0,"player_choice":"Bet on Murderer","damage_taken":0,"max_hp_gain":0,"max_hp_loss":0,"event_name":"The Joust","floor":20,"gold_loss":50},{"damage_healed":0,"gold_gain":0,"player_choice":"0 cards matched","damage_taken":0,"max_hp_gain":0,"max_hp_loss":0,"event_name":"Match and Keep!","floor":22,"gold_loss":0,"cards_obtained":[]}],"is_beta":false,"boss_relics":[{"not_picked":["Snecko Eye","Fusion Hammer"],"picked":"Pandora\u0027s Box"}],"items_purged_floors":[4],"is_endless":false,"potions_floor_spawned":[5,10,14,18],"killed_by":"Slavers","ascension_level":20}}