{"host":"se2kry7a7ac49ar7","time":1607770662,"event":{"mods":["BaseMod","Bestiary","Minty Spire (QoL Compilation)","StSLib"],"gold_per_floor":[118,128,128,137,97,140,165,205,229,268,292,329,380,380,380,380,380],"floor_reached":16,"playtime":730,"items_purged":[],"score":275,"play_id":"23a39e37-8326-4bc8-9e96-46ffb9ea2d2b","local_time":"20201212025742","is_ascension_mode":true,"campfire_choices":[{"data":"Bash","floor":15,"key":"SMITH"}],"circlet_count":0,"master_deck":["AscendersBane","Strike_R+1","Strike_R","Strike_R","Strike_R","Strike_R","Defend_R","Defend_R","Defend_R+1","Defend_R","Bash+1","Havoc","Regret","Heavy Blade","Havoc","Power Through","Heavy Blade","Intimidate","Battle Trance"],"relics":["Burning Blood","NeowsBlessing","CeramicFish","Blood Vial","Incense Burner","Smiling Mask","Charon\u0027s Ashes","Thread and Needle"],"acts_visited":["Exordium"],"potions_floor_usage":[5,8,8,12,12],"damage_taken":[{"damage":0,"enemies":"Small Slimes","floor":1,"turns":1},{"damage":0,"enemies":"2 Louse","floor":2,"turns":1},{"damage":0,"enemies":"Lagavulin","floor":6,"turns":2},{"damage":0,"enemies":"Cultist","floor":7,"turns":2},{"damage":25,"enemies":"3 Sentries","floor":8,"turns":6},{"damage":51,"enemies":"Gremlin Nob","floor":10,"turns":5},{"damage":4,"enemies":"2 Fungi Beasts","floor":11,"turns":3},{"damage":16,"enemies":"Lagavulin","floor":12,"turns":7},{"damage":80,"enemies":"Hexaghost","floor":16,"turns":10}],"seed_played":"-4874610161292264334","potions_obtained":[{"floor":5,"key":"Fruit Juice"},{"floor":5,"key":"Ancient Potion"},{"floor":5,"key":"Explosive Potion"},{"floor":6,"key":"SteroidPotion"},{"floor":10,"key":"EssenceOfSteel"},{"floor":11,"key":"ColorlessPotion"},{"floor":12,"key":"Fire Potion"}],"is_trial":false,"path_per_floor":["M","M","?","?","?","E","M","E","T","E","M","E","?","?","R","B"],"character_chosen":"IRONCLAD","items_purchased":[],"campfire_rested":0,"item_purchase_floors":[],"current_hp_per_floor":[74,75,52,52,57,63,71,54,54,11,15,7,7,80,80,0,0],"gold":380,"neow_bonus":"THREE_ENEMY_KILL","is_daily":false,"chose_seed":false,"campfire_upgraded":1,"win_rate":0.0,"timestamp":1607770662,"path_taken":["M","M","?","?","?","E","M","E","T","E","?","E","?","?","R","BOSS"],"items_purchased_type":[],"build_version":"2020-11-30","purchased_purges":0,"victory":false,"max_hp_per_floor":[75,75,75,75,80,80,80,80,80,80,80,80,80,80,80,80,80],"card_choices":[{"not_picked":["Clothesline","Iron Wave"],"picked":"Spot Weakness","floor":1},{"not_picked":["Cleave","Rampage"],"picked":"Havoc","floor":2},{"not_picked":["Rupture","Warcry"],"picked":"Heavy Blade","floor":6},{"not_picked":["Armaments","Cleave"],"picked":"Havoc","floor":7},{"not_picked":["Clothesline","Blood for Blood"],"picked":"Power Through","floor":8},{"not_picked":["Wild Strike","Whirlwind"],"picked":"Heavy Blade","floor":10},{"not_picked":["Rupture","Warcry"],"picked":"Intimidate","floor":11},{"not_picked":["Bloodletting","Clash"],"picked":"Battle Trance","floor":12}],"player_experience":636589,"relics_obtained":[{"floor":6,"key":"Blood Vial"},{"floor":8,"key":"Incense Burner"},{"floor":9,"key":"Smiling Mask"},{"floor":10,"key":"Charon\u0027s Ashes"},{"floor":12,"key":"Thread and Needle"}],"event_choices":[{"damage_healed":0,"gold_gain":0,"player_choice":"Entered Light","damage_taken":23,"max_hp_gain":0,"max_hp_loss":0,"event_name":"Shining Light","floor":3,"gold_loss":0,"cards_upgraded":["Strike_R","Defend_R"]},{"damage_healed":0,"gold_gain":0,"player_choice":"Box","damage_taken":0,"relics_obtained":["CeramicFish"],"max_hp_gain":0,"max_hp_loss":0,"event_name":"Big Fish","floor":4,"gold_loss":0,"cards_obtained":["Regret"]},{"damage_healed":0,"gold_gain":0,"player_choice":"Bought 3 Potions","damage_taken":0,"max_hp_gain":0,"max_hp_loss":0,"event_name":"The Woman in Blue","floor":5,"gold_loss":0},{"damage_healed":0,"gold_gain":51,"player_choice":"Gained Gold","damage_taken":0,"max_hp_gain":0,"max_hp_loss":0,"event_name":"Golden Wing","floor":13,"gold_loss":0},{"cards_removed":["Spot Weakness"],"damage_healed":73,"gold_gain":0,"player_choice":"Offered Uncommon","damage_taken":0,"max_hp_gain":0,"max_hp_loss":0,"event_name":"Bonfire Elementals","floor":14,"gold_loss":0}],"is_beta":false,"boss_relics":[],"items_purged_floors":[],"is_endless":false,"potions_floor_spawned":[6,10,11,12],"killed_by":"Hexaghost","ascension_level":16}}