{"host":"mbjdlts9b6456t85","time":1607805849,"event":{"mods":["2.2 Compatiblity","AchievementEnabler","Aspiration","BaseMod","Better Altar","Better Match","Better Note","Better Sensory Stone","Better Skull","Better Third Choice","BetterRewards","CCEM","Clawfect","Conspire","Downfall","GifTheSpireLib","Googly Eyes","Halation","Highlight Path","Hubris","Minty Spire (QoL Compilation)","Permanent Neow","Replay The Spire","Shop Mod","Spicy Shops","StSLib","Stuff the Spire","Unceasing Turn Reminder","everything is the same but u backflip on backflip"],"gold_per_floor":[199,216,216,141,316,316,316,343,5,5,0,18,12,12,22,134,134,59,79,101,201,230,249,275,275,33,33,56,56,75,75,96,203,303,303,362,362,343,365,384,384,404,444,444,466,571,571,571,589,589],"floor_reached":51,"playtime":5428,"items_purged":["conspire:GhostlyDefend"],"score":550,"play_id":"91a5917e-4804-4443-9788-02318933f8ff","local_time":"20201212154409","is_ascension_mode":false,"campfire_choices":[{"floor":1.0,"key":"RECALL"},{"data":"Guardian:TwinSlam","floor":4.0,"key":"SMITH"},{"floor":10.0,"key":"REST"},{"floor":18.0,"key":"DIG"},{"data":"Guardian:PiercingHide","floor":25.0,"key":"SMITH"},{"data":"Guardian:FloatingOrbs","floor":27.0,"key":"SMITH"},{"data":"Guardian:StasisField","floor":35.0,"key":"SMITH"},{"floor":44,"key":"REST"}],"circlet_count":0,"master_deck":["conspire:GhostlyStrike","conspire:GhostlyStrike","conspire:GhostlyStrike","conspire:GhostlyStrike","conspire:GhostlyDefend","conspire:GhostlyDefend","conspire:GhostlyDefend","Guardian:CurlUp","Guardian:TwinSlam+1","Guardian:RollAttack","Guardian:WalkerClaw","StuffTheSpire:FreeRealEstate","Guardian:ChargeUp","StuffTheSpire:PlasmaPulse","Impatience","Sadistic Nature","Guardian:FloatingOrbs+1","Guardian:Gem_White","Guardian:Preprogram","Guardian:PiercingHide+1","Guardian:GuardianWhirl+1","Guardian:Repulse","Guardian:PrimingBeam","Guardian:Reroute","Guardian:Planning+1","Guardian:StasisField+1","Guardian:PiercingHide+1","Guardian:SentryBeam","Apotheosis+1","Guardian:Incinerate","Guardian:CrystalBeam+1","Guardian:WalkerClaw","Guardian:Harden","Guardian:ArmoredProtocol+1"],"relics":["Guardian:ModeShifter","downfall:HeartBlessingRed","hubris:DeckOfHolding","ReplayTheSpireMod:ShopPack","Guardian:PickAxe","aspiration:RitualDagger","downfall:HeartBlessingBlue","StuffTheSpire:Experiment12","downfall:GremlinWheel","Juzu Bracelet","Replay:Grab Bag","Replay:Wanted Poster","Guardian:StasisSlotReductionRelic","conspire:SpecialSausage","hubris:Backtick","Ice Cream","halation:BlackBeret","halation:PinkSoulGem","ReplayTheSpireMod:Lightbulb","aspiration:StickyExplosives_weak","ReplayTheSpireMod:Shallot","Toy Ornithopter","aspiration:HiddenCompartment"],"acts_visited":["Exordium","TheCity","TheBeyond"],"potions_floor_usage":[43,46,46],"damage_taken":[{"damage":0.0,"enemies":"Small Slimes","floor":2.0,"turns":5.0},{"damage":16.0,"enemies":"Lagavulin","floor":8.0,"turns":5.0},{"damage":10.0,"enemies":"downfall:FleeingMerchant","floor":9.0,"turns":4.0},{"damage":4.0,"enemies":"downfall:FleeingMerchant","floor":11.0,"turns":4.0},{"damage":1.0,"enemies":"conspire:RoseBush","floor":12.0,"turns":2.0},{"damage":17.0,"enemies":"downfall:FleeingMerchant","floor":13.0,"turns":4.0},{"damage":2.0,"enemies":"2 Louse","floor":15.0,"turns":1.0},{"damage":22.0,"enemies":"downfall:CharBossIronclad","floor":16.0,"turns":7.0},{"damage":24.0,"enemies":"Spheric Guardian","floor":19.0,"turns":4.0},{"damage":15.0,"enemies":"conspire:FuzzyDice","floor":20.0,"turns":5.0},{"damage":29.0,"enemies":"conspire:FuzzyDice","floor":21.0,"turns":4.0},{"damage":18.0,"enemies":"Centurion and Healer","floor":22.0,"turns":5.0},{"damage":47.0,"enemies":"conspire:HollyBat","floor":23.0,"turns":9.0},{"damage":11.0,"enemies":"downfall:FleeingMerchant","floor":26.0,"turns":4.0},{"damage":25.0,"enemies":"Snake Plant","floor":28.0,"turns":4.0},{"damage":17.0,"enemies":"Shelled Parasite and Fungi","floor":30.0,"turns":4.0},{"damage":17.0,"enemies":"Cultist and Chosen","floor":32.0,"turns":4.0},{"damage":40.0,"enemies":"downfall:CharBossSilent","floor":33.0,"turns":6.0},{"damage":37.0,"enemies":"Mind Bloom Boss Battle","floor":36.0,"turns":8.0},{"damage":31,"enemies":"downfall:FleeingMerchant","floor":38,"turns":3},{"damage":25,"enemies":"3 Darklings","floor":39,"turns":3},{"damage":22,"enemies":"Orb Walker","floor":40,"turns":3},{"damage":22,"enemies":"Sphere and 2 Shapes","floor":42,"turns":5},{"damage":19,"enemies":"Nemesis","floor":43,"turns":5},{"damage":26,"enemies":"Spire Growth","floor":45,"turns":5},{"damage":8,"enemies":"downfall:LadyInBlue","floor":46,"turns":4},{"damage":5,"enemies":"Jaw Worm Horde","floor":49,"turns":3},{"damage":3,"enemies":"downfall:CharBossDefect","floor":50,"turns":1}],"seed_played":"7114371992348241726","potions_obtained":[{"floor":8.0,"key":"Venom Potion"},{"floor":16.0,"key":"Block Potion"},{"floor":19.0,"key":"Energy Potion"},{"floor":21.0,"key":"CultistPotion"},{"floor":39,"key":"PowerPotion"},{"floor":40,"key":"conspire:TimeTravelPotion"},{"floor":43,"key":"champ:CounterPotion"},{"floor":45,"key":"ColorlessPotion"},{"floor":46,"key":"champ:CounterPotion"},{"floor":46,"key":"Weak Potion"}],"is_trial":false,"path_per_floor":["R","M","?","R","?","?","T","E","$","R","$","M","$","?","M","B",null,"R","M","M","?","M","M","T","R","$","R","M","?","M","?","M","B",null,"R","?","?","$","M","M","T","M","E","R","M","?","?","T","M","B",null],"character_chosen":"GUARDIAN","items_purchased":["StuffTheSpire:FreeRealEstate","Guardian:Gem_Red","Guardian:ChargeUp","ReplayTheSpireMod:ShopPack","Guardian:Repulse","Guardian:PrimingBeam","ReplayTheSpireMod:Lightbulb","Apotheosis"],"campfire_rested":2,"item_purchase_floors":[9,9,9,9,26,26,38,38],"current_hp_per_floor":[80,80,80,80,80,80,80,64,54,78,74,73,56,44,42,20,80,90,66,51,22,4,64,64,64,68,90,74,100,96,96,97,87,100,100,91,91,63,55,42,42,33,34,64,56,76,76,76,85,84],"gold":589,"neow_bonus":"HUNDRED_GOLD","is_daily":false,"chose_seed":false,"campfire_upgraded":4,"win_rate":0.0,"timestamp":1607805849,"path_taken":["R","M","?","R","?","?","T","E","?","R","$","?","$","?","M","BOSS","R","M","M","?","M","M","T","R","$","R","M","?","M","?","M","BOSS","R","?","?","$","M","M","T","M","E","R","M","?","?","?","M","BOSS"],"items_purchased_type":["Card","Card","Card","Relic","Card","Card","Relic","Card"],"build_version":"2020-11-30","purchased_purges":1,"victory":true,"max_hp_per_floor":[80,80,80,80,80,80,80,80,80,80,80,80,80,80,80,80,80,90,90,90,90,90,90,90,90,90,90,90,100,100,100,100,100,100,100,100,100,100,100,100,100,100,100,100,100,100,100,100,100,100],"card_choices":[{"not_picked":["Guardian:Gem_Cyan","Guardian:ChargeCore"],"picked":"Guardian:RollAttack","floor":2.0},{"not_picked":["Guardian:TimeBomb","Guardian:VentSteam"],"picked":"Guardian:WalkerClaw","floor":8.0},{"not_picked":["conspire:Banana","ReplayTheSpireMod:Uncanny Aura"],"picked":"StuffTheSpire:PlasmaPulse","floor":9.0},{"not_picked":["hubris:Insight","ReplayTheSpireMod:Uncanny Aura"],"picked":"Impatience","floor":9.0},{"not_picked":["Violence","Transmutation"],"picked":"Sadistic Nature","floor":9.0},{"not_picked":["Guardian:Emergency","Guardian:PrismaticBeam"],"picked":"Guardian:FloatingOrbs","floor":12.0},{"not_picked":["Guardian:Reroute","Guardian:Suspension"],"picked":"Guardian:Gem_Crimson","floor":15.0},{"not_picked":["Guardian:FastForward","Guardian:AncientConstruct"],"picked":"Guardian:StasisStrike","floor":16.0},{"not_picked":["Guardian:Suspension+1","Guardian:RollAttack"],"picked":"Guardian:Preprogram","floor":19.0},{"not_picked":["Guardian:RefractedBeam","Guardian:BronzeOrb"],"picked":"Guardian:Gem_Cyan","floor":20.0},{"not_picked":["Guardian:TemporalShield+1","Guardian:Gem_Crimson"],"picked":"Guardian:PiercingHide","floor":22.0},{"not_picked":["Guardian:CrystalBeam","Guardian:Suspension"],"picked":"Guardian:GuardianWhirl+1","floor":23.0},{"not_picked":["Guardian:Gem_Red","Guardian:TimeCapacitor+1"],"picked":"Guardian:Reroute","floor":28.0},{"not_picked":["Guardian:HyperBeam_Guardian","Guardian:TemporalShield"],"picked":"Guardian:Gem_Purple","floor":30.0},{"not_picked":["Guardian:Recover+1","Guardian:Suspension"],"picked":"Guardian:Planning+1","floor":32.0},{"not_picked":["Guardian:Gem_Orange","Guardian:ConstructionForm"],"picked":"Guardian:StasisField","floor":33.0},{"not_picked":["Guardian:Gem_Green","Guardian:Gem_Blue"],"picked":"Guardian:PiercingHide+1","floor":36.0},{"not_picked":["Guardian:Reroute","Guardian:PolyBeam"],"picked":"Guardian:SentryBeam","floor":38},{"not_picked":["Guardian:PrimingBeam","Guardian:ShieldCharger"],"picked":"Guardian:Incinerate","floor":39},{"not_picked":["Guardian:TimeCapacitor","Guardian:WalkerClaw"],"picked":"Guardian:CrystalBeam+1","floor":40},{"not_picked":["Guardian:CrystalBeam","Guardian:ChargeUp","Guardian:Reroute"],"picked":"SKIP","floor":42},{"not_picked":["Guardian:CrystalBeam","Guardian:ChargeUp","Guardian:Reroute"],"picked":"SKIP","floor":42},{"not_picked":["Guardian:Suspension","Guardian:ChargeCore"],"picked":"Guardian:Gem_Synthetic","floor":43},{"not_picked":["Guardian:Gem_White","Guardian:ShieldCharger"],"picked":"Guardian:WalkerClaw","floor":45},{"not_picked":["Guardian:WalkerClaw+1","Guardian:Gem_Green"],"picked":"Guardian:Harden","floor":46},{"not_picked":["Guardian:ChargeCore","Guardian:PiercingHide+1"],"picked":"Guardian:ArmoredProtocol+1","floor":49}],"player_experience":417827,"relics_obtained":[{"floor":8.0,"key":"hubris:DeckOfHolding"},{"floor":18.0,"key":"StuffTheSpire:Experiment12"},{"floor":21.0,"key":"downfall:GremlinWheel"},{"floor":24.0,"key":"Juzu Bracelet"},{"floor":36.0,"key":"halation:BlackBeret"},{"floor":41,"key":"aspiration:StickyExplosives_weak"},{"floor":43,"key":"ReplayTheSpireMod:Shallot"},{"floor":46,"key":"Toy Ornithopter"},{"floor":48,"key":"aspiration:HiddenCompartment"}],"event_choices":[{"damage_healed":0.0,"max_hp_gain":0.0,"max_hp_loss":0.0,"gold_gain":0.0,"event_name":"conspire:LoneGhost","player_choice":"Agree","floor":3.0,"gold_loss":0.0,"damage_taken":0.0},{"damage_healed":22.0,"max_hp_gain":0.0,"max_hp_loss":0.0,"gold_gain":0.0,"event_name":"Wheel of Change","player_choice":"Full Heal","floor":27.0,"gold_loss":0.0,"damage_taken":0.0},{"cards_removed":["Guardian:StasisStrike"],"damage_healed":16.0,"max_hp_gain":10.0,"max_hp_loss":0.0,"gold_gain":0.0,"event_name":"Bonfire Elementals","player_choice":"Offered Rare","floor":29.0,"gold_loss":0.0,"damage_taken":0.0}],"is_beta":false,"boss_relics":[{"not_picked":["aspiration:PoetsPen_weak","Snecko Eye"],"picked":"aspiration:RitualDagger"},{"not_picked":["hubris:CrackedHourglass","CCEMRelics:TransientCore"],"picked":"Replay:Grab Bag"},{"not_picked":["hubris:VirtuousBlindfold","ChewingGum"],"picked":"Replay:Wanted Poster"},{"not_picked":["Coffee Dripper","conspire:SeveredTorchhead"],"picked":"Guardian:StasisSlotReductionRelic"},{"not_picked":["halation:Yufonium","Replay:Drink Me"],"picked":"conspire:SpecialSausage"},{"not_picked":["halation:Prosthetics","hubris:HollowSoul"],"picked":"hubris:Backtick"}],"items_purged_floors":[26],"is_endless":false,"potions_floor_spawned":[8,16,19,21,22,23,39,40,43,45],"ascension_level":0}}