{"host":"pgqkv8mh62pnrbci","time":1607752540,"event":{"mods":["AchievementEnabler","BaseMod","Custom Start","Minty Spire (QoL Compilation)","Replay The Spire","StSLib","SuperFastMode","¡¼?Úª?ø«¡½REMEMod"],"gold_per_floor":[111,124,137,147,158,170,186,186,186,186,6,6,40,60,60,136,136,154,171,97,114,114,142,155,182,208,208,208,235,8,8,8,82,82,101,119,19,37,54,81,81,91,117,132,160,160,191,205,205,205,205,205,32,64,64],"floor_reached":56,"playtime":2820,"items_purged":["Voices","Writhe"],"score":2762,"play_id":"4a8e5ed0-2467-40ee-9818-ef654ff6ce46","local_time":"20201212145540","is_ascension_mode":true,"campfire_choices":[{"data":"True Grit","floor":15.0,"key":"SMITH"},{"data":"REME_FearOfPain","floor":27.0,"key":"SMITH"},{"data":"REME_AllRoundStrike","floor":32.0,"key":"SMITH"},{"floor":41.0,"key":"RECALL"},{"floor":49,"key":"DIG"},{"data":"Apotheosis","floor":52,"key":"SMITH"}],"circlet_count":0,"master_deck":["AscendersBane","Strike_R+1","Strike_R+1","Strike_R+1","Strike_R+1","Strike_R+1","Defend_R+1","Defend_R+1","Defend_R+1","Defend_R+1","Bash","Creative AI+1","Demonic Infusion","Havoc","ReplayTheSpireMod:Stacked","ReplayTheSpireMod:Strike From Hell","Power Through","Exhume","Inflame","REME_AllRoundStrike+1","REME_FearOfPain+1","Eclipse","True Grit+1","Hemogenesis","Second Wind+1","Second Wind","ReplayTheSpireMod:Limb From Limb","Inflame","Eclipse","Shockwave","Massacre","REME_Cut","Blood for Blood","Whirlwind","Hemogenesis","Spot Weakness","Shrug It Off+1","Barricade","True Grit+1","Carnage+1","REME_TheLastStrike","Feel No Pain","REME_ACTH+1","Apotheosis+1","ReplayTheSpireMod:Brewmster","Specialist","Heavy Blade+1","Clothesline","ReplayTheSpireMod:IOU","Fire Breathing","ReplayTheSpireMod:IOU","ReplayTheSpireMod:IOU","Abandon"],"relics":["Burning Blood","REME_ComplimentaryCards","Ring of Peace","Ring of Panic","Divine Protection","Letter Opener","Honey Jar","Vajra","REME_PuzzleBoxRelic","Pet Ghost","Mirror","Incense Burner","ChewingGum","Mango","Replay:Wax Seal","Nunchaku","Self Forming Clay","ClockworkSouvenir","Replay:Bottled Steam","Replay:Bottled Eggs"],"acts_visited":["Exordium","TheCity","TheBeyond","TheEnding"],"potions_floor_usage":[45,47,48,50,50,50,50,54,54,54],"damage_taken":[{"damage":6.0,"enemies":"Cultist","floor":1.0,"turns":4.0},{"damage":8.0,"enemies":"Small Slimes","floor":2.0,"turns":5.0},{"damage":8.0,"enemies":"2 Louse","floor":3.0,"turns":4.0},{"damage":18.0,"enemies":"Blue Slaver","floor":4.0,"turns":4.0},{"damage":11.0,"enemies":"Looter","floor":5.0,"turns":3.0},{"damage":0.0,"enemies":"2 Fungi Beasts","floor":6.0,"turns":5.0},{"damage":5.0,"enemies":"Blue Slaver","floor":7.0,"turns":5.0},{"damage":0.0,"enemies":"Lagavulin","floor":13.0,"turns":2.0},{"damage":0.0,"enemies":"Looter","floor":14.0,"turns":1.0},{"damage":0.0,"enemies":"Slime Boss","floor":16.0,"turns":3.0},{"damage":0.0,"enemies":"Spheric Guardian","floor":18.0,"turns":3.0},{"damage":0.0,"enemies":"Shell Parasite","floor":19.0,"turns":2.0},{"damage":0.0,"enemies":"Centurion and Healer","floor":21.0,"turns":4.0},{"damage":0.0,"enemies":"Book of Stabbing","floor":23.0,"turns":4.0},{"damage":0.0,"enemies":"3 Cultists","floor":24.0,"turns":1.0},{"damage":0.0,"enemies":"Gremlin Leader","floor":25.0,"turns":3.0},{"damage":0.0,"enemies":"Book of Stabbing","floor":29.0,"turns":6.0},{"damage":0.0,"enemies":"Champ","floor":33.0,"turns":6.0},{"damage":0.0,"enemies":"3 Darklings","floor":35.0,"turns":1.0},{"damage":22.0,"enemies":"3 Shapes","floor":36.0,"turns":4.0},{"damage":0.0,"enemies":"Spire Growth","floor":38.0,"turns":3.0},{"damage":4.0,"enemies":"4 Shapes","floor":39.0,"turns":1.0},{"damage":33.0,"enemies":"Giant Head","floor":40.0,"turns":7.0},{"damage":0.0,"enemies":"Writhing Mass","floor":42.0,"turns":3.0},{"damage":11,"enemies":"Sphere and 2 Shapes","floor":44,"turns":3},{"damage":0,"enemies":"Nemesis","floor":45,"turns":5},{"damage":0,"enemies":"Reptomancer","floor":47,"turns":5},{"damage":0,"enemies":"Spire Growth","floor":48,"turns":3},{"damage":0,"enemies":"Time Eater","floor":50,"turns":9},{"damage":0,"enemies":"Shield and Spear","floor":54,"turns":3},{"damage":43,"enemies":"The Heart","floor":55,"turns":4}],"seed_played":"8225396046542206995","potions_obtained":[{"floor":3.0,"key":"AttackPotion"},{"floor":5.0,"key":"Energy Potion"},{"floor":16.0,"key":"Adrenaline Potion"},{"floor":18.0,"key":"Strength Potion"},{"floor":23.0,"key":"Strength Potion"},{"floor":29.0,"key":"Dexterity Potion"},{"floor":35.0,"key":"Explosive Potion"},{"floor":42.0,"key":"SkillPotion"},{"floor":45,"key":"LiquidMemories"}],"is_trial":false,"path_per_floor":["M","M","M","M","M","M","M","?","T","?","$","?","E","M","R","B",null,"M","M","$","M","?","E","M","E","T","R","?","E","$","?","R","B",null,"M","M","$","M","M","E","R","M","T","M","E","?","E","M","R","B",null,"R","$","E","B",null],"character_chosen":"IRONCLAD","items_purchased":["REME_AllRoundStrike","ReplayTheSpireMod:Limb From Limb","Blood for Blood","Whirlwind","ClockworkSouvenir","Fire Breathing","Replay:Bottled Steam"],"campfire_rested":0,"item_purchase_floors":[11,20,30,30,53,53,53],"current_hp_per_floor":[50,48,46,34,29,35,36,36,36,13,13,13,19,25,25,31,64,70,75,75,75,75,75,75,75,75,75,75,75,75,75,75,75,75,75,59,59,75,75,62,62,73,73,68,74,64,70,81,81,91,91,91,91,91,54],"gold":64,"neow_bonus":"THREE_RARE_CARDS","is_daily":false,"chose_seed":false,"campfire_upgraded":4,"win_rate":0.0,"timestamp":1607752540,"path_taken":["M","M","M","M","M","M","M","?","T","?","$","?","E","?","R","BOSS","M","M","$","M","?","E","M","E","T","R","?","E","$","?","R","BOSS","M","M","$","M","M","E","R","M","T","M","E","?","E","M","R","BOSS","R","$","E","BOSS"],"items_purchased_type":["Card","Card","Card","Card","Relic","Card","Relic"],"build_version":"2020-11-30","purchased_purges":2,"victory":true,"max_hp_per_floor":[75,75,75,75,75,75,75,75,75,75,75,75,75,75,75,75,75,75,75,75,75,75,75,75,75,75,75,75,75,75,75,75,75,75,75,75,75,75,75,89,89,89,89,89,89,89,89,89,89,91,91,91,91,91,91],"card_choices":[{"not_picked":["REME_Fury","Barricade"],"picked":"Demonic Infusion","floor":0.0},{"not_picked":["Disarm","Cleave"],"picked":"Havoc","floor":1.0},{"not_picked":["Iron Wave","Rupture","Thunderclap"],"picked":"SKIP","floor":2.0},{"not_picked":["Disarm","Clothesline"],"picked":"ReplayTheSpireMod:Stacked","floor":3.0},{"not_picked":["Intimidate","REME_SingleHolding"],"picked":"ReplayTheSpireMod:Strike From Hell","floor":4.0},{"not_picked":["Sword Boomerang","Clash"],"picked":"Power Through","floor":5.0},{"not_picked":["Twin Strike","ReplayTheSpireMod:LeadingStrike"],"picked":"Exhume","floor":6.0},{"not_picked":["Headbutt","Sword Boomerang"],"picked":"Inflame","floor":7.0},{"not_picked":["Sentinel","Sword Boomerang","Replay:Undeath\u0027s Touch"],"picked":"SKIP","floor":13.0},{"not_picked":["Sentinel","Sword Boomerang","Replay:Undeath\u0027s Touch"],"picked":"SKIP","floor":13.0},{"not_picked":["Life Link","Clash","Pommel Strike"],"picked":"SKIP","floor":14.0},{"not_picked":["Feed","Demon Form"],"picked":"Hemogenesis","floor":16.0},{"not_picked":["Clothesline","Flex","True Grit"],"picked":"Second Wind+1","floor":18.0},{"not_picked":["Clothesline","Searing Blow","Anger+1"],"picked":"Second Wind","floor":19.0},{"not_picked":["Anger","Sword Boomerang","Armaments"],"picked":"Inflame","floor":21.0},{"not_picked":["Armaments+1","ReplayTheSpireMod:Muscle Training","ReplayTheSpireMod:Limb From Limb"],"picked":"Eclipse","floor":23.0},{"not_picked":["Armaments","Anger","Havoc"],"picked":"Shockwave","floor":24.0},{"not_picked":["Twin Strike","ReplayTheSpireMod:Strike From Hell","Replay:Undeath\u0027s Touch+1"],"picked":"Massacre","floor":25.0},{"not_picked":["Run Through","Rampage","Feed"],"picked":"REME_Cut","floor":29.0},{"not_picked":["REME_TheLastStrike","REME_Fury","Immolate"],"picked":"Hemogenesis","floor":33.0},{"not_picked":["Iron Wave","Perfected Strike","REME_Scribble"],"picked":"Spot Weakness","floor":35.0},{"not_picked":["Heavy Blade","Reckless Charge","Iron Wave"],"picked":"Shrug It Off+1","floor":36.0},{"not_picked":["Dark Embrace","Flex","Headbutt"],"picked":"Barricade","floor":38.0},{"not_picked":["Reckless Charge+1","Anger","Clash"],"picked":"True Grit+1","floor":39.0},{"not_picked":["True Grit","Heavy Blade+1","Havoc"],"picked":"Carnage+1","floor":40.0},{"not_picked":["Wild Strike","Burning Pact","Heavy Blade"],"picked":"REME_TheLastStrike","floor":42.0},{"not_picked":["ReplayTheSpireMod:Limb From Limb","Headbutt+1","Replay:Undeath\u0027s Touch"],"picked":"Feel No Pain","floor":44},{"not_picked":["Seeing Red+1","Pommel Strike+1","Corruption"],"picked":"REME_ACTH","floor":45},{"not_picked":["Replay:Bootleg Shield Generator","Mayhem","REME_FirmDetermination"],"picked":"Apotheosis","floor":46},{"not_picked":["Panache","Forethought","ReplayUltimateDefense"],"picked":"ReplayTheSpireMod:Brewmster","floor":46},{"not_picked":["REME_BuildACard","PanicButton","REME_ShortnessOfBreath"],"picked":"Specialist","floor":46},{"not_picked":["Sword Boomerang","Body Slam+1","Perfected Strike"],"picked":"Heavy Blade+1","floor":47},{"not_picked":["ReplayTheSpireMod:Limb From Limb+1","True Grit","Replay:Undeath\u0027s Touch+1"],"picked":"Clothesline","floor":48},{"not_picked":["Replay:Undeath\u0027s Touch","Seeing Red","Twin Strike"],"picked":"Abandon","floor":54}],"player_experience":543102,"relics_obtained":[{"floor":8.0,"key":"Ring of Peace"},{"floor":8.0,"key":"Ring of Panic"},{"floor":9.0,"key":"Divine Protection"},{"floor":13.0,"key":"Letter Opener"},{"floor":23.0,"key":"Vajra"},{"floor":25.0,"key":"REME_PuzzleBoxRelic"},{"floor":26.0,"key":"Pet Ghost"},{"floor":29.0,"key":"Mirror"},{"floor":40.0,"key":"Mango"},{"floor":45,"key":"Replay:Wax Seal"},{"floor":47,"key":"Nunchaku"},{"floor":49,"key":"Self Forming Clay"},{"floor":54,"key":"Replay:Bottled Eggs"}],"event_choices":[{"damage_healed":0.0,"max_hp_gain":0.0,"max_hp_loss":0.0,"gold_gain":0.0,"event_name":"Shining Light","player_choice":"Entered Light","floor":10.0,"gold_loss":0.0,"damage_taken":23.0,"cards_upgraded":["Strike_R","Creative AI"]},{"damage_healed":0.0,"max_hp_gain":0.0,"max_hp_loss":0.0,"gold_gain":0.0,"event_name":"Match and Keep!","player_choice":"3 cards matched","floor":12.0,"gold_loss":0.0,"damage_taken":0.0,"cards_obtained":["REME_FearOfPain","Eclipse","True Grit"]},{"damage_healed":0.0,"max_hp_gain":0.0,"max_hp_loss":0.0,"gold_gain":0.0,"event_name":"Back to Basics","player_choice":"Simplicity","floor":22.0,"gold_loss":0.0,"damage_taken":0.0,"cards_upgraded":["Strike_R","Strike_R","Strike_R","Strike_R","Defend_R","Defend_R","Defend_R","Defend_R"]},{"damage_healed":0.0,"max_hp_gain":0.0,"max_hp_loss":0.0,"gold_gain":0.0,"event_name":"Ghosts","player_choice":"Ignored","floor":28.0,"gold_loss":0.0,"damage_taken":0.0},{"damage_healed":0.0,"max_hp_gain":0.0,"max_hp_loss":0.0,"gold_gain":0.0,"event_name":"The Mausoleum","player_choice":"Opened","floor":31.0,"gold_loss":0.0,"damage_taken":0.0,"relics_obtained":["Incense Burner"],"cards_obtained":["Writhe"]},{"damage_healed":0,"gold_gain":0,"player_choice":"Memory 3","damage_taken":10,"max_hp_gain":0,"max_hp_loss":0,"event_name":"SensoryStone","floor":46,"gold_loss":0}],"is_beta":false,"boss_relics":[{"not_picked":["Empty Cage","Coffee Dripper"],"picked":"Honey Jar"},{"not_picked":["Runic Pyramid","Philosopher\u0027s Stone"],"picked":"ChewingGum"}],"items_purged_floors":[30,37],"is_endless":false,"potions_floor_spawned":[3,5,13,14,16,18,23,29,35,42,45,47,48],"ascension_level":15}}