{"host":"vzkpoqyw8ea6g4k2","time":1607751813,"event":{"mods":["AchievementEnabler","BaseMod","BetterRewards","CapriCore","Colored Map","Colored Powertips","Minty Spire (QoL Compilation)","Permanent Neow","Quick Restart","StSLib","SuperFastMode","The Immortal"],"gold_per_floor":[112,126,51,62,78,78,92,107,107,73,87,121,121,141,141,242,242,259,259,259,272,288,288,322,322,345,345,345,345],"floor_reached":27,"playtime":981,"items_purged":["MokouMod:Defend"],"score":237,"play_id":"3e7f9e57-545a-4878-8f6b-ecf95db8a8ed","local_time":"20201212144333","is_ascension_mode":false,"campfire_choices":[{"data":"MokouMod:FlickeringFlame","floor":6.0,"key":"SMITH"},{"floor":13,"key":"REST"},{"data":"MokouMod:ResonanceReactor","floor":15,"key":"SMITH"},{"floor":23,"key":"REST"},{"floor":25,"key":"REST"}],"circlet_count":0,"master_deck":["MokouMod:Strike","MokouMod:Strike","MokouMod:Strike","MokouMod:Strike","MokouMod:Defend","MokouMod:Defend","MokouMod:Defend","MokouMod:HeatSpark","MokouMod:FlickeringFlame+1","MokouMod:Trailblazer","MokouMod:FlareStarter","MokouMod:SacredFire+1","MokouMod:Fireball","MokouMod:RoaringFlare","MokouMod:ResonanceReactor+1","MokouMod:TemporalFireSeal","MokouMod:EternalBurstReactor","MokouMod:SearingBlow+2","MokouMod:Refresh","MokouMod:Firecracker"],"relics":["MokouMod:PhoenixFeather","Bottled Lightning","White Beast Statue","Black Star","Pantograph","Question Card","Bag of Preparation"],"acts_visited":["Exordium","TheCity"],"potions_floor_usage":[12,14,22,24,24,24],"damage_taken":[{"damage":5.0,"enemies":"Jaw Worm","floor":1.0,"turns":4.0},{"damage":6.0,"enemies":"2 Louse","floor":2.0,"turns":3.0},{"damage":6.0,"enemies":"Cultist","floor":4.0,"turns":3.0},{"damage":12.0,"enemies":"Looter","floor":5.0,"turns":3.0},{"damage":8,"enemies":"Lots of Slimes","floor":7,"turns":5},{"damage":1,"enemies":"2 Fungi Beasts","floor":8,"turns":3},{"damage":20,"enemies":"Exordium Thugs","floor":11,"turns":6},{"damage":5,"enemies":"Gremlin Nob","floor":12,"turns":3},{"damage":7,"enemies":"Lots of Slimes","floor":14,"turns":3},{"damage":46,"enemies":"Hexaghost","floor":16,"turns":12},{"damage":2,"enemies":"Chosen","floor":18,"turns":4},{"damage":32,"enemies":"2 Thieves","floor":21,"turns":3},{"damage":30,"enemies":"Chosen and Byrds","floor":22,"turns":8},{"damage":34,"enemies":"Slavers","floor":24,"turns":3},{"damage":112,"enemies":"Book of Stabbing","floor":27,"turns":7}],"seed_played":"-323166400591807260","potions_obtained":[{"floor":0.0,"key":"EssenceOfSteel"},{"floor":0.0,"key":"Strength Potion"},{"floor":0.0,"key":"GamblersBrew"},{"floor":4.0,"key":"PowerPotion"},{"floor":7,"key":"AttackPotion"},{"floor":14,"key":"FairyPotion"},{"floor":16,"key":"SkillPotion"},{"floor":18,"key":"Regen Potion"},{"floor":22,"key":"Explosive Potion"},{"floor":24,"key":"Ancient Potion"}],"is_trial":false,"path_per_floor":["M","M","$","M","M","R","M","M","T","$","M","E","R","M","R","B",null,"M","?","?","M","M","R","E","R","T","E"],"character_chosen":"MKU","items_purchased":["MokouMod:ResonanceReactor"],"campfire_rested":3,"item_purchase_floors":[10],"current_hp_per_floor":[70,64,64,58,46,46,38,37,37,37,17,12,34,27,27,4,75,73,73,73,41,26,48,14,36,36,0,0,0],"gold":345,"neow_bonus":"THREE_SMALL_POTIONS","is_daily":false,"chose_seed":false,"campfire_upgraded":2,"win_rate":0.0,"timestamp":1607751813,"path_taken":["M","M","$","M","M","R","M","M","T","$","M","E","R","M","R","BOSS","M","?","?","M","?","R","E","R","T","E"],"items_purchased_type":["Card"],"build_version":"2020-11-30","purchased_purges":1,"victory":false,"max_hp_per_floor":[75,75,75,75,75,75,75,75,75,75,75,75,75,75,75,75,75,75,75,75,75,75,75,75,75,75,75,75,75],"card_choices":[{"not_picked":["MokouMod:Cataclysm","MokouMod:UncontrollableSolarReaction"],"picked":"MokouMod:FlickeringFlame","floor":1.0},{"not_picked":["MokouMod:UncontrollableSolarReaction","MokouMod:SearingShot"],"picked":"MokouMod:Trailblazer","floor":2.0},{"not_picked":["MokouMod:AdaptivePyromancy","MokouMod:ScorchingColumn"],"picked":"MokouMod:FlareStarter","floor":4.0},{"not_picked":["MokouMod:Fireball","MokouMod:FlareStarter"],"picked":"MokouMod:SacredFire","floor":5.0},{"not_picked":["MokouMod:FujiyamaVolcano","MokouMod:HeatTransfer"],"picked":"MokouMod:Fireball","floor":7},{"not_picked":["MokouMod:IgnitionBlast","MokouMod:RisingSunBarrier"],"picked":"MokouMod:RoaringFlare","floor":8},{"not_picked":["MokouMod:Fireball","MokouMod:RisingSunBarrier"],"picked":"MokouMod:TemporalFireSeal","floor":11},{"not_picked":["MokouMod:Fireball","MokouMod:RisingSunBarrier","MokouMod:InfernalWave"],"picked":"SKIP","floor":12},{"not_picked":["MokouMod:RoaringFlare","MokouMod:SearingShot"],"picked":"MokouMod:EternalBurstReactor","floor":14},{"not_picked":["MokouMod:EnchantingBambooForest","MokouMod:ExplosiveFlame"],"picked":"MokouMod:SearingBlow","floor":16},{"not_picked":["MokouMod:ThermalPressure+1","MokouMod:EternalBurstReactor","MokouMod:IgnitionBlast"],"picked":"SKIP","floor":18},{"not_picked":["MokouMod:Overheat","MokouMod:BurningDraft"],"picked":"MokouMod:Refresh","floor":21},{"not_picked":["MokouMod:RisingSunBarrier","MokouMod:UncontrollableSolarReaction"],"picked":"MokouMod:Firecracker","floor":22},{"not_picked":["MokouMod:ScorchingColumn","MokouMod:Fireball","MokouMod:IcarusDive"],"picked":"SKIP","floor":24}],"player_experience":17347,"relics_obtained":[{"floor":9,"key":"Bottled Lightning"},{"floor":12,"key":"White Beast Statue"},{"floor":24,"key":"Pantograph"},{"floor":24,"key":"Question Card"},{"floor":26,"key":"Bag of Preparation"}],"event_choices":[{"cards_removed":["MokouMod:Strike"],"damage_healed":0,"gold_gain":0,"player_choice":"Elegance","damage_taken":0,"max_hp_gain":0,"max_hp_loss":0,"event_name":"Back to Basics","floor":19,"gold_loss":0},{"damage_healed":0,"gold_gain":0,"player_choice":"Forge","damage_taken":0,"max_hp_gain":0,"max_hp_loss":0,"event_name":"Accursed Blacksmith","floor":20,"gold_loss":0,"cards_upgraded":["MokouMod:SacredFire"]}],"is_beta":false,"boss_relics":[{"not_picked":["Fusion Hammer","Empty Cage"],"picked":"Black Star"}],"items_purged_floors":[3],"is_endless":false,"potions_floor_spawned":[1,4,5,7,14,16,18,21,22,24],"killed_by":"Book of Stabbing","ascension_level":0}}