{"host":"ocllwaoi18j60ltd","time":1607781707,"event":{"mods":["BaseMod","DeckTracker","Minty Spire (QoL Compilation)","Permanent Neow","Quick Restart","StSLib","SuperFastMode"],"gold_per_floor":[118,138,157,157,172,207,207,132,210,224,243,273,288,298,298,371,371,388,400,315,315,330,330,330,15,15,15,15,48,62,17,17,17,17],"floor_reached":33,"playtime":996,"items_purged":["Defend_R"],"score":583,"play_id":"d45524b9-1396-4aa9-b0ce-072852bab2e4","local_time":"20201212230147","is_ascension_mode":true,"campfire_choices":[{"data":"Evolve","floor":7.0,"key":"SMITH"},{"data":"Shrug It Off","floor":15.0,"key":"SMITH"},{"data":"Offering","floor":23.0,"key":"SMITH"},{"data":"Shrug It Off","floor":28.0,"key":"SMITH"},{"data":"Fire Breathing","floor":32.0,"key":"SMITH"}],"circlet_count":0,"master_deck":["AscendersBane","Strike_R","Strike_R","Strike_R","Strike_R","Strike_R","Defend_R","Defend_R","Defend_R","Bash","Evolve+1","Wild Strike+1","Perfected Strike+1","Wild Strike","Wild Strike","Shrug It Off+1","Pommel Strike","Twin Strike","Power Through","Offering+1","Battle Trance","Shrug It Off","Shrug It Off+1","Body Slam+1","Whirlwind+1","Dual Wield","Wild Strike+1","Fire Breathing+1"],"relics":["Burning Blood","Torii","Omamori","Pantograph","Bottled Flame","Calling Bell","Dream Catcher","Molten Egg 2","Pocketwatch","Incense Burner","ClockworkSouvenir","Juzu Bracelet","Mercury Hourglass","Ancient Tea Set"],"acts_visited":["Exordium","TheCity"],"potions_floor_usage":[],"damage_taken":[{"damage":2.0,"enemies":"Cultist","floor":1.0,"turns":4.0},{"damage":3.0,"enemies":"Small Slimes","floor":2.0,"turns":4.0},{"damage":0.0,"enemies":"2 Louse","floor":3.0,"turns":1.0},{"damage":16.0,"enemies":"Blue Slaver","floor":5.0,"turns":3.0},{"damage":4.0,"enemies":"3 Sentries","floor":6.0,"turns":7.0},{"damage":9.0,"enemies":"Lots of Slimes","floor":10.0,"turns":6.0},{"damage":7.0,"enemies":"Exordium Thugs","floor":11.0,"turns":4.0},{"damage":22.0,"enemies":"Lagavulin","floor":12.0,"turns":7.0},{"damage":19.0,"enemies":"Large Slime","floor":13.0,"turns":4.0},{"damage":7.0,"enemies":"Exordium Wildlife","floor":14.0,"turns":3.0},{"damage":34.0,"enemies":"Slime Boss","floor":16.0,"turns":8.0},{"damage":7.0,"enemies":"2 Thieves","floor":18.0,"turns":4.0},{"damage":6.0,"enemies":"Spheric Guardian","floor":19.0,"turns":3.0},{"damage":18.0,"enemies":"Centurion and Healer","floor":22.0,"turns":10.0},{"damage":35.0,"enemies":"Gremlin Leader","floor":29.0,"turns":6.0},{"damage":10.0,"enemies":"Snake Plant","floor":30.0,"turns":3.0},{"damage":58,"enemies":"Champ","floor":33,"turns":7}],"seed_played":"225771480555410834","potions_obtained":[{"floor":1.0,"key":"SteroidPotion"},{"floor":2.0,"key":"HeartOfIron"},{"floor":5.0,"key":"Regen Potion"},{"floor":11.0,"key":"Swift Potion"},{"floor":13.0,"key":"Block Potion"},{"floor":16.0,"key":"Dexterity Potion"},{"floor":18.0,"key":"LiquidBronze"},{"floor":19.0,"key":"Energy Potion"}],"is_trial":false,"path_per_floor":["M","M","M","?","M","E","R","?","T","M","M","E","M","M","R","B",null,"M","M","?","?","M","R","T","$","T","?","R","E","M","$","R","B"],"character_chosen":"IRONCLAD","items_purchased":["Whirlwind+1","ClockworkSouvenir","Fire Breathing"],"campfire_rested":0,"item_purchase_floors":[25,25,31],"current_hp_per_floor":[79,82,82,57,47,49,49,49,49,61,60,44,31,30,30,27,68,67,67,67,67,55,55,55,55,55,55,55,26,22,22,22,0,0],"gold":17,"neow_bonus":"TEN_PERCENT_HP_BONUS","is_daily":false,"chose_seed":false,"campfire_upgraded":5,"win_rate":0.0,"timestamp":1607781707,"path_taken":["M","M","M","?","M","E","R","?","T","M","M","E","?","M","R","BOSS","M","M","?","?","?","R","?","$","T","?","R","E","M","$","R","BOSS"],"items_purchased_type":["Card","Relic","Card"],"build_version":"2020-11-30","purchased_purges":1,"victory":false,"max_hp_per_floor":[82,82,82,82,82,82,82,82,82,82,82,82,82,82,82,82,82,82,82,82,82,82,82,82,82,82,82,82,82,82,82,82,82,82],"card_choices":[{"not_picked":["Metallicize","Havoc"],"picked":"Evolve","floor":1.0},{"not_picked":["Twin Strike","Headbutt"],"picked":"Wild Strike","floor":2.0},{"not_picked":["Seeing Red","Fiend Fire"],"picked":"Perfected Strike","floor":3.0},{"not_picked":["Clash","Uppercut"],"picked":"Wild Strike","floor":5.0},{"not_picked":["Headbutt","Infernal Blade","Rupture"],"picked":"SKIP","floor":6.0},{"not_picked":["True Grit","Metallicize"],"picked":"Wild Strike","floor":10.0},{"not_picked":["Flex","Twin Strike"],"picked":"Shrug It Off","floor":11.0},{"not_picked":["Twin Strike","Dual Wield"],"picked":"Pommel Strike","floor":12.0},{"not_picked":["Body Slam","Exhume"],"picked":"Twin Strike","floor":13.0},{"not_picked":["Clothesline","Shrug It Off"],"picked":"Power Through","floor":14.0},{"not_picked":["Brutality","Barricade"],"picked":"Offering","floor":16.0},{"not_picked":["Cleave+1","Twin Strike+1"],"picked":"Battle Trance","floor":18.0},{"not_picked":["Thunderclap+1","Second Wind"],"picked":"Shrug It Off","floor":19.0},{"not_picked":["Cleave+1","Sword Boomerang+1"],"picked":"Body Slam+1","floor":22.0},{"not_picked":["Iron Wave+1","True Grit"],"picked":"Dual Wield","floor":29.0},{"not_picked":["Demon Form","Blood for Blood+1"],"picked":"Wild Strike+1","floor":30.0}],"player_experience":825988,"relics_obtained":[{"floor":6.0,"key":"Torii"},{"floor":9.0,"key":"Pantograph"},{"floor":12.0,"key":"Bottled Flame"},{"floor":17.0,"key":"Dream Catcher"},{"floor":17.0,"key":"Molten Egg 2"},{"floor":17.0,"key":"Pocketwatch"},{"floor":26.0,"key":"Juzu Bracelet"},{"floor":29.0,"key":"Ancient Tea Set"}],"event_choices":[{"damage_healed":0.0,"max_hp_gain":0.0,"max_hp_loss":0.0,"gold_gain":0.0,"event_name":"Shining Light","player_choice":"Entered Light","floor":4.0,"gold_loss":0.0,"damage_taken":25.0,"cards_upgraded":["Wild Strike","Perfected Strike"]},{"damage_healed":0.0,"max_hp_gain":0.0,"max_hp_loss":0.0,"gold_gain":0.0,"event_name":"WeMeetAgain","player_choice":"Paid Gold","floor":8.0,"gold_loss":75.0,"damage_taken":0.0,"relics_obtained":["Omamori"]},{"damage_healed":0.0,"max_hp_gain":0.0,"max_hp_loss":0.0,"gold_gain":0.0,"event_name":"Addict","player_choice":"Obtained Relic","floor":20.0,"gold_loss":85.0,"damage_taken":0.0,"relics_obtained":["Incense Burner"]},{"damage_healed":0.0,"max_hp_gain":0.0,"max_hp_loss":0.0,"gold_gain":0.0,"event_name":"Match and Keep!","player_choice":"1 cards matched","floor":21.0,"gold_loss":0.0,"damage_taken":0.0,"cards_obtained":["Shrug It Off"]},{"damage_healed":0.0,"max_hp_gain":0.0,"max_hp_loss":0.0,"gold_gain":0.0,"event_name":"The Mausoleum","player_choice":"Opened","floor":27.0,"gold_loss":0.0,"damage_taken":0.0,"relics_obtained":["Mercury Hourglass"],"cards_obtained":["Writhe"]}],"is_beta":false,"boss_relics":[{"not_picked":["Cursed Key","Busted Crown"],"picked":"Calling Bell"}],"items_purged_floors":[25],"is_endless":false,"potions_floor_spawned":[1,2,5,11,13,16,18,19],"killed_by":"Champ","ascension_level":20}}