{"host":"dpbezu80jg8zk7un","time":1607789340,"event":{"mods":["BaseMod","Colored Map","Colored Powertips","Custom Start","DeckTracker","Minty Spire (QoL Compilation)","Quick Restart","StSLib","SuperFastMode"],"gold_per_floor":[367,32,51,51,71,71,71,71,94,105,105,118,132,146,146,225,225,238,72,92,92,109,143,143,159,159,159,178,178,212,230,230,303,303,319,244,255,255,268,268,295,295,295,306,226,251,251,283,283,283,283,283,283,26,56,56],"floor_reached":57,"playtime":2084,"items_purged":["Defend_P+1","EmptyFist+1","EmptyMind+1"],"score":3323,"play_id":"fb57f411-40fb-44b8-a243-f399214141f5","local_time":"20201213010900","is_ascension_mode":true,"campfire_choices":[{"data":"Eruption","floor":6.0,"key":"SMITH"},{"data":"Defend_P","floor":8.0,"key":"PURGE"},{"data":"Strike_P","floor":11.0,"key":"PURGE"},{"data":"Strike_P","floor":15.0,"key":"PURGE"},{"floor":24.0,"key":"REST"},{"floor":27.0,"key":"REST"},{"data":"Strike_P+1","floor":29.0,"key":"PURGE"},{"floor":32.0,"key":"REST"},{"data":"Strike_P+1","floor":40.0,"key":"PURGE"},{"data":"Defend_P+1","floor":42,"key":"PURGE"},{"floor":47,"key":"RECALL"},{"data":"Eruption+1","floor":49,"key":"PURGE"},{"data":"FlurryOfBlows+1","floor":53,"key":"PURGE"}],"circlet_count":0,"master_deck":["AscendersBane","Vigilance+1","LessonLearned+1","WheelKick+1","DeusExMachina+1","MentalFortress+1","InnerPeace+1","Tantrum+1","CrushJoints+1","Halt+1","Scrawl+1","Adaptation+1"],"relics":["PureWater","Lee\u0027s Waffle","Peace Pipe","VioletLotus","Matryoshka","White Beast Statue","Toxic Egg 2","Regal Pillow","Fusion Hammer","Art of War","Mango","Frozen Egg 2","The Courier","PreservedInsect","Unceasing Top","Membership Card","Strawberry","HornCleat"],"acts_visited":["Exordium","TheCity","TheBeyond","TheEnding"],"potions_floor_usage":[56,56,56],"damage_taken":[{"damage":12.0,"enemies":"Small Slimes","floor":1.0,"turns":4.0},{"damage":2.0,"enemies":"Jaw Worm","floor":3.0,"turns":3.0},{"damage":9.0,"enemies":"2 Louse","floor":5.0,"turns":3.0},{"damage":17.0,"enemies":"Exordium Thugs","floor":10.0,"turns":6.0},{"damage":5.0,"enemies":"Red Slaver","floor":12.0,"turns":4.0},{"damage":0.0,"enemies":"Large Slime","floor":13.0,"turns":2.0},{"damage":0.0,"enemies":"2 Fungi Beasts","floor":14.0,"turns":1.0},{"damage":0.0,"enemies":"Slime Boss","floor":16.0,"turns":7.0},{"damage":11.0,"enemies":"Shell Parasite","floor":18.0,"turns":3.0},{"damage":0.0,"enemies":"Spheric Guardian","floor":20.0,"turns":3.0},{"damage":7.0,"enemies":"Shelled Parasite and Fungi","floor":22.0,"turns":4.0},{"damage":20.0,"enemies":"Gremlin Leader","floor":23.0,"turns":6.0},{"damage":23.0,"enemies":"Snake Plant","floor":25.0,"turns":3.0},{"damage":2.0,"enemies":"Cultist and Chosen","floor":28.0,"turns":3.0},{"damage":37.0,"enemies":"Slavers","floor":30.0,"turns":6.0},{"damage":0.0,"enemies":"Sentry and Sphere","floor":31.0,"turns":3.0},{"damage":53.0,"enemies":"Collector","floor":33.0,"turns":11.0},{"damage":20.0,"enemies":"3 Darklings","floor":35.0,"turns":5.0},{"damage":0.0,"enemies":"3 Shapes","floor":37.0,"turns":1.0},{"damage":0.0,"enemies":"Maw","floor":39.0,"turns":3.0},{"damage":0,"enemies":"Reptomancer","floor":41,"turns":2},{"damage":5,"enemies":"3 Darklings","floor":44,"turns":2},{"damage":0,"enemies":"Giant Head","floor":46,"turns":1},{"damage":0,"enemies":"Reptomancer","floor":48,"turns":1},{"damage":6,"enemies":"Donu and Deca","floor":50,"turns":3},{"damage":0,"enemies":"Time Eater","floor":51,"turns":4},{"damage":0,"enemies":"Shield and Spear","floor":55,"turns":2},{"damage":59,"enemies":"The Heart","floor":56,"turns":5}],"seed_played":"-6638103597214171447","potions_obtained":[{"floor":1.0,"key":"Weak Potion"},{"floor":10.0,"key":"Fire Potion"},{"floor":12.0,"key":"LiquidBronze"},{"floor":14.0,"key":"BottledMiracle"},{"floor":20.0,"key":"GamblersBrew"},{"floor":23.0,"key":"Regen Potion"},{"floor":30.0,"key":"AttackPotion"},{"floor":31.0,"key":"Fruit Juice"},{"floor":33.0,"key":"Energy Potion"},{"floor":35.0,"key":"EntropicBrew"},{"floor":37.0,"key":"DuplicationPotion"}],"is_trial":false,"path_per_floor":["M","$","M","?","M","R","?","R","T","M","R","M","M","M","R","B",null,"M","$","M","?","M","E","R","M","T","R","M","R","E","M","R","B",null,"M","$","M","T","M","R","E","R","T","M","$","E","R","E","R","B","B",null,"R","$","E","B",null],"character_chosen":"WATCHER","items_purchased":["LessonLearned","Lee\u0027s Waffle","MentalFortress","InnerPeace","Membership Card","Strawberry"],"campfire_rested":3,"item_purchase_floors":[2,2,19,19,54,54],"current_hp_per_floor":[31,75,73,38,29,29,29,29,29,12,12,7,7,7,7,7,58,47,47,47,47,40,20,42,19,19,41,39,39,17,17,54,6,62,42,42,42,56,56,56,56,56,56,51,51,51,51,51,51,45,45,82,82,89,89,30],"gold":56,"neow_bonus":"TWO_FIFTY_GOLD","is_daily":false,"chose_seed":false,"campfire_upgraded":1,"win_rate":0.0,"timestamp":1607789340,"path_taken":["M","$","M","?","M","R","?","R","T","?","R","M","M","M","R","BOSS","M","$","M","?","?","E","R","M","T","R","M","R","E","M","R","BOSS","M","$","M","?","M","R","E","R","T","M","$","E","R","E","R","BOSS","BOSS","R","$","E","BOSS"],"items_purchased_type":["Card","Relic","Card","Card","Relic","Relic"],"build_version":"2020-11-30","purchased_purges":3,"victory":true,"max_hp_per_floor":[68,75,75,75,75,75,75,75,75,75,75,75,75,75,75,75,75,75,75,75,75,75,75,75,75,75,75,75,75,75,75,75,80,80,80,80,80,94,94,94,94,94,94,94,94,94,94,94,94,94,94,94,94,101,101,101],"card_choices":[{"not_picked":["Worship","PathToVictory","Crescendo"],"picked":"SKIP","floor":1.0},{"not_picked":["Prostrate","Collect"],"picked":"EmptyFist","floor":3.0},{"not_picked":["Nirvana","ClearTheMind","DeceiveReality"],"picked":"SKIP","floor":5.0},{"not_picked":["FlurryOfBlows","Protect"],"picked":"WheelKick","floor":10.0},{"not_picked":["Brilliance","CutThroughFate"],"picked":"FlurryOfBlows","floor":12.0},{"not_picked":["LikeWater","SashWhip","Crescendo"],"picked":"SKIP","floor":13.0},{"not_picked":["EmptyBody","Swivel","LikeWater"],"picked":"SKIP","floor":14.0},{"not_picked":["Judgement","Alpha"],"picked":"DeusExMachina","floor":16.0},{"not_picked":["Prostrate","Evaluate","Nirvana"],"picked":"SKIP","floor":18.0},{"not_picked":["Crescendo","SashWhip","LikeWater"],"picked":"SKIP","floor":20.0},{"not_picked":["PathToVictory","ThirdEye"],"picked":"Tantrum","floor":22.0},{"not_picked":["FlyingSleeves","Devotion","Halt"],"picked":"SKIP","floor":23.0},{"not_picked":["WreathOfFlame","FollowUp"],"picked":"CrushJoints+1","floor":25.0},{"not_picked":["DeceiveReality+1","SashWhip","ThirdEye+1"],"picked":"SKIP","floor":28.0},{"not_picked":["DeceiveReality+1","SashWhip","ThirdEye+1"],"picked":"SKIP","floor":28.0},{"not_picked":["CutThroughFate+1","Nirvana","ConjureBlade+1"],"picked":"SKIP","floor":30.0},{"not_picked":["ForeignInfluence+1","Pray+1"],"picked":"Halt+1","floor":31.0},{"not_picked":["LessonLearned","MasterReality"],"picked":"Scrawl+1","floor":33.0},{"not_picked":["BowlingBash","SashWhip","Crescendo+1"],"picked":"SKIP","floor":35.0},{"not_picked":["FlurryOfBlows","Crescendo+1","Vengeance+1"],"picked":"SKIP","floor":37.0},{"not_picked":["Consecrate+1","Evaluate+1","ClearTheMind+1"],"picked":"SKIP","floor":39.0},{"not_picked":["Evaluate+1","FlyingSleeves"],"picked":"EmptyMind+1","floor":41},{"not_picked":["Prostrate+1","Consecrate+1","FollowUp+1"],"picked":"SKIP","floor":44},{"not_picked":["Meditate+1","WindmillStrike"],"picked":"Adaptation+1","floor":46},{"not_picked":["TalkToTheHand","FearNoEvil","Judgement+1"],"picked":"SKIP","floor":48},{"not_picked":["WreathOfFlame+1","FollowUp+1","FlurryOfBlows"],"picked":"SKIP","floor":55}],"player_experience":2742059,"relics_obtained":[{"floor":23.0,"key":"Matryoshka"},{"floor":26.0,"key":"White Beast Statue"},{"floor":26.0,"key":"Toxic Egg 2"},{"floor":30.0,"key":"Regal Pillow"},{"floor":38.0,"key":"Art of War"},{"floor":38.0,"key":"Mango"},{"floor":41,"key":"Frozen Egg 2"},{"floor":43,"key":"The Courier"},{"floor":46,"key":"PreservedInsect"},{"floor":48,"key":"Unceasing Top"},{"floor":55,"key":"HornCleat"}],"event_choices":[{"damage_healed":0.0,"max_hp_gain":0.0,"max_hp_loss":0.0,"gold_gain":0.0,"event_name":"Scrap Ooze","player_choice":"Success","floor":4.0,"gold_loss":0.0,"damage_taken":35.0,"relics_obtained":["Peace Pipe"]},{"damage_healed":0.0,"max_hp_gain":0.0,"max_hp_loss":0.0,"gold_gain":0.0,"event_name":"Dead Adventurer","player_choice":"Searched \u00270\u0027 times","floor":7.0,"gold_loss":0.0,"damage_taken":0.0},{"cards_removed":["Defend_P"],"damage_healed":0.0,"max_hp_gain":0.0,"max_hp_loss":0.0,"gold_gain":0.0,"event_name":"Bonfire Elementals","player_choice":"Offered Basic","floor":21.0,"gold_loss":0.0,"damage_taken":0.0}],"is_beta":false,"boss_relics":[{"not_picked":["Calling Bell","HolyWater"],"picked":"VioletLotus"},{"not_picked":["Coffee Dripper","Astrolabe"],"picked":"Fusion Hammer"}],"items_purged_floors":[36,45,54],"is_endless":false,"potions_floor_spawned":[1,10,12,14,20,22,23,28,30,31,33,35,37,39,41,44,46,48,55],"ascension_level":20}}