{"host":"ze754j8gfb8asmsl","time":1607760361,"event":{"mods":["BaseMod","Lobotomy","LobotomyExtend","Marisa（F雨　魔理沙）","Minty Spire (QoL Compilation)","Quick Restart","Relic Stats","Replay The Spire","RumiaBox-露米娅的神秘盒子","Shop Mod","StSLib","【东方二次创作】八云紫mod","【功能Mod】混沌之环修复补丁","【遗物卡牌】REMEMod"],"gold_per_floor":[109,186,88,99,99,134,134,149,173,200,200,234,253,203,203,300,300,317,267,13,26,26,59,59,93,116,116,116,116,130,156,156,251,251,262,309,332,10,18,18,52,52,52,80,80,95,112,144,144,144],"floor_reached":51,"playtime":2922,"items_purged":["Defend_MRS","Strike_MRS"],"score":1681,"play_id":"1001a3ea-ab56-4731-bc36-82a3b73f5226","local_time":"20201212160601","is_ascension_mode":true,"campfire_choices":[{"data":"Singularity","floor":7,"key":"SMITH"},{"data":"CollectingQuirk","floor":11,"key":"SMITH"},{"data":"EscapeVelocity","floor":15,"key":"SMITH"},{"data":"MilkyWay","floor":24,"key":"SMITH"},{"data":"UltimateShortwave","floor":40,"key":"SMITH"},{"data":"MilkyWay","floor":42,"key":"SMITH"},{"data":"Acceleration","floor":45,"key":"SMITH"},{"data":"PowerUp","floor":49,"key":"SMITH"}],"circlet_count":0,"master_deck":["AscendersBane","Strike_MRS","Strike_MRS","Strike_MRS","Defend_MRS","Defend_MRS","MasterSpark","UpSweep","Escape Plan","Singularity+1","MilkyWay+1","MilkyWay+1","Acceleration+1","LuminesStrike+1","CollectingQuirk+1","EscapeVelocity+1","OrrerysSun","DoubleSpark","6A+1","MysteriousBeam+1","PowerUp+1","UltimateShortwave+1","Regret","Writhe","MysteriousBeam+1","PropBag","MysteriousBeam+1","MilkyWay","NonDirectionalLaser"],"relics":["BewitchedHakkero","REME_ComplimentaryCards","ExperimentalFamiliar","Onion Ring","Mirror","MealTicket","Unceasing Top","Art of War","Sozu","SSSystem","MutagenicStrength","Blood Vial","Baka2","Replay:Kaleidoscope","Tiny Chest","TungstenRod","GodSword7","Ccalipers","GodSword6","LetterFromLob","Strawberry","MagicDraw3","REME_PuzzleBoxRelic","Potion Belt"],"acts_visited":["Exordium","TheCity","TheBeyond"],"potions_floor_usage":[16,50,50],"damage_taken":[{"damage":1,"enemies":"Cultist","floor":1,"turns":3},{"damage":6,"enemies":"Jaw Worm","floor":4,"turns":2},{"damage":9,"enemies":"Lagavulin","floor":6,"turns":4},{"damage":0,"enemies":"2 Louse","floor":8,"turns":2},{"damage":10,"enemies":"Gremlin Nob","floor":10,"turns":3},{"damage":4,"enemies":"3 Sentries","floor":12,"turns":4},{"damage":0,"enemies":"2 Fungi Beasts","floor":13,"turns":1},{"damage":0,"enemies":"Hexaghost","floor":16,"turns":6},{"damage":33,"enemies":"2 Thieves","floor":18,"turns":3},{"damage":0,"enemies":"3 Byrds","floor":21,"turns":3},{"damage":5,"enemies":"Book of Stabbing","floor":23,"turns":3},{"damage":0,"enemies":"Replay:Snechameleon","floor":25,"turns":1},{"damage":0,"enemies":"Slavers","floor":27,"turns":4},{"damage":0,"enemies":"Cultist and Chosen","floor":30,"turns":1},{"damage":28,"enemies":"Book of Stabbing","floor":31,"turns":3},{"damage":13,"enemies":"Champ","floor":33,"turns":5},{"damage":0,"enemies":"3 Darklings","floor":35,"turns":2},{"damage":0,"enemies":"Orb Walker","floor":37,"turns":1},{"damage":0,"enemies":"Jaw Worm Horde","floor":39,"turns":1},{"damage":32,"enemies":"Reptomancer","floor":41,"turns":3},{"damage":1,"enemies":"Giant Head","floor":44,"turns":1},{"damage":20,"enemies":"4 Shapes","floor":46,"turns":1},{"damage":0,"enemies":"Sphere and 2 Shapes","floor":47,"turns":1},{"damage":0,"enemies":"Nemesis","floor":48,"turns":1},{"damage":4,"enemies":"Awakened One","floor":50,"turns":4}],"seed_played":"-7632042286478013137","potions_obtained":[{"floor":1,"key":"Toxic Potion"},{"floor":4,"key":"Adrenaline Potion"},{"floor":8,"key":"PowerPotion"},{"floor":16,"key":"DuplicationPotion"}],"is_trial":false,"path_per_floor":["M","T","$","M","?","E","R","M","T","E","R","E","M","?","R","B",null,"M","?","$","M","?","E","R","E","T","E","?","?","M","E","R","B",null,"M","T","M","$","M","R","E","R","T","E","R","M","M","E","R","B",null],"character_chosen":"MARISA","items_purchased":["MilkyWay","SSSystem","GodSword6","PropBag"],"campfire_rested":0,"item_purchase_floors":[3,20,38,38],"current_hp_per_floor":[67,67,67,61,61,52,52,52,52,42,42,38,38,38,38,38,66,33,33,48,48,48,43,43,45,45,47,47,47,50,33,55,44,67,69,69,71,75,75,75,82,82,82,81,81,62,64,66,66,64],"gold":144,"neow_bonus":"CURSED_BOSS_RELIC","is_daily":false,"chose_seed":false,"campfire_upgraded":8,"win_rate":0.0,"timestamp":1607760361,"path_taken":["M","?","$","M","?","E","R","?","T","E","R","E","M","?","R","BOSS","M","?","?","M","?","E","R","E","T","E","?","?","?","E","R","BOSS","M","?","M","$","M","R","E","R","T","E","R","M","?","E","R","BOSS"],"items_purchased_type":["Card","Relic","Relic","Card"],"build_version":"2020-11-30","purchased_purges":2,"victory":true,"max_hp_per_floor":[75,75,75,75,75,75,75,75,75,75,75,75,75,75,75,75,75,75,75,75,75,75,75,75,75,75,75,75,75,75,75,75,75,75,75,75,75,75,75,75,82,82,82,82,82,82,82,82,82,82],"relic_stats":{"Sozu":10,"Blood Vial":21,"counters":[25,63],"MealTicket":19,"Tiny Chest":1,"Art of War":[0],"obtain_stats":[{"AmplifyWand":50,"Gremlin Horn":18,"SSSystem":20,"MagicDraw3":43,"Sozu":17,"Blood Vial":23,"Baka2":23,"Ccalipers":36,"Strawberry":41,"MealTicket":9,"Tiny Chest":26,"BewitchedHakkero":34,"Potion Belt":48,"Baka":1,"Replay:Kaleidoscope":25,"ExperimentalFamiliar":0,"Ornamental Fan":31,"MutagenicStrength":22,"Onion Ring":2,"GodSword7":31,"Art of War":12,"GodSword6":38,"LetterFromLob":39,"MiniHakkero":0,"REME_PuzzleBoxRelic":44,"Mirror":6,"Unceasing Top":10,"TungstenRod":27,"REME_ComplimentaryCards":0,"Meat on the Bone":41},{"AmplifyWand":25,"Gremlin Horn":9,"SSSystem":9,"MagicDraw3":20,"Sozu":8,"Blood Vial":11,"Baka2":11,"Ccalipers":17,"Strawberry":20,"MealTicket":4,"Tiny Chest":12,"BewitchedHakkero":16,"Potion Belt":24,"Baka":1,"Replay:Kaleidoscope":12,"ExperimentalFamiliar":0,"Ornamental Fan":15,"MutagenicStrength":10,"Onion Ring":1,"GodSword7":15,"Art of War":6,"GodSword6":18,"LetterFromLob":19,"MiniHakkero":0,"REME_PuzzleBoxRelic":21,"Mirror":3,"Unceasing Top":5,"TungstenRod":13,"REME_ComplimentaryCards":0,"Meat on the Bone":20},{"AmplifyWand":61,"Gremlin Horn":26,"SSSystem":28,"MagicDraw3":55,"Sozu":25,"Blood Vial":34,"Baka2":34,"Ccalipers":50,"Strawberry":55,"MealTicket":11,"Tiny Chest":35,"BewitchedHakkero":48,"Potion Belt":59,"Baka":3,"Replay:Kaleidoscope":35,"ExperimentalFamiliar":0,"Ornamental Fan":41,"MutagenicStrength":31,"Onion Ring":3,"GodSword7":43,"Art of War":18,"GodSword6":51,"LetterFromLob":52,"MiniHakkero":0,"REME_PuzzleBoxRelic":56,"Mirror":9,"Unceasing Top":14,"TungstenRod":39,"REME_ComplimentaryCards":0,"Meat on the Bone":55}],"Unceasing Top":[1],"TungstenRod":20},"card_choices":[{"not_picked":["GrandCross","WitchOfGreed"],"picked":"Singularity","floor":1},{"not_picked":["UnstableBomb","GrandCross"],"picked":"MilkyWay","floor":4},{"not_picked":["AsteroidBelt","CollectingQuirk"],"picked":"Acceleration","floor":6},{"not_picked":["DC","Occultation"],"picked":"LuminesStrike","floor":8},{"not_picked":["MaximisePower","DC"],"picked":"CollectingQuirk","floor":10},{"not_picked":["MagicChant","GasGiant"],"picked":"EscapeVelocity","floor":12},{"not_picked":["AsteroidBelt","SuperPerseids"],"picked":"OrrerysSun","floor":13},{"not_picked":["Acceleration+1","OrrerysSun","DC"],"picked":"SKIP","floor":18},{"not_picked":["EarthLightRay","DragonMeteor"],"picked":"DoubleSpark","floor":21},{"not_picked":["Orbital","DragonMeteor","MeteoricShower"],"picked":"SKIP","floor":23},{"not_picked":["PowerUp","WitchOfGreed"],"picked":"6A+1","floor":25},{"not_picked":["JA","SporeBomb+1"],"picked":"MysteriousBeam+1","floor":27},{"not_picked":["DarkMatter","OneTimeOff"],"picked":"PowerUp","floor":30},{"not_picked":["GasGiant+1","GalacticHalo+1","FairyDestructionRay"],"picked":"SKIP","floor":31},{"not_picked":["AbsoluteMagnitude","BlazingStar"],"picked":"UltimateShortwave","floor":33},{"not_picked":["MilkyWay","OortCloud"],"picked":"MysteriousBeam+1","floor":35},{"not_picked":["OrrerysSun+1","ChargeUpSpray","Acceleration"],"picked":"SKIP","floor":37},{"not_picked":["DoubleSpark+1","GrandCross+1","EventHorizon+1"],"picked":"SKIP","floor":39},{"not_picked":["GalacticHalo","BlazingStar","DC+1"],"picked":"SKIP","floor":41},{"not_picked":["DragonMeteor","RefractionSpark"],"picked":"MysteriousBeam+1","floor":44},{"not_picked":["NonDirectionalLaser+1","DC"],"picked":"MilkyWay","floor":46},{"not_picked":["RefractionSpark","GravityBeat+1","Acceleration"],"picked":"SKIP","floor":47},{"not_picked":["MagicChant","GravityBeat","AsteroidBelt+1"],"picked":"SKIP","floor":48}],"player_experience":113132,"relics_obtained":[{"floor":1,"key":"Baka"},{"floor":2,"key":"Onion Ring"},{"floor":6,"key":"Mirror"},{"floor":9,"key":"MealTicket"},{"floor":10,"key":"Unceasing Top"},{"floor":12,"key":"Art of War"},{"floor":23,"key":"Blood Vial"},{"floor":23,"key":"Baka2"},{"floor":25,"key":"Replay:Kaleidoscope"},{"floor":26,"key":"Tiny Chest"},{"floor":27,"key":"TungstenRod"},{"floor":31,"key":"GodSword7"},{"floor":36,"key":"Ccalipers"},{"floor":39,"key":"LetterFromLob"},{"floor":41,"key":"Strawberry"},{"floor":43,"key":"MagicDraw3"},{"floor":44,"key":"REME_PuzzleBoxRelic"},{"floor":48,"key":"Potion Belt"}],"event_choices":[{"cards_removed":["Normality"],"damage_healed":0,"gold_gain":0,"player_choice":"Forget","damage_taken":0,"max_hp_gain":0,"max_hp_loss":0,"event_name":"Living Wall","floor":5,"gold_loss":0},{"cards_removed":["Defend_MRS"],"damage_healed":0,"gold_gain":0,"player_choice":"Card Removal","damage_taken":0,"max_hp_gain":0,"max_hp_loss":0,"event_name":"The Cleric","floor":14,"gold_loss":50},{"damage_healed":0,"gold_gain":0,"player_choice":"Bet on Owner","damage_taken":0,"max_hp_gain":0,"max_hp_loss":0,"event_name":"The Joust","floor":19,"gold_loss":50},{"damage_healed":0,"gold_gain":0,"player_choice":"Inject Mutagens","damage_taken":0,"relics_obtained":["MutagenicStrength"],"max_hp_gain":0,"max_hp_loss":0,"event_name":"Drug Dealer","floor":22,"gold_loss":0},{"damage_healed":0,"gold_gain":0,"player_choice":"Ignored","damage_taken":0,"max_hp_gain":0,"max_hp_loss":0,"event_name":"Ghosts","floor":29,"gold_loss":0}],"is_beta":false,"boss_relics":[{"not_picked":["Cursed Key","SoulBox"],"picked":"Sozu"},{"not_picked":["ReplayTheSpireMod:DimensionalGlitch","Replay:Bronze Core"],"picked":"BewitchedHakkero"}],"items_purged_floors":[3,20],"is_endless":false,"potions_floor_spawned":[1,4,8,16,23,25,27,31,37,41,46,47],"ascension_level":10}}