{"host":"og6lam4kt3nibbw0","time":1607794070,"event":{"mods":["AchievementEnabler","BaseMod","Colored Map","DeckTracker","Highlight Path","Keyboard Shortcuts","Minty Spire (QoL Compilation)","Permanent Neow","Quick Restart","StSLib","SuperFastMode"],"gold_per_floor":[110,7,24,99,99,99,110,128,128,128,128,147,165,178,178,249,249,263,263,31,30,30,30,44,44,44,70,82,127,139,151,163,175,175],"floor_reached":33,"playtime":1203,"items_purged":["Defend_B","Strike_B"],"score":550,"play_id":"d00f55c7-7db5-4dce-9f7f-c193e5068628","local_time":"20201213022750","is_ascension_mode":true,"campfire_choices":[{"data":"Zap","floor":6.0,"key":"SMITH"},{"floor":10.0,"key":"REST"},{"floor":15.0,"key":"REST"},{"floor":23,"key":"REST"},{"data":"Biased Cognition","floor":25,"key":"SMITH"},{"floor":28,"key":"REST"},{"floor":32,"key":"REST"}],"circlet_count":0,"master_deck":["AscendersBane","Strike_B","Strike_B","Strike_B","Defend_B","Defend_B","Defend_B","Zap+1","Dualcast","CurseOfTheBell","Hologram","Coolheaded","Melter","Coolheaded","Cold Snap","Loop+1","Tempest","Core Surge","Go for the Eyes","White Noise","Biased Cognition+1","Redo","Reinforced Body","Turbo"],"relics":["Calling Bell","Dream Catcher","Mercury Hourglass","Bird Faced Urn","InkBottle","DataDisk","Black Star","Sundial","MawBank","Singing Bowl","Ancient Tea Set","Matryoshka","Centennial Puzzle","Shuriken"],"acts_visited":["Exordium","TheCity"],"potions_floor_usage":[21,21],"damage_taken":[{"damage":0.0,"enemies":"2 Louse","floor":1.0,"turns":2.0},{"damage":3.0,"enemies":"Cultist","floor":3.0,"turns":4.0},{"damage":7.0,"enemies":"Jaw Worm","floor":7.0,"turns":3.0},{"damage":8.0,"enemies":"3 Louse","floor":8.0,"turns":4.0},{"damage":9.0,"enemies":"Exordium Wildlife","floor":12.0,"turns":3.0},{"damage":5.0,"enemies":"Looter","floor":13.0,"turns":3.0},{"damage":2.0,"enemies":"Blue Slaver","floor":14.0,"turns":3.0},{"damage":33.0,"enemies":"Slime Boss","floor":16.0,"turns":5.0},{"damage":31.0,"enemies":"3 Byrds","floor":18.0,"turns":4.0},{"damage":21,"enemies":"2 Thieves","floor":21,"turns":5},{"damage":17,"enemies":"Centurion and Healer","floor":24,"turns":8},{"damage":20,"enemies":"Book of Stabbing","floor":27,"turns":6},{"damage":86,"enemies":"Gremlin Leader","floor":29,"turns":8},{"damage":61,"enemies":"Automaton","floor":33,"turns":6}],"seed_played":"2253292822273388065","potions_obtained":[{"floor":12.0,"key":"Strength Potion"},{"floor":14.0,"key":"Weak Potion"},{"floor":27,"key":"FairyPotion"},{"floor":29,"key":"FairyPotion"}],"is_trial":false,"path_per_floor":["M","$","M","?","?","R","M","M","T","R","?","M","M","M","R","B",null,"M","?","$","M","?","R","M","R","T","E","R","E","?","T","R","B"],"character_chosen":"DEFECT","items_purchased":["Coolheaded","Redo","Regen Potion"],"campfire_rested":5,"item_purchase_floors":[2,20,20],"current_hp_per_floor":[64,64,61,50,39,39,32,24,24,45,45,38,35,35,56,27,60,33,13,13,10,25,47,36,36,36,24,47,4,4,4,28,0,0],"gold":175,"neow_bonus":"BOSS_RELIC","is_daily":false,"chose_seed":false,"campfire_upgraded":2,"win_rate":0.0,"timestamp":1607794070,"path_taken":["M","$","M","?","?","R","M","M","T","R","?","?","M","M","R","BOSS","M","?","$","M","?","R","?","R","T","T","E","R","E","?","?","R","BOSS"],"items_purchased_type":["Card","Card","Potion"],"build_version":"2020-11-30","purchased_purges":2,"victory":false,"max_hp_per_floor":[71,71,71,71,71,71,71,71,71,71,71,71,71,71,71,71,71,71,76,76,76,76,76,76,76,76,78,78,80,80,80,80,80,80],"card_choices":[{"not_picked":["Turbo","Beam Cell"],"picked":"Hologram","floor":1.0},{"not_picked":["Rebound","Consume"],"picked":"Melter","floor":3.0},{"not_picked":["Aggregate","Barrage"],"picked":"Coolheaded","floor":7.0},{"not_picked":["Compile Driver","Leap"],"picked":"Cold Snap","floor":8.0},{"not_picked":["Leap","Streamline"],"picked":"Loop","floor":10.0},{"not_picked":["Heatsinks","Doom and Gloom"],"picked":"Tempest","floor":12.0},{"not_picked":["Auto Shields","Barrage"],"picked":"Core Surge","floor":13.0},{"not_picked":["Leap","Scrape"],"picked":"Go for the Eyes","floor":14.0},{"not_picked":["Reprogram","Hologram"],"picked":"White Noise","floor":15.0},{"not_picked":["Fission","Buffer"],"picked":"Biased Cognition","floor":16.0},{"not_picked":["Sunder","Compile Driver","Beam Cell+1"],"picked":"SKIP","floor":18.0},{"not_picked":["Turbo","Leap+1","Beam Cell+1"],"picked":"SKIP","floor":21},{"not_picked":["Beam Cell","Sweeping Beam","Conserve Battery"],"picked":"SKIP","floor":24},{"not_picked":["Heatsinks","Streamline","Loop"],"picked":"Singing Bowl","floor":27},{"not_picked":["Double Energy","Cold Snap"],"picked":"Reinforced Body","floor":28},{"not_picked":["Redo","Reinforced Body","FTL"],"picked":"Singing Bowl","floor":29},{"not_picked":["Sunder","Leap"],"picked":"Turbo","floor":32}],"player_experience":730674,"relics_obtained":[{"floor":0.0,"key":"Dream Catcher"},{"floor":0.0,"key":"Mercury Hourglass"},{"floor":0.0,"key":"Bird Faced Urn"},{"floor":9.0,"key":"DataDisk"},{"floor":26,"key":"Sundial"},{"floor":27,"key":"MawBank"},{"floor":27,"key":"Singing Bowl"},{"floor":29,"key":"Ancient Tea Set"},{"floor":29,"key":"Matryoshka"},{"floor":31,"key":"Centennial Puzzle"},{"floor":31,"key":"Shuriken"}],"event_choices":[{"damage_healed":0.0,"max_hp_gain":0.0,"max_hp_loss":0.0,"gold_gain":75.0,"event_name":"World of Goop","player_choice":"Gather Gold","floor":4.0,"gold_loss":0.0,"damage_taken":11.0},{"damage_healed":0.0,"max_hp_gain":0.0,"max_hp_loss":0.0,"gold_gain":0.0,"event_name":"Scrap Ooze","player_choice":"Success","floor":5.0,"gold_loss":0.0,"damage_taken":11.0,"relics_obtained":["InkBottle"]},{"damage_healed":0.0,"max_hp_gain":0.0,"max_hp_loss":0.0,"gold_gain":0.0,"event_name":"Accursed Blacksmith","player_choice":"Forge","floor":11.0,"gold_loss":0.0,"damage_taken":0.0,"cards_upgraded":["Loop"]},{"damage_healed":0.0,"max_hp_gain":5.0,"max_hp_loss":0.0,"gold_gain":0.0,"event_name":"Forgotten Altar","player_choice":"Shed Blood","floor":19.0,"gold_loss":0.0,"damage_taken":25.0},{"damage_healed":15,"gold_gain":0,"player_choice":"Heal","damage_taken":0,"max_hp_gain":0,"max_hp_loss":0,"event_name":"The Library","floor":22,"gold_loss":0},{"damage_healed":0,"gold_gain":0,"player_choice":"Ignored","damage_taken":0,"max_hp_gain":0,"max_hp_loss":0,"event_name":"Cursed Tome","floor":30,"gold_loss":0}],"is_beta":false,"boss_relics":[{"not_picked":["Busted Crown","Snecko Eye"],"picked":"Black Star"}],"items_purged_floors":[2,20],"is_endless":false,"potions_floor_spawned":[12,14,16,27,29],"killed_by":"Automaton","ascension_level":20}}