{"host":"zksvs3x2ysy9npnz","time":1607793516,"event":{"mods":["Aspiration","BaseMod","Beaked The Cultist","BetterRewards","Colored Map","Conspire","Duelist Mod","Halation","Highlight Path","Hubris","Infinite Spire","Jedi Mod","Minty Spire (QoL Compilation)","Permanent Neow","Quick Restart","Relic Stats","Replay The Spire","Retaliation","Shop Mod","StSLib"],"gold_per_floor":[136,149,166,197,213,213,245,265,347,347,347,359,374,374,374],"floor_reached":14,"playtime":803,"items_purged":[],"score":188,"play_id":"4d770a14-0021-4e77-884e-4185131e0603","local_time":"20201212181836","is_ascension_mode":true,"campfire_choices":[{"data":"theDuelist:SpiralSpearStrike","floor":6,"key":"SMITH"},{"floor":10,"key":"REST"}],"circlet_count":0,"master_deck":["theDuelist:BugEmergency","theDuelist:DarkPaladin","AscendersBane","theDuelist:GiantAxeMummy","theDuelist:InstantFusion","theDuelist:MareMare","theDuelist:Pollinosis","theDuelist:Skystarray","theDuelist:WormWarlord","theDuelist:ZombieTiger","theDuelist:LightningDarts","theDuelist:SpiralSpearStrike+1","theDuelist:WhiteHowling","theDuelist:Dakki","theDuelist:CobraJar"],"relics":["theDuelist:MillenniumPuzzle","theDuelist:CardPoolRelic","theDuelist:CardPoolBasicRelic","theDuelist:BoosterPackPoolRelic","theDuelist:CardPoolAddRelic","theDuelist:CardPoolMinusRelic","theDuelist:CardPoolSaveRelic","theDuelist:CardPoolOptionsRelic","jedi:archwizardhat","hubris:SphereOfDissonance"],"acts_visited":["Exordium"],"potions_floor_usage":[],"damage_taken":[{"damage":6,"enemies":"Cultist","floor":1,"turns":3},{"damage":0,"enemies":"2 Louse","floor":2,"turns":3},{"damage":12,"enemies":"Jaw Worm","floor":3,"turns":4},{"damage":7,"enemies":"3 Louse","floor":5,"turns":5},{"damage":20,"enemies":"3 Sentries","floor":7,"turns":6},{"damage":8,"enemies":"Exordium Thugs","floor":8,"turns":5},{"damage":12,"enemies":"Exordium Wildlife","floor":12,"turns":6},{"damage":14,"enemies":"2 Fungi Beasts","floor":13,"turns":4},{"damage":21,"enemies":"Gremlin Nob","floor":14,"turns":3}],"seed_played":"5177024220835186352","potions_obtained":[{"floor":2,"key":"Cursed Concoction"},{"floor":7,"key":"Venom Potion"},{"floor":8,"key":"theDuelist:BurningPotion"}],"is_trial":false,"path_per_floor":["M","M","M","?","M","R","E","M","T","R","?","M","M","E"],"character_chosen":"THE_DUELIST","items_purchased":[],"campfire_rested":1,"item_purchase_floors":[],"current_hp_per_floor":[57,57,45,45,38,38,18,10,10,31,31,19,5,0,0],"gold":374,"neow_bonus":"RANDOM_COLORLESS","is_daily":false,"chose_seed":false,"campfire_upgraded":1,"win_rate":0.0,"timestamp":1607793516,"path_taken":["M","?","M","?","M","R","E","M","T","R","?","M","?","E"],"items_purchased_type":[],"build_version":"2020-11-30","purchased_purges":0,"victory":false,"max_hp_per_floor":[70,70,70,70,70,70,70,70,70,70,70,70,70,70,70],"relic_stats":{"counters":[9,39],"obtain_stats":[{"theDuelist:BoosterPackPoolRelic":0,"theDuelist:CardPoolMinusRelic":0,"theDuelist:CardPoolBasicRelic":0,"hubris:SphereOfDissonance":9,"theDuelist:CardPoolAddRelic":0,"theDuelist:CardPoolOptionsRelic":0,"theDuelist:MillenniumPuzzle":0,"theDuelist:CardPoolSaveRelic":0,"jedi:archwizardhat":7,"theDuelist:CardPoolRelic":0},{"theDuelist:BoosterPackPoolRelic":0,"theDuelist:CardPoolMinusRelic":0,"theDuelist:CardPoolBasicRelic":0,"hubris:SphereOfDissonance":6,"theDuelist:CardPoolAddRelic":0,"theDuelist:CardPoolOptionsRelic":0,"theDuelist:MillenniumPuzzle":0,"theDuelist:CardPoolSaveRelic":0,"jedi:archwizardhat":5,"theDuelist:CardPoolRelic":0},{"theDuelist:BoosterPackPoolRelic":0,"theDuelist:CardPoolMinusRelic":0,"theDuelist:CardPoolBasicRelic":0,"hubris:SphereOfDissonance":26,"theDuelist:CardPoolAddRelic":0,"theDuelist:CardPoolOptionsRelic":0,"theDuelist:MillenniumPuzzle":0,"theDuelist:CardPoolSaveRelic":0,"jedi:archwizardhat":21,"theDuelist:CardPoolRelic":0}]},"card_choices":[{"not_picked":["Replay:BasicMightCard","theDuelist:GemArmadillo"],"picked":"theDuelist:LightningDarts","floor":0},{"not_picked":["theDuelist:ArchfiendSoldier","theDuelist:ToonBarrelDragon","theDuelist:CelticGuardian","theDuelist:Hayate","theDuelist:WanderingKing"],"picked":"SKIP","floor":1},{"not_picked":["theDuelist:ToonBarrelDragon","theDuelist:GhostrickJackfrost","theDuelist:CelticGuardian","theDuelist:CrossSwordBeetle","theDuelist:GiantRedSeasnake"],"picked":"SKIP","floor":2},{"not_picked":["theDuelist:GhostrickJackfrost","theDuelist:MaskedDragon","theDuelist:ShiranuiSunsaga","theDuelist:ExodiaLL","theDuelist:GiantRedSeasnake"],"picked":"SKIP","floor":3},{"not_picked":["theDuelist:FieldMetronome","theDuelist:CatapultZone","theDuelist:RockSunrise","theDuelist:JamBreeding"],"picked":"theDuelist:SpiralSpearStrike","floor":5},{"not_picked":["theDuelist:SafeZone","theDuelist:BugEmergency","theDuelist:NaturalDisaster","theDuelist:AntiFusionDevice"],"picked":"theDuelist:WhiteHowling","floor":7},{"not_picked":["theDuelist:VampireScarletScourge","theDuelist:VampireLady","theDuelist:GhostrickJackfrost","theDuelist:GhostrickJiangshi"],"picked":"theDuelist:Dakki","floor":8},{"not_picked":["theDuelist:RebornZombie","theDuelist:CelticGuardian","theDuelist:SafeZone","theDuelist:CharcoalInpachi"],"picked":"theDuelist:CobraJar","floor":12},{"not_picked":["theDuelist:SpiralSpearStrike","theDuelist:SilentDoom","theDuelist:CardDestruction","theDuelist:Ojamatch","theDuelist:CubicWave"],"picked":"SKIP","floor":13}],"player_experience":1200877,"relics_obtained":[{"floor":7,"key":"jedi:archwizardhat"},{"floor":9,"key":"hubris:SphereOfDissonance"}],"event_choices":[{"damage_healed":0,"gold_gain":0,"player_choice":"Sold Dark Horizon for 31 Gold.","duelist":true,"damage_taken":0,"max_hp_gain":0,"max_hp_loss":0,"event_name":"Card Trader","floor":4,"gold_loss":0},{"damage_healed":0,"gold_gain":0,"player_choice":"Leave","duelist":true,"damage_taken":0,"max_hp_gain":0,"max_hp_loss":0,"event_name":"Tomb of the Nameless","floor":11,"gold_loss":0}],"is_beta":false,"boss_relics":[],"items_purged_floors":[],"is_endless":false,"potions_floor_spawned":[2,7,8,12],"killed_by":"Gremlin Nob","ascension_level":20}}