{"host":"elnvswdbusdewy2q","time":1607814922,"event":{"mods":["2.2 Compatiblity","BaseMod","CapriCore","Colored Map","Hermit","Koishi","Lobotomy","Marisa£¨Ùöéë¡¡Øª×âÞÞ£©","Minty Spire (QoL Compilation)","Rare Cards Sparkle","StSLib","Td1madao Mod","The Bug Knight","The Cursed","The Dragon Tamer","The Gatherer","The Hierophant","The Immortal","The Poker Player","The Runesmith","WarShipGirlsR/??á´Ò³R mod"],"gold_per_floor":[215,215,390,370,386,386,419,419,419,455,300,45,61,75,75,194,194,209,223,322,0,0,0,33,33,33,33,33,33,48,67,67,67,67,67],"floor_reached":33,"playtime":1541,"items_purged":[],"score":261,"play_id":"a4148a14-1108-4466-873a-b7ddb2b5322a","local_time":"20201213081522","is_ascension_mode":false,"campfire_choices":[{"data":"MokouMod:CrimsonFlare","floor":6.0,"key":"SMITH"},{"floor":8.0,"key":"REST"},{"floor":15,"key":"REST"},{"floor":23,"key":"REST"},{"floor":25,"key":"REST"},{"data":"MokouMod:Ventilation","floor":28,"key":"SMITH"},{"floor":32,"key":"REST"}],"circlet_count":0,"master_deck":["MokouMod:Strike","MokouMod:Strike","MokouMod:Strike","MokouMod:Strike","MokouMod:Strike","MokouMod:Defend","MokouMod:Defend","MokouMod:Defend","MokouMod:Defend","MokouMod:HeatSpark","MokouMod:Sear","Doubt","MokouMod:Scorch","MokouMod:CrimsonFlare+1","MokouMod:ExplosiveFlame","MokouMod:ScorchingColumn","MokouMod:ResonanceReactor","MokouMod:Geothermal","MokouMod:ShiftIgnition","MokouMod:SacredFire","MokouMod:HouraiForge","MokouMod:HeatTransfer","MokouMod:Wildfire","MokouMod:Ember","MokouMod:Ventilation+1","MokouMod:IgnitionBarrier","MokouMod:Wildfire","MokouMod:Scorch+1","MokouMod:BurningDraft+1","MokouMod:BurningDraft+1"],"relics":["MokouMod:PhoenixFeather","Golden Idol","WingedGreaves","Eternal Feather","Odd Mushroom","Orrery","Shuriken","Molten Egg 2","Pen Nib","Mummified Hand","MutagenicStrength"],"acts_visited":["Exordium","TheCity"],"potions_floor_usage":[16,24],"damage_taken":[{"damage":13.0,"enemies":"Jaw Worm","floor":1.0,"turns":4.0},{"damage":2.0,"enemies":"2 Louse","floor":5.0,"turns":3.0},{"damage":17.0,"enemies":"3 Sentries","floor":7.0,"turns":6.0},{"damage":18.0,"enemies":"The Mushroom Lair","floor":10.0,"turns":5.0},{"damage":0,"enemies":"Small Slimes","floor":13,"turns":3},{"damage":18,"enemies":"Exordium Thugs","floor":14,"turns":4},{"damage":39,"enemies":"The Guardian","floor":16,"turns":6},{"damage":29,"enemies":"Shell Parasite","floor":18,"turns":5},{"damage":30,"enemies":"2 Thieves","floor":19,"turns":5},{"damage":86,"enemies":"Slavers","floor":24,"turns":6},{"damage":22,"enemies":"Centurion and Healer","floor":30,"turns":4},{"damage":31,"enemies":"Cultist and Chosen","floor":31,"turns":5},{"damage":102,"enemies":"Automaton","floor":33,"turns":8}],"seed_played":"286262331813275369","potions_obtained":[{"floor":5.0,"key":"Explosive Potion"},{"floor":7.0,"key":"LiquidBronze"},{"floor":13,"key":"SteroidPotion"},{"floor":19,"key":"GamblersBrew"}],"is_trial":false,"path_per_floor":["M","?","?","?","M","R","E","R","T","?","$","$","M","M","R","B",null,"M","M","?","$","?","R","E","R","T","$","R","?","M","M","R","B"],"character_chosen":"MKU","items_purchased":["Orrery","Shuriken","Molten Egg 2","MokouMod:Scorch+1"],"campfire_rested":5,"item_purchase_floors":[11,12,21,21],"current_hp_per_floor":[62,44,44,44,42,42,25,47,47,29,29,29,29,11,45,6,75,46,16,16,16,16,53,11,48,48,48,63,63,41,10,50,0,0,0],"gold":67,"neow_bonus":"HUNDRED_GOLD","is_daily":false,"chose_seed":false,"campfire_upgraded":2,"win_rate":0.0,"timestamp":1607814922,"path_taken":["M","?","?","?","?","R","E","R","T","?","$","$","M","M","R","BOSS","M","M","?","$","?","R","E","R","T","?","R","?","M","M","R","BOSS"],"items_purchased_type":["Relic","Relic","Relic","Card"],"build_version":"2020-11-30","purchased_purges":0,"victory":false,"max_hp_per_floor":[75,75,75,75,75,75,75,75,75,75,75,75,75,75,75,75,75,75,75,75,75,75,75,75,75,75,75,75,75,75,75,75,75,75,75],"card_choices":[{"not_picked":["MokouMod:ResoluteFlare","MokouMod:Singe"],"picked":"MokouMod:Sear","floor":1.0},{"not_picked":[],"picked":"MokouMod:Scorch","floor":4.0},{"not_picked":[],"picked":"MokouMod:CrimsonFlare","floor":4.0},{"not_picked":[],"picked":"MokouMod:ExplosiveFlame","floor":4.0},{"not_picked":["MokouMod:FlickeringFlame","MokouMod:Ember"],"picked":"MokouMod:ScorchingColumn","floor":5.0},{"not_picked":["MokouMod:Meltdown","MokouMod:FlamingFireTalons"],"picked":"MokouMod:ResonanceReactor","floor":7.0},{"not_picked":["MokouMod:IndiscriminateIgnition","MokouMod:Ember"],"picked":"MokouMod:Geothermal","floor":10.0},{"not_picked":["MokouMod:IgnitionBlast","MokouMod:Sear"],"picked":"MokouMod:ShiftIgnition","floor":11.0},{"not_picked":["MokouMod:FlamingFireTalons","MokouMod:IndiscriminateIgnition"],"picked":"MokouMod:SacredFire","floor":11.0},{"not_picked":["MokouMod:ControlledCombustion","MokouMod:TemporalFireSeal"],"picked":"MokouMod:HouraiForge","floor":11.0},{"not_picked":["MokouMod:IcarusDive","MokouMod:UncontrollableSolarReaction"],"picked":"MokouMod:HeatTransfer","floor":11.0},{"not_picked":["MokouMod:HeatTransfer","MokouMod:ScorchingColumn"],"picked":"MokouMod:Wildfire","floor":13},{"not_picked":["MokouMod:CrimsonFlare","MokouMod:AdaptivePyromancy"],"picked":"MokouMod:Ember","floor":14},{"not_picked":["MokouMod:SearingBlow","MokouMod:EnchantingBambooForest"],"picked":"MokouMod:Ventilation","floor":16},{"not_picked":["MokouMod:ScorchingColumn","MokouMod:ResoluteFlare"],"picked":"MokouMod:IgnitionBarrier","floor":18},{"not_picked":["MokouMod:ScorchingColumn","MokouMod:FlickeringFlame"],"picked":"MokouMod:Wildfire","floor":19},{"not_picked":["MokouMod:Refresh","MokouMod:Stoke"],"picked":"MokouMod:BurningDraft+1","floor":24},{"not_picked":["MokouMod:Stoke","MokouMod:BlazingComet+1"],"picked":"MokouMod:BurningDraft+1","floor":30},{"not_picked":["MokouMod:HeatTransfer+1","MokouMod:EternalBurstReactor+1","MokouMod:Cataclysm+1"],"picked":"SKIP","floor":31}],"player_experience":505622,"relics_obtained":[{"floor":7.0,"key":"WingedGreaves"},{"floor":9.0,"key":"Eternal Feather"},{"floor":10.0,"key":"Odd Mushroom"},{"floor":24,"key":"Pen Nib"},{"floor":26,"key":"Mummified Hand"}],"event_choices":[{"damage_healed":0.0,"max_hp_gain":0.0,"max_hp_loss":0.0,"gold_gain":0.0,"event_name":"Golden Idol","player_choice":"Take Damage","floor":2.0,"gold_loss":0.0,"damage_taken":18.0,"relics_obtained":["Golden Idol"]},{"damage_healed":0.0,"max_hp_gain":0.0,"max_hp_loss":0.0,"gold_gain":175.0,"event_name":"Liars Game","player_choice":"AGREE","floor":3.0,"gold_loss":0.0,"damage_taken":0.0,"cards_obtained":["Doubt"]},{"damage_healed":0.0,"max_hp_gain":0.0,"max_hp_loss":0.0,"gold_gain":0.0,"event_name":"Mushrooms","player_choice":"Fought Mushrooms","floor":10.0,"gold_loss":0.0,"damage_taken":0.0},{"damage_healed":0,"gold_gain":99,"player_choice":"Stole From Cult","damage_taken":0,"max_hp_gain":0,"max_hp_loss":0,"event_name":"Nest","floor":20,"gold_loss":0},{"damage_healed":0,"gold_gain":0,"player_choice":"Inject Mutagens","damage_taken":0,"relics_obtained":["MutagenicStrength"],"max_hp_gain":0,"max_hp_loss":0,"event_name":"Drug Dealer","floor":29,"gold_loss":0}],"is_beta":false,"boss_relics":[{"not_picked":["Velvet Choker","Ectoplasm","Snecko Eye"]}],"items_purged_floors":[],"is_endless":false,"potions_floor_spawned":[5,7,13,19],"killed_by":"Automaton","ascension_level":0}}