{"host":"ve9aztkoyqeblvav","time":1607777652,"event":{"mods":["Act Like it!","BaseMod","Colored Map","Colored Powertips","Highlight Path","Minty Spire (QoL Compilation)","Quick Restart","StSLib","The Hierophant","Waifu the Spire"],"gold_per_floor":[118,136,136,61,61,96,19,54,54,54,89,107,142,217,217,293,293,313,330,66,77,2,2,21,34,34,34,34,34,67,67,67,146,146,164,164,164,0,25,54,54,84,84,84,33,66,81,95,95,95,95,95,95,95,128,128],"floor_reached":57,"playtime":2429,"items_purged":["Defend_P","Strike_P"],"score":2989,"play_id":"df7df704-ad45-4c19-996b-0bb9af65c405","local_time":"20201212205412","is_ascension_mode":true,"campfire_choices":[{"floor":10.0,"key":"REST"},{"data":"Eruption","floor":15.0,"key":"SMITH"},{"floor":23.0,"key":"REST"},{"floor":27.0,"key":"REST"},{"data":"Ghostly","floor":32.0,"key":"SMITH"},{"data":"Ghostly","floor":41.0,"key":"SMITH"},{"floor":44.0,"key":"RECALL"},{"data":"Adaptation","floor":49,"key":"SMITH"},{"data":"SpiritShield","floor":53,"key":"SMITH"}],"circlet_count":0,"master_deck":["AscendersBane","Eruption+1","Vigilance","FlurryOfBlows+1","Adaptation+1","Adaptation+1","MentalFortress+1","BowlingBash","LessonLearned+1","Prostrate+1","Wallop+1","FlurryOfBlows+1","TalkToTheHand+1","DevaForm+1","Devotion+1","FearNoEvil+1","Ghostly+1","Ghostly+1","Ghostly+1","SpiritShield+1","LessonLearned+1","LessonLearned","Adaptation+1","ConjureBlade+1","ConjureBlade+1","Secret Weapon+1","Crescendo+1","Adaptation+1"],"relics":["PureWater","NeowsBlessing","Mango","White Beast Statue","Frozen Egg 2","Shuriken","HornCleat","Pear","Runic Pyramid","Orrery","CloakClasp","Pandora\u0027s Box","OrangePellets","TungstenRod","TeardropLocket","Toy Ornithopter","Strawberry","Calipers","CaptainsWheel"],"acts_visited":["Exordium","TheCity","TheBeyond","TheEnding"],"potions_floor_usage":[46,47],"damage_taken":[{"damage":0.0,"enemies":"Small Slimes","floor":1.0,"turns":1.0},{"damage":0.0,"enemies":"Cultist","floor":2.0,"turns":1.0},{"damage":0.0,"enemies":"Lagavulin","floor":6.0,"turns":1.0},{"damage":29.0,"enemies":"3 Sentries","floor":8.0,"turns":6.0},{"damage":2.0,"enemies":"Lagavulin","floor":11.0,"turns":7.0},{"damage":7.0,"enemies":"Jaw Worm","floor":12.0,"turns":4.0},{"damage":54.0,"enemies":"3 Sentries","floor":13.0,"turns":10.0},{"damage":76.0,"enemies":"Slime Boss","floor":16.0,"turns":7.0},{"damage":22.0,"enemies":"2 Thieves","floor":18.0,"turns":2.0},{"damage":48.0,"enemies":"Chosen","floor":19.0,"turns":6.0},{"damage":0.0,"enemies":"3 Cultists","floor":21.0,"turns":5.0},{"damage":9.0,"enemies":"Centurion and Healer","floor":24.0,"turns":4.0},{"damage":2.0,"enemies":"Cultist and Chosen","floor":25.0,"turns":4.0},{"damage":6.0,"enemies":"Slavers","floor":30.0,"turns":6.0},{"damage":17.0,"enemies":"Champ","floor":33.0,"turns":10.0},{"damage":12.0,"enemies":"Orb Walker","floor":35.0,"turns":4.0},{"damage":0.0,"enemies":"Mind Bloom Boss Battle","floor":39.0,"turns":9.0},{"damage":0.0,"enemies":"Reptomancer","floor":40.0,"turns":4.0},{"damage":6.0,"enemies":"Giant Head","floor":42.0,"turns":7.0},{"damage":0,"enemies":"Reptomancer","floor":46,"turns":5},{"damage":3,"enemies":"3 Darklings","floor":47,"turns":5},{"damage":0,"enemies":"4 Shapes","floor":48,"turns":5},{"damage":25,"enemies":"Awakened One","floor":50,"turns":8},{"damage":0,"enemies":"Time Eater","floor":51,"turns":8},{"damage":8,"enemies":"Shield and Spear","floor":55,"turns":7},{"damage":102,"enemies":"The Heart","floor":56,"turns":11}],"seed_played":"3960745274125851354","potions_obtained":[{"floor":2.0,"key":"Weak Potion"},{"floor":6.0,"key":"Energy Potion"},{"floor":8.0,"key":"EssenceOfSteel"},{"floor":11.0,"key":"FairyPotion"},{"floor":12.0,"key":"PowerPotion"},{"floor":16.0,"key":"Explosive Potion"},{"floor":18.0,"key":"LiquidBronze"},{"floor":19.0,"key":"Block Potion"},{"floor":21.0,"key":"Fire Potion"},{"floor":24.0,"key":"LiquidBronze"},{"floor":25.0,"key":"Fruit Juice"},{"floor":30.0,"key":"AttackPotion"},{"floor":33.0,"key":"Weak Potion"},{"floor":35.0,"key":"FairyPotion"},{"floor":39.0,"key":"Block Potion"},{"floor":46,"key":"Fire Potion"},{"floor":47,"key":"FairyPotion"}],"is_trial":false,"path_per_floor":["M","M","?","$","?","E","$","E","T","R","E","M","E","?","R","B",null,"M","M","$","M","?","R","M","M","T","R","?","T","E","$","R","B",null,"M","?","?","$","?","E","R","E","T","R","$","E","M","M","R","B","B",null,"R","$","E","B",null],"character_chosen":"WATCHER","items_purchased":["Adaptation","Orrery","OrangePellets","Crescendo"],"campfire_rested":3,"item_purchase_floors":[7,20,38,45],"current_hp_per_floor":[61,61,75,75,75,75,75,46,46,70,68,61,17,6,6,27,76,54,6,6,6,6,33,24,22,22,49,46,46,45,45,45,28,45,33,33,33,33,33,33,33,27,34,34,34,39,41,41,41,16,16,45,45,45,37,6],"gold":128,"neow_bonus":"THREE_ENEMY_KILL","is_daily":false,"chose_seed":false,"campfire_upgraded":5,"win_rate":0.0,"timestamp":1607777652,"path_taken":["M","M","?","?","?","E","$","E","T","R","E","M","E","?","R","BOSS","M","M","$","M","?","R","M","M","T","R","?","?","E","$","R","BOSS","M","?","?","$","?","E","R","E","T","R","?","E","M","M","R","BOSS","BOSS","R","$","E","BOSS"],"items_purchased_type":["Card","Relic","Relic","Card"],"build_version":"2020-11-30","purchased_purges":2,"victory":true,"max_hp_per_floor":[68,68,82,82,82,82,82,82,82,82,82,82,92,92,92,92,92,92,92,92,92,92,92,92,92,92,92,46,46,51,51,51,51,51,51,48,48,48,48,48,48,48,55,55,55,55,55,55,55,55,55,55,55,55,55,55],"card_choices":[{"not_picked":["Prostrate","FollowUp"],"picked":"ReachHeaven","floor":1.0},{"not_picked":["EmptyFist","Halt"],"picked":"FlurryOfBlows","floor":2.0},{"not_picked":["FearNoEvil","WheelKick"],"picked":"Adaptation","floor":6.0},{"not_picked":["Wish","ClearTheMind"],"picked":"MentalFortress+1","floor":8.0},{"not_picked":["EmptyFist","Nirvana+1","Consecrate"],"picked":"SKIP","floor":11.0},{"not_picked":["JustLucky","Sanctity","SpiritShield"],"picked":"SKIP","floor":12.0},{"not_picked":["Prostrate","SashWhip"],"picked":"BowlingBash","floor":13.0},{"not_picked":["Devotion+1","Blasphemy"],"picked":"LessonLearned","floor":16.0},{"not_picked":["Halt","PathToVictory"],"picked":"Prostrate","floor":18.0},{"not_picked":["SignatureMove","BattleHymn+1"],"picked":"Wallop+1","floor":19.0},{"not_picked":["JustLucky","FlyingSleeves"],"picked":"FlurryOfBlows+1","floor":20.0},{"not_picked":["Halt","EmptyBody"],"picked":"TalkToTheHand","floor":20.0},{"not_picked":["FlurryOfBlows","FollowUp"],"picked":"DevaForm+1","floor":20.0},{"not_picked":["BattleHymn+1","FollowUp"],"picked":"Devotion+1","floor":20.0},{"not_picked":["EmptyBody","JustLucky+1","Nirvana+1"],"picked":"SKIP","floor":21.0},{"not_picked":["FollowUp","BowlingBash"],"picked":"FearNoEvil+1","floor":24.0},{"not_picked":["Wallop","ClearTheMind","ThirdEye+1"],"picked":"SKIP","floor":25.0},{"not_picked":["BattleHymn+1","ReachHeaven+1","FlurryOfBlows"],"picked":"SKIP","floor":30.0},{"not_picked":["MasterReality+1","Blasphemy"],"picked":"SpiritShield","floor":33.0},{"not_picked":["Evaluate","Wireheading+1","Prostrate"],"picked":"SKIP","floor":35.0},{"not_picked":["Bandage Up","PanicButton"],"picked":"Secret Weapon","floor":37.0},{"not_picked":["ThirdEye","Study+1","Consecrate"],"picked":"SKIP","floor":40.0},{"not_picked":["Omniscience","FlyingSleeves","WaveOfTheHand+1"],"picked":"SKIP","floor":42.0},{"not_picked":["ClearTheMind","Swivel","Consecrate"],"picked":"SKIP","floor":46},{"not_picked":["Fasting2+1","Consecrate","Prostrate"],"picked":"SKIP","floor":47},{"not_picked":["Judgement","DeceiveReality","WaveOfTheHand"],"picked":"SKIP","floor":48},{"not_picked":["Judgement","DeceiveReality","WaveOfTheHand"],"picked":"SKIP","floor":48},{"not_picked":["SashWhip","Crescendo"],"picked":"Adaptation+1","floor":55}],"player_experience":1621166,"relics_obtained":[{"floor":6.0,"key":"White Beast Statue"},{"floor":8.0,"key":"Frozen Egg 2"},{"floor":9.0,"key":"Shuriken"},{"floor":11.0,"key":"HornCleat"},{"floor":13.0,"key":"Pear"},{"floor":26.0,"key":"CloakClasp"},{"floor":39.0,"key":"TungstenRod"},{"floor":40.0,"key":"TeardropLocket"},{"floor":42.0,"key":"Toy Ornithopter"},{"floor":43.0,"key":"Strawberry"},{"floor":46,"key":"Calipers"},{"floor":55,"key":"CaptainsWheel"}],"event_choices":[{"cards_removed":["ReachHeaven"],"damage_healed":0.0,"max_hp_gain":0.0,"max_hp_loss":0.0,"gold_gain":0.0,"event_name":"WeMeetAgain","player_choice":"Gave Card","floor":3.0,"gold_loss":0.0,"damage_taken":0.0,"relics_obtained":["Mango"]},{"damage_healed":0.0,"max_hp_gain":0.0,"max_hp_loss":0.0,"gold_gain":0.0,"event_name":"The Cleric","player_choice":"Leave","floor":5.0,"gold_loss":0.0,"damage_taken":0.0},{"damage_healed":0.0,"max_hp_gain":0.0,"max_hp_loss":0.0,"gold_gain":75.0,"event_name":"World of Goop","player_choice":"Gather Gold","floor":14.0,"gold_loss":0.0,"damage_taken":11.0},{"cards_removed":["Strike_P"],"damage_healed":0.0,"max_hp_gain":0.0,"max_hp_loss":0.0,"gold_gain":0.0,"event_name":"Beggar","player_choice":"Gave Gold","floor":22.0,"gold_loss":75.0,"damage_taken":0.0},{"damage_healed":0.0,"max_hp_gain":0.0,"max_hp_loss":46.0,"gold_gain":0.0,"event_name":"Ghosts","player_choice":"Became a Ghost","floor":28.0,"gold_loss":0.0,"damage_taken":0.0,"cards_obtained":["Ghostly","Ghostly","Ghostly"]},{"damage_healed":0.0,"max_hp_gain":0.0,"max_hp_loss":3.0,"gold_gain":0.0,"event_name":"Winding Halls","player_choice":"Max HP","floor":36.0,"gold_loss":0.0,"damage_taken":0.0},{"damage_healed":0.0,"max_hp_gain":0.0,"max_hp_loss":0.0,"gold_gain":0.0,"event_name":"SensoryStone","player_choice":"Memory 1","floor":37.0,"gold_loss":0.0,"damage_taken":0.0},{"damage_healed":0.0,"max_hp_gain":0.0,"max_hp_loss":0.0,"gold_gain":0.0,"event_name":"MindBloom","player_choice":"Fight","floor":39.0,"gold_loss":0.0,"damage_taken":0.0}],"is_beta":false,"boss_relics":[{"not_picked":["Calling Bell","Busted Crown"],"picked":"Runic Pyramid"},{"not_picked":["Tiny House","Black Star"],"picked":"Pandora\u0027s Box"}],"items_purged_floors":[4,20],"is_endless":false,"potions_floor_spawned":[2,6,8,11,12,13,16,18,19,21,24,25,30,33,35,39,40,42,46,47,48,55],"ascension_level":20}}