{"host":"121m0oxswv9tg9hk","time":1607784393,"event":{"mods":["AchievementEnabler","Aspiration","BaseMod","Better Third Choice","Downfall","Hermit","Hubris","Infinite Spire","MarisaÅiñ∂âJÅ@ñÇóùçπÅj","Minty Spire (QoL Compilation)","Replay The Spire","Shade Mod","StSLib","The Construct","The Cursed","The Dragon Tamer","The Gatherer","The Hierophant","The Mystic"],"gold_per_floor":[116,116,136,136,18,18,48,64,113,113,138,63,99,136,136,233,233,258,268,268],"floor_reached":19,"playtime":1489,"items_purged":["Strike_B"],"score":504,"play_id":"1e80fc08-552e-49dd-94f2-5e23d02915f2","local_time":"20201212154632","is_ascension_mode":true,"campfire_choices":[{"data":"Rip and Tear","floor":6,"key":"SMITH"},{"floor":10,"key":"REST"},{"data":"Strike_B","floor":15,"key":"PURGE"}],"circlet_count":0,"master_deck":["AscendersBane","Strike_B","Defend_B","Defend_B","Defend_B","Defend_B","Zap","Dualcast","Compile Driver","Streamline+1","Rip and Tear+1","FTL","ReplayTheSpireMod:System Scan","FTL","Coolheaded","Chill","Creative AI","ReplayTheSpireMod:Repulse"],"relics":["Cracked Core","Pen Nib","hubris:Towel","aspiration:Lifesprig","Replay:Bandana","Bird Faced Urn","hubris:Backtick","Mummified Hand"],"acts_visited":["Exordium","TheCity"],"potions_floor_usage":[14,16,18],"damage_taken":[{"damage":4,"enemies":"Small Slimes","floor":1,"turns":3},{"damage":1,"enemies":"2 Louse","floor":3,"turns":2},{"damage":31,"enemies":"Gremlin Nob","floor":7,"turns":4},{"damage":0,"enemies":"Jaw Worm","floor":8,"turns":2},{"damage":0,"enemies":"Large Slime","floor":11,"turns":4},{"damage":14,"enemies":"Exordium Thugs","floor":13,"turns":4},{"damage":0,"enemies":"Replay:BlueRogue","floor":14,"turns":6},{"damage":0,"enemies":"Slime Boss","floor":16,"turns":7},{"damage":15,"enemies":"3 Byrds","floor":18,"turns":5},{"damage":67,"enemies":"Masked Bandits","floor":19,"turns":3}],"seed_played":"1292964928559748139","potions_obtained":[{"floor":1,"key":"FocusPotion"},{"floor":3,"key":"Dexterity Potion"},{"floor":16,"key":"sneckomod:MuddlingPotion"}],"is_trial":false,"path_per_floor":["M","?","M","?","$","R","E","M","T","R","M","?","M","E","R","B",null,"M","?"],"character_chosen":"DEFECT","items_purchased":["Rip and Tear"],"campfire_rested":1,"item_purchase_floors":[5],"current_hp_per_floor":[60,60,59,59,59,59,28,28,28,49,49,49,35,35,35,35,62,53,0,0],"gold":268,"neow_bonus":"RANDOM_COMMON_RELIC","is_daily":false,"chose_seed":false,"campfire_upgraded":1,"win_rate":0.0,"timestamp":1607784392,"path_taken":["M","?","M","?","?","R","E","M","T","R","M","?","?","E","R","BOSS","M","?"],"items_purchased_type":["Card"],"build_version":"2020-11-30","purchased_purges":1,"victory":false,"max_hp_per_floor":[71,71,71,71,71,71,71,71,71,71,71,71,71,71,71,71,71,71,71,71],"card_choices":[{"not_picked":["Rebound","Turbo"],"picked":"Compile Driver","floor":1},{"not_picked":["Conserve Battery","Hologram"],"picked":"Streamline","floor":3},{"not_picked":["Barrage","Turbo"],"picked":"FTL","floor":7},{"not_picked":["Steam Power","Cold Snap"],"picked":"ReplayTheSpireMod:System Scan","floor":8},{"not_picked":["Storm","Turbo"],"picked":"FTL","floor":11},{"not_picked":["Compile Driver","Glacier"],"picked":"Coolheaded","floor":13},{"not_picked":["Sweeping Beam","Rainbow"],"picked":"Chill","floor":14},{"not_picked":["All For One","Thunder Strike"],"picked":"Creative AI","floor":16},{"not_picked":["Aggregate","Streamline"],"picked":"ReplayTheSpireMod:Repulse","floor":18}],"player_experience":2813189,"relics_obtained":[{"floor":7,"key":"aspiration:Lifesprig"},{"floor":9,"key":"Replay:Bandana"},{"floor":14,"key":"Bird Faced Urn"}],"event_choices":[{"cards_removed":["Strike_B"],"damage_healed":0,"gold_gain":0,"player_choice":"Card Removal","damage_taken":0,"max_hp_gain":0,"max_hp_loss":0,"event_name":"The Cleric","floor":12,"gold_loss":75},{"damage_healed":0,"gold_gain":0,"player_choice":"Fought Bandits","damage_taken":0,"max_hp_gain":0,"max_hp_loss":0,"event_name":"Masked Bandits","floor":19,"gold_loss":0}],"is_beta":false,"boss_relics":[{"not_picked":["aspiration:PoetsPen_weak","construct:ClawGrip"],"picked":"hubris:Backtick"}],"items_purged_floors":[5],"is_endless":false,"potions_floor_spawned":[1,3,11,16],"killed_by":"Masked Bandits","ascension_level":20}}