{"host":"vfgg46nubrx1obp1","time":1607810637,"event":{"mods":["BaseMod","Colored Powertips","Highlight Path","Minty Spire (QoL Compilation)"],"gold_per_floor":[112,131,81,93,93,124,124,159,159,14,27,27,40,57,57,158,158,173,133,148,161,179,204,204,231,231,0,0,0,0,0,0,96,96,113,163,163,174,174,204,7,7,7,38,38,38,38,38,38,38,38,38,0,25,25,25],"floor_reached":55,"playtime":8774,"items_purged":[],"score":1091,"play_id":"071798be-361a-4964-9a24-fd445facdcdb","local_time":"20201212230357","is_ascension_mode":true,"campfire_choices":[{"floor":7,"key":"REST"},{"data":"Underhanded Strike","floor":12,"key":"SMITH"},{"floor":15,"key":"REST"},{"floor":29,"key":"REST"},{"data":"Leg Sweep","floor":32,"key":"SMITH"},{"floor":42,"key":"RECALL"},{"data":"Thinking Ahead","floor":45,"key":"SMITH"},{"data":"Tools of the Trade","floor":47,"key":"SMITH"},{"data":"Adrenaline","floor":49,"key":"SMITH"},{"data":"Venomology","floor":52,"key":"SMITH"}],"circlet_count":0,"master_deck":["Defend_G","Defend_G","Defend_G","Defend_G","Defend_G","Survivor","Neutralize","Underhanded Strike+1","Prepared+1","Prepared","Tools of the Trade+1","Well Laid Plans+1","Eviscerate+1","Terror","Cloak And Dagger","Tools of the Trade+1","PiercingWail","Venomology+1","Acrobatics+1","Dagger Throw+1","Adrenaline+1","Leg Sweep+1","Blade Dance","Eviscerate+1","Bite+1","Bite+1","Bite+1","Bite+1","Bite+1","Corpse Explosion","CurseOfTheBell","PiercingWail+1","Blur+1","Noxious Fumes+1","Thinking Ahead+1","Dash+1","Accuracy+1","Finisher+1","Tactician+1","Flechettes+1"],"relics":["Ring of the Snake","Turnip","Molten Egg 2","Frozen Egg 2","SacredBark","Bag of Marbles","Art of War","Unceasing Top","Vajra","Calling Bell","Anchor","Sundial","WingedGreaves","The Specimen","Gremlin Horn","Omamori","Juzu Bracelet","StoneCalendar"],"acts_visited":["Exordium","TheCity","TheBeyond","TheEnding"],"potions_floor_usage":[8,16,22,22,22,23,25,33,33,40,40,44,44,46,50,50,54,55,55],"damage_taken":[{"damage":3,"enemies":"2 Louse","floor":1,"turns":5},{"damage":5,"enemies":"Jaw Worm","floor":2,"turns":5},{"damage":0,"enemies":"Cultist","floor":4,"turns":4},{"damage":19,"enemies":"Gremlin Nob","floor":6,"turns":4},{"damage":29,"enemies":"Lagavulin","floor":8,"turns":7},{"damage":2,"enemies":"3 Louse","floor":11,"turns":3},{"damage":3,"enemies":"Blue Slaver","floor":13,"turns":2},{"damage":2,"enemies":"2 Fungi Beasts","floor":14,"turns":3},{"damage":9,"enemies":"Hexaghost","floor":16,"turns":8},{"damage":13,"enemies":"Spheric Guardian","floor":18,"turns":4},{"damage":0,"enemies":"Chosen","floor":20,"turns":3},{"damage":30,"enemies":"Shelled Parasite and Fungi","floor":21,"turns":5},{"damage":10,"enemies":"Snecko","floor":22,"turns":4},{"damage":29,"enemies":"Book of Stabbing","floor":23,"turns":5},{"damage":0,"enemies":"Gremlin Leader","floor":25,"turns":4},{"damage":44,"enemies":"Collector","floor":33,"turns":6},{"damage":25,"enemies":"3 Darklings","floor":35,"turns":4},{"damage":14,"enemies":"Mind Bloom Boss Battle","floor":36,"turns":7},{"damage":5,"enemies":"3 Shapes","floor":38,"turns":4},{"damage":21,"enemies":"Giant Head","floor":40,"turns":7},{"damage":10,"enemies":"Nemesis","floor":44,"turns":5},{"damage":0,"enemies":"Sphere and 2 Shapes","floor":46,"turns":1},{"damage":39,"enemies":"Donu and Deca","floor":50,"turns":7},{"damage":4,"enemies":"Shield and Spear","floor":54,"turns":8},{"damage":62,"enemies":"The Heart","floor":55,"turns":6}],"seed_played":"-5693961245547078480","potions_obtained":[{"floor":6,"key":"DistilledChaos"},{"floor":8,"key":"SteroidPotion"},{"floor":11,"key":"Energy Potion"},{"floor":13,"key":"SpeedPotion"},{"floor":14,"key":"LiquidBronze"},{"floor":16,"key":"Dexterity Potion"},{"floor":19,"key":"Regen Potion"},{"floor":25,"key":"SmokeBomb"},{"floor":44,"key":"Dexterity Potion"}],"is_trial":false,"path_per_floor":["M","M","?","M","?","E","R","E","T","$","M","R","M","M","R","B",null,"M","?","M","M","M","E","?","E","T","$","?","R","$","?","R","B",null,"M","?","?","M","?","E","$","R","T","E","R","M","R","?","R","B",null,"R","$","E","B"],"character_chosen":"THE_SILENT","items_purchased":["Well Laid Plans+1","Eviscerate+1","Vajra","Eviscerate+1","Accuracy+1","Finisher+1","Block Potion","Flechettes+1"],"campfire_rested":3,"item_purchase_floors":[10,10,27,27,41,41,41,53],"current_hp_per_floor":[67,62,62,62,47,28,51,22,22,22,20,20,17,15,38,29,65,52,52,52,22,39,10,10,10,10,10,10,33,33,33,33,10,42,20,27,27,31,31,31,31,31,31,27,27,33,33,46,46,22,45,45,45,53,0,0],"gold":25,"neow_bonus":"TEN_PERCENT_HP_BONUS","is_daily":false,"chose_seed":false,"campfire_upgraded":6,"win_rate":0.0,"timestamp":1607810637,"path_taken":["M","M","?","M","?","E","R","E","T","$","M","R","?","M","R","BOSS","M","?","?","M","M","E","?","E","T","$","?","R","?","?","R","BOSS","M","?","?","?","?","E","$","R","T","E","R","M","R","?","R","BOSS","R","$","E","BOSS"],"items_purchased_type":["Card","Card","Relic","Card","Card","Card","Potion","Card"],"build_version":"2020-11-30","purchased_purges":0,"victory":false,"max_hp_per_floor":[77,77,77,77,77,77,77,77,77,77,77,77,77,77,77,77,77,77,77,77,77,77,77,77,77,77,77,77,77,77,53,53,53,53,53,53,53,53,53,53,53,53,53,53,53,53,53,53,53,53,53,53,53,53,53,53],"card_choices":[{"not_picked":["Deflect","Poisoned Stab"],"picked":"Dagger Spray","floor":1},{"not_picked":["Deadly Poison","Concentrate"],"picked":"Underhanded Strike","floor":2},{"not_picked":["Flying Knee","Poisoned Stab"],"picked":"Prepared","floor":4},{"not_picked":["Dodge and Roll","Poisoned Stab"],"picked":"Prepared","floor":6},{"not_picked":["Deadly Poison","Grand Finale+1"],"picked":"Tools of the Trade","floor":8},{"not_picked":["Dagger Throw+1","Setup"],"picked":"Terror","floor":11},{"not_picked":["All Out Attack+1","Outmaneuver"],"picked":"Cloak And Dagger","floor":13},{"not_picked":["Bane+1","Quick Slash+1","Escape Plan"],"picked":"SKIP","floor":14},{"not_picked":["Grand Finale+1","Venomology"],"picked":"Tools of the Trade+1","floor":16},{"not_picked":["Bane+1","Slice+1"],"picked":"PiercingWail","floor":18},{"not_picked":["Dodge and Roll","Dagger Spray+1","Terror"],"picked":"SKIP","floor":20},{"not_picked":["Poisoned Stab+1","Underhanded Strike+1"],"picked":"Venomology","floor":21},{"not_picked":["Catalyst+1","Dagger Spray+1"],"picked":"Acrobatics+1","floor":22},{"not_picked":["Catalyst","Flechettes+1"],"picked":"Dagger Throw+1","floor":23},{"not_picked":["Slice+1","Quick Slash+1"],"picked":"Blade Dance","floor":25},{"not_picked":["A Thousand Cuts+1","Unload+1"],"picked":"Corpse Explosion","floor":33},{"not_picked":["Outmaneuver+1","Cloak And Dagger"],"picked":"PiercingWail+1","floor":35},{"not_picked":["Flechettes+1","Prepared"],"picked":"Blur+1","floor":36},{"not_picked":["Outmaneuver+1","Backflip"],"picked":"Noxious Fumes+1","floor":38},{"not_picked":["Secret Weapon","Finesse"],"picked":"Thinking Ahead","floor":39},{"not_picked":["Outmaneuver","Endless Agony+1"],"picked":"Dash+1","floor":40},{"not_picked":["Terror","Skewer+1"],"picked":"Tactician+1","floor":44},{"not_picked":["Deflect+1","Heel Hook+1","Dagger Throw+1"],"picked":"SKIP","floor":54}],"player_experience":633890,"relics_obtained":[{"floor":6,"key":"Turnip"},{"floor":8,"key":"Molten Egg 2"},{"floor":9,"key":"Frozen Egg 2"},{"floor":23,"key":"Bag of Marbles"},{"floor":25,"key":"Art of War"},{"floor":26,"key":"Unceasing Top"},{"floor":34,"key":"Anchor"},{"floor":34,"key":"Sundial"},{"floor":34,"key":"WingedGreaves"},{"floor":36,"key":"The Specimen"},{"floor":40,"key":"Omamori"},{"floor":44,"key":"Juzu Bracelet"},{"floor":54,"key":"StoneCalendar"}],"event_choices":[{"cards_removed":["Strike_G"],"damage_healed":0,"gold_gain":0,"player_choice":"Card Removal","damage_taken":0,"max_hp_gain":0,"max_hp_loss":0,"event_name":"The Cleric","floor":3,"gold_loss":50},{"damage_healed":0,"gold_gain":0,"player_choice":"Entered Light","damage_taken":15,"max_hp_gain":0,"max_hp_loss":0,"event_name":"Shining Light","floor":5,"gold_loss":0,"cards_upgraded":["Strike_G","Prepared"]},{"damage_healed":0,"gold_gain":0,"player_choice":"Bought 3 Potions","damage_taken":0,"max_hp_gain":0,"max_hp_loss":0,"event_name":"The Woman in Blue","floor":19,"gold_loss":0},{"damage_healed":0,"gold_gain":0,"cards_transformed":["Strike_G","Strike_G"],"player_choice":"Became Test Subject","damage_taken":0,"max_hp_gain":0,"max_hp_loss":0,"event_name":"Drug Dealer","floor":24,"gold_loss":0,"cards_obtained":["Adrenaline","Leg Sweep"]},{"damage_healed":0,"gold_gain":0,"player_choice":"Ignored","damage_taken":0,"max_hp_gain":0,"max_hp_loss":0,"event_name":"Cursed Tome","floor":28,"gold_loss":0},{"damage_healed":0,"gold_gain":0,"player_choice":"Became a vampire","damage_taken":0,"max_hp_gain":0,"max_hp_loss":24,"event_name":"Vampires","floor":31,"gold_loss":0,"cards_obtained":["Bite","Bite","Bite","Bite","Bite"]},{"damage_healed":0,"gold_gain":0,"player_choice":"Fight","damage_taken":0,"max_hp_gain":0,"max_hp_loss":0,"event_name":"MindBloom","floor":36,"gold_loss":0},{"cards_removed":["Dagger Spray"],"damage_healed":0,"gold_gain":0,"player_choice":"Gave Card","damage_taken":0,"relics_obtained":["Gremlin Horn"],"max_hp_gain":0,"max_hp_loss":0,"event_name":"WeMeetAgain","floor":37,"gold_loss":0},{"damage_healed":0,"gold_gain":0,"player_choice":"Memory 1","damage_taken":0,"max_hp_gain":0,"max_hp_loss":0,"event_name":"SensoryStone","floor":39,"gold_loss":0},{"damage_healed":13,"gold_gain":0,"player_choice":"Writhe","damage_taken":0,"max_hp_gain":0,"max_hp_loss":0,"event_name":"Winding Halls","floor":48,"gold_loss":0,"cards_obtained":["Writhe"]}],"is_beta":false,"boss_relics":[{"not_picked":["Runic Dome","Philosopher\u0027s Stone"],"picked":"SacredBark"},{"not_picked":["Runic Pyramid","Empty Cage"],"picked":"Calling Bell"}],"items_purged_floors":[],"is_endless":false,"potions_floor_spawned":[6,8,11,13,14,16,21,25,44,46],"killed_by":"The Heart","ascension_level":7}}