{"host":"51dweoxrcspgw6ri","time":1607809390,"event":{"mods":["BaseMod","Colored Map","Colored Powertips","Minty Spire (QoL Compilation)","Rare Cards Sparkle","Relic Stats","StSLib","SuperFastMode","The Bug Knight"],"gold_per_floor":[119,138,138,154,104,129,129,93,119,137,169,27,27,42,42,42,42],"floor_reached":16,"playtime":882,"items_purged":["HollowMod:NailStrikeStart"],"score":110,"play_id":"025fc244-aa74-4352-98e5-b5f81629bd3f","local_time":"20201212224310","is_ascension_mode":false,"campfire_choices":[{"floor":7,"key":"REST"},{"floor":15,"key":"REST"}],"circlet_count":0,"master_deck":["HollowMod:NailStrikeStart","HollowMod:NailStrikeStart","HollowMod:NailStrikeStart","HollowMod:QuickDashStart","HollowMod:QuickDashStart","HollowMod:QuickDashStart","HollowMod:FocusHealStart","HollowMod:PogoStrike","HollowMod:DashSlash","HollowMod:MothsMistake+1","HollowMod:CycloneSlash","HollowMod:Weaversong","HollowMod:NewGlowingWomb","HollowMod:PerfectDash","HollowMod:NewGlowingWomb","HollowMod:NewGlowingWomb","HollowMod:AwokenDreamNail","HollowMod:PureNailStrike"],"relics":["HollowMod:VesselMask","NeowsBlessing","Dream Catcher","Blood Vial","Juzu Bracelet"],"acts_visited":["Exordium"],"potions_floor_usage":[11,11,14],"damage_taken":[{"damage":0,"enemies":"Small Slimes","floor":1,"turns":1},{"damage":0,"enemies":"2 Louse","floor":2,"turns":1},{"damage":0,"enemies":"Jaw Worm","floor":4,"turns":1},{"damage":45,"enemies":"Lagavulin","floor":6,"turns":9},{"damage":11,"enemies":"Exordium Wildlife","floor":10,"turns":4},{"damage":17,"enemies":"Gremlin Nob","floor":11,"turns":3},{"damage":23,"enemies":"2 Fungi Beasts","floor":14,"turns":4},{"damage":59,"enemies":"The Guardian","floor":16,"turns":10}],"seed_played":"1164720112294721844","potions_obtained":[{"floor":6,"key":"SteroidPotion"},{"floor":10,"key":"ColorlessPotion"},{"floor":11,"key":"Block Potion"}],"is_trial":false,"path_per_floor":["M","M","?","M","?","E","R","$","T","M","E","$","?","M","R","B"],"character_chosen":"THE_BUGKNIGHT","items_purchased":["HollowMod:PerfectDash","HollowMod:NewGlowingWomb"],"campfire_rested":2,"item_purchase_floors":[8,12],"current_hp_per_floor":[75,75,75,75,75,42,64,64,64,61,46,46,46,25,47,0,0],"gold":42,"neow_bonus":"THREE_ENEMY_KILL","is_daily":false,"chose_seed":false,"campfire_upgraded":0,"win_rate":0.0,"timestamp":1607809390,"path_taken":["M","M","?","M","?","E","R","?","T","M","E","$","?","M","R","BOSS"],"items_purchased_type":["Card","Card"],"build_version":"2020-11-30","purchased_purges":1,"victory":false,"max_hp_per_floor":[75,75,75,75,75,75,75,75,75,75,75,75,75,75,75,75,75],"relic_stats":{"Blood Vial":8,"Dream Catcher":2,"counters":[8,33],"Juzu Bracelet":1,"obtain_stats":[{"Blood Vial":9,"Dream Catcher":6,"NeowsBlessing":0,"HollowMod:VesselMask":0,"Juzu Bracelet":11},{"Blood Vial":4,"Dream Catcher":4,"NeowsBlessing":0,"HollowMod:VesselMask":0,"Juzu Bracelet":6},{"Blood Vial":12,"Dream Catcher":12,"NeowsBlessing":0,"HollowMod:VesselMask":0,"Juzu Bracelet":19}]},"card_choices":[{"not_picked":["HollowMod:InfectedAttack","HollowMod:BaldurShell"],"picked":"HollowMod:DashSlash","floor":1},{"not_picked":["HollowMod:SharpenedNail","HollowMod:BlackTendrils"],"picked":"HollowMod:MothsMistake","floor":2},{"not_picked":["HollowMod:DoubleDash","HollowMod:SoulShaman"],"picked":"HollowMod:CycloneSlash","floor":4},{"not_picked":["HollowMod:MonarchWings","HollowMod:SoulEater"],"picked":"HollowMod:Weaversong","floor":6},{"not_picked":["HollowMod:CornifersMapStart","HollowMod:BaldurShell"],"picked":"HollowMod:NewGlowingWomb","floor":7},{"not_picked":["HollowMod:DesolateDive","HollowMod:NewLittleFool","HollowMod:SiblingsSouls"],"picked":"SKIP","floor":10},{"not_picked":["HollowMod:SharpenedNail","HollowMod:HuntersJournal"],"picked":"HollowMod:NewGlowingWomb","floor":11},{"not_picked":["HollowMod:CornifersMapStart","HollowMod:SharpenedNail"],"picked":"HollowMod:AwokenDreamNail","floor":14},{"not_picked":["HollowMod:ShadowDash","HollowMod:GreatSlash"],"picked":"HollowMod:PureNailStrike","floor":15}],"player_experience":513432,"relics_obtained":[{"floor":6,"key":"Dream Catcher"},{"floor":9,"key":"Blood Vial"},{"floor":11,"key":"Juzu Bracelet"}],"event_choices":[{"damage_healed":0,"gold_gain":0,"player_choice":"Grow","damage_taken":0,"max_hp_gain":0,"max_hp_loss":0,"event_name":"Living Wall","floor":3,"gold_loss":0,"cards_upgraded":["HollowMod:MothsMistake"]},{"cards_removed":["HollowMod:QuickDashStart"],"damage_healed":0,"gold_gain":0,"player_choice":"Card Removal","damage_taken":0,"max_hp_gain":0,"max_hp_loss":0,"event_name":"The Cleric","floor":5,"gold_loss":50}],"is_beta":false,"boss_relics":[],"items_purged_floors":[12],"is_endless":false,"potions_floor_spawned":[6,10,11],"killed_by":"The Guardian","ascension_level":0}}