{"host":"w01vs80f19dvf8rn","time":1607800815,"event":{"mods":["BaseMod","Better Note","Colored Map","Colored Powertips","DeckTracker","Friendly Minions","Googly Eyes","Minty Spire (QoL Compilation)","Rare Cards Sparkle","StSLib","SuperFastMode","The Bug Knight","The Jungle"],"gold_per_floor":[109,126,76,76,1,27,27,47,47,82,99,131,141,141,141,238,238,248,264,282,552,569,602,602,621,621,299,319,336,336,336,336,432,432,452,463,165,165,19,19,19,19,44,44,62,80,114,126,126,126,126,126,6,39,39],"floor_reached":56,"playtime":4231,"items_purged":["HollowMod:NailStrikeStart","HollowMod:SoulSplash","HollowMod:NailStrikeStart","HollowMod:NailStrikeStart+1"],"score":1169,"play_id":"3b0815ad-1974-4fb0-bf99-328db5d16efa","local_time":"20201213042015","is_ascension_mode":false,"campfire_choices":[{"data":"HollowMod:MantisMark","floor":15.0,"key":"SMITH"},{"data":"HollowMod:FocusHealStart","floor":24.0,"key":"SMITH"},{"floor":30.0,"key":"REST"},{"data":"HollowMod:VoidDash","floor":32.0,"key":"SMITH"},{"data":"HollowMod:LordofShades","floor":40.0,"key":"SMITH"},{"data":"HollowMod:ShapeofUnn","floor":42.0,"key":"SMITH"},{"data":"HollowMod:RecoilStrike","floor":44.0,"key":"SMITH"},{"floor":49,"key":"RECALL"},{"data":"HollowMod:SiblingsSouls","floor":52,"key":"SMITH"}],"circlet_count":0,"master_deck":["HollowMod:QuickDashStart","HollowMod:QuickDashStart","HollowMod:QuickDashStart+1","HollowMod:FocusHealStart+1","HollowMod:PogoStrike","HollowMod:RecoilStrike+1","HollowMod:HornetsHelp","HollowMod:MantisMark+1","HollowMod:VoidDash+1","HollowMod:RecoilStrike+1","HollowMod:DescendingDark","HollowMod:CloakDash+1","HollowMod:ShadowDash+1","HollowMod:ShapeofUnn+1","HollowMod:LordofShades+1","HollowMod:MonarchWings+1","HollowMod:PerfectDash+1","HollowMod:SiblingsSouls+1","HollowMod:BlackTendrils","HollowMod:WraithStrike+1","HollowMod:SiblingsSouls+1","HollowMod:CloakDash+1","HollowMod:CloakDash+1"],"relics":["HollowMod:VoidIdolRelic","NeowsBlessing","The Courier","HollowMod:PaleOreRelic","Blue Candle","Gremlin Horn","Tiny Chest","Prayer Wheel","SlaversCollar","Sundial","Nunchaku","HollowMod:LifeEnderRelic","Question Card","Centennial Puzzle"],"acts_visited":["Exordium","TheCity","TheBeyond","TheEnding"],"potions_floor_usage":[55],"damage_taken":[{"damage":0.0,"enemies":"2 Louse","floor":1.0,"turns":1.0},{"damage":0.0,"enemies":"Small Slimes","floor":2.0,"turns":1.0},{"damage":0.0,"enemies":"Gremlin Nob","floor":6.0,"turns":1.0},{"damage":0.0,"enemies":"Jaw Worm","floor":8.0,"turns":3.0},{"damage":32.0,"enemies":"Lagavulin","floor":10.0,"turns":8.0},{"damage":0.0,"enemies":"Large Slime","floor":11.0,"turns":4.0},{"damage":5.0,"enemies":"3 Sentries","floor":12.0,"turns":4.0},{"damage":0.0,"enemies":"Lots of Slimes","floor":13.0,"turns":1.0},{"damage":19.0,"enemies":"Hexaghost","floor":16.0,"turns":8.0},{"damage":4.0,"enemies":"Chosen","floor":18.0,"turns":5.0},{"damage":20.0,"enemies":"2 Thieves","floor":19.0,"turns":3.0},{"damage":9.0,"enemies":"Centurion and Healer","floor":20.0,"turns":5.0},{"damage":0.0,"enemies":"3 Cultists","floor":22.0,"turns":3.0},{"damage":16.0,"enemies":"Slavers","floor":23.0,"turns":3.0},{"damage":1.0,"enemies":"Chosen and Byrds","floor":25.0,"turns":3.0},{"damage":36.0,"enemies":"Sentry and Sphere","floor":28.0,"turns":6.0},{"damage":13.0,"enemies":"Snake Plant","floor":29.0,"turns":3.0},{"damage":41.0,"enemies":"HollowMod:NKGrimm","floor":33.0,"turns":6.0},{"damage":9.0,"enemies":"3 Darklings","floor":35.0,"turns":4.0},{"damage":0.0,"enemies":"Orb Walker","floor":36.0,"turns":5.0},{"damage":10.0,"enemies":"Sphere and 2 Shapes","floor":45.0,"turns":4.0},{"damage":7,"enemies":"Jaw Worm Horde","floor":46,"turns":5},{"damage":9,"enemies":"Nemesis","floor":47,"turns":11},{"damage":23,"enemies":"3 Darklings","floor":48,"turns":6},{"damage":20,"enemies":"HollowMod:Radiance","floor":50,"turns":11},{"damage":24,"enemies":"Shield and Spear","floor":54,"turns":6},{"damage":56,"enemies":"The Heart","floor":55,"turns":9}],"seed_played":"5808036938442489389","potions_obtained":[{"floor":1.0,"key":"LiquidMemories"},{"floor":16.0,"key":"Strength Potion"},{"floor":19.0,"key":"Fire Potion"},{"floor":22.0,"key":"FairyPotion"},{"floor":28.0,"key":"Ancient Potion"},{"floor":31.0,"key":"PowerPotion"},{"floor":31.0,"key":"Swift Potion"},{"floor":31.0,"key":"FairyPotion"},{"floor":33.0,"key":"GamblersBrew"},{"floor":35.0,"key":"FairyPotion"},{"floor":36.0,"key":"SteroidPotion"},{"floor":47,"key":"DuplicationPotion"}],"is_trial":false,"path_per_floor":["M","M","?","?","$","E","?","M","T","E","M","E","M","?","R","B",null,"M","M","M","?","M","E","R","M","T","$","M","M","R","?","R","B",null,"M","M","$","?","$","R","T","R","T","R","M","M","E","M","R","B",null,"R","$","E","B",null],"character_chosen":"THE_BUGKNIGHT","items_purchased":["HollowMod:ShapeofUnn","HollowMod:LordofShades","Regen Potion","Sundial","HollowMod:BlackTendrils","Nunchaku"],"campfire_rested":1,"item_purchase_floors":[27,27,27,37,39,39],"current_hp_per_floor":[75,75,75,60,60,60,60,66,66,46,46,41,41,41,41,22,75,71,51,42,15,15,22,22,31,31,31,19,12,34,34,34,22,75,72,72,72,75,75,75,75,75,75,75,72,75,68,55,55,57,75,75,75,60,25],"gold":39,"neow_bonus":"THREE_ENEMY_KILL","is_daily":false,"chose_seed":false,"campfire_upgraded":7,"win_rate":0.0,"timestamp":1607800815,"path_taken":["M","M","?","?","$","E","?","M","T","E","M","E","M","?","R","BOSS","M","M","M","?","M","E","R","?","T","$","M","M","R","?","R","BOSS","M","M","$","?","$","R","?","R","T","R","M","M","E","M","R","BOSS","R","$","E","BOSS"],"items_purchased_type":["Card","Card","Potion","Relic","Card","Relic"],"build_version":"2020-11-30","purchased_purges":4,"victory":true,"max_hp_per_floor":[75,75,75,75,75,75,75,75,75,75,75,75,75,75,75,75,75,75,75,75,75,75,75,75,75,75,75,75,75,75,75,75,75,75,75,75,75,75,75,75,75,75,75,75,75,75,75,75,75,75,75,75,75,75,75],"card_choices":[{"not_picked":["HollowMod:CornifersMapStart","HollowMod:ChannelNail"],"picked":"HollowMod:RecoilStrike","floor":1.0},{"not_picked":["HollowMod:VengefulSpirit","HollowMod:MothsMistake"],"picked":"HollowMod:CycloneSlash","floor":2.0},{"not_picked":["HollowMod:GoodIntentions","HollowMod:GreatSlash"],"picked":"HollowMod:HornetsHelp","floor":6.0},{"not_picked":["HollowMod:GrimmsGift","HollowMod:DashSlash","HollowMod:SharpenedNail"],"picked":"SKIP","floor":8.0},{"not_picked":["HollowMod:Grubsong","HollowMod:FallenFury"],"picked":"HollowMod:MantisMark","floor":10.0},{"not_picked":["HollowMod:NewGlowingWomb","HollowMod:DashSlash"],"picked":"HollowMod:SoulSplash","floor":11.0},{"not_picked":["HollowMod:InfectedAttack","HollowMod:CycloneSlash","HollowMod:PureNailStrike"],"picked":"SKIP","floor":12.0},{"not_picked":["HollowMod:InfectedAttack","HollowMod:CycloneSlash","HollowMod:PureNailStrike"],"picked":"SKIP","floor":12.0},{"not_picked":["HollowMod:CornifersMapStart","HollowMod:CycloneSlash","HollowMod:DesolateDive"],"picked":"SKIP","floor":13.0},{"not_picked":["HollowMod:MidwifesHunger","HollowMod:HornetsHelp"],"picked":"HollowMod:VoidDash","floor":16.0},{"not_picked":["HollowMod:NewJinnsSoul+1","HollowMod:SharpenedNail"],"picked":"HollowMod:RecoilStrike+1","floor":18.0},{"not_picked":["HollowMod:MantisMark+1","HollowMod:WraithStrike+1"],"picked":"HollowMod:DescendingDark","floor":19.0},{"not_picked":["HollowMod:GrimmsGift","HollowMod:BrokenVessel","HollowMod:SoulSplash"],"picked":"SKIP","floor":20.0},{"not_picked":["HollowMod:MonarchWings+1","HollowMod:HeavyBlow","HollowMod:SoulVessel"],"picked":"SKIP","floor":22.0},{"not_picked":["HollowMod:MawleksShell+1","HollowMod:SharpenedNail"],"picked":"HollowMod:CloakDash+1","floor":23.0},{"not_picked":["HollowMod:HowlingWraiths","HollowMod:SoulVessel+1"],"picked":"HollowMod:ShadowDash+1","floor":25.0},{"not_picked":["HollowMod:CrystalDash","HollowMod:BaldurShell","HollowMod:SoulStrike"],"picked":"SKIP","floor":28.0},{"not_picked":["HollowMod:DungDefenderAura","HollowMod:SoulStrike","HollowMod:DoubleDash+1"],"picked":"SKIP","floor":28.0},{"not_picked":["HollowMod:NewGlowingWomb+1","HollowMod:VengefulVoid+1","HollowMod:QuirrelsAssistance"],"picked":"SKIP","floor":29.0},{"not_picked":["HollowMod:DescendingDark","HollowMod:ChannelNail+1","HollowMod:ShadowDash"],"picked":"SKIP","floor":29.0},{"not_picked":["HollowMod:ShadowDash","HollowMod:HowlingWraiths+1"],"picked":"HollowMod:MonarchWings+1","floor":35.0},{"not_picked":["HollowMod:DesolateDive","HollowMod:CornifersMapStart"],"picked":"HollowMod:PerfectDash+1","floor":35.0},{"not_picked":["HollowMod:WraithStrike","HollowMod:FastStrike+1"],"picked":"HollowMod:SiblingsSouls","floor":36.0},{"not_picked":["HollowMod:TaintedHusks","HollowMod:InfectedAttack+1","HollowMod:LordofShades"],"picked":"SKIP","floor":36.0},{"not_picked":["HollowMod:ShadowDash+1","HollowMod:CornifersMapStart"],"picked":"HollowMod:WraithStrike+1","floor":45.0},{"not_picked":["HollowMod:DashSlash","HollowMod:HeavyBlow+1","HollowMod:SoulSplash"],"picked":"SKIP","floor":45.0},{"not_picked":["HollowMod:CornifersMapStart","HollowMod:NewGlowingWomb+1"],"picked":"HollowMod:SiblingsSouls+1","floor":46},{"not_picked":["HollowMod:SharpenedNail","HollowMod:ChannelNail","HollowMod:InfectedCysts+1"],"picked":"SKIP","floor":46},{"not_picked":["HollowMod:SoulStrike+1","HollowMod:GoodIntentions+1","HollowMod:BaldurShell"],"picked":"SKIP","floor":47},{"not_picked":["HollowMod:InfectionAssault","HollowMod:LifebloodCocoon+1","HollowMod:VengefulSpirit"],"picked":"HollowMod:CloakDash+1","floor":48},{"not_picked":["HollowMod:SoulEater+1","HollowMod:LifebloodCocoon+1","HollowMod:FallenFury","HollowMod:ChannelNail+1"],"picked":"SKIP","floor":48},{"not_picked":["HollowMod:SoulEater+1","HollowMod:LifebloodCocoon+1","HollowMod:FallenFury","HollowMod:ChannelNail+1"],"picked":"SKIP","floor":48},{"not_picked":["HollowMod:LifebloodCocoon+1","HollowMod:AwokenDreamNail","HollowMod:SiblingsSouls"],"picked":"HollowMod:CloakDash+1","floor":54}],"player_experience":633450,"relics_obtained":[{"floor":6.0,"key":"The Courier"},{"floor":9.0,"key":"HollowMod:PaleOreRelic"},{"floor":10.0,"key":"Blue Candle"},{"floor":12.0,"key":"Gremlin Horn"},{"floor":23.0,"key":"Tiny Chest"},{"floor":26.0,"key":"Prayer Wheel"},{"floor":41.0,"key":"HollowMod:LifeEnderRelic"},{"floor":47,"key":"Question Card"},{"floor":54,"key":"Centennial Puzzle"}],"event_choices":[{"cards_removed":["HollowMod:NailStrikeStart"],"damage_healed":0.0,"max_hp_gain":0.0,"max_hp_loss":0.0,"gold_gain":0.0,"event_name":"The Cleric","player_choice":"Card Removal","floor":3.0,"gold_loss":50.0,"damage_taken":0.0},{"damage_healed":0.0,"max_hp_gain":0.0,"max_hp_loss":0.0,"gold_gain":0.0,"event_name":"Shining Light","player_choice":"Entered Light","floor":4.0,"gold_loss":0.0,"damage_taken":15.0,"cards_upgraded":["HollowMod:QuickDashStart","HollowMod:NailStrikeStart"]},{"damage_healed":0.0,"max_hp_gain":0.0,"max_hp_loss":0.0,"gold_gain":270.0,"event_name":"Knowing Skull","player_choice":"GOLD GOLD GOLD ","floor":21.0,"potions_obtained":[],"gold_loss":0.0,"damage_taken":27.0,"cards_obtained":[]},{"damage_healed":0.0,"max_hp_gain":0.0,"max_hp_loss":0.0,"gold_gain":0.0,"event_name":"Lab","player_choice":"Got Potions","floor":31.0,"gold_loss":0.0,"damage_taken":0.0},{"cards_removed":["HollowMod:CycloneSlash"],"damage_healed":5.0,"max_hp_gain":0.0,"max_hp_loss":0.0,"gold_gain":0.0,"event_name":"Bonfire Elementals","player_choice":"Offered Common","floor":38.0,"gold_loss":0.0,"damage_taken":0.0},{"cards_removed":["HollowMod:CycloneSlash"],"damage_healed":5.0,"max_hp_gain":0.0,"max_hp_loss":0.0,"gold_gain":0.0,"event_name":"Bonfire Elementals","player_choice":"Offered Special","floor":38.0,"gold_loss":0.0,"damage_taken":0.0}],"is_beta":false,"boss_relics":[{"not_picked":["Pandora\u0027s Box","Snecko Eye"],"picked":"HollowMod:VoidIdolRelic"},{"not_picked":["Runic Dome","Velvet Choker"],"picked":"SlaversCollar"}],"items_purged_floors":[5,27,37,53],"is_endless":false,"potions_floor_spawned":[1,16,19,22,28,33,35,36,47,48],"ascension_level":0}}