{"host":"msmkw03x1o7nq45i","time":1607756894,"event":{"mods":["AchievementEnabler","BaseMod","Bestiary","Colored Powertips","GifTheSpireLib","Highlight Path","Minty Spire (QoL Compilation)","Random Character Button","StSLib","everything is the same but u backflip on backflip"],"gold_per_floor":[115,132,82,34,54,54,87,99,126,301,328,42,42,53,53,158,158,176,24,24,38,38,38,71,71,71],"floor_reached":25,"playtime":1328,"items_purged":["Doubt"],"score":274,"play_id":"892d96fb-c073-4a27-be1e-b5b3ce74787b","local_time":"20201212090814","is_ascension_mode":true,"campfire_choices":[{"data":"Beam Cell","floor":6,"key":"SMITH"},{"data":"Go for the Eyes","floor":13,"key":"SMITH"},{"data":"Gash","floor":15,"key":"SMITH"},{"data":"Doom and Gloom","floor":23,"key":"SMITH"}],"circlet_count":0,"master_deck":["Strike_B","Strike_B","Strike_B","Strike_B","Defend_B","Defend_B+1","Defend_B","Zap","Dualcast+1","Beam Cell+1","Go for the Eyes+1","Gash+1","Echo Form","Multi-Cast","Coolheaded","All For One","Cold Snap","Electrodynamics","Chill+1","Capacitor","Doom and Gloom+1","Conserve Battery"],"relics":["Cracked Core","Juzu Bracelet","Pen Nib","War Paint","Centennial Puzzle","Happy Flower","Cursed Key","Dream Catcher"],"acts_visited":["Exordium","TheCity"],"potions_floor_usage":[16,25,25,25],"damage_taken":[{"damage":0,"enemies":"Cultist","floor":1,"turns":4},{"damage":2,"enemies":"Jaw Worm","floor":2,"turns":2},{"damage":0,"enemies":"2 Louse","floor":5,"turns":2},{"damage":28,"enemies":"Lagavulin","floor":7,"turns":7},{"damage":10,"enemies":"Exordium Wildlife","floor":8,"turns":3},{"damage":9,"enemies":"2 Fungi Beasts","floor":14,"turns":3},{"damage":9,"enemies":"The Guardian","floor":16,"turns":13},{"damage":15,"enemies":"2 Thieves","floor":18,"turns":4},{"damage":8,"enemies":"Shell Parasite","floor":21,"turns":4},{"damage":29,"enemies":"Book of Stabbing","floor":24,"turns":5},{"damage":14,"enemies":"Snake Plant","floor":25,"turns":1}],"seed_played":"-1710982455483905921","potions_obtained":[{"floor":2,"key":"Ancient Potion"},{"floor":8,"key":"Explosive Potion"},{"floor":14,"key":"SteroidPotion"},{"floor":16,"key":"Fruit Juice"},{"floor":24,"key":"BlessingOfTheForge"}],"is_trial":false,"path_per_floor":["M","M","?","$","M","R","E","M","T","?","T","$","R","M","R","B",null,"M","$","?","M","?","R","E","M"],"character_chosen":"DEFECT","items_purchased":["Gash","All For One","Happy Flower","Capacitor"],"campfire_rested":0,"item_purchase_floors":[4,12,12,19],"current_hp_per_floor":[75,73,73,73,73,73,45,35,35,35,35,35,35,26,26,22,66,51,51,51,43,43,43,14,0,0],"gold":71,"neow_bonus":"RANDOM_COMMON_RELIC","is_daily":false,"chose_seed":false,"campfire_upgraded":4,"win_rate":0.0,"timestamp":1607756894,"path_taken":["M","M","?","$","M","R","E","M","T","?","?","$","R","M","R","BOSS","M","?","?","M","?","R","E","M"],"items_purchased_type":["Card","Card","Relic","Card"],"build_version":"2020-11-30","purchased_purges":1,"victory":false,"max_hp_per_floor":[75,75,75,75,75,75,75,75,75,75,75,75,75,75,75,80,80,80,80,80,80,80,80,80,80,80],"card_choices":[{"not_picked":["Barrage","Skim"],"picked":"Beam Cell","floor":1},{"not_picked":["Aggregate","Beam Cell"],"picked":"Go for the Eyes","floor":2},{"not_picked":["Conserve Battery","Skim"],"picked":"Echo Form","floor":5},{"not_picked":["Skim","Lockon"],"picked":"Multi-Cast","floor":7},{"not_picked":["Turbo","Conserve Battery"],"picked":"Coolheaded","floor":8},{"not_picked":["Conserve Battery","Turbo"],"picked":"Cold Snap","floor":14},{"not_picked":["Thunder Strike","Fission"],"picked":"Electrodynamics","floor":16},{"not_picked":["Go for the Eyes+1","Compile Driver"],"picked":"Chill+1","floor":18},{"not_picked":["Skim","Reprogram+1"],"picked":"Doom and Gloom","floor":21},{"not_picked":["Chill","Auto Shields+1"],"picked":"Conserve Battery","floor":24}],"player_experience":268511,"relics_obtained":[{"floor":7,"key":"Pen Nib"},{"floor":9,"key":"War Paint"},{"floor":11,"key":"Centennial Puzzle"},{"floor":24,"key":"Dream Catcher"}],"event_choices":[{"cards_removed":["Defend_B"],"damage_healed":0,"gold_gain":0,"player_choice":"Card Removal","damage_taken":0,"max_hp_gain":0,"max_hp_loss":0,"event_name":"The Cleric","floor":3,"gold_loss":50},{"damage_healed":0,"gold_gain":175,"player_choice":"AGREE","damage_taken":0,"max_hp_gain":0,"max_hp_loss":0,"event_name":"Liars Game","floor":10,"gold_loss":0,"cards_obtained":["Doubt"]},{"damage_healed":0,"gold_gain":0,"player_choice":"Ignored","damage_taken":0,"max_hp_gain":0,"max_hp_loss":0,"event_name":"Ghosts","floor":22,"gold_loss":0}],"is_beta":false,"boss_relics":[{"not_picked":["Busted Crown","Empty Cage"],"picked":"Cursed Key"}],"items_purged_floors":[19],"is_endless":false,"potions_floor_spawned":[2,8,14,16,24],"killed_by":"Snake Plant","ascension_level":5}}