{"host":"22v3gqhprfvenc0a","time":1607760336,"event":{"mods":["BaseMod","BetterRewards","Minty Spire (QoL Compilation)","Relic Filter","Relic Stats","Remove Card Discount Mod","Replay The Spire","StSLib"],"gold_per_floor":[111,56,131,131,131,164,15,50,50,68,102,102,127,141,141,141,141],"floor_reached":16,"playtime":534,"items_purged":[],"score":238,"play_id":"8eb04e79-4524-4549-bd3f-20b879a2b605","local_time":"20201212110536","is_ascension_mode":true,"campfire_choices":[{"data":"Fusion","floor":15,"key":"SMITH"}],"circlet_count":0,"master_deck":["Strike_B","Strike_B","Strike_B","Strike_B","Defend_B","Defend_B","Defend_B+1","Defend_B","Zap","Dualcast","Compile Driver","ReplayTheSpireMod:Calculation Training+1","Cold Snap","Fusion+1","BootSequence","BootSequence","Aggregate"],"relics":["Cracked Core","NeowsBlessing","Chameleon Ring","Membership Card","CaptainsWheel","Gremlin Food","Juzu Bracelet","Anchor"],"acts_visited":["Exordium"],"potions_floor_usage":[11,13,16,16],"damage_taken":[{"damage":0,"enemies":"Small Slimes","floor":1,"turns":1},{"damage":0,"enemies":"3 Sentries","floor":6,"turns":1},{"damage":0,"enemies":"Replay:BlueRogue","floor":8,"turns":1},{"damage":0,"enemies":"2 Louse","floor":10,"turns":2},{"damage":7,"enemies":"Lagavulin","floor":11,"turns":7},{"damage":8,"enemies":"3 Sentries","floor":13,"turns":10},{"damage":0,"enemies":"Jaw Worm","floor":14,"turns":2},{"damage":44,"enemies":"Hexaghost","floor":16,"turns":14}],"seed_played":"-5844621201173690438","potions_obtained":[{"floor":6,"key":"AttackPotion"},{"floor":10,"key":"Explosive Potion"},{"floor":11,"key":"Fire Potion"},{"floor":13,"key":"EssenceOfSteel"}],"is_trial":false,"path_per_floor":["M","$","?","?","?","E","$","E","T","M","E","?","E","M","R","B"],"character_chosen":"DEFECT","items_purchased":["ReplayTheSpireMod:Calculation Training+1","Membership Card"],"campfire_rested":0,"item_purchase_floors":[2,7],"current_hp_per_floor":[68,68,57,57,57,57,57,57,57,57,50,50,42,42,42,0,0],"gold":141,"neow_bonus":"THREE_ENEMY_KILL","is_daily":false,"chose_seed":false,"campfire_upgraded":1,"win_rate":0.0,"timestamp":1607760336,"path_taken":["M","$","?","?","?","E","?","E","T","M","E","?","E","M","R","BOSS"],"items_purchased_type":["Card","Relic"],"build_version":"2020-11-30","purchased_purges":0,"victory":false,"max_hp_per_floor":[75,75,75,75,75,75,75,75,75,75,75,75,75,75,75,75,75],"relic_stats":{"counters":[21,97],"Juzu Bracelet":0,"obtain_stats":[{"Gremlin Food":9,"NeowsBlessing":0,"PreservedInsect":10,"Juzu Bracelet":11,"Replay:Wanted Poster":17,"CaptainsWheel":8,"Anchor":13,"Chameleon Ring":6,"Membership Card":7,"Replay:Wax Seal":15,"Cracked Core":0,"Symbiotic Virus":9,"Replay:Bottled Steam":6},{"Gremlin Food":16,"NeowsBlessing":13,"PreservedInsect":7,"Juzu Bracelet":18,"Replay:Wanted Poster":9,"CaptainsWheel":16,"Anchor":19,"Chameleon Ring":15,"Membership Card":15,"Replay:Wax Seal":8,"Cracked Core":0,"Symbiotic Virus":6,"Replay:Bottled Steam":5},{"Gremlin Food":62,"NeowsBlessing":59,"PreservedInsect":31,"Juzu Bracelet":71,"Replay:Wanted Poster":45,"CaptainsWheel":62,"Anchor":81,"Chameleon Ring":61,"Membership Card":61,"Replay:Wax Seal":35,"Cracked Core":0,"Symbiotic Virus":26,"Replay:Bottled Steam":22}]},"card_choices":[{"not_picked":["BasicCrystalCard","Stack"],"picked":"Compile Driver","floor":1},{"not_picked":["BasicCrystalCard","Aggregate"],"picked":"Cold Snap","floor":6},{"not_picked":["Go for the Eyes","Barrage"],"picked":"Fusion","floor":8},{"not_picked":["Redo","Turbo","ReplayGash"],"picked":"SKIP","floor":10},{"not_picked":["Ball Lightning","Streamline"],"picked":"BootSequence","floor":11},{"not_picked":["ReplayRNGCard","Turbo"],"picked":"BootSequence","floor":13},{"not_picked":["Sweeping Beam","Hello World"],"picked":"Aggregate","floor":14}],"player_experience":306494,"relics_obtained":[{"floor":6,"key":"Chameleon Ring"},{"floor":8,"key":"CaptainsWheel"},{"floor":9,"key":"Gremlin Food"},{"floor":11,"key":"Juzu Bracelet"},{"floor":13,"key":"Anchor"}],"event_choices":[{"damage_healed":0,"gold_gain":75,"player_choice":"Gather Gold","damage_taken":11,"max_hp_gain":0,"max_hp_loss":0,"event_name":"World of Goop","floor":3,"gold_loss":0}],"is_beta":false,"boss_relics":[],"items_purged_floors":[],"is_endless":false,"potions_floor_spawned":[6,10,11,13],"killed_by":"Hexaghost","ascension_level":7}}