{"host":"og6lam4kt3nibbw0","time":1607797873,"event":{"mods":["AchievementEnabler","BaseMod","Colored Map","DeckTracker","Highlight Path","Keyboard Shortcuts","Minty Spire (QoL Compilation)","Permanent Neow","Quick Restart","StSLib","SuperFastMode"],"gold_per_floor":[109,159,169,189,114,114,140,140,167,167,183,183,195,195,195,195,195],"floor_reached":16,"playtime":732,"items_purged":["Normality"],"score":200,"play_id":"eb49a974-e28b-4112-9528-a0120b5b2fc9","local_time":"20201213033113","is_ascension_mode":true,"campfire_choices":[{"data":"Noxious Fumes","floor":6.0,"key":"SMITH"},{"data":"Deadly Poison","floor":8.0,"key":"SMITH"},{"data":"Riddle With Holes","floor":10.0,"key":"SMITH"},{"floor":15,"key":"REST"}],"circlet_count":0,"master_deck":["AscendersBane","Strike_G","Strike_G","Strike_G","Strike_G","Strike_G","Defend_G","Defend_G","Defend_G","Defend_G","Survivor","Neutralize","Riddle With Holes+1","Noxious Fumes+1","Caltrops","Deadly Poison+1","Well Laid Plans","Backflip"],"relics":["Ring of the Snake","The Specimen","Centennial Puzzle","Potion Belt"],"acts_visited":["Exordium"],"potions_floor_usage":[],"damage_taken":[{"damage":5.0,"enemies":"Small Slimes","floor":1.0,"turns":6.0},{"damage":7.0,"enemies":"Cultist","floor":3.0,"turns":4.0},{"damage":3.0,"enemies":"Jaw Worm","floor":4.0,"turns":5.0},{"damage":9.0,"enemies":"Gremlin Nob","floor":7.0,"turns":4.0},{"damage":12,"enemies":"Gremlin Gang","floor":11,"turns":6},{"damage":4,"enemies":"Large Slime","floor":13,"turns":5},{"damage":25,"enemies":"Hexaghost","floor":16,"turns":9}],"seed_played":"7863310640111228419","potions_obtained":[{"floor":3.0,"key":"Poison Potion"},{"floor":4.0,"key":"Block Potion"}],"is_trial":false,"path_per_floor":["M","?","M","M","$","R","E","R","T","R","M","?","M","?","R","B"],"character_chosen":"THE_SILENT","items_purchased":[],"campfire_rested":1,"item_purchase_floors":[],"current_hp_per_floor":[54,48,41,38,38,38,29,29,29,29,17,17,13,6,25,0,0],"gold":195,"neow_bonus":"ONE_RARE_RELIC","is_daily":false,"chose_seed":false,"campfire_upgraded":3,"win_rate":0.0,"timestamp":1607797873,"path_taken":["M","?","M","?","$","R","E","R","T","R","M","?","?","?","R","BOSS"],"items_purchased_type":[],"build_version":"2020-11-30","purchased_purges":1,"victory":false,"max_hp_per_floor":[66,66,66,66,66,66,66,66,66,66,66,66,66,66,66,66,66],"card_choices":[{"not_picked":["Prepared","Bane"],"picked":"Riddle With Holes","floor":1.0},{"not_picked":["Cloak And Dagger","Deadly Poison"],"picked":"Noxious Fumes","floor":3.0},{"not_picked":["Flying Knee","Acrobatics"],"picked":"Caltrops","floor":4.0},{"not_picked":["PiercingWail","Blade Dance"],"picked":"Deadly Poison","floor":7.0},{"not_picked":["Eviscerate","Flying Knee"],"picked":"Well Laid Plans","floor":11},{"not_picked":["Deflect","Underhanded Strike"],"picked":"Backflip","floor":13}],"player_experience":734118,"relics_obtained":[{"floor":7.0,"key":"Centennial Puzzle"},{"floor":9.0,"key":"Potion Belt"}],"event_choices":[{"damage_healed":0.0,"max_hp_gain":0.0,"max_hp_loss":0.0,"gold_gain":50.0,"event_name":"FaceTrader","player_choice":"Touch","floor":2.0,"gold_loss":0.0,"damage_taken":6.0},{"damage_healed":0,"gold_gain":0,"player_choice":"0 cards matched","damage_taken":0,"max_hp_gain":0,"max_hp_loss":0,"event_name":"Match and Keep!","floor":12,"gold_loss":0,"cards_obtained":[]},{"cards_removed":["Defend_G"],"damage_healed":0,"gold_gain":0,"player_choice":"Card Removal","damage_taken":7,"max_hp_gain":0,"max_hp_loss":0,"event_name":"Golden Wing","floor":14,"gold_loss":0}],"is_beta":false,"boss_relics":[],"items_purged_floors":[5],"is_endless":false,"potions_floor_spawned":[3,4],"killed_by":"Hexaghost","ascension_level":20}}