{"host":"mkv3lj8gfkr85ioo","time":1607746653,"event":{"mods":["AchievementEnabler","BaseMod","Colored Map","Minty Spire (QoL Compilation)","SuperFastMode"],"gold_per_floor":[118,133,133,43,43,77,77,91,91,102,102,15,15,32,32,109,109,119,119,44,59,59,59,75,75,99,133,145,145,158,173,173,250,250,264,284,184,184,59,59,97,124,193,205,214,228,253,81,81,81],"floor_reached":51,"playtime":1914,"items_purged":["Strike_R","Strike_R","Strike_R"],"score":1404,"play_id":"c865826d-e3ad-4f9a-a558-3b5337a2d70e","local_time":"20201212131733","is_ascension_mode":true,"campfire_choices":[{"data":"Disarm","floor":7.0,"key":"SMITH"},{"data":"Wild Strike","floor":11.0,"key":"SMITH"},{"floor":15.0,"key":"REST"},{"data":"Flame Barrier","floor":23,"key":"SMITH"},{"data":"Evolve","floor":25,"key":"SMITH"},{"data":"Body Slam","floor":29,"key":"SMITH"},{"data":"Impervious","floor":32,"key":"SMITH"},{"data":"Offering","floor":40,"key":"SMITH"},{"data":"Battle Trance","floor":49,"key":"SMITH"}],"circlet_count":0,"master_deck":["AscendersBane","Defend_R","Defend_R","Defend_R","Defend_R+1","Bash+1","Disarm+1","Battle Trance+1","Wild Strike+1","Evolve+1","Entrench+1","Impervious+1","Shrug It Off","Flame Barrier+1","Fire Breathing","Impervious","Body Slam+1","Offering+1","Burning Pact+1","Shockwave+1","Headbutt"],"relics":["Burning Blood","NeowsBlessing","Calipers","Du-Vu Doll","Kunai","Sozu","Bronze Scales","Gremlin Horn","Mark of Pain","CeramicFish","Paper Frog","Peace Pipe","ClockworkSouvenir"],"acts_visited":["Exordium","TheCity","TheBeyond"],"potions_floor_usage":[],"damage_taken":[{"damage":0.0,"enemies":"2 Louse","floor":1.0,"turns":1.0},{"damage":0.0,"enemies":"Cultist","floor":2.0,"turns":1.0},{"damage":0.0,"enemies":"3 Sentries","floor":6.0,"turns":2.0},{"damage":13.0,"enemies":"Small Slimes","floor":8.0,"turns":3.0},{"damage":6.0,"enemies":"Looter","floor":10.0,"turns":2.0},{"damage":7.0,"enemies":"Lots of Slimes","floor":14.0,"turns":5.0},{"damage":23.0,"enemies":"Hexaghost","floor":16.0,"turns":13.0},{"damage":30.0,"enemies":"Spheric Guardian","floor":18.0,"turns":6.0},{"damage":2.0,"enemies":"3 Byrds","floor":21.0,"turns":8.0},{"damage":3,"enemies":"Cultist and Chosen","floor":24,"turns":6},{"damage":23,"enemies":"Slavers","floor":27,"turns":4},{"damage":0,"enemies":"Snake Plant","floor":28,"turns":6},{"damage":0,"enemies":"Shelled Parasite and Fungi","floor":30,"turns":5},{"damage":0,"enemies":"Cultist and Chosen","floor":31,"turns":5},{"damage":6,"enemies":"Collector","floor":33,"turns":10},{"damage":0,"enemies":"3 Shapes","floor":35,"turns":4},{"damage":3,"enemies":"Orb Walker","floor":36,"turns":4},{"damage":8,"enemies":"Reptomancer","floor":41,"turns":5},{"damage":0,"enemies":"3 Darklings","floor":42,"turns":5},{"damage":6,"enemies":"Sphere and 2 Shapes","floor":44,"turns":3},{"damage":6,"enemies":"Spire Growth","floor":46,"turns":3},{"damage":6,"enemies":"Nemesis","floor":47,"turns":5},{"damage":19,"enemies":"Donu and Deca","floor":50,"turns":5}],"seed_played":"6477807710830111542","potions_obtained":[{"floor":2.0,"key":"Dexterity Potion"},{"floor":8.0,"key":"EssenceOfSteel"},{"floor":10.0,"key":"Block Potion"}],"is_trial":false,"path_per_floor":["M","M","?","$","?","E","R","M","T","M","R","$","?","M","R","B",null,"M","?","$","M","?","R","M","R","T","E","M","R","M","M","R","B",null,"M","M","$","?","$","R","E","M","T","M","?","M","E","$","R","B",null],"character_chosen":"IRONCLAD","items_purchased":["Battle Trance","Entrench","ClockworkSouvenir"],"campfire_rested":1,"item_purchase_floors":[4,12,48],"current_hp_per_floor":[74,75,75,75,49,55,55,48,48,48,48,48,25,24,46,29,64,40,40,40,44,44,44,47,47,47,30,36,36,42,48,48,48,68,74,75,75,75,75,75,73,75,75,75,75,75,75,75,75,62],"gold":81,"neow_bonus":"THREE_ENEMY_KILL","is_daily":false,"chose_seed":false,"campfire_upgraded":8,"win_rate":0.0,"timestamp":1607746653,"path_taken":["M","M","?","?","?","E","R","M","T","M","R","$","?","M","R","BOSS","M","?","$","M","?","R","?","R","T","E","M","R","M","M","R","BOSS","M","M","$","?","$","R","E","M","T","M","?","M","E","$","R","BOSS"],"items_purchased_type":["Card","Card","Relic"],"build_version":"2020-11-30","purchased_purges":3,"victory":true,"max_hp_per_floor":[75,75,75,75,75,75,75,75,75,75,75,75,75,75,75,75,75,75,75,75,75,75,75,75,75,75,75,75,75,75,75,75,75,75,75,75,75,75,75,75,75,75,75,75,75,75,75,75,75,75],"card_choices":[{"not_picked":["Headbutt","Searing Blow"],"picked":"Disarm","floor":1.0},{"not_picked":["Warcry","Searing Blow","Whirlwind"],"picked":"SKIP","floor":2.0},{"not_picked":["Flex","Headbutt","True Grit"],"picked":"SKIP","floor":6.0},{"not_picked":["Searing Blow","Clash"],"picked":"Wild Strike","floor":8.0},{"not_picked":["Body Slam","Wild Strike"],"picked":"Evolve","floor":10.0},{"not_picked":["Intimidate","Havoc","Thunderclap"],"picked":"SKIP","floor":14.0},{"not_picked":["Barricade","Reaper"],"picked":"Impervious","floor":16.0},{"not_picked":["Iron Wave","Carnage+1"],"picked":"Shrug It Off","floor":18.0},{"not_picked":["Perfected Strike","Cleave"],"picked":"Fire Breathing","floor":21.0},{"not_picked":["Evolve","Iron Wave","Battle Trance"],"picked":"SKIP","floor":24},{"not_picked":["Flex","Exhume","Heavy Blade"],"picked":"SKIP","floor":27},{"not_picked":["Clothesline","Wild Strike"],"picked":"Body Slam","floor":28},{"not_picked":["True Grit","Iron Wave","Shrug It Off"],"picked":"SKIP","floor":30},{"not_picked":["Combust+1","Clash","Pommel Strike+1"],"picked":"SKIP","floor":31},{"not_picked":["Fiend Fire","Barricade"],"picked":"Offering","floor":33},{"not_picked":["Pommel Strike+1","Armaments+1","Wild Strike"],"picked":"SKIP","floor":35},{"not_picked":["Sword Boomerang","Heavy Blade","Anger"],"picked":"SKIP","floor":36},{"not_picked":["Wild Strike","Feed"],"picked":"Burning Pact+1","floor":41},{"not_picked":["Feel No Pain","Wild Strike"],"picked":"Shockwave+1","floor":42},{"not_picked":["Sever Soul","Clothesline","Armaments"],"picked":"SKIP","floor":44},{"not_picked":["Clash","Metallicize","Iron Wave"],"picked":"SKIP","floor":46},{"not_picked":["Dual Wield","Flame Barrier","Rage"],"picked":"SKIP","floor":47}],"player_experience":131146,"relics_obtained":[{"floor":6.0,"key":"Du-Vu Doll"},{"floor":9.0,"key":"Kunai"},{"floor":26,"key":"Bronze Scales"},{"floor":27,"key":"Gremlin Horn"},{"floor":41,"key":"CeramicFish"},{"floor":43,"key":"Paper Frog"},{"floor":47,"key":"Peace Pipe"}],"event_choices":[{"damage_healed":0.0,"max_hp_gain":0.0,"max_hp_loss":0.0,"gold_gain":0.0,"event_name":"Accursed Blacksmith","player_choice":"Forge","floor":3.0,"gold_loss":0.0,"damage_taken":0.0,"cards_upgraded":["Bash"]},{"damage_healed":0.0,"max_hp_gain":0.0,"max_hp_loss":0.0,"gold_gain":0.0,"event_name":"Scrap Ooze","player_choice":"Success","floor":5.0,"gold_loss":0.0,"damage_taken":26.0,"relics_obtained":["Calipers"]},{"damage_healed":0.0,"max_hp_gain":0.0,"max_hp_loss":0.0,"gold_gain":0.0,"event_name":"Shining Light","player_choice":"Entered Light","floor":13.0,"gold_loss":0.0,"damage_taken":23.0,"cards_upgraded":["Entrench","Defend_R"]},{"damage_healed":0.0,"max_hp_gain":0.0,"max_hp_loss":0.0,"gold_gain":0.0,"event_name":"The Library","player_choice":"Read","floor":19.0,"gold_loss":0.0,"damage_taken":0.0,"cards_obtained":["Flame Barrier"]},{"damage_healed":0,"gold_gain":0,"player_choice":"1 cards matched","damage_taken":0,"max_hp_gain":0,"max_hp_loss":0,"event_name":"Match and Keep!","floor":22,"gold_loss":0,"cards_obtained":["Impervious"]},{"cards_removed":["Strike_R"],"damage_healed":0,"gold_gain":0,"player_choice":"Removed Attack","damage_taken":0,"max_hp_gain":0,"max_hp_loss":0,"event_name":"Falling","floor":38,"gold_loss":0},{"damage_healed":0,"gold_gain":0,"cards_transformed":["Strike_R"],"player_choice":"Transformed","damage_taken":0,"max_hp_gain":0,"max_hp_loss":0,"event_name":"Transmorgrifier","floor":45,"gold_loss":0,"cards_obtained":["Headbutt"]}],"is_beta":false,"boss_relics":[{"not_picked":["Black Blood","Snecko Eye"],"picked":"Sozu"},{"not_picked":["Empty Cage","Astrolabe"],"picked":"Mark of Pain"}],"items_purged_floors":[20,37,39],"is_endless":false,"potions_floor_spawned":[2,8,10,24,30,35,46,47],"ascension_level":16}}