{"host":"7gewg82ormp6yt4e","time":1607787225,"event":{"mods":["BaseMod","Block Reminder","Colored Map","Colored Powertips","DeckTracker","Highlight Path","Minty Spire (QoL Compilation)","Relic Stats","StSLib"],"gold_per_floor":[119,135,135,150,160,185,185,217,217,250,280,298,298,312,312,384,384,403,403,423,437,77,77,110,122,122,41,41,41,68,86,86,163,163,176,176,1175,1189,1189,1189,1207,1207,1233,1268,1268,1268],"floor_reached":45,"playtime":2732,"items_purged":[],"score":951,"play_id":"4e259b7f-f2d2-4da9-a1d0-b5b8c3354ee3","local_time":"20201213003345","is_ascension_mode":true,"campfire_choices":[{"data":"Poisoned Stab","floor":7,"key":"SMITH"},{"floor":13,"key":"REST"},{"floor":15,"key":"REST"},{"floor":23,"key":"REST"},{"data":"Wraith Form v2","floor":29,"key":"SMITH"},{"floor":32,"key":"REST"},{"floor":40,"key":"RECALL"},{"floor":42,"key":"REST"}],"circlet_count":0,"master_deck":["AscendersBane","Survivor","Neutralize","Dagger Throw","Poisoned Stab+1","Die Die Die","Deadly Poison","Tools of the Trade","Blur","Deadly Poison","Dash","Glass Knife","Caltrops+1","Burst+1","Die Die Die+1","Well Laid Plans","PiercingWail","Noxious Fumes","Acrobatics","Wraith Form v2+1","Sucker Punch+1","Adrenaline","Crippling Poison","Distraction","Leg Sweep","Doppelganger","Caltrops","Deflect+1","Normality","Normality","Bouncing Flask"],"relics":["Ring of the Snake","CaptainsWheel","Dead Branch","White Beast Statue","Blue Candle","StrikeDummy","Astrolabe","Mummified Hand","Red Mask","Pen Nib","Pandora\u0027s Box","Nunchaku","Centennial Puzzle"],"acts_visited":["Exordium","TheCity","TheBeyond"],"potions_floor_usage":[6,10,14,16,16,18,21,24,24,33,41,45,45],"damage_taken":[{"damage":4,"enemies":"Small Slimes","floor":1,"turns":4},{"damage":0,"enemies":"2 Louse","floor":2,"turns":3},{"damage":0,"enemies":"Cultist","floor":4,"turns":4},{"damage":0,"enemies":"Red Slaver","floor":5,"turns":4},{"damage":11,"enemies":"Gremlin Nob","floor":6,"turns":4},{"damage":17,"enemies":"3 Sentries","floor":8,"turns":5},{"damage":12,"enemies":"Lagavulin","floor":10,"turns":7},{"damage":0,"enemies":"Large Slime","floor":12,"turns":3},{"damage":1,"enemies":"Exordium Thugs","floor":14,"turns":4},{"damage":10,"enemies":"Slime Boss","floor":16,"turns":7},{"damage":2,"enemies":"3 Byrds","floor":18,"turns":5},{"damage":12,"enemies":"Shell Parasite","floor":20,"turns":8},{"damage":24,"enemies":"Sentry and Sphere","floor":21,"turns":6},{"damage":31,"enemies":"Masked Bandits","floor":24,"turns":4},{"damage":13,"enemies":"Snake Plant","floor":25,"turns":4},{"damage":5,"enemies":"Cultist and Chosen","floor":31,"turns":7},{"damage":31,"enemies":"Automaton","floor":33,"turns":11},{"damage":12,"enemies":"3 Darklings","floor":35,"turns":6},{"damage":4,"enemies":"Orb Walker","floor":38,"turns":4},{"damage":14,"enemies":"Jaw Worm Horde","floor":41,"turns":4},{"damage":27,"enemies":"Nemesis","floor":44,"turns":11},{"damage":32,"enemies":"Transient","floor":45,"turns":6}],"seed_played":"3074518043693471338","potions_obtained":[{"floor":4,"key":"Poison Potion"},{"floor":8,"key":"Dexterity Potion"},{"floor":10,"key":"ColorlessPotion"},{"floor":12,"key":"Strength Potion"},{"floor":14,"key":"PowerPotion"},{"floor":16,"key":"Explosive Potion"},{"floor":18,"key":"SteroidPotion"},{"floor":20,"key":"Fruit Juice"},{"floor":21,"key":"Regen Potion"},{"floor":24,"key":"Swift Potion"},{"floor":25,"key":"Swift Potion"},{"floor":33,"key":"GamblersBrew"},{"floor":35,"key":"Strength Potion"},{"floor":38,"key":"LiquidMemories"},{"floor":41,"key":"Block Potion"}],"is_trial":false,"path_per_floor":["M","M","?","M","M","E","R","E","T","E","?","M","R","M","R","B",null,"M","?","M","M","$","R","?","M","T","$","?","R","T","M","R","B",null,"M","$","?","M","?","R","M","R","T","E","M"],"character_chosen":"THE_SILENT","items_purchased":["Noxious Fumes","Mummified Hand","Wraith Form v2"],"campfire_rested":5,"item_purchase_floors":[22,22,27],"current_hp_per_floor":[55,55,48,48,48,37,37,20,20,8,8,8,26,25,43,33,53,51,51,39,20,20,39,22,9,9,9,22,22,22,17,36,5,50,38,38,38,34,34,34,20,39,39,12,0,0],"gold":1268,"neow_bonus":"ONE_RARE_RELIC","is_daily":false,"chose_seed":false,"campfire_upgraded":2,"win_rate":0.0,"timestamp":1607787225,"path_taken":["M","M","?","M","M","E","R","E","T","E","?","M","R","M","R","BOSS","M","?","?","M","?","R","?","?","T","$","?","R","?","M","R","BOSS","M","$","?","M","?","R","M","R","T","E","M"],"items_purchased_type":["Card","Relic","Card"],"build_version":"2020-11-30","purchased_purges":0,"victory":false,"max_hp_per_floor":[60,60,60,60,60,60,60,60,60,60,60,60,60,60,60,60,60,60,60,60,65,65,65,65,65,65,65,65,65,65,65,65,65,65,65,65,65,65,65,65,65,65,65,65,65,65],"relic_stats":{"Nunchaku":[1],"Centennial Puzzle":[3],"counters":[22,121],"Mummified Hand":[33],"Dead Branch":[80],"Blue Candle":[0],"Astrolabe":["Caltrops","Burst","Die Die Die"],"Pandora\u0027s Box":["Crippling Poison","Distraction","Leg Sweep","Doppelganger","Caltrops"],"Pen Nib":[6],"obtain_stats":[{"Dead Branch":6,"Blue Candle":9,"Astrolabe":17,"Pen Nib":30,"White Beast Statue":8,"CaptainsWheel":0,"Nunchaku":43,"Centennial Puzzle":44,"Mummified Hand":22,"Pandora\u0027s Box":34,"Red Mask":24,"StrikeDummy":10,"Ring of the Snake":0},{"Dead Branch":5,"Blue Candle":6,"Astrolabe":10,"Pen Nib":15,"White Beast Statue":6,"CaptainsWheel":0,"Nunchaku":20,"Centennial Puzzle":21,"Mummified Hand":13,"Pandora\u0027s Box":17,"Red Mask":14,"StrikeDummy":7,"Ring of the Snake":0},{"Dead Branch":19,"Blue Candle":24,"Astrolabe":45,"Pen Nib":72,"White Beast Statue":24,"CaptainsWheel":0,"Nunchaku":104,"Centennial Puzzle":115,"Mummified Hand":64,"Pandora\u0027s Box":90,"Red Mask":68,"StrikeDummy":31,"Ring of the Snake":0}],"Ring of the Snake":[44]},"card_choices":[{"not_picked":["Cloak And Dagger","Backflip"],"picked":"Dagger Throw","floor":1},{"not_picked":["Dagger Throw","PiercingWail"],"picked":"Poisoned Stab","floor":2},{"not_picked":["Dagger Throw","PiercingWail"],"picked":"Die Die Die","floor":4},{"not_picked":["Predator","Crippling Poison"],"picked":"Deadly Poison","floor":5},{"not_picked":["Escape Plan","Prepared","Accuracy"],"picked":"SKIP","floor":6},{"not_picked":["Tactician","Flying Knee"],"picked":"Tools of the Trade","floor":8},{"not_picked":["Underhanded Strike","Grand Finale"],"picked":"Blur","floor":10},{"not_picked":["All Out Attack","Cloak And Dagger"],"picked":"Deadly Poison","floor":12},{"not_picked":["Dagger Spray","Deflect"],"picked":"Dash","floor":14},{"not_picked":["Envenom","Doppelganger"],"picked":"Glass Knife","floor":16},{"not_picked":["Bane","Flying Knee"],"picked":"Well Laid Plans","floor":18},{"not_picked":["Well Laid Plans","Poisoned Stab"],"picked":"PiercingWail","floor":20},{"not_picked":["Flying Knee","Phantasmal Killer","Distraction"],"picked":"SKIP","floor":21},{"not_picked":["Dagger Spray","All Out Attack"],"picked":"Sucker Punch+1","floor":24},{"not_picked":["Quick Slash","Deadly Poison"],"picked":"Acrobatics","floor":25},{"not_picked":["Infinite Blades","Slice"],"picked":"Sucker Punch+1","floor":31},{"not_picked":["Unload","Doppelganger"],"picked":"Adrenaline","floor":33},{"not_picked":["Slice+1","Cloak And Dagger+1"],"picked":"Deflect+1","floor":35},{"not_picked":["Slice","Blur"],"picked":"Bouncing Flask","floor":38},{"not_picked":["Deadly Poison","Dagger Throw","Slice"],"picked":"SKIP","floor":41},{"not_picked":["Phantasmal Killer","Dagger Throw","Accuracy"],"picked":"SKIP","floor":44}],"player_experience":2331910,"relics_obtained":[{"floor":6,"key":"Dead Branch"},{"floor":8,"key":"White Beast Statue"},{"floor":9,"key":"Blue Candle"},{"floor":10,"key":"StrikeDummy"},{"floor":24,"key":"Red Mask"},{"floor":30,"key":"Pen Nib"},{"floor":43,"key":"Nunchaku"},{"floor":44,"key":"Centennial Puzzle"}],"event_choices":[{"cards_removed":["Strike_G"],"damage_healed":0,"gold_gain":0,"player_choice":"Card Removal","damage_taken":7,"max_hp_gain":0,"max_hp_loss":0,"event_name":"Golden Wing","floor":3,"gold_loss":0},{"damage_healed":0,"gold_gain":30,"player_choice":"Searched \u00271\u0027 times","damage_taken":0,"max_hp_gain":0,"max_hp_loss":0,"event_name":"Dead Adventurer","floor":11,"gold_loss":0},{"cards_removed":["Strike_G"],"damage_healed":0,"gold_gain":0,"player_choice":"Purged","damage_taken":0,"max_hp_gain":0,"max_hp_loss":0,"event_name":"Purifier","floor":19,"gold_loss":0},{"damage_healed":0,"gold_gain":0,"player_choice":"Fought Bandits","damage_taken":0,"max_hp_gain":0,"max_hp_loss":0,"event_name":"Masked Bandits","floor":24,"gold_loss":0},{"damage_healed":13,"gold_gain":0,"player_choice":"Heal","damage_taken":0,"max_hp_gain":0,"max_hp_loss":0,"event_name":"The Library","floor":28,"gold_loss":0},{"damage_healed":0,"gold_gain":999,"player_choice":"Gold","damage_taken":0,"max_hp_gain":0,"max_hp_loss":0,"event_name":"MindBloom","floor":37,"gold_loss":0,"cards_obtained":["Normality","Normality"]},{"cards_removed":["Sucker Punch"],"damage_healed":0,"gold_gain":0,"player_choice":"Removed Attack","damage_taken":0,"max_hp_gain":0,"max_hp_loss":0,"event_name":"Falling","floor":39,"gold_loss":0}],"is_beta":false,"boss_relics":[{"not_picked":["Ectoplasm","Velvet Choker"],"picked":"Astrolabe"},{"not_picked":["Empty Cage","Tiny House"],"picked":"Pandora\u0027s Box"}],"items_purged_floors":[],"is_endless":false,"potions_floor_spawned":[4,8,10,12,14,16,18,20,21,24,25,31,33,35,38,41,44],"killed_by":"Transient","ascension_level":20}}