{"host":"qnk15saze0ayia2v","time":1607777164,"event":{"mods":["BaseMod","GifTheSpireLib","Koishi","Marisa????????","Minty Spire (QoL Compilation)","Replay The Spire","StSLib","The Necromancer","The Servant 0.9.4"],"gold_per_floor":[116,134,134,134,147,173,189,189,270,270,270,270,294,294,313,331,331,462,462,480,333,349,363,2,35,35,50,50,69,69,69,88,109,109,233,233,253,586,311,330,375,375,458,458,458,471,471,487,499,499,499],"floor_reached":50,"playtime":4422,"items_purged":["Strike_MRS","Strike_MRS","Defend_MRS"],"score":548,"play_id":"9210e8e4-9885-4db6-ad40-9a7fabbebd7d","local_time":"20201212134604","is_ascension_mode":false,"campfire_choices":[{"floor":10,"key":"REST"},{"data":"Replay:Spark Circuitry","floor":14,"key":"SMITH"},{"floor":17,"key":"REST"},{"data":"MagicChant","floor":26,"key":"SMITH"},{"floor":30,"key":"REST"},{"floor":34,"key":"REST"},{"floor":42,"key":"REST"},{"data":"EscapeVelocity+1","floor":44,"key":"PURGE"}],"circlet_count":0,"master_deck":["Defend_MRS","Defend_MRS","MasterSpark","UpSweep","PowerUp","MagicChant+1","GrandCross","Replay:Spark Circuitry+1","AsteroidBelt","ManaRampage","AsteroidBelt","Seek","CurseOfTheBell","NonDirectionalLaser+1","AlicesGift","EnergyFlow+1","GalacticHalo","GrandCross+1","StarDustReverie","OortCloud+1","NonDirectionalLaser","MillisecondPulsars+1","ChargeUpSpray+1","Master of Strategy","EnergyFlow+1"],"relics":["NeowsBlessing","m_SpellCore","Replay:PocketPolymizer","Iron Hammer","Calling Bell","Simple Rune","Frozen Egg 2","Incense Burner","Replay:Bottled Flurry","Blood Vial","Mercury Hourglass","ReplayTheSpireMod:Ring of Collecting","ChewingGum","Membership Card","Replay:Multitool","Ancient Tea Set","ReplayTheSpireMod:Ring of Exchange","Replay:Ringing Soul"],"acts_visited":["Exordium","TheCity","TheBeyond"],"potions_floor_usage":[18,25,25,41,41,43,49],"damage_taken":[{"damage":0,"enemies":"Cultist","floor":1,"turns":1},{"damage":0,"enemies":"Jaw Worm","floor":2,"turns":1},{"damage":0,"enemies":"2 Louse","floor":5,"turns":1},{"damage":21,"enemies":"Lagavulin","floor":6,"turns":5},{"damage":12,"enemies":"2 Fungi Beasts","floor":7,"turns":3},{"damage":3,"enemies":"Exordium Wildlife","floor":13,"turns":4},{"damage":0,"enemies":"Blue Slaver","floor":15,"turns":3},{"damage":10,"enemies":"Exordium Thugs","floor":16,"turns":3},{"damage":16,"enemies":"Hexaghost","floor":18,"turns":6},{"damage":0,"enemies":"Spheric Guardian","floor":20,"turns":4},{"damage":0,"enemies":"Chosen","floor":22,"turns":3},{"damage":10,"enemies":"Snake Plant","floor":23,"turns":3},{"damage":33,"enemies":"Slavers","floor":25,"turns":7},{"damage":0,"enemies":"Centurion and Healer","floor":27,"turns":4},{"damage":1,"enemies":"Cultist and Chosen","floor":29,"turns":4},{"damage":15,"enemies":"Snake Plant","floor":32,"turns":3},{"damage":6,"enemies":"Sentry and Sphere","floor":33,"turns":4},{"damage":25,"enemies":"Collector","floor":35,"turns":6},{"damage":2,"enemies":"3 Shapes","floor":37,"turns":3},{"damage":0,"enemies":"3 Darklings","floor":40,"turns":5},{"damage":22,"enemies":"2 Orb Walkers","floor":41,"turns":3},{"damage":9,"enemies":"R_Hoarder","floor":43,"turns":4},{"damage":40,"enemies":"Writhing Mass","floor":46,"turns":5},{"damage":12,"enemies":"Transient","floor":48,"turns":5},{"damage":17,"enemies":"Sphere and 2 Shapes","floor":49,"turns":4},{"damage":12,"enemies":"Spire Growth","floor":50,"turns":2}],"seed_played":"1436987834876696849","potions_obtained":[{"floor":6,"key":"Swift Potion"},{"floor":13,"key":"Ancient Potion"},{"floor":15,"key":"Adrenaline Potion"},{"floor":16,"key":"CultistPotion"},{"floor":20,"key":"Weak Potion"},{"floor":25,"key":"BlessingOfTheForge"},{"floor":27,"key":"Dexterity Potion"},{"floor":29,"key":"PowerPotion"},{"floor":41,"key":"SpeedPotion"}],"is_trial":false,"path_per_floor":["M","M","$","?","M","E","M","?","T","R","PTL","PTL","M","R","M","M","R","B",null,"M","$","M","M","$","E","R","M","T","M","R","?","M","M","R","B",null,"M","?","$","M","?","R","E","R","T","M","?","M","M","M"],"character_chosen":"MARISA","items_purchased":["AlicesGift","Replay:Bottled Flurry","Membership Card","OortCloud+1","NonDirectionalLaser"],"campfire_rested":5,"item_purchase_floors":[21,24,39,39,39],"current_hp_per_floor":[75,75,75,75,75,54,42,24,24,46,46,46,43,43,43,33,55,39,75,75,75,75,65,65,32,32,34,34,35,57,57,44,40,62,39,75,73,73,73,75,53,75,66,66,66,28,31,24,9,0,0],"gold":499,"neow_bonus":"THREE_ENEMY_KILL","is_daily":false,"chose_seed":false,"campfire_upgraded":2,"win_rate":0.0,"timestamp":1607777164,"path_taken":["M","M","?","?","M","E","M","?","T","R","PTL","PTL","M","R","M","M","R","BOSS","M","$","M","M","$","E","R","M","T","M","R","?","M","M","R","BOSS","M","?","$","M","?","R","E","R","T","M","?","M","M","M"],"items_purchased_type":["Card","Relic","Relic","Card","Card"],"build_version":"2020-11-30","purchased_purges":3,"victory":false,"max_hp_per_floor":[75,75,75,75,75,75,75,75,75,75,75,75,75,75,75,75,75,75,75,75,75,75,75,75,75,75,75,75,75,75,75,75,75,75,75,75,75,75,75,75,75,75,75,75,75,75,78,81,81,81,81],"card_choices":[{"not_picked":["MysteriousBeam","GasGiant"],"picked":"PowerUp","floor":1},{"not_picked":["OrrerysSun","AlicesGift"],"picked":"MagicChant","floor":2},{"not_picked":["Barrage","MilkyWay"],"picked":"GrandCross","floor":5},{"not_picked":["MilkyWay","DoubleSpark"],"picked":"Replay:Spark Circuitry","floor":6},{"not_picked":["SuperPerseids","Rebound"],"picked":"AsteroidBelt","floor":7},{"not_picked":["WitchOfGreed","DoubleSpark","WitchLeyline"],"picked":"SKIP","floor":13},{"not_picked":["SporeBomb","GalacticHalo"],"picked":"AsteroidBelt","floor":15},{"not_picked":["BlazeAway","6A","DC"],"picked":"SKIP","floor":16},{"not_picked":["Rainbow","Biased Cognition"],"picked":"Seek","floor":18},{"not_picked":["LuminesStrike+1","IllusionStar"],"picked":"NonDirectionalLaser+1","floor":20},{"not_picked":["AlicesGift","MilkyWay","6A"],"picked":"SKIP","floor":22},{"not_picked":["SporeBomb","DC+1","WitchLeyline"],"picked":"SKIP","floor":23},{"not_picked":["MachineGunSpark","AbsoluteMagnitude"],"picked":"EnergyFlow+1","floor":25},{"not_picked":["DoubleSpark","RefractionSpark"],"picked":"GrandCross+1","floor":27},{"not_picked":["WitchOfGreed+1","AsteroidBelt","DoubleSpark"],"picked":"SKIP","floor":29},{"not_picked":["ShootingEcho","Singularity+1","UnstableBomb"],"picked":"SKIP","floor":32},{"not_picked":["Acceleration+1","SatelliteIllusion+1","UnstableBomb+1"],"picked":"SKIP","floor":33},{"not_picked":["CollectingQuirk","EscapeVelocity+1"],"picked":"StarDustReverie","floor":35},{"not_picked":["GalacticHalo+1","Acceleration","6A+1"],"picked":"SKIP","floor":37},{"not_picked":["UnstableBomb+1","ManaConvection"],"picked":"MillisecondPulsars+1","floor":40},{"not_picked":["Singularity+1","StarlightTyphoon"],"picked":"ChargeUpSpray+1","floor":43},{"not_picked":["ShootingEcho+1","WitchLeyline+1","AsteroidBelt+1"],"picked":"SKIP","floor":46},{"not_picked":["Bandage Up","Trip"],"picked":"Master of Strategy","floor":47},{"not_picked":["UnstableBomb","MeteoricShower+1"],"picked":"EnergyFlow+1","floor":48},{"not_picked":["SprinkleStarSeal","Robbery+1","GravityBeat+1"],"picked":"SKIP","floor":49}],"player_experience":365125,"relics_obtained":[{"floor":6,"key":"Replay:PocketPolymizer"},{"floor":9,"key":"Iron Hammer"},{"floor":19,"key":"Simple Rune"},{"floor":19,"key":"Frozen Egg 2"},{"floor":19,"key":"Incense Burner"},{"floor":25,"key":"Blood Vial"},{"floor":28,"key":"Mercury Hourglass"},{"floor":31,"key":"ReplayTheSpireMod:Ring of Collecting"},{"floor":41,"key":"Replay:Multitool"},{"floor":43,"key":"Ancient Tea Set"},{"floor":45,"key":"ReplayTheSpireMod:Ring of Exchange"},{"floor":45,"key":"Replay:Ringing Soul"}],"event_choices":[{"damage_healed":0,"gold_gain":0,"player_choice":"Take Damage","damage_taken":18,"relics_obtained":["Golden Idol"],"max_hp_gain":0,"max_hp_loss":0,"event_name":"Golden Idol","floor":8,"gold_loss":0},{"damage_healed":0,"gold_gain":333,"player_choice":"Gave Idol","damage_taken":0,"max_hp_gain":0,"max_hp_loss":0,"event_name":"The Moai Head","floor":38,"relics_lost":["Golden Idol"],"gold_loss":0},{"damage_healed":0,"gold_gain":0,"player_choice":"Fight","damage_taken":0,"max_hp_gain":0,"max_hp_loss":0,"event_name":"Mysterious Sphere","floor":41,"gold_loss":0},{"damage_healed":0,"gold_gain":0,"player_choice":"Memory 1","damage_taken":0,"max_hp_gain":0,"max_hp_loss":0,"event_name":"SensoryStone","floor":47,"gold_loss":0}],"is_beta":false,"boss_relics":[{"not_picked":["Busted Crown","Runic Dome"],"picked":"Calling Bell"},{"not_picked":["Tiny House","Cursed Key"],"picked":"ChewingGum"}],"items_purged_floors":[21,24,39],"is_endless":false,"potions_floor_spawned":[6,13,15,16,20,25,27,29,33,37,40,41],"killed_by":"Spire Growth","ascension_level":0}}