{"host":"sqc03gvc95ea30py","time":1607778748,"event":{"mods":["BaseMod","Better-Laid Plans","Colored Powertips","Minty Spire (QoL Compilation)","Quick Restart","Shop Mod"],"gold_per_floor":[113,133,133,133,58,58,89,89,89,102,131,151,180,180,180,284,284,284],"floor_reached":17,"playtime":226,"items_purged":["Defend_P"],"score":307,"play_id":"8e1230ce-bcd9-494e-af37-60dbb97d5956","local_time":"20201212211228","is_ascension_mode":true,"campfire_choices":[{"data":"Eruption","floor":6.0,"key":"SMITH"},{"data":"WheelKick","floor":8.0,"key":"SMITH"},{"data":"SignatureMove","floor":15,"key":"SMITH"}],"circlet_count":0,"master_deck":["AscendersBane","Strike_P","Strike_P","Strike_P","Defend_P","Defend_P","Defend_P","Eruption+1","Vigilance","FlurryOfBlows","WheelKick+1","SignatureMove+1","Sanctity","Vault"],"relics":["PureWater","NeowsBlessing","Pantograph","Mercury Hourglass","Meat on the Bone","Bag of Marbles","Ornamental Fan","Runic Dome"],"acts_visited":["Exordium","TheCity"],"potions_floor_usage":[],"damage_taken":[{"damage":0.0,"enemies":"Jaw Worm","floor":1.0,"turns":1.0},{"damage":0.0,"enemies":"Small Slimes","floor":2.0,"turns":1.0},{"damage":0.0,"enemies":"Lagavulin","floor":7.0,"turns":2.0},{"damage":0.0,"enemies":"2 Louse","floor":10.0,"turns":1.0},{"damage":10.0,"enemies":"Gremlin Nob","floor":11.0,"turns":3.0},{"damage":0.0,"enemies":"Looter","floor":12.0,"turns":1.0},{"damage":25.0,"enemies":"3 Sentries","floor":13.0,"turns":3.0},{"damage":32,"enemies":"The Guardian","floor":16,"turns":6}],"seed_played":"-6621883836613355952","potions_obtained":[{"floor":2.0,"key":"Ancient Potion"},{"floor":10.0,"key":"PowerPotion"},{"floor":11.0,"key":"Dexterity Potion"},{"floor":12.0,"key":"Regen Potion"}],"is_trial":false,"path_per_floor":["M","M","?","?","$","R","E","R","T","M","E","M","E","?","R","B",null],"character_chosen":"WATCHER","items_purchased":[],"campfire_rested":0,"item_purchase_floors":[],"current_hp_per_floor":[65,65,65,62,62,62,62,62,62,62,52,52,39,39,39,44,65,65],"gold":284,"neow_bonus":"THREE_ENEMY_KILL","is_daily":false,"chose_seed":false,"campfire_upgraded":3,"win_rate":0.0,"timestamp":1607778748,"path_taken":["M","M","?","?","$","R","E","R","T","M","E","M","E","?","R","BOSS"],"items_purchased_type":[],"build_version":"2020-11-30","purchased_purges":1,"victory":false,"max_hp_per_floor":[72,72,72,72,72,72,72,72,72,72,72,72,72,72,72,72,72,72],"card_choices":[{"not_picked":["EmptyFist","Consecrate"],"picked":"FlurryOfBlows","floor":1.0},{"not_picked":["Study","Protect","Evaluate"],"picked":"SKIP","floor":2.0},{"not_picked":["WindmillStrike","CutThroughFate"],"picked":"WheelKick","floor":7.0},{"not_picked":["Crescendo","Collect","Halt"],"picked":"SKIP","floor":10.0},{"not_picked":["LikeWater","WindmillStrike"],"picked":"SignatureMove","floor":11.0},{"not_picked":["Consecrate","CutThroughFate"],"picked":"Sanctity","floor":12.0},{"not_picked":["FollowUp","Consecrate","FlurryOfBlows"],"picked":"SKIP","floor":13.0},{"not_picked":["DeusExMachina","Alpha"],"picked":"Vault","floor":16}],"player_experience":340649,"relics_obtained":[{"floor":7.0,"key":"Mercury Hourglass"},{"floor":9.0,"key":"Meat on the Bone"},{"floor":11.0,"key":"Bag of Marbles"},{"floor":13.0,"key":"Ornamental Fan"}],"event_choices":[{"damage_healed":0.0,"max_hp_gain":0.0,"max_hp_loss":0.0,"gold_gain":0.0,"event_name":"Liars Game","player_choice":"Ignored","floor":3.0,"gold_loss":0.0,"damage_taken":0.0},{"damage_healed":0.0,"max_hp_gain":0.0,"max_hp_loss":0.0,"gold_gain":0.0,"event_name":"Scrap Ooze","player_choice":"Success","floor":4.0,"gold_loss":0.0,"damage_taken":3.0,"relics_obtained":["Pantograph"]},{"cards_removed":["Strike_P"],"damage_healed":0,"gold_gain":0,"player_choice":"Forget","damage_taken":0,"max_hp_gain":0,"max_hp_loss":0,"event_name":"Living Wall","floor":14,"gold_loss":0}],"is_beta":false,"boss_relics":[{"not_picked":["Empty Cage","Cursed Key"],"picked":"Runic Dome"}],"items_purged_floors":[5],"is_endless":false,"potions_floor_spawned":[2,10,11,12,16],"ascension_level":11}}