{"host":"sct5htsgcw1q318k","time":1607805370,"event":{"mods":["BaseMod","Colored Map","Minty Spire (QoL Compilation)","Permanent Neow"],"gold_per_floor":[110,120,132,132,144,144,169,196,196,210,210,225,225,252,252,330,330,341,441,441,441,441,441,451,463,463,498,2,2,35,54,54,125,125,136,149,149,222,222,222],"floor_reached":41,"playtime":15513,"items_purged":[],"score":972,"play_id":"5ed55809-a534-4921-b755-ba9a38479ce3","local_time":"20201212143610","is_ascension_mode":true,"campfire_choices":[{"data":"Noxious Fumes","floor":6.0,"key":"SMITH"},{"floor":13.0,"key":"REST"},{"data":"Deadly Poison","floor":15.0,"key":"SMITH"},{"data":"Night Terror","floor":23.0,"key":"SMITH"},{"data":"Distraction","floor":29.0,"key":"SMITH"},{"data":"Footwork","floor":32,"key":"SMITH"}],"circlet_count":0,"master_deck":["AscendersBane","Strike_G","Strike_G","Strike_G","Strike_G","Strike_G","Defend_G","Defend_G","Defend_G","Defend_G","Defend_G","Survivor","Neutralize","Sucker Punch","Bouncing Flask","Distraction+1","Noxious Fumes+1","Wraith Form v2+1","Escape Plan","Deadly Poison+1","Night Terror+1","Flying Knee","Calculated Gamble","PanicButton","Noxious Fumes","Distraction","Bane+1","Footwork+1","Wraith Form v2","Well Laid Plans","Apotheosis","Discovery"],"relics":["Ring of the Serpent","Bird Faced Urn","Blood Vial","Tiny Chest","Darkstone Periapt","MealTicket","Coffee Dripper","Molten Egg 2","Enchiridion","Vajra","Strawberry","Calipers","Mummified Hand","Kunai"],"acts_visited":["Exordium","TheCity","TheBeyond"],"potions_floor_usage":[31,35],"damage_taken":[{"damage":1.0,"enemies":"2 Louse","floor":1.0,"turns":4.0},{"damage":0.0,"enemies":"Jaw Worm","floor":2.0,"turns":5.0},{"damage":4.0,"enemies":"Cultist","floor":3.0,"turns":3.0},{"damage":8.0,"enemies":"Blue Slaver","floor":5.0,"turns":4.0},{"damage":5.0,"enemies":"Lagavulin","floor":7.0,"turns":5.0},{"damage":13.0,"enemies":"Lots of Slimes","floor":10.0,"turns":5.0},{"damage":5.0,"enemies":"Looter","floor":12.0,"turns":4.0},{"damage":14.0,"enemies":"3 Sentries","floor":14.0,"turns":8.0},{"damage":36.0,"enemies":"The Guardian","floor":16.0,"turns":9.0},{"damage":8.0,"enemies":"3 Byrds","floor":18.0,"turns":4.0},{"damage":3.0,"enemies":"Chosen","floor":24.0,"turns":7.0},{"damage":13.0,"enemies":"Snake Plant","floor":25.0,"turns":5.0},{"damage":16.0,"enemies":"Gremlin Leader","floor":27.0,"turns":7.0},{"damage":44,"enemies":"Slavers","floor":30,"turns":7},{"damage":0,"enemies":"Snecko","floor":31,"turns":6},{"damage":29,"enemies":"Champ","floor":33,"turns":14},{"damage":0,"enemies":"Orb Walker","floor":35,"turns":5},{"damage":9,"enemies":"3 Shapes","floor":36,"turns":5},{"damage":20,"enemies":"Awakened One","floor":40,"turns":15}],"seed_played":"7551752079186862030","potions_obtained":[{"floor":3.0,"key":"GamblersBrew"},{"floor":5.0,"key":"ColorlessPotion"},{"floor":7.0,"key":"CunningPotion"},{"floor":16.0,"key":"AttackPotion"},{"floor":25.0,"key":"BlessingOfTheForge"},{"floor":30,"key":"SkillPotion"},{"floor":35,"key":"Fruit Juice"}],"is_trial":false,"path_per_floor":["M","M","M","?","M","R","E","T","T","M","?","M","R","E","R","B",null,"M","?","T","?","?","R","M","M","T","E","$","R","E","M","R","B",null,"M","M","?","T","?","B",null],"character_chosen":"THE_SILENT","items_purchased":["Calipers","PanicButton","Noxious Fumes","Distraction"],"campfire_rested":1,"item_purchase_floors":[28,28,28,28],"current_hp_per_floor":[44,44,40,40,32,32,29,29,29,22,22,21,42,34,34,4,54,50,50,50,50,34,34,43,36,36,37,52,52,18,28,28,17,62,82,81,71,71,71,70],"gold":222,"neow_bonus":"ONE_RARE_RELIC","is_daily":false,"chose_seed":false,"campfire_upgraded":5,"win_rate":0.0,"timestamp":1607805370,"path_taken":["M","M","M","?","M","R","E","?","T","M","?","?","R","E","R","BOSS","M","?","?","?","?","R","M","M","T","E","$","R","E","M","R","BOSS","M","M","?","?","?","BOSS"],"items_purchased_type":["Relic","Card","Card","Card"],"build_version":"2020-11-30","purchased_purges":0,"victory":true,"max_hp_per_floor":[70,70,70,70,70,70,70,70,70,70,70,70,70,70,70,70,70,70,70,70,70,70,70,70,70,70,77,77,77,77,77,77,77,77,82,82,82,82,82,82],"card_choices":[{"not_picked":["Underhanded Strike","Bane"],"picked":"Sucker Punch","floor":1.0},{"not_picked":["Slice","Dagger Throw"],"picked":"Bouncing Flask","floor":2.0},{"not_picked":["Deadly Poison","Dagger Spray"],"picked":"Distraction","floor":3.0},{"not_picked":["Blade Dance","Riddle With Holes"],"picked":"Noxious Fumes","floor":5.0},{"not_picked":["Quick Slash","PiercingWail"],"picked":"Wraith Form v2","floor":7.0},{"not_picked":["Underhanded Strike","Flying Knee"],"picked":"Escape Plan","floor":10.0},{"not_picked":["Dagger Spray","Endless Agony"],"picked":"Deadly Poison","floor":12.0},{"not_picked":["Deflect","Accuracy","Dodge and Roll"],"picked":"SKIP","floor":14.0},{"not_picked":["Die Die Die","Wraith Form v2"],"picked":"Night Terror","floor":16.0},{"not_picked":["Sucker Punch","Dash"],"picked":"Flying Knee","floor":18.0},{"not_picked":["Prepared","Infinite Blades"],"picked":"Calculated Gamble","floor":24.0},{"not_picked":["Prepared","Dodge and Roll","Dagger Throw+1"],"picked":"SKIP","floor":25.0},{"not_picked":["Deflect","Outmaneuver","Dodge and Roll"],"picked":"SKIP","floor":27.0},{"not_picked":["Dagger Spray+1","Backstab+1"],"picked":"Bane+1","floor":30},{"not_picked":["Eviscerate+1","All Out Attack+1"],"picked":"Footwork","floor":31},{"not_picked":["Phantasmal Killer","Venomology"],"picked":"Wraith Form v2","floor":33},{"not_picked":["Terror","Prepared"],"picked":"Well Laid Plans","floor":35},{"not_picked":["Dagger Spray+1","Heel Hook+1","Quick Slash+1"],"picked":"SKIP","floor":36},{"not_picked":["Metamorphosis","Impatience"],"picked":"Apotheosis","floor":37},{"not_picked":["Mind Blast+1","Enlightenment"],"picked":"Discovery","floor":37}],"player_experience":725818,"relics_obtained":[{"floor":7.0,"key":"Blood Vial"},{"floor":8.0,"key":"Tiny Chest"},{"floor":9.0,"key":"Darkstone Periapt"},{"floor":14.0,"key":"MealTicket"},{"floor":20.0,"key":"Molten Egg 2"},{"floor":22.0,"key":"Enchiridion"},{"floor":26.0,"key":"Vajra"},{"floor":27.0,"key":"Strawberry"},{"floor":30,"key":"Mummified Hand"},{"floor":38,"key":"Kunai"}],"event_choices":[{"damage_healed":0.0,"max_hp_gain":0.0,"max_hp_loss":0.0,"gold_gain":0.0,"event_name":"Liars Game","player_choice":"Ignored","floor":4.0,"gold_loss":0.0,"damage_taken":0.0},{"damage_healed":0.0,"max_hp_gain":0.0,"max_hp_loss":0.0,"gold_gain":0.0,"event_name":"Upgrade Shrine","player_choice":"Upgraded","floor":11.0,"gold_loss":0.0,"damage_taken":0.0,"cards_upgraded":["Wraith Form v2"]},{"damage_healed":0.0,"max_hp_gain":0.0,"max_hp_loss":0.0,"gold_gain":100.0,"event_name":"Golden Shrine","player_choice":"Pray","floor":19.0,"gold_loss":0.0,"damage_taken":0.0},{"damage_healed":0.0,"max_hp_gain":0.0,"max_hp_loss":0.0,"gold_gain":0.0,"event_name":"Ghosts","player_choice":"Ignored","floor":21.0,"gold_loss":0.0,"damage_taken":0.0},{"damage_healed":0.0,"max_hp_gain":0.0,"max_hp_loss":0.0,"gold_gain":0.0,"event_name":"Cursed Tome","player_choice":"Obtained Book","floor":22.0,"gold_loss":0.0,"damage_taken":16.0},{"damage_healed":0,"gold_gain":0,"player_choice":"Memory 3","damage_taken":10,"max_hp_gain":0,"max_hp_loss":0,"event_name":"SensoryStone","floor":37,"gold_loss":0},{"damage_healed":0,"gold_gain":0,"player_choice":"Took Portal","damage_taken":0,"max_hp_gain":0,"max_hp_loss":0,"event_name":"SecretPortal","floor":39,"gold_loss":0}],"is_beta":false,"boss_relics":[{"not_picked":["SlaversCollar","Calling Bell"],"picked":"Coffee Dripper"},{"not_picked":["Cursed Key","Astrolabe"],"picked":"Ring of the Serpent"}],"items_purged_floors":[],"is_endless":false,"potions_floor_spawned":[3,5,7,16,25,30,35],"ascension_level":13}}