{"host":"by8i6f8xc0ywpsd5","time":1607782484,"event":{"mods":["BaseMod","Colored Map","Minty Spire (QoL Compilation)","Relic Stats"],"gold_per_floor":[365,440,4,4,23,55,67,114,126,138,180,205,217,249,261,273,273],"floor_reached":16,"playtime":444,"items_purged":["Pain"],"score":236,"play_id":"f4876cbe-c51c-4495-924f-242104ea8c95","local_time":"20201212161444","is_ascension_mode":true,"campfire_choices":[{"data":"Blood for Blood","floor":7,"key":"SMITH"},{"floor":10,"key":"REST"},{"data":"Body Slam","floor":15,"key":"SMITH"}],"circlet_count":0,"master_deck":["AscendersBane","Strike_R","Strike_R","Strike_R","Strike_R","Strike_R","Defend_R","Defend_R","Defend_R","Defend_R","Bash","Body Slam+1","Metallicize+1","Blood for Blood+1","Burning Pact","Fire Breathing+1","Shrug It Off","Inflame+1"],"relics":["Burning Blood","Frozen Egg 2","MawBank","White Beast Statue","Matryoshka","WingedGreaves"],"acts_visited":["Exordium"],"potions_floor_usage":[6,11,14,14,16],"damage_taken":[{"damage":15,"enemies":"Jaw Worm","floor":1,"turns":3},{"damage":1,"enemies":"2 Louse","floor":5,"turns":4},{"damage":29,"enemies":"3 Sentries","floor":6,"turns":9},{"damage":48,"enemies":"Gremlin Nob","floor":8,"turns":5},{"damage":30,"enemies":"Lagavulin","floor":11,"turns":8},{"damage":7,"enemies":"Cultist","floor":12,"turns":4},{"damage":14,"enemies":"Lots of Slimes","floor":14,"turns":3},{"damage":31,"enemies":"Slime Boss","floor":16,"turns":3}],"seed_played":"144630178293394773","potions_obtained":[{"floor":1,"key":"Fire Potion"},{"floor":8,"key":"Fire Potion"},{"floor":11,"key":"SteroidPotion"},{"floor":12,"key":"Block Potion"},{"floor":13,"key":"BloodPotion"},{"floor":14,"key":"Dexterity Potion"}],"is_trial":false,"path_per_floor":["M","?","$","?","M","E","R","E","T","R","E","M","?","M","R","B"],"character_chosen":"IRONCLAD","items_purchased":["Frozen Egg 2","Metallicize+1"],"campfire_rested":1,"item_purchase_floors":[3,3],"current_hp_per_floor":[59,48,48,73,75,52,52,10,10,32,8,7,7,14,14,0,0],"gold":273,"neow_bonus":"TWO_FIFTY_GOLD","is_daily":false,"chose_seed":false,"campfire_upgraded":2,"win_rate":0.0,"timestamp":1607782484,"path_taken":["M","?","$","?","M","E","R","E","T","R","E","M","?","M","R","BOSS"],"items_purchased_type":["Relic","Card"],"build_version":"2020-11-30","purchased_purges":1,"victory":false,"max_hp_per_floor":[75,75,75,75,75,75,75,75,75,75,75,75,75,75,75,75,75],"relic_stats":{"counters":[8,39],"MawBank":120,"obtain_stats":[{"Matryoshka":9,"WingedGreaves":11,"Frozen Egg 2":3,"MawBank":6,"Burning Blood":0,"White Beast Statue":8},{"Matryoshka":4,"WingedGreaves":5,"Frozen Egg 2":1,"MawBank":3,"Burning Blood":0,"White Beast Statue":4},{"Matryoshka":21,"WingedGreaves":29,"Frozen Egg 2":3,"MawBank":16,"Burning Blood":0,"White Beast Statue":21}],"Burning Blood":39},"card_choices":[{"not_picked":["Rage","Wild Strike"],"picked":"Body Slam","floor":1},{"not_picked":["Anger","Twin Strike"],"picked":"Blood for Blood","floor":5},{"not_picked":["Warcry","Heavy Blade"],"picked":"Burning Pact","floor":6},{"not_picked":["Sever Soul","Twin Strike"],"picked":"Fire Breathing+1","floor":8},{"not_picked":["Cleave","Pommel Strike"],"picked":"Shrug It Off","floor":11},{"not_picked":["Hemokinesis","Warcry","Flex"],"picked":"SKIP","floor":12},{"not_picked":["Rampage","Entrench"],"picked":"Inflame+1","floor":14}],"player_experience":1649773,"relics_obtained":[{"floor":6,"key":"MawBank"},{"floor":8,"key":"White Beast Statue"},{"floor":9,"key":"Matryoshka"},{"floor":11,"key":"WingedGreaves"}],"event_choices":[{"damage_healed":0,"gold_gain":75,"player_choice":"Gather Gold","damage_taken":11,"max_hp_gain":0,"max_hp_loss":0,"event_name":"World of Goop","floor":2,"gold_loss":0},{"damage_healed":25,"gold_gain":0,"player_choice":"Banana","damage_taken":0,"max_hp_gain":0,"max_hp_loss":0,"event_name":"Big Fish","floor":4,"gold_loss":0},{"damage_healed":0,"gold_gain":0,"player_choice":"Got Potions","damage_taken":0,"max_hp_gain":0,"max_hp_loss":0,"event_name":"Lab","floor":13,"gold_loss":0}],"is_beta":false,"boss_relics":[],"items_purged_floors":[3],"is_endless":false,"potions_floor_spawned":[1,8,11,12,14],"killed_by":"Slime Boss","ascension_level":20}}