{"host":"3c27c697js19kaoo","time":1607762178,"event":{"mods":["BaseMod","Dota2Spire","Minty Spire (QoL Compilation)","Quick Restart","Remilia£®¿Ÿ√◊¿Ú—«£©","StSLib","The Cursed","The Servant 0.9.4","°æ“≈ŒÔø®≈∆°øREMEMod"],"gold_per_floor":[144,189,189,214,214,304,349,394,444,489,489,39,84,84,84,384,384,429,29,29,54,99,99,144,234,259,259,259,349,349,394,394,394,394],"floor_reached":33,"playtime":2125,"items_purged":[],"score":310,"play_id":"8f47c7b2-c554-45b1-8d42-0fae2f3711b2","local_time":"20201212163618","daily_mods":["Chimera","Blue Cards","Midas"],"is_ascension_mode":false,"campfire_choices":[{"floor":11,"key":"REST"},{"floor":15,"key":"REST"},{"floor":23,"key":"REST"},{"floor":27,"key":"REST"},{"floor":30,"key":"REST"},{"floor":32,"key":"REST"}],"circlet_count":0,"master_deck":["Survivor","Zap+1","Eruption","Strike_R+1","Strike_G+1","Strike_B+1","Defend_R+1","Defend_G+1","Defend_P+1","ReturningBlade","TheCursedMod:CursedShiv","TheCursedMod:WearCloak","TheCursedMod:ReleasedStrength","TheCursedMod:CursedBoomerang","TheCursedMod:Stretching","TheCursedMod:HellfireBreathing","Pommel Strike","TheCursedMod:NeowsMight+1","Mayhem","TheCursedMod:CursedBlade","GlobalNightmare+1","HunterOfTheNight+1","TheCursedMod:NeowsMight"],"relics":["TheCursedMod:BlackMagicAdvanced","REME_ComplimentaryCards","Dota2Spire:BladeMail","Regal Pillow","Bag of Preparation","Oddly Smooth Stone","PrismaticShard","Nunchaku","Boot","Frozen Eye","REME_HourglassOfDeath","REME_HandOfSuture","War Paint","Lantern","Akabeko"],"acts_visited":["Exordium","TheCity"],"potions_floor_usage":[6,6,8,13,16,24,25,33],"damage_taken":[{"damage":11,"enemies":"Jaw Worm","floor":1,"turns":4},{"damage":0,"enemies":"Small Slimes","floor":2,"turns":4},{"damage":14,"enemies":"3 Sentries","floor":6,"turns":5},{"damage":4,"enemies":"Cultist","floor":7,"turns":5},{"damage":8,"enemies":"Large Slime","floor":8,"turns":4},{"damage":1,"enemies":"Red Slaver","floor":10,"turns":4},{"damage":4,"enemies":"Exordium Wildlife","floor":13,"turns":4},{"damage":73,"enemies":"The Guardian","floor":16,"turns":7},{"damage":20,"enemies":"Spheric Guardian","floor":18,"turns":4},{"damage":0,"enemies":"2 Thieves","floor":22,"turns":1},{"damage":20,"enemies":"Snake Plant","floor":24,"turns":4},{"damage":41,"enemies":"REME_1_Revenger","floor":25,"turns":4},{"damage":21,"enemies":"Book of Stabbing","floor":29,"turns":5},{"damage":0,"enemies":"Snecko","floor":31,"turns":1},{"damage":87,"enemies":"Collector","floor":33,"turns":5}],"seed_played":"-2740983366772686195","potions_obtained":[{"floor":1,"key":"Weak Potion"},{"floor":2,"key":"Dexterity Potion"},{"floor":5,"key":"SkillPotion"},{"floor":5,"key":"LiquidBronze"},{"floor":5,"key":"Swift Potion"},{"floor":6,"key":"SkillPotion"},{"floor":13,"key":"Explosive Potion"},{"floor":22,"key":"Block Potion"},{"floor":24,"key":"Fire Potion"},{"floor":25,"key":"Swift Potion"}],"is_trial":false,"path_per_floor":["M","M","?","T","?","E","M","M","T","M","R","$","M","?","R","B",null,"M","$","?","T","M","R","M","E","T","R","?","E","R","M","R","B"],"character_chosen":"THE_CURSED","items_purchased":["PrismaticShard","Nunchaku","Boot","Frozen Eye","REME_HourglassOfDeath"],"campfire_rested":6,"item_purchase_floors":[12,12,12,19,19],"current_hp_per_floor":[64,64,61,61,61,47,43,35,35,34,71,71,67,67,75,2,75,55,55,55,55,55,75,59,18,18,56,49,29,67,67,79,0,0],"gold":394,"neow_bonus":"","is_daily":true,"chose_seed":false,"campfire_upgraded":0,"win_rate":0.0,"timestamp":1607762178,"path_taken":["M","M","?","?","?","E","M","M","T","?","R","$","M","?","R","BOSS","M","$","?","?","M","R","M","E","T","R","?","E","R","M","R","BOSS"],"items_purchased_type":["Relic","Relic","Relic","Relic","Relic"],"build_version":"2020-11-30","purchased_purges":0,"victory":false,"max_hp_per_floor":[75,75,75,75,75,75,75,75,75,75,75,75,75,75,75,75,75,75,75,75,75,75,75,79,79,79,79,79,79,79,79,79,79,79],"card_choices":[{"not_picked":["TheCursedMod:Evocation","TheCursedMod:RavingStaff"],"picked":"TheCursedMod:CursedShiv","floor":1},{"not_picked":["TheCursedMod:BloodBarrier","TheCursedMod:SpitefulStrike"],"picked":"TheCursedMod:WearCloak","floor":2},{"not_picked":["TheCursedMod:SpitefulStrike","TheCursedMod:CursedShiv"],"picked":"TheCursedMod:ReleasedStrength","floor":6},{"not_picked":["TheCursedMod:BloodBarrier","TheCursedMod:CircleOfWindfury"],"picked":"TheCursedMod:CursedBoomerang","floor":7},{"not_picked":["TheCursedMod:WearCloak","TheCursedMod:CursedAmulet"],"picked":"TheCursedMod:Stretching","floor":8},{"not_picked":["TheCursedMod:Hemoplague","TheCursedMod:WearCloak"],"picked":"TheCursedMod:HellfireBreathing","floor":10},{"not_picked":["Havoc","TheCursedMod:RapidMovement"],"picked":"Pommel Strike","floor":13},{"not_picked":["Establishment","Doppelganger"],"picked":"Mayhem","floor":16},{"not_picked":["TheCursedMod:CursedShiv+1","VampireClaw"],"picked":"TheCursedMod:CursedBlade","floor":18},{"not_picked":["Reprogram","Streamline","Acrobatics"],"picked":"SKIP","floor":22},{"not_picked":["Hightail+1","Fusion"],"picked":"GlobalNightmare+1","floor":24},{"not_picked":["StarOfDavid+1","ShiftingGears+1","FlurryOfBlows+1"],"picked":"SKIP","floor":25},{"not_picked":["Clothesline","Coolheaded"],"picked":"HunterOfTheNight+1","floor":29},{"not_picked":["Anger","UnderTheZenith"],"picked":"TheCursedMod:NeowsMight","floor":31}],"player_experience":96106,"relics_obtained":[{"floor":4,"key":"Regal Pillow"},{"floor":6,"key":"Bag of Preparation"},{"floor":9,"key":"Oddly Smooth Stone"},{"floor":21,"key":"REME_HandOfSuture"},{"floor":25,"key":"War Paint"},{"floor":26,"key":"Lantern"},{"floor":29,"key":"Akabeko"}],"event_choices":[{"damage_healed":0,"gold_gain":0,"player_choice":"Success","damage_taken":3,"relics_obtained":["Dota2Spire:BladeMail"],"max_hp_gain":0,"max_hp_loss":0,"event_name":"Scrap Ooze","floor":3,"gold_loss":0},{"damage_healed":0,"gold_gain":0,"player_choice":"Got Potions","damage_taken":0,"max_hp_gain":0,"max_hp_loss":0,"event_name":"Lab","floor":5,"gold_loss":0},{"damage_healed":0,"gold_gain":0,"cards_transformed":["Bash"],"player_choice":"Transformed","damage_taken":0,"max_hp_gain":0,"max_hp_loss":0,"event_name":"Transmorgrifier","floor":14,"gold_loss":0,"cards_obtained":["TheCursedMod:NeowsMight"]},{"damage_healed":0,"gold_gain":0,"player_choice":"Simplicity","damage_taken":0,"max_hp_gain":0,"max_hp_loss":0,"event_name":"Back to Basics","floor":20,"gold_loss":0,"cards_upgraded":["Strike_R","Strike_G","Strike_B","Defend_R","Defend_G","Defend_P"]},{"damage_healed":0,"gold_gain":0,"player_choice":"Damaged","damage_taken":7,"max_hp_gain":0,"max_hp_loss":0,"event_name":"Wheel of Change","floor":28,"gold_loss":0}],"is_beta":false,"boss_relics":[{"not_picked":["REME_DemonsWealth","REME_LowDesire"],"picked":"TheCursedMod:BlackMagicAdvanced"}],"items_purged_floors":[],"is_endless":false,"potions_floor_spawned":[1,2,6,13,22,24,25],"killed_by":"Collector","ascension_level":0}}