{"host":"2461dio7vetlq1z3","time":1607787831,"event":{"mods":["AchievementEnabler","Aspiration","BaseMod","Hermit","Lobotomy","Minty Spire (QoL Compilation)","Relic Stats","Spicy Shops","StSLib","Waifu the Spire"],"gold_per_floor":[119,119,119,119,42,76,91,91,114,114,114,114,114],"floor_reached":12,"playtime":281,"items_purged":[],"score":122,"play_id":"d131d06b-5a28-48a0-8ef1-9871d01354bf","local_time":"20201212164351","is_ascension_mode":true,"campfire_choices":[{"data":"Doom and Gloom","floor":8,"key":"SMITH"},{"data":"aspiration:Polymerization","floor":10,"key":"SMITH"}],"circlet_count":0,"master_deck":["AscendersBane","Strike_B","Strike_B","Strike_B","Strike_B","Defend_B","Defend_B","Defend_B+1","Defend_B","Zap+1","Dualcast","aspiration:Polymerization+1","Static Discharge+1","Capacitor+1","Doom and Gloom+1"],"relics":["Cracked Core","aspiration:Nostalgia","Ring of the Snake","Frozen Egg 2","Letter Opener","Anchor"],"acts_visited":["Exordium"],"potions_floor_usage":[],"damage_taken":[{"damage":2,"enemies":"Jaw Worm","floor":1,"turns":5},{"damage":20,"enemies":"Lagavulin","floor":6,"turns":6},{"damage":1,"enemies":"Small Slimes","floor":7,"turns":3},{"damage":38,"enemies":"Gremlin Nob","floor":12,"turns":3}],"seed_played":"-579196903522164143","potions_obtained":[],"is_trial":false,"path_per_floor":["M","?","?","?","$","E","M","R","T","R","?","E"],"character_chosen":"DEFECT","items_purchased":["Static Discharge+1"],"campfire_rested":0,"item_purchase_floors":[5],"current_hp_per_floor":[66,66,66,66,66,46,45,45,45,45,30,0,0],"gold":114,"neow_bonus":"NOSTALGIA","is_daily":false,"chose_seed":false,"campfire_upgraded":2,"win_rate":0.0,"timestamp":1607787831,"path_taken":["M","?","?","?","$","E","M","R","T","R","?","E"],"items_purchased_type":["Card"],"build_version":"2020-11-30","purchased_purges":0,"victory":false,"max_hp_per_floor":[75,75,75,75,75,75,75,75,75,75,75,75,75],"relic_stats":{"counters":[4,17],"Letter Opener":[0],"obtain_stats":[{"Anchor":9,"aspiration:Nostalgia":0,"Letter Opener":6,"Frozen Egg 2":3,"Cracked Core":0,"Ring of the Snake":0},{"Anchor":3,"aspiration:Nostalgia":0,"Letter Opener":2,"Frozen Egg 2":1,"Cracked Core":0,"Ring of the Snake":0},{"Anchor":14,"aspiration:Nostalgia":0,"Letter Opener":11,"Frozen Egg 2":5,"Cracked Core":0,"Ring of the Snake":0}],"Ring of the Snake":[8]},"card_choices":[{"not_picked":["Rebound","Steam Power"],"picked":"aspiration:Polymerization","floor":1},{"not_picked":["Sunder","Hologram"],"picked":"Capacitor+1","floor":6},{"not_picked":["Gash","Sweeping Beam"],"picked":"Doom and Gloom","floor":7}],"player_experience":647609,"relics_obtained":[{"floor":6,"key":"Letter Opener"},{"floor":9,"key":"Anchor"}],"event_choices":[{"damage_healed":0,"gold_gain":0,"player_choice":"Ignored","damage_taken":0,"max_hp_gain":0,"max_hp_loss":0,"event_name":"Liars Game","floor":2,"gold_loss":0},{"cards_removed":["Injury"],"damage_healed":0,"gold_gain":0,"player_choice":"Forget","damage_taken":0,"max_hp_gain":0,"max_hp_loss":0,"event_name":"Living Wall","floor":4,"gold_loss":0},{"damage_healed":0,"gold_gain":0,"player_choice":"Entered Light","damage_taken":15,"max_hp_gain":0,"max_hp_loss":0,"event_name":"Shining Light","floor":11,"gold_loss":0,"cards_upgraded":["Defend_B","Zap"]}],"is_beta":false,"boss_relics":[],"items_purged_floors":[],"is_endless":false,"potions_floor_spawned":[],"killed_by":"Gremlin Nob","ascension_level":13}}