{"host":"91n1pc4te07j54gv","time":1607777930,"event":{"mods":["BaseMod","BetterRewards","Colored Powertips","Downfall","Highlight Path","Infinite Spire","Minty Spire (QoL Compilation)","Quick Restart","Relic Filter","Relic Stats","Replay The Spire","Spicy Shops","StSLib"],"gold_per_floor":[109,109,127,140,156,181,197,197,223,257,274,307,10,10,10,110,110,83,99,99,49,80,96,129,129,129,79,110,110,141,154,154,264,264,297,330,367,367,403,461,505,573,600,673,673,734,734,796,796,796,796,796,22,51,51],"floor_reached":56,"playtime":5180,"items_purged":["Strike_B","Strike_B","Defend_B","Defend_B","Defend_B"],"score":2891,"play_id":"c0a5a213-0597-4c07-a1d7-75fb41f4cdaf","local_time":"20201212205850","is_ascension_mode":true,"campfire_choices":[{"data":"Defragment","floor":15.0,"key":"SMITH"},{"floor":29.0,"key":"RECALL"}],"circlet_count":0,"master_deck":["AscendersBane","Zap","Dualcast","Defragment+1","Undo","Lockon","Chill","Coolheaded","Turbo","Coolheaded","Meteor Strike","ReplayTheSpireMod:Calculation Training","Barrage","Hologram","Turbo","Hologram+1","Turbo+1","ReplayTheSpireMod:Book of Names","Echo Form","Recycle+1","Conserve Battery+1","RitualDagger","Consume","Hyperbeam","Cold Snap","Loop","Coolheaded","Electrodynamics","CurseOfTheBell","Coolheaded+1","White Noise+1","Blizzard+1","Fission","Panic Button+1","Barrage+1","Hello World+1","FIFO Queue+1","Chill","Storm","Ball Lightning+1","Creative AI","Chill","Storm+1"],"relics":["FrozenCore","Replay:Bottled Snecko","Bronze Scales","Smiling Mask","Replay:Ringing Soul","Bottled Flame","Replay:Grab Bag","Coffee Dripper","Fusion Hammer","Empty Cage","Red Mask","Lizard Tail","Singing Bowl","infinitespire:EmpoweringShard","Bag of Preparation","infinitespire:EvilPickle","Calling Bell","infinitespire:Satchel","StrikeDummy","Prayer Wheel","Happy Flower","Replay:WaspNest","infinitespire:Freezer","ReplayTheSpireMod:Ninjato","Bottled Tornado","Torii","infinitespire:BottledMercury"],"acts_visited":["TheCity","TheBeyond","TheEnding"],"potions_floor_usage":[55,55],"damage_taken":[{"damage":0.0,"enemies":"Cultist","floor":1.0,"turns":2.0},{"damage":0.0,"enemies":"Small Slimes","floor":3.0,"turns":3.0},{"damage":11.0,"enemies":"2 Louse","floor":4.0,"turns":3.0},{"damage":2.0,"enemies":"2 Fungi Beasts","floor":5.0,"turns":6.0},{"damage":26.0,"enemies":"Gremlin Nob","floor":6.0,"turns":5.0},{"damage":0.0,"enemies":"Large Slime","floor":7.0,"turns":5.0},{"damage":16.0,"enemies":"Lagavulin","floor":10.0,"turns":5.0},{"damage":0.0,"enemies":"Blue Slaver","floor":11.0,"turns":1.0},{"damage":2.0,"enemies":"3 Sentries","floor":12.0,"turns":9.0},{"damage":4.0,"enemies":"Fading Forest","floor":16.0,"turns":11.0},{"damage":15.0,"enemies":"2 Thieves","floor":18.0,"turns":5.0},{"damage":0.0,"enemies":"Shell Parasite","floor":19.0,"turns":6.0},{"damage":10.0,"enemies":"Masked Bandits","floor":22.0,"turns":6.0},{"damage":0.0,"enemies":"Chosen and Byrds","floor":23.0,"turns":4.0},{"damage":19.0,"enemies":"Slavers","floor":24.0,"turns":7.0},{"damage":16.0,"enemies":"Book of Stabbing","floor":28.0,"turns":6.0},{"damage":24.0,"enemies":"Gremlin Leader","floor":30.0,"turns":4.0},{"damage":0.0,"enemies":"Snecko","floor":31.0,"turns":6.0},{"damage":15.0,"enemies":"Pondfish","floor":33.0,"turns":14.0},{"damage":2.0,"enemies":"3 Shapes","floor":35.0,"turns":2.0},{"damage":0.0,"enemies":"Orb Walker","floor":36.0,"turns":3.0},{"damage":6.0,"enemies":"Maw","floor":37.0,"turns":8.0},{"damage":0.0,"enemies":"Jaw Worm Horde","floor":39.0,"turns":5.0},{"damage":25.0,"enemies":"Reptomancer","floor":40.0,"turns":5.0},{"damage":1.0,"enemies":"Spire Growth","floor":41.0,"turns":5.0},{"damage":2.0,"enemies":"R_Hoarder","floor":42.0,"turns":8.0},{"damage":27.0,"enemies":"Nemesis","floor":44.0,"turns":5.0},{"damage":12.0,"enemies":"3 Darklings","floor":46.0,"turns":5.0},{"damage":26.0,"enemies":"Transient","floor":48.0,"turns":5.0},{"damage":36.0,"enemies":"Donu and Deca","floor":50.0,"turns":5.0},{"damage":48.0,"enemies":"Shield and Spear","floor":54.0,"turns":4.0},{"damage":65,"enemies":"The Heart","floor":55,"turns":6}],"seed_played":"7278546504342505012","potions_obtained":[{"floor":1.0,"key":"GamblersBrew"},{"floor":2.0,"key":"Energy Potion"},{"floor":2.0,"key":"PotionOfCapacity"},{"floor":5.0,"key":"EntropicBrew"},{"floor":10.0,"key":"AttackPotion"},{"floor":11.0,"key":"Weak Potion"},{"floor":16.0,"key":"Weak Potion"},{"floor":19.0,"key":"Death Potion"},{"floor":22.0,"key":"Swift Potion"},{"floor":28.0,"key":"GamblersBrew"},{"floor":30.0,"key":"LifebloodPotion"},{"floor":35.0,"key":"Weak Potion"},{"floor":42.0,"key":"SkillPotion"}],"is_trial":false,"path_per_floor":["M","?","M","M","M","E","M","?","T","E","M","E","$","AVR","R","B",null,"M","M","?","$","?","M","E","?","T","$","E","R","E","M","R","B",null,"M","M","M","?","M","E","M","E","T","E","R","M","?","M","R","B",null,"R","$","E","B",null],"character_chosen":"DEFECT","items_purchased":["Defragment","Undo","Lockon","Replay:Ringing Soul","Hologram+1","Turbo","Bottled Tornado","Creative AI","Torii","Chill","SkillPotion"],"campfire_rested":0,"item_purchase_floors":[0,0,0,13,13,13,53,53,53,53,53],"current_hp_per_floor":[61,61,61,50,48,22,22,22,22,6,6,4,7,10,10,17,67,55,58,55,55,48,48,32,65,65,65,52,52,31,34,34,22,92,93,98,95,95,99,77,79,80,80,55,55,46,46,25,67,31,114,114,117,72,7],"gold":51,"neow_bonus":"","is_daily":false,"chose_seed":false,"campfire_upgraded":1,"win_rate":0.0,"timestamp":1607777930,"path_taken":["M","?","?","M","M","E","M","?","T","E","M","E","?","AVR","R","BOSS","M","M","?","$","?","M","E","?","T","$","E","R","E","M","R","BOSS","M","M","M","?","M","E","M","E","T","E","R","M","?","M","R","BOSS","R","$","E","BOSS"],"items_purchased_type":["Card","Card","Card","Relic","Card","Card","Relic","Card","Relic","Card","Potion"],"build_version":"2020-11-30","purchased_purges":5,"victory":true,"max_hp_per_floor":[75,75,75,75,75,75,75,75,75,75,75,75,78,81,81,84,84,87,90,93,93,96,96,99,99,99,99,102,102,105,108,108,111,114,117,122,125,119,123,126,129,132,132,134,134,137,137,142,142,142,142,142,145,148,148],"relic_stats":{"Lizard Tail":0,"Singing Bowl":10,"Happy Flower":[14],"Torii":8,"counters":[70,342],"Bronze Scales":[575],"Prayer Wheel":7,"Bag of Preparation":[30],"Smiling Mask":350,"obtain_stats":[{"Ice Cream":21,"infinitespire:BottledMercury":54,"Calipers":7,"Vajra":10,"infinitespire:Cubic Diamond":2,"Bottled Tornado":53,"FrozenCore":17,"Sozu":17,"Replay:Ringing Soul":9,"Lizard Tail":24,"infinitespire:ShieldingShard":13,"MealTicket":26,"Prayer Wheel":34,"Fusion Hammer":17,"HandDrill":0,"Happy Flower":40,"Replay:Grab Bag":17,"infinitespire:Beetle Shell":10,"Guardian:PocketSentry":10,"infinitespire:EvilPickle":33,"Replay:Baseball":28,"Bottled Flame":14,"infinitespire:Lychee Nut":21,"Bird Faced Urn":0,"Bronze Scales":10,"Pandora\u0027s Box":0,"Molten Egg 2":4,"ReplayTheSpireMod:TigerMarble":2,"infinitespire:EmpoweringShard":28,"Symbiotic Virus":3,"StrikeDummy":34,"Lantern":11,"Regal Pillow":14,"Singing Bowl":26,"Torii":53,"SacredBark":17,"Blue Doll":13,"Bag of Preparation":30,"Smiling Mask":12,"Empty Cage":17,"Matryoshka":12,"Tiny Chest":21,"Red Mask":22,"Replay:Bottled Snecko":6,"Cracked Core":0,"InkBottle":23,"Potion Belt":23,"Lee\u0027s Waffle":14,"ReplayTheSpireMod:Ninjato":44,"Quantum Egg":4,"infinitespire:Joker Card":0,"Replay:WaspNest":42,"Geode":7,"Calling Bell":34,"Strange Spoon":6,"DataDisk":29,"Orrery":0,"infinitespire:Satchel":34,"Garlic":8,"Coffee Dripper":17,"infinitespire:Freezer":43},{"Ice Cream":12,"infinitespire:BottledMercury":69,"Calipers":32,"Vajra":4,"infinitespire:Cubic Diamond":1,"Bottled Tornado":68,"FrozenCore":48,"Sozu":23,"Replay:Ringing Soul":33,"Lizard Tail":53,"infinitespire:ShieldingShard":36,"MealTicket":14,"Prayer Wheel":57,"Fusion Hammer":48,"HandDrill":29,"Happy Flower":62,"Replay:Grab Bag":48,"infinitespire:Beetle Shell":20,"Guardian:PocketSentry":34,"infinitespire:EvilPickle":57,"Replay:Baseball":27,"Bottled Flame":47,"infinitespire:Lychee Nut":12,"Bird Faced Urn":29,"Bronze Scales":45,"Pandora\u0027s Box":0,"Molten Egg 2":16,"ReplayTheSpireMod:TigerMarble":30,"infinitespire:EmpoweringShard":54,"Symbiotic Virus":30,"StrikeDummy":57,"Lantern":6,"Regal Pillow":9,"Singing Bowl":53,"Torii":68,"SacredBark":10,"Blue Doll":36,"Bag of Preparation":55,"Smiling Mask":47,"Empty Cage":48,"Matryoshka":36,"Tiny Chest":25,"Red Mask":51,"Replay:Bottled Snecko":43,"Cracked Core":0,"InkBottle":13,"Potion Belt":27,"Lee\u0027s Waffle":22,"ReplayTheSpireMod:Ninjato":65,"Quantum Egg":2,"infinitespire:Joker Card":15,"Replay:WaspNest":64,"Geode":4,"Calling Bell":57,"Strange Spoon":17,"DataDisk":28,"Orrery":15,"infinitespire:Satchel":57,"Garlic":19,"Coffee Dripper":48,"infinitespire:Freezer":64},{"Ice Cream":50,"infinitespire:BottledMercury":336,"Calipers":145,"Vajra":14,"infinitespire:Cubic Diamond":2,"Bottled Tornado":332,"FrozenCore":218,"Sozu":108,"Replay:Ringing Soul":147,"Lizard Tail":246,"infinitespire:ShieldingShard":158,"MealTicket":63,"Prayer Wheel":276,"Fusion Hammer":218,"HandDrill":137,"Happy Flower":299,"Replay:Grab Bag":218,"infinitespire:Beetle Shell":87,"Guardian:PocketSentry":152,"infinitespire:EvilPickle":276,"Replay:Baseball":124,"Bottled Flame":207,"infinitespire:Lychee Nut":50,"Bird Faced Urn":137,"Bronze Scales":197,"Pandora\u0027s Box":0,"Molten Egg 2":73,"ReplayTheSpireMod:TigerMarble":139,"infinitespire:EmpoweringShard":252,"Symbiotic Virus":139,"StrikeDummy":276,"Lantern":23,"Regal Pillow":32,"Singing Bowl":246,"Torii":332,"SacredBark":41,"Blue Doll":158,"Bag of Preparation":256,"Smiling Mask":207,"Empty Cage":218,"Matryoshka":158,"Tiny Chest":114,"Red Mask":235,"Replay:Bottled Snecko":187,"Cracked Core":0,"InkBottle":56,"Potion Belt":124,"Lee\u0027s Waffle":97,"ReplayTheSpireMod:Ninjato":317,"Quantum Egg":4,"infinitespire:Joker Card":70,"Replay:WaspNest":312,"Geode":14,"Calling Bell":276,"Strange Spoon":76,"DataDisk":136,"Orrery":70,"infinitespire:Satchel":276,"Garlic":81,"Coffee Dripper":218,"infinitespire:Freezer":312}],"FrozenCore":[30]},"card_choices":[{"not_picked":["FTL","ReplayTheSpireMod:Reroute Power"],"picked":"Chill","floor":1.0},{"not_picked":["Stack","Storm"],"picked":"Coolheaded","floor":3.0},{"not_picked":["Time Bomb","Rebound"],"picked":"Turbo","floor":4.0},{"not_picked":["Barrage","Stack"],"picked":"Coolheaded","floor":5.0},{"not_picked":["Hologram","Conserve Battery"],"picked":"Meteor Strike","floor":6.0},{"not_picked":["Force Field","Go for the Eyes"],"picked":"ReplayTheSpireMod:Calculation Training","floor":7.0},{"not_picked":["Turbo","Hologram"],"picked":"Barrage","floor":10.0},{"not_picked":["Compile Driver","BasicCrystalCard"],"picked":"Hologram","floor":11.0},{"not_picked":["Tempest","Rebound"],"picked":"Turbo","floor":12.0},{"not_picked":["All For One","Electrodynamics"],"picked":"Echo Form","floor":16.0},{"not_picked":["Streamline","ReplayGash+1"],"picked":"Recycle+1","floor":18.0},{"not_picked":["Go for the Eyes","Compile Driver"],"picked":"Conserve Battery+1","floor":19.0},{"not_picked":["Coolheaded","Barrage"],"picked":"Consume","floor":22.0},{"not_picked":["Compile Driver","Leap","ReplayTheSpireMod:System Scan"],"picked":"SKIP","floor":23.0},{"not_picked":["Consume","Leap"],"picked":"Hyperbeam","floor":24.0},{"not_picked":["Steam Power","Genetic Algorithm"],"picked":"Cold Snap","floor":28.0},{"not_picked":["Panic Button+1","Consume"],"picked":"Loop","floor":30.0},{"not_picked":["Ball Lightning","Redo"],"picked":"Coolheaded","floor":31.0},{"not_picked":["Hyperbeam","ReplayRNGCard"],"picked":"Electrodynamics","floor":33.0},{"not_picked":["Redo+1","Stack"],"picked":"Coolheaded+1","floor":35.0},{"not_picked":["Coolheaded+1","Ball Lightning"],"picked":"White Noise+1","floor":35.0},{"not_picked":["Stack+1","Conserve Battery","Barrage"],"picked":"Singing Bowl","floor":36.0},{"not_picked":["Auto Shields+1","Skim"],"picked":"Blizzard+1","floor":36.0},{"not_picked":["Compile Driver","Reprogram"],"picked":"Fission","floor":37.0},{"not_picked":["Beam Cell","Hologram"],"picked":"Panic Button+1","floor":37.0},{"not_picked":["Leap","Steam+1","Sweeping Beam+1"],"picked":"Singing Bowl","floor":39.0},{"not_picked":["Go for the Eyes","Compile Driver","Redo"],"picked":"Singing Bowl","floor":39.0},{"not_picked":["Stack","Leap"],"picked":"Seek","floor":40.0},{"not_picked":["BasicCrystalCard","Hologram"],"picked":"Barrage+1","floor":41.0},{"not_picked":["Static Discharge","Compile Driver"],"picked":"Hello World+1","floor":41.0},{"not_picked":["Panic Button","Fission"],"picked":"FIFO Queue+1","floor":42.0},{"not_picked":["All For One","Consume","Rebound+1"],"picked":"Singing Bowl","floor":44.0},{"not_picked":["Steam+1","ReplayTheSpireMod:Calculation Training+1"],"picked":"Chill","floor":46.0},{"not_picked":["Streamline+1","Conserve Battery+1"],"picked":"Storm","floor":46.0},{"not_picked":["Conserve Battery","BasicCrystalCard","All For One"],"picked":"Singing Bowl","floor":48.0},{"not_picked":["ReplaySolidLightProjector+1","Hologram+1"],"picked":"Ball Lightning+1","floor":48.0},{"not_picked":["Redo","Time Bomb+1"],"picked":"Storm+1","floor":54.0}],"player_experience":945080,"relics_obtained":[{"floor":6.0,"key":"Replay:Bottled Snecko"},{"floor":10.0,"key":"Bronze Scales"},{"floor":12.0,"key":"Smiling Mask"},{"floor":22.0,"key":"Red Mask"},{"floor":24.0,"key":"Lizard Tail"},{"floor":26.0,"key":"Singing Bowl"},{"floor":28.0,"key":"infinitespire:EmpoweringShard"},{"floor":30.0,"key":"Bag of Preparation"},{"floor":34.0,"key":"infinitespire:Satchel"},{"floor":34.0,"key":"StrikeDummy"},{"floor":34.0,"key":"Prayer Wheel"},{"floor":40.0,"key":"Happy Flower"},{"floor":42.0,"key":"Replay:WaspNest"},{"floor":43.0,"key":"infinitespire:Freezer"},{"floor":44.0,"key":"ReplayTheSpireMod:Ninjato"},{"floor":54.0,"key":"infinitespire:BottledMercury"}],"event_choices":[{"damage_healed":0.0,"max_hp_gain":0.0,"max_hp_loss":0.0,"gold_gain":0.0,"event_name":"Lab","player_choice":"Got Potions","floor":2.0,"gold_loss":0.0,"damage_taken":0.0},{"cards_removed":["Defend_B"],"damage_healed":0.0,"max_hp_gain":0.0,"max_hp_loss":0.0,"gold_gain":0.0,"event_name":"Bonfire Elementals","player_choice":"Offered Basic","floor":8.0,"gold_loss":0.0,"damage_taken":0.0},{"damage_healed":0.0,"max_hp_gain":0.0,"max_hp_loss":0.0,"gold_gain":0.0,"event_name":"Nest","player_choice":"Joined the Cult","floor":20.0,"gold_loss":0.0,"damage_taken":6.0,"cards_obtained":["RitualDagger"]},{"damage_healed":0.0,"max_hp_gain":0.0,"max_hp_loss":0.0,"gold_gain":0.0,"event_name":"Masked Bandits","player_choice":"Fought Bandits","floor":22.0,"gold_loss":0.0,"damage_taken":0.0},{"damage_healed":33.0,"max_hp_gain":0.0,"max_hp_loss":0.0,"gold_gain":0.0,"event_name":"The Library","player_choice":"Heal","floor":25.0,"gold_loss":0.0,"damage_taken":0.0},{"damage_healed":0.0,"max_hp_gain":0.0,"max_hp_loss":6.0,"gold_gain":0.0,"event_name":"Winding Halls","player_choice":"Max HP","floor":38.0,"gold_loss":0.0,"damage_taken":0.0},{"cards_removed":["Seek"],"damage_healed":0.0,"max_hp_gain":0.0,"max_hp_loss":0.0,"gold_gain":0.0,"event_name":"Falling","player_choice":"Removed Skill","floor":47.0,"gold_loss":0.0,"damage_taken":0.0}],"is_beta":false,"boss_relics":[{"not_picked":["Snecko Heart","Tiny House"],"picked":"Replay:Grab Bag"},{"not_picked":["Philosopher\u0027s Stone","Cursed Key"],"picked":"Coffee Dripper"},{"not_picked":["ChewingGum","Velvet Choker"],"picked":"Fusion Hammer"},{"not_picked":["Inserter","SacredBark"],"picked":"FrozenCore"},{"not_picked":["Kintsugi","ReplayTheSpireMod:SealedPack"],"picked":"Empty Cage"},{"not_picked":["ReplayTheSpireMod:DimensionalGlitch","Replay:Drink Me"],"picked":"Calling Bell"}],"items_purged_floors":[0,13,21,27,53],"is_endless":false,"potions_floor_spawned":[1,5,10,11,16,19,22,28,30,35,39,42],"ascension_level":10}}