{"host":"y76clbnovzmw9ubx","time":1607784424,"event":{"mods":["AchievementEnabler","BaseMod","Minty Spire (QoL Compilation)","Permanent Neow","Relic Stats"],"gold_per_floor":[113,113,32,52,66,66,85,112,112,143,153,177,177,198,198,291,291,312,145,168,2,25,66,66,66,66],"floor_reached":25,"playtime":2799,"items_purged":[],"score":466,"play_id":"058229ca-1fc9-4347-bb1b-bfc8d76e3b89","local_time":"20201212094704","is_ascension_mode":true,"campfire_choices":[{"data":"Recycle","floor":6,"key":"SMITH"},{"floor":15,"key":"REST"},{"floor":24,"key":"REST"}],"circlet_count":0,"master_deck":["AscendersBane","Strike_B","Defend_B","Defend_B","Zap","Dualcast","Go for the Eyes","Doom and Gloom","Cold Snap","Ball Lightning","Leap","Lockon","Recycle+1","Coolheaded","Sweeping Beam","Sunder","Echo Form","FTL+1","Consume+1","Auto Shields+1","Capacitor","Tempest","Defragment","Fusion","Capacitor+1"],"relics":["Cracked Core","Art of War","Anchor","Cables","Odd Mushroom","Golden Idol","Astrolabe","PreservedInsect","Toy Ornithopter"],"acts_visited":["Exordium","TheCity"],"potions_floor_usage":[10,12,16,25],"damage_taken":[{"damage":7,"enemies":"Jaw Worm","floor":1,"turns":3},{"damage":5,"enemies":"Small Slimes","floor":4,"turns":2},{"damage":0,"enemies":"2 Louse","floor":5,"turns":2},{"damage":0,"enemies":"Blue Slaver","floor":7,"turns":3},{"damage":16,"enemies":"Lagavulin","floor":8,"turns":6},{"damage":3,"enemies":"3 Sentries","floor":10,"turns":4},{"damage":2,"enemies":"Red Slaver","floor":11,"turns":3},{"damage":0,"enemies":"The Mushroom Lair","floor":12,"turns":2},{"damage":0,"enemies":"2 Fungi Beasts","floor":14,"turns":2},{"damage":16,"enemies":"Hexaghost","floor":16,"turns":8},{"damage":0,"enemies":"3 Byrds","floor":18,"turns":4},{"damage":3,"enemies":"Shell Parasite","floor":20,"turns":6},{"damage":13,"enemies":"Chosen and Byrds","floor":22,"turns":5},{"damage":34,"enemies":"Gremlin Leader","floor":23,"turns":7},{"damage":27,"enemies":"Slavers","floor":25,"turns":2}],"seed_played":"-2076435570723059274","potions_obtained":[{"floor":7,"key":"Strength Potion"},{"floor":8,"key":"Explosive Potion"},{"floor":11,"key":"BlessingOfTheForge"},{"floor":14,"key":"Block Potion"},{"floor":18,"key":"LiquidBronze"},{"floor":23,"key":"LiquidMemories"}],"is_trial":false,"path_per_floor":["M","?","$","M","M","R","M","E","T","E","M","?","?","M","R","B",null,"M","$","M","$","M","E","R","E"],"character_chosen":"DEFECT","items_purchased":["Ball Lightning","Leap","PreservedInsect","Defragment","Fusion"],"campfire_rested":2,"item_purchase_floors":[3,3,19,21,21],"current_hp_per_floor":[39,39,39,34,34,34,34,18,18,15,13,13,13,13,32,16,52,52,52,49,49,36,2,21,0,0],"gold":66,"neow_bonus":"TRANSFORM_TWO_CARDS","is_daily":false,"chose_seed":false,"campfire_upgraded":1,"win_rate":0.0,"timestamp":1607784424,"path_taken":["M","?","$","M","M","R","M","E","T","E","M","?","?","M","R","BOSS","M","$","M","$","M","E","R","E"],"items_purchased_type":["Card","Card","Relic","Card","Card"],"build_version":"2020-11-30","purchased_purges":0,"victory":false,"max_hp_per_floor":[71,71,71,71,71,71,71,71,71,71,71,71,64,64,64,64,64,64,64,64,64,64,64,64,64,64],"relic_stats":{"counters":[15,59],"Golden Idol":45,"Astrolabe":["FTL","Consume","Auto Shields"],"PreservedInsect":91,"Art of War":[5],"obtain_stats":[{"Anchor":9,"Golden Idol":13,"Astrolabe":17,"PreservedInsect":19,"Art of War":8,"Odd Mushroom":12,"Cracked Core":0,"Toy Ornithopter":23,"Cables":10},{"Anchor":5,"Golden Idol":8,"Astrolabe":10,"PreservedInsect":11,"Art of War":5,"Odd Mushroom":8,"Cracked Core":0,"Toy Ornithopter":14,"Cables":6},{"Anchor":16,"Golden Idol":25,"Astrolabe":35,"PreservedInsect":39,"Art of War":16,"Odd Mushroom":25,"Cracked Core":0,"Toy Ornithopter":57,"Cables":20}],"Toy Ornithopter":5,"Cables":[36,23,9,3,1]},"card_choices":[{"not_picked":["Stack","Gash"],"picked":"Cold Snap","floor":1},{"not_picked":["Darkness","FTL"],"picked":"Lockon","floor":4},{"not_picked":["Consume","Hologram"],"picked":"Recycle","floor":5},{"not_picked":["Beam Cell","Redo","Reprogram"],"picked":"SKIP","floor":7},{"not_picked":["Scrape","Buffer"],"picked":"Coolheaded","floor":8},{"not_picked":["Stack","Turbo","Steam"],"picked":"SKIP","floor":10},{"not_picked":["Gash","Chaos","Ball Lightning"],"picked":"SKIP","floor":11},{"not_picked":["Go for the Eyes","Heatsinks"],"picked":"Sweeping Beam","floor":12},{"not_picked":["White Noise","Gash"],"picked":"Sunder","floor":14},{"not_picked":["Machine Learning","Core Surge"],"picked":"Echo Form","floor":16},{"not_picked":["Redo","Darkness"],"picked":"Capacitor","floor":18},{"not_picked":["Steam","Leap+1"],"picked":"Tempest","floor":20},{"not_picked":["Sweeping Beam+1","Rebound","Steam"],"picked":"SKIP","floor":22},{"not_picked":["Chaos","Machine Learning"],"picked":"Capacitor+1","floor":23}],"player_experience":2823499,"relics_obtained":[{"floor":8,"key":"Art of War"},{"floor":9,"key":"Anchor"},{"floor":10,"key":"Cables"},{"floor":12,"key":"Odd Mushroom"},{"floor":23,"key":"Toy Ornithopter"}],"event_choices":[{"damage_healed":0,"gold_gain":0,"player_choice":"Fled","damage_taken":0,"max_hp_gain":0,"max_hp_loss":0,"event_name":"Scrap Ooze","floor":2,"gold_loss":0},{"damage_healed":0,"gold_gain":0,"player_choice":"Fought Mushrooms","damage_taken":0,"max_hp_gain":0,"max_hp_loss":0,"event_name":"Mushrooms","floor":12,"gold_loss":0},{"damage_healed":0,"gold_gain":0,"player_choice":"Lose Max HP","damage_taken":0,"relics_obtained":["Golden Idol"],"max_hp_gain":0,"max_hp_loss":7,"event_name":"Golden Idol","floor":13,"gold_loss":0}],"is_beta":false,"boss_relics":[{"not_picked":["Empty Cage","Black Star"],"picked":"Astrolabe"}],"items_purged_floors":[],"is_endless":false,"potions_floor_spawned":[7,8,11,14,18,23],"killed_by":"Slavers","ascension_level":20}}