{"host":"aovv4e73998kgan0","time":1607816527,"event":{"mods":["BaseMod","Minty Spire (QoL Compilation)","StSLib"],"gold_per_floor":[112,112,44,61,81,113,113,128,128,158,171,190,217,228,228,329,329,341,146,158,158,9,9,19,19,46,64,76,8,8,18,18,120,120,137,155,166,6,24,57,57,21,48,48,48,48,59,76,76,76],"floor_reached":51,"playtime":6948,"items_purged":["Strike_B","Strike_B"],"score":728,"play_id":"95d05435-f8da-42d3-b992-ceaa0efce32e","local_time":"20201212184207","is_ascension_mode":false,"campfire_choices":[{"data":"Dualcast","floor":7.0,"key":"SMITH"},{"floor":15.0,"key":"REST"},{"data":"Echo Form","floor":23.0,"key":"SMITH"},{"data":"Defragment","floor":25.0,"key":"SMITH"},{"floor":32.0,"key":"REST"},{"floor":41.0,"key":"REST"},{"data":"Hologram","floor":45,"key":"SMITH"},{"data":"Defragment","floor":49,"key":"SMITH"}],"circlet_count":0,"master_deck":["Defend_B","Defend_B","Defend_B","Zap+1","Dualcast+1","Capacitor","Barrage","Coolheaded","Ball Lightning","Beam Cell+1","Undo","Cold Snap","Rebound","Echo Form+1","Hologram+1","Go for the Eyes","Compile Driver","Defragment+1","Lockon+1","Coolheaded","Electrodynamics","Chill","Loop","Blizzard","Leap","Consume","Steam","Glacier+1","Sunder","Glacier","Stack","Reinforced Body","Conserve Battery+1","Amplify","Conserve Battery","Steam","Electrodynamics","White Noise+1","Sunder+1","FTL+1","Steam","Steam+1","Beam Cell+1","BootSequence","Chaos","Capacitor","Flash of Steel","Double Energy","Aggregate+1","Aggregate","Defragment+1","Recycle+1"],"relics":["Cracked Core","NlothsMask","Prayer Wheel","Cables","Lantern","Runic Pyramid","Strawberry","Astrolabe","Whetstone","Centennial Puzzle"],"acts_visited":["Exordium","TheCity","TheBeyond"],"potions_floor_usage":[50,50],"damage_taken":[{"damage":1.0,"enemies":"Jaw Worm","floor":1.0,"turns":2.0},{"damage":0.0,"enemies":"Cultist","floor":4.0,"turns":4.0},{"damage":6.0,"enemies":"2 Louse","floor":5.0,"turns":2.0},{"damage":22.0,"enemies":"3 Sentries","floor":6.0,"turns":6.0},{"damage":0.0,"enemies":"Large Slime","floor":8.0,"turns":4.0},{"damage":16.0,"enemies":"Lagavulin","floor":10.0,"turns":5.0},{"damage":0.0,"enemies":"Looter","floor":11.0,"turns":3.0},{"damage":0.0,"enemies":"Exordium Thugs","floor":12.0,"turns":4.0},{"damage":10.0,"enemies":"Gremlin Nob","floor":13.0,"turns":4.0},{"damage":11.0,"enemies":"Exordium Wildlife","floor":14.0,"turns":4.0},{"damage":4.0,"enemies":"Hexaghost","floor":16.0,"turns":8.0},{"damage":11.0,"enemies":"Spheric Guardian","floor":18.0,"turns":4.0},{"damage":10.0,"enemies":"Shell Parasite","floor":20.0,"turns":6.0},{"damage":33.0,"enemies":"Snake Plant","floor":24.0,"turns":5.0},{"damage":0.0,"enemies":"Cultist and Chosen","floor":27.0,"turns":6.0},{"damage":2.0,"enemies":"Shelled Parasite and Fungi","floor":28.0,"turns":6.0},{"damage":0.0,"enemies":"3 Cultists","floor":31.0,"turns":5.0},{"damage":12.0,"enemies":"Automaton","floor":33.0,"turns":12.0},{"damage":4.0,"enemies":"Orb Walker","floor":35.0,"turns":6.0},{"damage":8.0,"enemies":"3 Shapes","floor":36.0,"turns":4.0},{"damage":21.0,"enemies":"Jaw Worm Horde","floor":37.0,"turns":5.0},{"damage":16.0,"enemies":"Spire Growth","floor":39.0,"turns":5.0},{"damage":26.0,"enemies":"Nemesis","floor":40.0,"turns":9.0},{"damage":2,"enemies":"3 Darklings","floor":47,"turns":6},{"damage":11,"enemies":"Maw","floor":48,"turns":7},{"damage":56,"enemies":"Time Eater","floor":50,"turns":12}],"seed_played":"-8160841102139087264","potions_obtained":[{"floor":1.0,"key":"LiquidBronze"},{"floor":4.0,"key":"FocusPotion"},{"floor":6.0,"key":"EssenceOfDarkness"},{"floor":16.0,"key":"ColorlessPotion"},{"floor":20.0,"key":"Fruit Juice"},{"floor":27.0,"key":"DistilledChaos"},{"floor":40.0,"key":"Dexterity Potion"},{"floor":48,"key":"LiquidMemories"}],"is_trial":false,"path_per_floor":["M","?","$","M","M","E","R","M","T","E","M","M","E","M","R","B",null,"M","$","M","?","$","R","M","R","T","M","M","$","?","M","R","B",null,"M","M","M","$","M","E","R","$","T","?","R","$","M","M","R","B",null],"character_chosen":"DEFECT","items_purchased":["Barrage","Coolheaded","Loop","Blizzard","Steam","Amplify","Capacitor","Flash of Steel","Aggregate"],"campfire_rested":3,"item_purchase_floors":[3,3,19,19,22,29,38,38,42],"current_hp_per_floor":[74,74,74,74,68,46,46,46,46,30,30,30,20,9,31,27,75,64,64,59,59,59,59,26,26,33,33,31,31,14,14,41,29,92,88,80,59,59,43,17,44,44,44,80,80,80,78,67,67,11],"gold":76,"neow_bonus":"UPGRADE_CARD","is_daily":false,"chose_seed":false,"campfire_upgraded":5,"win_rate":0.0,"timestamp":1607816527,"path_taken":["M","?","$","M","M","E","R","?","T","E","M","M","E","M","R","BOSS","M","$","?","?","$","R","M","R","T","M","M","$","?","M","R","BOSS","M","M","M","$","M","E","R","$","T","?","R","$","M","M","R","BOSS"],"items_purchased_type":["Card","Card","Card","Card","Card","Card","Card","Card","Card"],"build_version":"2020-11-30","purchased_purges":2,"victory":true,"max_hp_per_floor":[75,75,75,75,75,75,75,75,75,75,75,75,75,75,75,75,75,75,75,80,80,80,80,80,80,87,87,87,87,92,92,92,92,92,92,92,92,92,92,92,92,92,92,80,80,80,80,80,80,80],"card_choices":[{"not_picked":["Force Field","Barrage"],"picked":"Capacitor","floor":1.0},{"not_picked":["Hologram","Compile Driver"],"picked":"Ball Lightning","floor":4.0},{"not_picked":["Barrage","Lockon"],"picked":"Beam Cell","floor":5.0},{"not_picked":["Compile Driver","Storm"],"picked":"Undo","floor":6.0},{"not_picked":["Compile Driver","Streamline"],"picked":"Cold Snap","floor":8.0},{"not_picked":["Scrape","Undo","Rebound"],"picked":"SKIP","floor":8.0},{"not_picked":["Scrape","Undo"],"picked":"Rebound","floor":8.0},{"not_picked":["Gash","Doom and Gloom"],"picked":"Echo Form","floor":10.0},{"not_picked":["Sweeping Beam","Coolheaded"],"picked":"Hologram","floor":11.0},{"not_picked":["Ball Lightning","Beam Cell"],"picked":"Go for the Eyes","floor":11.0},{"not_picked":["Steam Power","Hologram"],"picked":"Compile Driver","floor":12.0},{"not_picked":["Recycle","Storm"],"picked":"Defragment","floor":12.0},{"not_picked":["Scrape","Reinforced Body"],"picked":"Lockon","floor":13.0},{"not_picked":["Hologram","Ball Lightning"],"picked":"Coolheaded","floor":14.0},{"not_picked":["Hyperbeam","Coolheaded","Darkness"],"picked":"SKIP","floor":14.0},{"not_picked":["Multi-Cast","Seek"],"picked":"Electrodynamics","floor":16.0},{"not_picked":["Force Field","Stack"],"picked":"Chill","floor":18.0},{"not_picked":["Stack","Compile Driver+1","Rebound"],"picked":"SKIP","floor":18.0},{"not_picked":["Streamline+1","Beam Cell"],"picked":"Leap","floor":20.0},{"not_picked":["Tempest+1","FTL","Steam Power"],"picked":"SKIP","floor":20.0},{"not_picked":["Undo+1","Sweeping Beam"],"picked":"Glacier+1","floor":24.0},{"not_picked":["Doom and Gloom","Lockon"],"picked":"Sunder","floor":24.0},{"not_picked":["Scrape","Streamline+1"],"picked":"Glacier","floor":27.0},{"not_picked":["Heatsinks","Sweeping Beam"],"picked":"Stack","floor":27.0},{"not_picked":["Sweeping Beam","Hologram"],"picked":"Reinforced Body","floor":28.0},{"not_picked":["Tempest","Heatsinks+1"],"picked":"Conserve Battery+1","floor":28.0},{"not_picked":["Stack","Chaos"],"picked":"Conserve Battery","floor":31.0},{"not_picked":["Capacitor","Sunder"],"picked":"Steam","floor":31.0},{"not_picked":["Core Surge","Meteor Strike"],"picked":"Electrodynamics","floor":33.0},{"not_picked":["Rebound+1","Undo"],"picked":"Steam","floor":35.0},{"not_picked":["Doom and Gloom+1","Stack","Loop+1"],"picked":"SKIP","floor":35.0},{"not_picked":["Gash+1","Streamline"],"picked":"Steam+1","floor":36.0},{"not_picked":["Rip and Tear+1","Compile Driver+1"],"picked":"Beam Cell+1","floor":36.0},{"not_picked":["Beam Cell+1","Hello World"],"picked":"BootSequence","floor":37.0},{"not_picked":["Beam Cell+1","FTL+1"],"picked":"Chaos","floor":37.0},{"not_picked":["Consume+1","Cold Snap+1"],"picked":"Double Energy","floor":39.0},{"not_picked":["Stack+1","Conserve Battery"],"picked":"Aggregate+1","floor":39.0},{"not_picked":["Doom and Gloom","Go for the Eyes+1","Hyperbeam"],"picked":"SKIP","floor":40.0},{"not_picked":["Undo","Compile Driver+1"],"picked":"Defragment","floor":47},{"not_picked":["Cold Snap+1","Go for the Eyes","Ball Lightning+1"],"picked":"SKIP","floor":47},{"not_picked":["Genetic Algorithm+1","Compile Driver"],"picked":"Recycle+1","floor":48},{"not_picked":["Double Energy","Redo","Consume+1"],"picked":"SKIP","floor":48}],"player_experience":118511,"relics_obtained":[{"floor":6.0,"key":"Prayer Wheel"},{"floor":10.0,"key":"Cables"},{"floor":13.0,"key":"Lantern"},{"floor":26.0,"key":"Strawberry"},{"floor":40.0,"key":"Whetstone"},{"floor":43.0,"key":"Centennial Puzzle"}],"event_choices":[{"damage_healed":0.0,"max_hp_gain":0.0,"max_hp_loss":0.0,"gold_gain":0.0,"event_name":"FaceTrader","player_choice":"Trade","floor":2.0,"gold_loss":0.0,"damage_taken":0.0,"relics_obtained":["NlothsMask"]},{"damage_healed":0.0,"max_hp_gain":0.0,"max_hp_loss":0.0,"gold_gain":0.0,"event_name":"The Library","player_choice":"Read","floor":21.0,"gold_loss":0.0,"damage_taken":0.0,"cards_obtained":["Consume"]},{"damage_healed":0.0,"max_hp_gain":5.0,"max_hp_loss":0.0,"gold_gain":0.0,"event_name":"Forgotten Altar","player_choice":"Shed Blood","floor":30.0,"gold_loss":0.0,"damage_taken":22.0},{"damage_healed":80.0,"max_hp_gain":0.0,"max_hp_loss":12.0,"gold_gain":0.0,"event_name":"The Moai Head","player_choice":"Heal","floor":44.0,"gold_loss":0.0,"damage_taken":0.0}],"is_beta":false,"boss_relics":[{"not_picked":["Empty Cage","Calling Bell"],"picked":"Runic Pyramid"},{"not_picked":["Sozu","Velvet Choker"],"picked":"Astrolabe"}],"items_purged_floors":[19,22],"is_endless":false,"potions_floor_spawned":[1,4,6,16,20,27,40,48],"ascension_level":0}}