{"host":"4qin5krp9hszysdc","time":1607758307,"event":{"mods":["AchievementEnabler","BaseMod","BetterRewards","Infinite Spire","Minty Spire (QoL Compilation)","Quick Restart","StSLib"],"gold_per_floor":[136,150,150,166,166,223,236,289,289,289,306,364,364,439,439,562,562,599,617,627,627,430,448,461,488,488,488,518,518,578,623,623,720,720,739,739,783,834,849,881,881,908,934,934,934,809,840,875,875,875,875,875,57,116,116],"floor_reached":56,"playtime":2903,"items_purged":["Strike_G","Defend_G","Defend_G","Well Laid Plans"],"score":3023,"play_id":"8460987f-1463-46dd-8c31-52710cb559c5","local_time":"20201212023147","is_ascension_mode":true,"campfire_choices":[{"data":"Sadistic Nature","floor":13,"key":"SMITH"},{"data":"Neutralize","floor":15,"key":"SMITH"},{"data":"1","floor":29,"key":"LIFT"},{"data":"2","floor":32,"key":"LIFT"},{"data":"3","floor":41,"key":"LIFT"},{"floor":45,"key":"RECALL"},{"floor":49,"key":"DIG"},{"floor":52,"key":"DIG"}],"circlet_count":0,"master_deck":["AscendersBane","Survivor","Neutralize+1","Well Laid Plans+1","Cloak And Dagger+1","Footwork+1","Acrobatics+1","Prepared+1","Calculated Gamble+1","Sadistic Nature+1","HandOfGreed+1","Dagger Throw+1","Prepared+1","Finesse+1","Slice+1","Crippling Poison+1","Backflip+1","Flechettes+1","Deadly Poison+1","Concentrate+1","Corpse Explosion+1","Backflip+1","Burst+1","Glass Knife+1","PiercingWail+1","Malaise+1","Storm of Steel+1","Leg Sweep+1","Bane+1","Flying Knee+1","Blur+1","Backflip+1","Catalyst+1","Backflip+1","Trip+1","Blur+1","Bane+1","Doppelganger+1","Acrobatics+1","Catalyst+1","Venomology+1","infinitespire:Neurotoxin+1","Tactician+1","Catalyst+1","Outmaneuver+1","Panacea+1","Good Instincts+1","Catalyst+1","infinitespire:Neurotoxin+1","Wraith Form v2","Blur+1"],"relics":["Ring of the Snake","Lizard Tail","Prayer Wheel","Tough Bandages","infinitespire:FocusingShard","TwistedFunnel","infinitespire:Golems Mask","Toxic Egg 2","Ice Cream","Lee\u0027s Waffle","StoneCalendar","TungstenRod","The Specimen","infinitespire:Lychee Nut","Incense Burner","Girya","Molten Egg 2","Turnip","CaptainsWheel","infinitespire:CheckeredPen","Bird Faced Urn","Thread and Needle","FossilizedHelix","Astrolabe","Blue Candle","Gambling Chip","infinitespire:Lucky Rock","infinitespire:EmpoweringShard","Black Star","Orichalcum","Shovel","Snake Skull","infinitespire:Satchel","Question Card","Meat on the Bone","Mango","HornCleat","Bottled Flame","infinitespire:BottledMercury","Bag of Marbles","Mummified Hand","DollysMirror","infinitespire:Joker Card","InkBottle"],"acts_visited":["Exordium","TheCity","TheBeyond","TheEnding"],"potions_floor_usage":[31,35,39,40,42,47,48,50,54,55,55],"damage_taken":[{"damage":0,"enemies":"2 Louse","floor":1,"turns":2},{"damage":0,"enemies":"Small Slimes","floor":2,"turns":2},{"damage":0,"enemies":"Cultist","floor":4,"turns":2},{"damage":0,"enemies":"Gremlin Nob","floor":6,"turns":3},{"damage":8,"enemies":"Exordium Wildlife","floor":7,"turns":2},{"damage":0,"enemies":"Lagavulin","floor":8,"turns":4},{"damage":0,"enemies":"Blue Slaver","floor":11,"turns":2},{"damage":0,"enemies":"3 Sentries","floor":12,"turns":4},{"damage":0,"enemies":"The Guardian","floor":16,"turns":6},{"damage":0,"enemies":"Chosen","floor":18,"turns":4},{"damage":0,"enemies":"Shell Parasite","floor":19,"turns":4},{"damage":0,"enemies":"Snake Plant","floor":20,"turns":2},{"damage":0,"enemies":"Centurion and Healer","floor":23,"turns":2},{"damage":0,"enemies":"Sentry and Sphere","floor":24,"turns":4},{"damage":0,"enemies":"Gremlin Leader","floor":25,"turns":5},{"damage":0,"enemies":"Book of Stabbing","floor":28,"turns":4},{"damage":0,"enemies":"Gremlin Leader","floor":30,"turns":4},{"damage":0,"enemies":"Snecko","floor":31,"turns":3},{"damage":0,"enemies":"Automaton","floor":33,"turns":6},{"damage":0,"enemies":"3 Darklings","floor":35,"turns":2},{"damage":0,"enemies":"3 Shapes","floor":37,"turns":3},{"damage":0,"enemies":"2 Orb Walkers","floor":38,"turns":3},{"damage":0,"enemies":"Writhing Mass","floor":39,"turns":2},{"damage":0,"enemies":"Giant Head","floor":40,"turns":3},{"damage":0,"enemies":"Reptomancer","floor":42,"turns":3},{"damage":0,"enemies":"Nemesis","floor":47,"turns":3},{"damage":0,"enemies":"Sphere and 2 Shapes","floor":48,"turns":4},{"damage":0,"enemies":"Time Eater","floor":50,"turns":8},{"damage":0,"enemies":"Shield and Spear","floor":54,"turns":2},{"damage":7,"enemies":"The Heart","floor":55,"turns":6}],"seed_played":"3440250818782837426","potions_obtained":[{"floor":2,"key":"Weak Potion"},{"floor":8,"key":"AttackPotion"},{"floor":11,"key":"SpeedPotion"},{"floor":35,"key":"infinitespire:BlackPotion"},{"floor":48,"key":"DuplicationPotion"}],"is_trial":false,"path_per_floor":["M","M","?","M","?","E","M","E","T","?","M","E","R","?","R","B",null,"M","M","M","?","$","M","M","E","T","?","E","R","E","M","R","B",null,"M","?","M","?","M","E","R","E","T","?","R","$","E","M","R","B",null,"R","$","E","B",null],"character_chosen":"THE_SILENT","items_purchased":["Lizard Tail","Tough Bandages","infinitespire:FocusingShard","TwistedFunnel","Well Laid Plans","Toxic Egg 2","Lee\u0027s Waffle","Cloak And Dagger+1","Footwork","TungstenRod","The Specimen","Acrobatics+1","Prepared+1","Well Laid Plans","Calculated Gamble+1","Sadistic Nature","Molten Egg 2","HandOfGreed+1","Dagger Throw+1","Prepared+1","Finesse+1","Trip+1","Bag of Marbles","Mummified Hand","DollysMirror","Wraith Form v2"],"campfire_rested":0,"item_purchase_floors":[0,0,0,0,0,0,0,0,0,0,0,0,0,0,0,0,0,0,0,0,0,22,53,53,53,53],"current_hp_per_floor":[57,57,51,54,44,49,44,50,50,55,62,62,62,52,52,62,62,62,62,62,62,62,62,62,62,62,62,62,62,62,62,62,62,62,62,62,62,62,62,62,62,62,62,53,53,53,75,76,76,76,76,76,76,76,69],"gold":116,"neow_bonus":"","is_daily":false,"chose_seed":false,"campfire_upgraded":2,"win_rate":0.0,"timestamp":1607758307,"path_taken":["M","M","?","M","?","E","M","E","T","?","M","E","R","?","R","BOSS","M","M","M","?","$","?","M","E","T","?","E","R","E","M","R","BOSS","M","?","?","?","M","E","R","E","T","?","R","$","E","M","R","BOSS","R","$","E","BOSS"],"items_purchased_type":["Relic","Relic","Relic","Relic","Card","Relic","Relic","Card","Card","Relic","Relic","Card","Card","Card","Card","Card","Relic","Card","Card","Card","Card","Card","Relic","Relic","Relic","Card"],"build_version":"2020-11-30","purchased_purges":4,"victory":true,"max_hp_per_floor":[57,57,57,57,57,57,57,57,57,62,62,62,62,62,62,62,62,62,62,62,62,62,62,62,62,62,62,62,62,62,62,62,62,62,62,62,62,62,62,62,62,62,62,62,62,62,76,76,76,76,76,76,76,76,76],"card_choices":[{"not_picked":["Backstab+1","Flying Knee+1"],"picked":"Slice+1","floor":1},{"not_picked":["Poisoned Stab+1","Terror+1","Crippling Poison+1"],"picked":"SKIP","floor":1},{"not_picked":["Poisoned Stab+1","Terror+1"],"picked":"Crippling Poison+1","floor":1},{"not_picked":["Distraction+1","Cloak And Dagger+1"],"picked":"Backflip+1","floor":2},{"not_picked":["Infinite Blades","Acrobatics+1"],"picked":"Flechettes+1","floor":2},{"not_picked":["Skewer+1","Acrobatics+1"],"picked":"Deadly Poison+1","floor":4},{"not_picked":["Acrobatics+1","Flying Knee+1"],"picked":"Concentrate+1","floor":4},{"not_picked":["Riddle With Holes+1","Distraction+1"],"picked":"Corpse Explosion+1","floor":6},{"not_picked":["Cloak And Dagger+1","Sucker Punch+1"],"picked":"Backflip+1","floor":7},{"not_picked":["Poisoned Stab+1","Concentrate+1","Blade Dance+1"],"picked":"SKIP","floor":7},{"not_picked":["Outmaneuver+1","Slice+1"],"picked":"Burst+1","floor":8},{"not_picked":["Masterful Stab+1","Well Laid Plans"],"picked":"Glass Knife+1","floor":11},{"not_picked":["Endless Agony+1","Dash+1","Acrobatics+1"],"picked":"SKIP","floor":11},{"not_picked":["Deflect+1","Blade Dance+1"],"picked":"PiercingWail+1","floor":12},{"not_picked":["Grand Finale+1","Envenom"],"picked":"Malaise+1","floor":16},{"not_picked":["PiercingWail+1","Concentrate+1"],"picked":"Flying Knee+1","floor":18},{"not_picked":["Reflex+1","Flying Knee+1"],"picked":"Blur+1","floor":18},{"not_picked":["Slice+1","Crippling Poison+1"],"picked":"Backflip+1","floor":19},{"not_picked":["Blade Dance+1","Sucker Punch+1"],"picked":"Catalyst+1","floor":19},{"not_picked":["Quick Slash+1","Sucker Punch+1"],"picked":"Backflip+1","floor":20},{"not_picked":["Masterful Stab+1","Well Laid Plans","All Out Attack+1"],"picked":"SKIP","floor":20},{"not_picked":["Die Die Die+1","Well Laid Plans"],"picked":"Blur+1","floor":23},{"not_picked":["Choke+1","Dagger Spray+1"],"picked":"Bane+1","floor":23},{"not_picked":["Flying Knee+1","Flechettes+1","Footwork"],"picked":"SKIP","floor":24},{"not_picked":["Bane+1","Well Laid Plans+1","Endless Agony+1"],"picked":"SKIP","floor":24},{"not_picked":["Masterful Stab+1","Backflip+1","Dodge and Roll+1"],"picked":"SKIP","floor":25},{"not_picked":["Die Die Die+1","Quick Slash+1","Cloak And Dagger+1"],"picked":"SKIP","floor":28},{"not_picked":["Quick Slash+1","Well Laid Plans","Dagger Throw+1"],"picked":"SKIP","floor":30},{"not_picked":["Dagger Throw+1","Blade Dance+1"],"picked":"Catalyst+1","floor":31},{"not_picked":["Setup+1","Deflect+1"],"picked":"Venomology+1","floor":31},{"not_picked":["Burst+1","A Thousand Cuts"],"picked":"infinitespire:Neurotoxin+1","floor":33},{"not_picked":["Backstab+1","Acrobatics+1"],"picked":"Tactician+1","floor":35},{"not_picked":["Expertise+1","Backflip+1","Underhanded Strike+1"],"picked":"SKIP","floor":35},{"not_picked":["Dodge and Roll+1","Poisoned Stab+1","Finisher+1"],"picked":"SKIP","floor":37},{"not_picked":["Prepared+1","Acrobatics+1","Heel Hook+1"],"picked":"SKIP","floor":37},{"not_picked":["Cloak And Dagger+1","Deadly Poison+1","Backflip+1"],"picked":"SKIP","floor":39},{"not_picked":["Flying Knee+1","Prepared+1","Quick Slash+1"],"picked":"SKIP","floor":39},{"not_picked":["Dash+1","Doppelganger+1"],"picked":"Catalyst+1","floor":40},{"not_picked":["Acrobatics+1","Dodge and Roll+1"],"picked":"Outmaneuver+1","floor":42},{"not_picked":["Impatience+1","Jack Of All Trades+1","Purity+1"],"picked":"Panacea+1","floor":44},{"not_picked":["Dramatic Entrance+1","Panacea+1","Violence+1"],"picked":"Good Instincts+1","floor":44},{"not_picked":["Phantasmal Killer+1","Blade Dance+1","Cloak And Dagger+1"],"picked":"Catalyst+1","floor":47},{"not_picked":["PiercingWail+1","Poisoned Stab+1","Setup+1","Sucker Punch+1"],"picked":"SKIP","floor":48},{"not_picked":["Underhanded Strike+1","Dodge and Roll+1","Setup+1","Cloak And Dagger+1"],"picked":"SKIP","floor":48},{"not_picked":["Well Laid Plans+1","Underhanded Strike+1","Prepared+1"],"picked":"Blur+1","floor":54}],"player_experience":2689795,"relics_obtained":[{"floor":6,"key":"infinitespire:CheckeredPen"},{"floor":8,"key":"Bird Faced Urn"},{"floor":9,"key":"Thread and Needle"},{"floor":12,"key":"FossilizedHelix"},{"floor":25,"key":"Blue Candle"},{"floor":26,"key":"Gambling Chip"},{"floor":28,"key":"infinitespire:Lucky Rock"},{"floor":30,"key":"infinitespire:EmpoweringShard"},{"floor":38,"key":"Shovel"},{"floor":40,"key":"Snake Skull"},{"floor":40,"key":"infinitespire:Satchel"},{"floor":42,"key":"Question Card"},{"floor":42,"key":"Meat on the Bone"},{"floor":47,"key":"Mango"},{"floor":47,"key":"HornCleat"},{"floor":49,"key":"Bottled Flame"},{"floor":52,"key":"infinitespire:BottledMercury"},{"floor":54,"key":"infinitespire:Joker Card"},{"floor":54,"key":"InkBottle"}],"event_choices":[{"cards_removed":["Strike_G"],"damage_healed":0,"gold_gain":0,"player_choice":"Card Removal","damage_taken":7,"max_hp_gain":0,"max_hp_loss":0,"event_name":"Golden Wing","floor":3,"gold_loss":0},{"damage_healed":0,"gold_gain":0,"player_choice":"Entered Light","damage_taken":11,"max_hp_gain":0,"max_hp_loss":0,"event_name":"Shining Light","floor":5,"gold_loss":0,"cards_upgraded":["Footwork","Well Laid Plans"]},{"damage_healed":0,"gold_gain":0,"player_choice":"Donut","damage_taken":0,"max_hp_gain":5,"max_hp_loss":0,"event_name":"Big Fish","floor":10,"gold_loss":0},{"damage_healed":0,"gold_gain":75,"player_choice":"Gather Gold","damage_taken":11,"max_hp_gain":0,"max_hp_loss":0,"event_name":"World of Goop","floor":14,"gold_loss":0},{"cards_removed":["Defend_G"],"damage_healed":0,"gold_gain":0,"player_choice":"Card Removal","damage_taken":0,"max_hp_gain":0,"max_hp_loss":0,"event_name":"Wheel of Change","floor":21,"gold_loss":0},{"damage_healed":0,"gold_gain":0,"cards_transformed":["Defend_G","Defend_G"],"player_choice":"Became Test Subject","damage_taken":0,"max_hp_gain":0,"max_hp_loss":0,"event_name":"Drug Dealer","floor":27,"gold_loss":0,"cards_obtained":["Doppelganger","Acrobatics"]},{"damage_healed":0,"gold_gain":0,"player_choice":"Gave Potion","damage_taken":0,"relics_obtained":["Orichalcum"],"max_hp_gain":0,"max_hp_loss":0,"event_name":"WeMeetAgain","floor":36,"gold_loss":0},{"damage_healed":0,"gold_gain":0,"player_choice":"Fight","damage_taken":0,"max_hp_gain":0,"max_hp_loss":0,"event_name":"Mysterious Sphere","floor":38,"gold_loss":0},{"damage_healed":0,"gold_gain":0,"player_choice":"Memory 3","damage_taken":10,"max_hp_gain":0,"max_hp_loss":0,"event_name":"SensoryStone","floor":44,"gold_loss":0}],"is_beta":false,"boss_relics":[{"not_picked":["Snecko Eye","Tiny House"],"picked":"Astrolabe"},{"not_picked":["Coffee Dripper","Calling Bell"],"picked":"Black Star"}],"items_purged_floors":[0,22,46,53],"is_endless":false,"potions_floor_spawned":[2,8,11,23,24,25,30,35,38,42,48],"ascension_level":10}}