{"host":"zi8o4akxlgxypwgb","time":1607803470,"event":{"mods":["BaseMod","Minty Spire (QoL Compilation)","Replay The Spire","StSLib","SuperFastMode"],"gold_per_floor":[118,293,304,304,379,379,409,409,436,436,0,28,57,80,80,187,187,207,247,247,279,341,341,386,133,133,58,82,82,106,114,114],"floor_reached":31,"playtime":1086,"items_purged":["Doubt","Defend_G"],"score":350,"play_id":"678d8164-9190-42ee-9ab3-893b4b17e81a","local_time":"20201213040430","is_ascension_mode":true,"campfire_choices":[{"data":"Calculated Gamble","floor":6.0,"key":"SMITH"}],"circlet_count":0,"master_deck":["Strike_G","Defend_G","Survivor","Neutralize","Calculated Gamble+1","Atom Bomb","Dodge and Roll","Predator+1","Acrobatics+1","PiercingWail","Dagger Spray","Swift Strike","Sucker Punch","Leg Sweep","Poison Darts","Well Laid Plans","Burst","Dagger Throw","Crippling Poison","Envenom","Dagger Throw+1","Reflex","Backflip+1","Cloak And Dagger","ReplayTheSpireMod:Tripwire","Underhanded Strike+1","Terror","Dash","Clumsy","Bane+1","Outmaneuver","ReplayTheSpireMod:Exploit Weakness"],"relics":["Ring of the Snake","Replay:Multitool","Replay:Bandana","BargainBundle","ReplayFunnel","Cursed Key","Ring of Fury","Kunai","Juzu Bracelet","Gremlin Food"],"acts_visited":["Exordium","TheCity"],"potions_floor_usage":[31],"damage_taken":[{"damage":3.0,"enemies":"Jaw Worm","floor":1.0,"turns":5.0},{"damage":3.0,"enemies":"2 Louse","floor":3.0,"turns":3.0},{"damage":10.0,"enemies":"Gremlin Nob","floor":7.0,"turns":3.0},{"damage":0.0,"enemies":"Cultist","floor":12.0,"turns":2.0},{"damage":1.0,"enemies":"Blue Slaver","floor":13.0,"turns":4.0},{"damage":1.0,"enemies":"2 Fungi Beasts","floor":14.0,"turns":4.0},{"damage":28.0,"enemies":"Hexaghost","floor":16.0,"turns":10.0},{"damage":12.0,"enemies":"Chosen","floor":18.0,"turns":3.0},{"damage":0.0,"enemies":"3 Byrds","floor":19.0,"turns":3.0},{"damage":5.0,"enemies":"3 Cultists","floor":21.0,"turns":3.0},{"damage":0.0,"enemies":"Gremlin Leader","floor":24.0,"turns":4.0},{"damage":0.0,"enemies":"Snake Plant","floor":28.0,"turns":4.0},{"damage":9.0,"enemies":"Centurion and Healer","floor":30.0,"turns":3.0},{"damage":4,"enemies":"Book of Stabbing","floor":31,"turns":2}],"seed_played":"-3112869733544249724","potions_obtained":[{"floor":1.0,"key":"FearPotion"},{"floor":13.0,"key":"DistilledChaos"},{"floor":16.0,"key":"SkillPotion"},{"floor":19.0,"key":"SkillPotion"},{"floor":21.0,"key":"FearPotion"},{"floor":22.0,"key":"Swift Potion"},{"floor":24.0,"key":"DistilledChaos"},{"floor":30.0,"key":"Strength Potion"}],"is_trial":false,"path_per_floor":["M","?","M","?","?","R","E","R","T","R","$","M","M","M","R","B",null,"M","M","?","M","?","R","E","$","T","?","M","R","M","E"],"character_chosen":"THE_SILENT","items_purchased":["Dagger Spray","BargainBundle","Swift Strike","Sucker Punch","Leg Sweep","Explosive Potion","Swift Potion","Swift Potion","ReplayFunnel","Poison Darts","Terror","Dash"],"campfire_rested":0,"item_purchase_floors":[11,11,11,11,11,11,11,11,11,11,25,25],"current_hp_per_floor":[60,60,57,57,51,51,41,59,59,59,59,59,58,57,57,29,55,43,43,43,38,13,13,13,13,13,13,13,13,4,0,0],"gold":114,"neow_bonus":"TRANSFORM_TWO_CARDS","is_daily":false,"chose_seed":false,"campfire_upgraded":1,"win_rate":0.0,"timestamp":1607803470,"path_taken":["M","?","M","?","?","R","E","R","T","R","$","M","M","M","R","BOSS","M","M","?","M","?","R","E","$","T","?","M","R","M","E"],"items_purchased_type":["Card","Relic","Card","Card","Card","Potion","Potion","Potion","Relic","Card","Card","Card"],"build_version":"2020-11-30","purchased_purges":2,"victory":false,"max_hp_per_floor":[63,63,63,63,63,63,63,63,63,63,63,63,63,63,63,63,63,63,63,63,63,63,63,63,63,63,63,63,63,63,63,63],"card_choices":[{"not_picked":["Escape Plan","Footwork"],"picked":"Dodge and Roll","floor":1.0},{"not_picked":["Toxin Wave","Setup"],"picked":"Flying Knee","floor":3.0},{"not_picked":["Well Laid Plans","Bane"],"picked":"Acrobatics","floor":7.0},{"not_picked":["Leg Sweep","Calculated Gamble"],"picked":"Well Laid Plans","floor":12.0},{"not_picked":["Endless Agony","Deflect"],"picked":"Burst","floor":13.0},{"not_picked":["Endless Agony","Prepared"],"picked":"Dagger Throw","floor":14.0},{"not_picked":["Die Die Die","Grand Finale"],"picked":"Envenom","floor":16.0},{"not_picked":["Bane","Backflip"],"picked":"Dagger Throw+1","floor":18.0},{"not_picked":["Sucker Punch","Acrobatics"],"picked":"Reflex","floor":19.0},{"not_picked":["ReplayTheSpireMod:Shiv Toss","Grand Finale"],"picked":"Backflip+1","floor":21.0},{"not_picked":["Deflect","Acrobatics"],"picked":"Cloak And Dagger","floor":22.0},{"not_picked":["Backflip","Noxious Fumes+1"],"picked":"Underhanded Strike+1","floor":24.0},{"not_picked":["Blur","Underhanded Strike"],"picked":"Bane+1","floor":28.0},{"not_picked":["Dagger Throw","Underhanded Strike"],"picked":"ReplayTheSpireMod:Exploit Weakness","floor":30.0}],"player_experience":289244,"relics_obtained":[{"floor":7.0,"key":"Replay:Multitool"},{"floor":9.0,"key":"Replay:Bandana"},{"floor":20.0,"key":"Ring of Fury"},{"floor":22.0,"key":"Kunai"},{"floor":24.0,"key":"Juzu Bracelet"},{"floor":26.0,"key":"Gremlin Food"}],"event_choices":[{"damage_healed":0.0,"max_hp_gain":0.0,"max_hp_loss":0.0,"gold_gain":175.0,"event_name":"Liars Game","player_choice":"AGREE","floor":2.0,"gold_loss":0.0,"damage_taken":0.0,"cards_obtained":["Doubt"]},{"damage_healed":0.0,"max_hp_gain":0.0,"max_hp_loss":0.0,"gold_gain":75.0,"event_name":"FaceTrader","player_choice":"Touch","floor":5.0,"gold_loss":0.0,"damage_taken":6.0},{"cards_removed":["Defend_G"],"damage_healed":0.0,"max_hp_gain":0.0,"max_hp_loss":0.0,"gold_gain":0.0,"event_name":"Beggar","player_choice":"Gave Gold","floor":27.0,"gold_loss":75.0,"damage_taken":0.0}],"is_beta":false,"boss_relics":[{"not_picked":["Replay:Wanted Poster","Astrolabe"],"picked":"Cursed Key"}],"items_purged_floors":[11,25],"is_endless":false,"potions_floor_spawned":[1,12,13,16,19,21,24,30],"killed_by":"Book of Stabbing","ascension_level":5}}