{"host":"y30n8hbqlqxhztg8","time":1607757425,"event":{"mods":["A Magickal Journey","AchievementEnabler","BaseMod","BetterRewards","Block Reminder","Colored Map","Conspire","Downfall","GifTheSpireLib","Glutton Mod","Hubris","Infinite Spire","Koishi","Marisa????????","Minty Spire (QoL Compilation)","Prisma Mod","Replay The Spire","Shop Mod","Somnambulant","StSLib","Stuff the Spire","The Factory","The Jungle","[IsaacMod]????"],"gold_per_floor":[15,15,27,27,38,38,53,53,53,53,64,84,84,84,84,186,186,199,199,45,56,56,89,102,102,127,127,145,111,111,129,129,233,233,248,248,248,96,106,106,106,106],"floor_reached":41,"playtime":1401,"items_purged":[],"score":401,"play_id":"4be59f05-15d4-48b0-ad13-6f78208ddf98","local_time":"20201211231705","is_ascension_mode":false,"campfire_choices":[{"data":"Zap","floor":6,"key":"SMITH"},{"floor":8,"key":"REST"},{"data":"Dualcast","floor":10,"key":"SMITH"},{"data":"Strike_B","floor":13,"key":"SMITH"},{"floor":15,"key":"REST"},{"floor":25,"key":"REST"},{"floor":32,"key":"REST"},{"data":"StuffTheSpire:Plugnplay","floor":40,"key":"SMITH"}],"circlet_count":0,"master_deck":["Strike_B+1","Strike_B","Strike_B","Defend_B","Defend_B","Defend_B","Zap+1","Dualcast+1","Tempest+1","Glacier","Ball Lightning","BootSequence","Ball Lightning","Rainbow","StuffTheSpire:Plugnplay+1","Chaos","Conserve Battery","Blizzard","Cold Snap","FIFO Queue","Rainbow","Mirror Shield","Time Bomb+1","expansioncontent:StudyTheSpire"],"relics":["Cracked Core","HushsDoor","Void","BookOfRevelations","Sozu","hubris:Towel","StuffTheSpire:Saxophone","hubris:TinFlute","Mercury Hourglass","StuffTheSpire:Mouthbags","Nuclear Battery","SteamSale"],"acts_visited":["Exordium","TheCity","TheBeyond"],"potions_floor_usage":[16,16,16],"damage_taken":[{"damage":0,"enemies":"Small Slimes","floor":1,"turns":3},{"damage":0,"enemies":"conspire:RoseBush","floor":3,"turns":3},{"damage":21,"enemies":"infinitespire:Voidling","floor":5,"turns":3},{"damage":7,"enemies":"Exordium Thugs","floor":7,"turns":3},{"damage":3,"enemies":"Lots of Slimes","floor":11,"turns":3},{"damage":12,"enemies":"Gremlin Gang","floor":12,"turns":4},{"damage":18,"enemies":"The Guardian","floor":16,"turns":8},{"damage":5,"enemies":"3 Byrds","floor":18,"turns":4},{"damage":0,"enemies":"Shell Parasite","floor":21,"turns":4},{"damage":22,"enemies":"Gremlin Leader","floor":23,"turns":8},{"damage":8,"enemies":"Cultist and Chosen","floor":24,"turns":6},{"damage":15,"enemies":"Snake Plant","floor":28,"turns":3},{"damage":10,"enemies":"Centurion and Healer","floor":31,"turns":6},{"damage":22,"enemies":"Automaton","floor":33,"turns":10},{"damage":22,"enemies":"3 Darklings","floor":35,"turns":6},{"damage":0,"enemies":"3 Shapes","floor":39,"turns":3},{"damage":62,"enemies":"Nightmare","floor":41,"turns":6}],"seed_played":"-2669241581395983077","potions_obtained":[{"floor":1,"key":"sneckomod:MuddlingPotion"},{"floor":3,"key":"Toxic Potion"},{"floor":11,"key":"BlessingOfTheForge"},{"floor":12,"key":"Fire Potion"}],"is_trial":false,"path_per_floor":["M","?","M","?","M","R","M","R","T","R","M","M","R","?","R","B",null,"M","?","$","M","AVR","E","M","R","T","?","M","$","?","M","R","B",null,"M","?","?","$","M","R","NM"],"character_chosen":"DEFECT","items_purchased":["StuffTheSpire:Saxophone","FIFO Queue","SteamSale"],"campfire_rested":4,"item_purchase_floors":[20,29,38],"current_hp_per_floor":[75,75,75,75,54,54,47,69,69,69,66,54,54,54,75,57,75,70,70,70,70,70,48,40,62,62,48,33,33,33,23,47,25,80,58,58,58,58,58,58,0,0],"gold":106,"neow_bonus":"ONE_RARE_RELIC","is_daily":false,"chose_seed":false,"campfire_upgraded":4,"win_rate":0.0,"timestamp":1607757425,"path_taken":["M","?","M","?","?","R","M","R","T","R","?","?","R","?","R","BOSS","M","?","?","M","AVR","E","?","R","T","?","M","$","?","M","R","BOSS","M","?","?","$","M","R","NM"],"items_purchased_type":["Relic","Card","Relic"],"build_version":"2020-11-30","purchased_purges":0,"victory":false,"max_hp_per_floor":[75,75,75,75,75,75,75,75,75,75,75,75,75,75,75,75,75,75,75,75,75,75,75,75,75,75,80,80,80,80,80,80,80,80,80,80,80,80,80,80,80,80],"card_choices":[{"not_picked":["Redo","Conserve Battery"],"picked":"Tempest","floor":1},{"not_picked":["BasicCrystalCard","Leap"],"picked":"Glacier","floor":3},{"not_picked":["StuffTheSpire:Plugnplay","Streamline"],"picked":"Ball Lightning","floor":5},{"not_picked":["Compile Driver","Glacier"],"picked":"BootSequence","floor":7},{"not_picked":["Undo","Fission","Hologram"],"picked":"SKIP","floor":11},{"not_picked":["Fan","Beam Cell"],"picked":"Ball Lightning","floor":12},{"not_picked":["hubris:Prefetch","StuffTheSpire:ForEach"],"picked":"Rainbow","floor":16},{"not_picked":["Beam Cell+1","Compile Driver"],"picked":"StuffTheSpire:Plugnplay","floor":18},{"not_picked":["Barrage","Stack"],"picked":"Chaos","floor":21},{"not_picked":["Consume+1","Go for the Eyes"],"picked":"Blizzard","floor":23},{"not_picked":["Panic Button","Compile Driver"],"picked":"Conserve Battery","floor":24},{"not_picked":["Streamline+1","BasicCrystalCard"],"picked":"Cold Snap","floor":28},{"not_picked":["Beam Cell+1","ReplaySolidLightProjector"],"picked":"Rainbow","floor":31},{"not_picked":["ReplayTheSpireMod:Fabricate Wheel","Machine Learning"],"picked":"Mirror Shield","floor":33},{"not_picked":["Streamline+1","Redo"],"picked":"Time Bomb+1","floor":35},{"not_picked":["Replay:SS_forest_2","ReplayTheSpireMod:Brewmster"],"picked":"expansioncontent:StudyTheSpire","floor":37},{"not_picked":["Rebound+1","Leap+1","ReplayTheSpireMod:Reroute Power+1"],"picked":"SKIP","floor":39}],"player_experience":34643,"relics_obtained":[{"floor":9,"key":"BookofShadows"},{"floor":23,"key":"Mercury Hourglass"},{"floor":26,"key":"StuffTheSpire:Mouthbags"}],"event_choices":[{"damage_healed":0,"gold_gain":0,"player_choice":"Grow","damage_taken":0,"max_hp_gain":0,"max_hp_loss":0,"event_name":"Living Wall","floor":2,"gold_loss":0,"cards_upgraded":["Tempest"]},{"cards_removed":["Defend_B"],"damage_healed":0,"gold_gain":0,"player_choice":"Purged","damage_taken":0,"max_hp_gain":0,"max_hp_loss":0,"event_name":"Purifier","floor":14,"gold_loss":0},{"damage_healed":0,"gold_gain":0,"player_choice":"Shed Blood","damage_taken":19,"max_hp_gain":5,"max_hp_loss":0,"event_name":"Forgotten Altar","floor":27,"gold_loss":0},{"cards_removed":["Strike_B"],"damage_healed":0,"gold_gain":0,"player_choice":"Purged","damage_taken":0,"max_hp_gain":0,"max_hp_loss":0,"event_name":"Purifier","floor":36,"gold_loss":0},{"damage_healed":0,"gold_gain":0,"player_choice":"Memory 1","damage_taken":0,"max_hp_gain":0,"max_hp_loss":0,"event_name":"SensoryStone","floor":37,"gold_loss":0}],"is_beta":false,"boss_relics":[{"not_picked":["Velvet Choker","Coffee Dripper"],"picked":"Sozu"},{"not_picked":[]},{"not_picked":["Replay:Wanted Poster","conspire:RunicOctahedron"],"picked":"Nuclear Battery"},{"not_picked":[]}],"items_purged_floors":[],"is_endless":false,"potions_floor_spawned":[1,3,11,12,21,23,28],"killed_by":"Nightmare","ascension_level":0}}