{"host":"97bfbul5vt0mksxl","time":1607804831,"event":{"mods":["BaseMod","Colored Powertips","Highlight Path","Infinite Spire","Minty Spire (QoL Compilation)","Replay The Spire","Shop Mod","StSLib","SuperFastMode"],"gold_per_floor":[109,121,121,121,138,169,169,231,231,231,265,265,279,279,279,279,279],"floor_reached":16,"playtime":860,"items_purged":[],"score":108,"play_id":"90e4739c-b762-44ea-ac86-386f5cfba2ac","local_time":"20201212172711","is_ascension_mode":false,"campfire_choices":[{"floor":7,"key":"REST"},{"floor":10,"key":"REST"},{"floor":12,"key":"REST"},{"data":"Collect","floor":15,"key":"SMITH"}],"circlet_count":0,"master_deck":["Strike_P","Strike_P","Strike_P","Strike_P","Defend_P","Defend_P","Defend_P","Defend_P","Eruption","Vigilance","EmptyBody","CrushJoints","BowlingBash","FlyingSleeves","SandsOfTime","Collect+1","LikeWater"],"relics":["PureWater","Peace Pipe","Tiny Chest","Pear","Du-Vu Doll","infinitespire:EmpoweringShard","Replay:Rubber Ducky","infinitespire:Bottled Soul"],"acts_visited":["Exordium"],"potions_floor_usage":[6,16],"damage_taken":[{"damage":0,"enemies":"2 Louse","floor":1,"turns":2},{"damage":0,"enemies":"Cultist","floor":2,"turns":5},{"damage":7,"enemies":"Small Slimes","floor":5,"turns":3},{"damage":28,"enemies":"Lagavulin","floor":6,"turns":8},{"damage":36,"enemies":"Lagavulin Event","floor":8,"turns":3},{"damage":9,"enemies":"Replay:BlueRogue","floor":11,"turns":5},{"damage":2,"enemies":"Looter","floor":13,"turns":3},{"damage":53,"enemies":"The Guardian","floor":16,"turns":9}],"seed_played":"5814014675172465683","potions_obtained":[{"floor":1,"key":"Fire Potion"},{"floor":5,"key":"Energy Potion"},{"floor":11,"key":"BottledMiracle"}],"is_trial":false,"path_per_floor":["M","M","?","$","M","E","R","?","T","R","E","R","M","T","R","B"],"character_chosen":"WATCHER","items_purchased":[],"campfire_rested":3,"item_purchase_floors":[],"current_hp_per_floor":[51,51,51,51,44,26,50,14,14,38,29,53,51,51,51,0,0],"gold":279,"neow_bonus":"ONE_RARE_RELIC","is_daily":false,"chose_seed":false,"campfire_upgraded":1,"win_rate":0.0,"timestamp":1607804831,"path_taken":["M","M","?","?","M","E","R","?","T","R","E","R","M","?","R","BOSS"],"items_purchased_type":[],"build_version":"2020-11-30","purchased_purges":0,"victory":false,"max_hp_per_floor":[72,72,72,72,72,82,82,82,82,82,82,82,82,82,82,82,82],"card_choices":[{"not_picked":["Replay:AtTheReady","Evaluate"],"picked":"EmptyBody","floor":1},{"not_picked":["Replay:AtTheReady","Perseverance"],"picked":"CrushJoints","floor":2},{"not_picked":["SignatureMove","Worship"],"picked":"BowlingBash","floor":5},{"not_picked":["Wish","Crescendo"],"picked":"FlyingSleeves","floor":6},{"not_picked":["FlyingSleeves","FearNoEvil"],"picked":"SandsOfTime","floor":8},{"not_picked":["ConjureBlade","Replay:BluntJabs"],"picked":"Collect","floor":11},{"not_picked":["Halt","Replay:Battleflow"],"picked":"LikeWater","floor":13}],"player_experience":138252,"relics_obtained":[{"floor":6,"key":"Pear"},{"floor":8,"key":"Du-Vu Doll"},{"floor":9,"key":"infinitespire:EmpoweringShard"},{"floor":11,"key":"Replay:Rubber Ducky"},{"floor":14,"key":"infinitespire:Bottled Soul"}],"event_choices":[{"damage_healed":0,"gold_gain":0,"player_choice":"Gave Potion","damage_taken":0,"relics_obtained":["Tiny Chest"],"max_hp_gain":0,"max_hp_loss":0,"event_name":"WeMeetAgain","floor":3,"gold_loss":0},{"damage_healed":0,"gold_gain":0,"player_choice":"Searched \u00271\u0027 times","damage_taken":0,"max_hp_gain":0,"max_hp_loss":0,"event_name":"Dead Adventurer","floor":8,"gold_loss":0}],"is_beta":false,"boss_relics":[],"items_purged_floors":[],"is_endless":false,"potions_floor_spawned":[1,5,11],"killed_by":"The Guardian","ascension_level":0}}