{"host":"ric0yy7h8stlg6kz","time":1607767057,"event":{"mods":["2.2 Compatiblity","BaseMod","Highlight Path","Luminous","Minty Spire (QoL Compilation)","StSLib","TheWitcher"],"gold_per_floor":[117,217,244,270,297,327,327,352,352,352,367,407,682,416,416,547,547,548,548,12,46,65,100,100,19,46,49,69,69,90,139,139,237,237,260,260,16,16,46,50,62,102,102,125,12,35,49,78,78,44,44,44,44,71,58],"floor_reached":56,"playtime":7037,"items_purged":["Regret"],"score":1371,"play_id":"3fab6d94-a4e0-4705-b346-d2206de8788e","local_time":"20201212175737","is_ascension_mode":false,"campfire_choices":[{"data":"SnafuTest:SignQuen","floor":7.0,"key":"SMITH"},{"floor":15.0,"key":"RECALL"},{"data":"SnafuTest:LeadingCharge","floor":29,"key":"SMITH"},{"floor":32,"key":"REST"},{"floor":49,"key":"REST"},{"floor":52,"key":"REST"}],"circlet_count":0,"master_deck":["SnafuTest:DefaultCommonAttack+1","SnafuTest:DefaultCommonAttack+1","SnafuTest:DefaultCommonAttack+1","SnafuTest:DefaultCommonSkill+1","SnafuTest:DefaultCommonSkill+1","SnafuTest:DefaultCommonSkill+1","SnafuTest:SignYrden+1","SnafuTest:Kick+1","SnafuTest:BombDragonsDream+1","SnafuTest:BombNorthernWind+1","SnafuTest:SignQuen+1","SnafuTest:WorldMap+1","SnafuTest:FlashingEvasion+1","SnafuTest:NoPass+1","SnafuTest:PayAlchemyMaster+1","SnafuTest:UnpredictablePuncture+1","Apotheosis+1","SnafuTest:PayHappyHour+1","SnafuTest:LeadingCharge+1","SnafuTest:DecisiveOpportunity","Deep Breath+1","Clumsy","SnafuTest:CareTaker+1","SnafuTest:BombNorthernWind","SnafuTest:SpellIthlinneProphecy","SnafuTest:BombSamum+1","SnafuTest:PowerCrimsonRitual+1","SnafuTest:BombNorthernWind+1","SnafuTest:SignIgni","SnafuTest:Shooting+1","Parasite","SnafuTest:UnpredictablePuncture+1","SnafuTest:BombMoonDust+1","Deep Breath+1","SnafuTest:SpellDispellingPush+1","SnafuTest:SpellDispellingPush+1","SnafuTest:Kick","SnafuTest:DesperateRemediation+1"],"relics":["SnafuTest:PlaceholderRelic","NeowsBlessing","Toxic Egg 2","Orichalcum","Happy Flower","Golden Idol","Question Card","SnafuTest:YrdenRelic","Cursed Key","Whetstone","Medical Kit","White Beast Statue","Dead Branch","Fusion Hammer","SnafuTest:CatRelic","Bag of Preparation","Bag of Marbles","PreservedInsect","Bottled Lightning","War Paint"],"acts_visited":["Exordium","TheCity","TheBeyond","TheEnding"],"potions_floor_usage":[30,33,33,33,48,49,50,50,55,55,55,55],"damage_taken":[{"damage":0.0,"enemies":"Cultist","floor":1.0,"turns":1.0},{"damage":0.0,"enemies":"2 Louse","floor":3.0,"turns":1.0},{"damage":0.0,"enemies":"Jaw Worm","floor":4.0,"turns":1.0},{"damage":10.0,"enemies":"Exordium Wildlife","floor":5.0,"turns":5.0},{"damage":21.0,"enemies":"Lagavulin","floor":6.0,"turns":8.0},{"damage":15.0,"enemies":"3 Sentries","floor":8.0,"turns":11.0},{"damage":6.0,"enemies":"Blue Slaver","floor":11.0,"turns":5.0},{"damage":0.0,"enemies":"Lagavulin","floor":12.0,"turns":8.0},{"damage":2.0,"enemies":"Hexaghost","floor":16.0,"turns":12.0},{"damage":0.0,"enemies":"3 Byrds","floor":18.0,"turns":6.0},{"damage":0.0,"enemies":"Chosen","floor":21.0,"turns":5.0},{"damage":4.0,"enemies":"Centurion and Healer","floor":22.0,"turns":7.0},{"damage":3.0,"enemies":"Book of Stabbing","floor":23.0,"turns":5.0},{"damage":4.0,"enemies":"Shelled Parasite and Fungi","floor":27.0,"turns":5.0},{"damage":4,"enemies":"Cultist and Chosen","floor":28,"turns":5},{"damage":4,"enemies":"3 Cultists","floor":30,"turns":6},{"damage":8,"enemies":"Gremlin Leader","floor":31,"turns":4},{"damage":0,"enemies":"Automaton","floor":33,"turns":6},{"damage":0,"enemies":"Orb Walker","floor":35,"turns":2},{"damage":5,"enemies":"3 Shapes","floor":39,"turns":4},{"damage":1,"enemies":"Nemesis","floor":40,"turns":5},{"damage":9,"enemies":"Sphere and 2 Shapes","floor":41,"turns":3},{"damage":0,"enemies":"Reptomancer","floor":42,"turns":3},{"damage":12,"enemies":"Transient","floor":44,"turns":5},{"damage":0,"enemies":"Maw","floor":46,"turns":5},{"damage":14,"enemies":"Writhing Mass","floor":47,"turns":3},{"damage":8,"enemies":"3 Darklings","floor":48,"turns":2},{"damage":28,"enemies":"Donu and Deca","floor":50,"turns":6},{"damage":3,"enemies":"Shield and Spear","floor":54,"turns":4},{"damage":78,"enemies":"The Heart","floor":55,"turns":7}],"seed_played":"-4581796470978786437","potions_obtained":[{"floor":1.0,"key":"SneckoOil"},{"floor":5.0,"key":"Dexterity Potion"},{"floor":6.0,"key":"Weak Potion"},{"floor":8.0,"key":"Block Potion"},{"floor":27.0,"key":"LiquidBronze"},{"floor":28,"key":"Regen Potion"},{"floor":30,"key":"Energy Potion"},{"floor":31,"key":"Regen Potion"},{"floor":33,"key":"SpeedPotion"},{"floor":40,"key":"CultistPotion"},{"floor":41,"key":"FairyPotion"},{"floor":47,"key":"Fruit Juice"},{"floor":48,"key":"Fruit Juice"},{"floor":54,"key":"Fire Potion"}],"is_trial":false,"path_per_floor":["M","?","M","M","M","E","R","E","T","?","M","E","?","$","R","B",null,"M","?","$","M","M","E","?","$","T","M","M","R","M","E","R","B",null,"M","?","$","?","M","E","M","E","T","M","$","M","M","M","R","B",null,"R","$","E","B",null],"character_chosen":"THE_WITCHER","items_purchased":["SnafuTest:YrdenRelic","SnafuTest:NoPass+1","Apotheosis+1","Whetstone","Medical Kit","SnafuTest:GetPaid+1","Deep Breath+1","SnafuTest:CatRelic","SnafuTest:BombMoonDust+1","Deep Breath+1"],"campfire_rested":3,"item_purchase_floors":[14,14,20,20,20,20,25,37,45,45],"current_hp_per_floor":[75,75,75,75,65,44,44,29,29,29,23,23,23,23,23,21,69,69,69,69,69,65,62,62,62,62,58,54,54,55,47,67,69,69,69,69,69,69,64,63,54,54,54,42,42,42,28,25,53,25,79,79,79,76,23],"gold":58,"neow_bonus":"THREE_ENEMY_KILL","is_daily":false,"chose_seed":false,"campfire_upgraded":2,"win_rate":0.0,"timestamp":1607767057,"path_taken":["M","?","?","?","?","E","R","E","T","?","M","E","?","$","R","BOSS","M","?","$","M","M","E","?","?","T","M","M","R","?","E","R","BOSS","M","?","?","?","M","E","M","E","T","M","$","M","?","M","R","BOSS","R","$","E","BOSS"],"items_purchased_type":["Relic","Card","Card","Relic","Relic","Card","Card","Relic","Card","Card"],"build_version":"2020-11-30","purchased_purges":1,"victory":true,"max_hp_per_floor":[75,75,75,75,75,75,75,75,75,69,69,69,69,69,69,69,69,69,69,69,69,69,69,69,69,69,69,69,69,69,69,69,69,69,69,69,69,69,69,69,69,69,69,69,69,69,69,74,79,79,79,79,79,79,79],"card_choices":[{"not_picked":["SnafuTest:HermitsErudition","SnafuTest:MCPlayGwent"],"picked":"SnafuTest:Kick","floor":1.0},{"not_picked":["SnafuTest:DesperateRemediation","SnafuTest:WitchHunt"],"picked":"SnafuTest:BombDragonsDream","floor":3.0},{"not_picked":["SnafuTest:RecklessBlow","SnafuTest:HermitsErudition"],"picked":"SnafuTest:BombNorthernWind","floor":4.0},{"not_picked":["SnafuTest:BombDevilsPuffball","SnafuTest:SmashingSlash"],"picked":"SnafuTest:SignQuen","floor":5.0},{"not_picked":["SnafuTest:PowerAlwaysAWay","SnafuTest:RecklessBlow","SnafuTest:MercilessReaper"],"picked":"SKIP","floor":6.0},{"not_picked":["SnafuTest:PowerAlwaysAWay","SnafuTest:RecklessBlow","SnafuTest:MercilessReaper"],"picked":"SKIP","floor":6.0},{"not_picked":["SnafuTest:PowerProbingFeint","SnafuTest:ExcessiveLevies+1"],"picked":"SnafuTest:PaySmithWorkshop+1","floor":8.0},{"not_picked":["SnafuTest:MercilessReaper","SnafuTest:SmashingSlash"],"picked":"SnafuTest:WorldMap+1","floor":11.0},{"not_picked":["SnafuTest:ExcessiveLevies+1","SnafuTest:GraveDancingPaleFire+1"],"picked":"SnafuTest:FlashingEvasion+1","floor":12.0},{"not_picked":["SnafuTest:LastWish+1","SnafuTest:GraveDancingPaleFire+1","SnafuTest:DecisiveOpportunity"],"picked":"SnafuTest:PayAlchemyMaster+1","floor":16.0},{"not_picked":["SnafuTest:SpellLivingArmor+1","SnafuTest:PayHappyHour+1","SnafuTest:PowerCrimsonRitual"],"picked":"SnafuTest:UnpredictablePuncture+1","floor":18.0},{"not_picked":["SnafuTest:ShieldUp+1","SnafuTest:MCSuccubusSeduction","SnafuTest:PowerProbingFeint"],"picked":"SnafuTest:PayHappyHour+1","floor":21.0},{"not_picked":["SnafuTest:MCSuccubusSeduction","SnafuTest:BattleCry+1","SnafuTest:FirstAid+1"],"picked":"SnafuTest:LeadingCharge","floor":22.0},{"not_picked":["SnafuTest:PayArmorSmith+1","SnafuTest:SpellButterflyIllusion+1","SnafuTest:CareTaker"],"picked":"SnafuTest:DecisiveOpportunity","floor":23.0},{"not_picked":["SnafuTest:Oriole+1","SnafuTest:PowerAlwaysAWay","SnafuTest:QueensGuard+1"],"picked":"SnafuTest:CareTaker+1","floor":27.0},{"not_picked":["SnafuTest:ShieldUp+1","SnafuTest:NoPass+1","SnafuTest:SignYrden+1"],"picked":"SnafuTest:PaySmithWorkshop+1","floor":28},{"not_picked":["SnafuTest:ShieldUp+1","SnafuTest:BattleCry+1","SnafuTest:NoPass+1"],"picked":"SnafuTest:BombNorthernWind","floor":30},{"not_picked":["SnafuTest:CareTaker","SnafuTest:SmashingSlash","SnafuTest:ExcessiveLevies+1"],"picked":"SnafuTest:PayExoticTreasure+1","floor":31},{"not_picked":["SnafuTest:DecisiveOpportunity","SnafuTest:PowerContactIsContract","SnafuTest:PowerEquilibrium"],"picked":"SnafuTest:SpellIthlinneProphecy","floor":33},{"not_picked":["SnafuTest:PowerAlwaysOnRoads","SnafuTest:SignQuen+1","SnafuTest:ArmoredSortie"],"picked":"SnafuTest:BombSamum+1","floor":35},{"not_picked":["SnafuTest:Shooting+1","SnafuTest:SpellBlindFury+1","SnafuTest:SmashingSlash+1"],"picked":"SnafuTest:PowerCrimsonRitual+1","floor":39},{"not_picked":["SnafuTest:BattleCry+1","SnafuTest:PowerEquilibrium","SnafuTest:PowerAlwaysOnRoads"],"picked":"SnafuTest:BombNorthernWind+1","floor":40},{"not_picked":["SnafuTest:Shooting+1","SnafuTest:BlueWhale+1","SnafuTest:SignAard"],"picked":"SnafuTest:SignIgni","floor":41},{"not_picked":["SnafuTest:FlashingEvasion+1","SnafuTest:SpellTelekinesis+1","SnafuTest:FirstAid+1"],"picked":"SnafuTest:Shooting+1","floor":42},{"not_picked":["SnafuTest:FeignDeath+1","SnafuTest:QueensGuard+1","SnafuTest:PowerTrialOfGrasses"],"picked":"SnafuTest:UnpredictablePuncture+1","floor":44},{"not_picked":["SnafuTest:MCMockAndRun+1","SnafuTest:SpellHellfire","SnafuTest:MCSuccubusSeduction"],"picked":"SnafuTest:SpellDispellingPush+1","floor":46},{"not_picked":["SnafuTest:MercilessReaper+1","SnafuTest:SmashingSlash+1","SnafuTest:RecklessBlow"],"picked":"SnafuTest:SpellDispellingPush+1","floor":47},{"not_picked":["SnafuTest:MercilessReaper","SnafuTest:ArmoredSortie","SnafuTest:Siege+1"],"picked":"SnafuTest:Kick","floor":48},{"not_picked":["SnafuTest:Amputation","SnafuTest:Shooting","SnafuTest:PayArmorSmith+1"],"picked":"SnafuTest:DesperateRemediation+1","floor":54}],"player_experience":959,"relics_obtained":[{"floor":6.0,"key":"Toxic Egg 2"},{"floor":8.0,"key":"Orichalcum"},{"floor":9.0,"key":"Happy Flower"},{"floor":12.0,"key":"Question Card"},{"floor":23.0,"key":"White Beast Statue"},{"floor":31,"key":"Dead Branch"},{"floor":40,"key":"Bag of Marbles"},{"floor":42,"key":"PreservedInsect"},{"floor":43,"key":"Bottled Lightning"},{"floor":54,"key":"War Paint"}],"event_choices":[{"damage_healed":0.0,"max_hp_gain":0.0,"max_hp_loss":0.0,"gold_gain":100.0,"event_name":"Wheel of Change","player_choice":"Gold","floor":2.0,"gold_loss":0.0,"damage_taken":0.0},{"damage_healed":0.0,"max_hp_gain":0.0,"max_hp_loss":6.0,"gold_gain":0.0,"event_name":"Golden Idol","player_choice":"Lose Max HP","floor":10.0,"gold_loss":0.0,"damage_taken":0.0,"relics_obtained":["Golden Idol"]},{"damage_healed":0.0,"max_hp_gain":0.0,"max_hp_loss":0.0,"gold_gain":275.0,"event_name":"Golden Shrine","player_choice":"Desecrate","floor":13.0,"gold_loss":0.0,"damage_taken":0.0,"cards_obtained":["Regret"]},{"damage_healed":0.0,"max_hp_gain":0.0,"max_hp_loss":0.0,"gold_gain":0.0,"event_name":"Back to Basics","player_choice":"Simplicity","floor":19.0,"gold_loss":0.0,"damage_taken":0.0,"cards_upgraded":["SnafuTest:DefaultCommonAttack","SnafuTest:DefaultCommonAttack","SnafuTest:DefaultCommonAttack","SnafuTest:DefaultCommonSkill","SnafuTest:DefaultCommonSkill","SnafuTest:DefaultCommonSkill"]},{"damage_healed":0.0,"max_hp_gain":0.0,"max_hp_loss":0.0,"gold_gain":0.0,"event_name":"Beggar","player_choice":"Ignored","floor":24.0,"gold_loss":0.0,"damage_taken":0.0},{"damage_healed":0,"gold_gain":0,"player_choice":"Bought 0 Potions","damage_taken":0,"max_hp_gain":0,"max_hp_loss":0,"event_name":"The Woman in Blue","floor":36,"gold_loss":0},{"cards_removed":["SnafuTest:BountyHunt"],"damage_healed":0,"gold_gain":0,"player_choice":"Purged","damage_taken":0,"max_hp_gain":0,"max_hp_loss":0,"event_name":"Purifier","floor":38,"gold_loss":0}],"is_beta":false,"boss_relics":[{"not_picked":["Coffee Dripper","Runic Dome"],"picked":"Cursed Key"},{"not_picked":["Tiny House","Empty Cage"],"picked":"Fusion Hammer"}],"items_purged_floors":[14],"is_endless":false,"potions_floor_spawned":[1,5,6,8,22,27,28,30,31,33,35,39,40,41,42,44,46,47,48,54],"ascension_level":0}}