{"host":"f5gffvlv6a66yqkd","time":1607786800,"event":{"mods":["2.2 Compatiblity","BaseMod","Colored Map","DeckTracker","Keyboard Shortcuts","Minty Spire (QoL Compilation)","Permanent Neow","Quick Restart","Relic Stats","StSLib","SuperFastMode"],"gold_per_floor":[10,10,35,35,47,47,59,59,59],"floor_reached":8,"playtime":148,"items_purged":[],"score":92,"play_id":"f5736161-14c6-409e-ba69-2c6bc6a1ce05","local_time":"20201213002640","is_ascension_mode":true,"campfire_choices":[{"data":"Neutralize","floor":6,"key":"SMITH"}],"circlet_count":0,"master_deck":["AscendersBane","Strike_G+1","Strike_G+1","Strike_G","Strike_G","Defend_G","Defend_G","Defend_G","Defend_G","Defend_G","Survivor","Neutralize+1","Finisher","Storm of Steel","PiercingWail","Well Laid Plans"],"relics":["Ring of the Snake","StoneCalendar","Blood Vial"],"acts_visited":["Exordium"],"potions_floor_usage":[8],"damage_taken":[{"damage":9,"enemies":"Jaw Worm","floor":1,"turns":7},{"damage":4,"enemies":"2 Louse","floor":5,"turns":5},{"damage":10,"enemies":"Small Slimes","floor":7,"turns":3},{"damage":15,"enemies":"Lagavulin","floor":8,"turns":6}],"seed_played":"-6699078789409922517","potions_obtained":[{"floor":1,"key":"PowerPotion"}],"is_trial":false,"path_per_floor":["M","?","T","?","M","R","M","E"],"character_chosen":"THE_SILENT","items_purchased":[],"campfire_rested":0,"item_purchase_floors":[],"current_hp_per_floor":[50,50,50,30,28,28,20,7,7],"gold":59,"neow_bonus":"ONE_RARE_RELIC","is_daily":false,"chose_seed":false,"campfire_upgraded":1,"win_rate":0.0,"timestamp":1607786800,"path_taken":["M","?","?","?","M","R","M","E"],"items_purchased_type":[],"build_version":"2020-11-30","purchased_purges":0,"victory":false,"max_hp_per_floor":[66,66,66,66,66,66,66,66,66],"relic_stats":{"Blood Vial":6,"counters":[4,21],"StoneCalendar":[0],"obtain_stats":[{"Blood Vial":3,"StoneCalendar":0,"Ring of the Snake":0},{"Blood Vial":1,"StoneCalendar":0,"Ring of the Snake":0},{"Blood Vial":7,"StoneCalendar":0,"Ring of the Snake":0}],"Ring of the Snake":[8]},"card_choices":[{"not_picked":["Blur","Quick Slash"],"picked":"Finisher","floor":1},{"not_picked":["Sucker Punch","Bane"],"picked":"PiercingWail","floor":5},{"not_picked":["Outmaneuver","Distraction"],"picked":"Well Laid Plans","floor":7}],"player_experience":1446613,"relics_obtained":[{"floor":3,"key":"Blood Vial"}],"event_choices":[{"damage_healed":0,"gold_gain":0,"cards_transformed":["Strike_G"],"player_choice":"Change","damage_taken":0,"max_hp_gain":0,"max_hp_loss":0,"event_name":"Living Wall","floor":2,"gold_loss":0,"cards_obtained":["Storm of Steel"]},{"damage_healed":0,"gold_gain":0,"player_choice":"Entered Light","damage_taken":20,"max_hp_gain":0,"max_hp_loss":0,"event_name":"Shining Light","floor":4,"gold_loss":0,"cards_upgraded":["Strike_G","Strike_G"]}],"is_beta":false,"boss_relics":[],"items_purged_floors":[],"is_endless":false,"potions_floor_spawned":[1],"killed_by":"Lagavulin","ascension_level":20}}