{"host":"y76clbnovzmw9ubx","time":1607810078,"event":{"mods":["AchievementEnabler","BaseMod","Minty Spire (QoL Compilation)","Permanent Neow","Relic Stats"],"gold_per_floor":[109,125,136,148,100,133,133,163,163,163,163],"floor_reached":10,"playtime":1054,"items_purged":[],"score":156,"play_id":"110b3cb2-27fc-4e88-b3d5-111dda6e25dd","local_time":"20201212165438","is_ascension_mode":true,"campfire_choices":[{"floor":7,"key":"REST"}],"circlet_count":0,"master_deck":["AscendersBane","Strike_B","Strike_B","Strike_B","Strike_B","Defend_B","Defend_B","Defend_B","Defend_B","Zap","Dualcast","Sweeping Beam","Auto Shields","Coolheaded","Hologram","Steam"],"relics":["Cracked Core","Du-Vu Doll","DataDisk","Akabeko"],"acts_visited":["Exordium"],"potions_floor_usage":[6,6,8,10],"damage_taken":[{"damage":2,"enemies":"Jaw Worm","floor":1,"turns":3},{"damage":7,"enemies":"Small Slimes","floor":2,"turns":4},{"damage":0,"enemies":"2 Louse","floor":3,"turns":2},{"damage":1,"enemies":"Looter","floor":4,"turns":4},{"damage":44,"enemies":"Gremlin Nob","floor":6,"turns":4},{"damage":20,"enemies":"3 Sentries","floor":8,"turns":8},{"damage":33,"enemies":"Gremlin Nob","floor":10,"turns":3}],"seed_played":"8324875305490988259","potions_obtained":[{"floor":2,"key":"ColorlessPotion"},{"floor":4,"key":"GamblersBrew"},{"floor":6,"key":"Explosive Potion"},{"floor":8,"key":"GamblersBrew"}],"is_trial":false,"path_per_floor":["M","M","M","M","?","E","R","E","T","E"],"character_chosen":"DEFECT","items_purchased":[],"campfire_rested":1,"item_purchase_floors":[],"current_hp_per_floor":[62,55,55,54,54,10,29,9,9,0,0],"gold":163,"neow_bonus":"ONE_RARE_RELIC","is_daily":false,"chose_seed":false,"campfire_upgraded":0,"win_rate":0.0,"timestamp":1607810078,"path_taken":["M","M","M","M","?","E","R","E","T","E"],"items_purchased_type":[],"build_version":"2020-11-30","purchased_purges":0,"victory":false,"max_hp_per_floor":[64,64,64,64,64,64,64,64,64,64,64],"relic_stats":{"counters":[7,28],"obtain_stats":[{"Du-Vu Doll":0,"DataDisk":6,"Cracked Core":0,"Akabeko":8},{"Du-Vu Doll":0,"DataDisk":5,"Cracked Core":0,"Akabeko":6},{"Du-Vu Doll":0,"DataDisk":17,"Cracked Core":0,"Akabeko":25}]},"card_choices":[{"not_picked":["Conserve Battery","White Noise","Redo"],"picked":"SKIP","floor":1},{"not_picked":["Go for the Eyes","Lockon"],"picked":"Sweeping Beam","floor":2},{"not_picked":["Streamline","Coolheaded"],"picked":"Auto Shields","floor":3},{"not_picked":["Gash","Conserve Battery"],"picked":"Coolheaded","floor":4},{"not_picked":["Blizzard","Static Discharge"],"picked":"Hologram","floor":6},{"not_picked":["Consume","Scrape"],"picked":"Steam","floor":8}],"player_experience":2827844,"relics_obtained":[{"floor":6,"key":"DataDisk"},{"floor":8,"key":"Akabeko"}],"event_choices":[{"damage_healed":0,"gold_gain":0,"player_choice":"Left Gold","damage_taken":0,"max_hp_gain":0,"max_hp_loss":0,"event_name":"World of Goop","floor":5,"gold_loss":48}],"is_beta":false,"boss_relics":[],"items_purged_floors":[],"is_endless":false,"potions_floor_spawned":[2,4,6,8],"killed_by":"Gremlin Nob","ascension_level":20}}