{"host":"97bfbul5vt0mksxl","time":1607805220,"event":{"mods":["BaseMod","Colored Powertips","Highlight Path","Infinite Spire","Minty Spire (QoL Compilation)","Replay The Spire","Shop Mod","StSLib","SuperFastMode"],"gold_per_floor":[111,111,129,143,157,157,157],"floor_reached":6,"playtime":362,"items_purged":[],"score":38,"play_id":"88b41543-cebd-448b-b2eb-d4a64c8c4d9c","local_time":"20201212173340","is_ascension_mode":false,"campfire_choices":[],"circlet_count":0,"master_deck":["Strike_P","Strike_P","Strike_P","Strike_P","Defend_P","Defend_P","Defend_P","Defend_P","Eruption","Vigilance","Looming Evil","Brilliance","CrushJoints","Pain","CutThroughFate","Prostrate","Judgement"],"relics":["PureWater","WarpedTongs"],"acts_visited":["Exordium"],"potions_floor_usage":[],"damage_taken":[{"damage":24,"enemies":"Jaw Worm","floor":1,"turns":4},{"damage":3,"enemies":"Cultist","floor":3,"turns":4},{"damage":1,"enemies":"Small Slimes","floor":4,"turns":2},{"damage":13,"enemies":"2 Fungi Beasts","floor":5,"turns":2},{"damage":32,"enemies":"Lagavulin","floor":6,"turns":3}],"seed_played":"-4155202347613049773","potions_obtained":[{"floor":1,"key":"SpeedPotion"},{"floor":5,"key":"Weak Potion"}],"is_trial":false,"path_per_floor":["M","?","M","M","M","E"],"character_chosen":"WATCHER","items_purchased":[],"campfire_rested":0,"item_purchase_floors":[],"current_hp_per_floor":[48,48,45,44,31,0,0],"gold":157,"neow_bonus":"THREE_RARE_CARDS","is_daily":false,"chose_seed":false,"campfire_upgraded":0,"win_rate":0.0,"timestamp":1607805220,"path_taken":["M","?","M","M","?","E"],"items_purchased_type":[],"build_version":"2020-11-30","purchased_purges":0,"victory":false,"max_hp_per_floor":[72,72,72,72,72,72,72],"card_choices":[{"not_picked":["Blasphemy","Omniscience"],"picked":"Brilliance","floor":0},{"not_picked":["Collect","WreathOfFlame"],"picked":"CrushJoints","floor":1},{"not_picked":["Replay:Vibes","Nirvana"],"picked":"CutThroughFate","floor":3},{"not_picked":["ClearTheMind","Replay:AtTheReady"],"picked":"Prostrate","floor":4},{"not_picked":["Replay:Hum","Prostrate"],"picked":"Judgement","floor":5}],"player_experience":139112,"relics_obtained":[],"event_choices":[{"damage_healed":0,"gold_gain":0,"player_choice":"Rummage","damage_taken":0,"relics_obtained":["WarpedTongs"],"max_hp_gain":0,"max_hp_loss":0,"event_name":"Accursed Blacksmith","floor":2,"gold_loss":0,"cards_obtained":["Pain"]}],"is_beta":false,"boss_relics":[],"items_purged_floors":[],"is_endless":false,"potions_floor_spawned":[1,5],"killed_by":"Lagavulin","ascension_level":0}}