{"host":"4c7oxphrh4ok8x7u","time":1607788317,"event":{"mods":["2.2 Compatiblity","Act Like it!","Ascension Reborn","Aspiration","BaseMod","Better Skull","Better Vampires","BetterRewards","Challenge The Spire","Conjunction","Conspire","Custom Start","Dota2Spire","Friendly Minions","FruityMod","GifTheSpireLib","Halation","Hermit","HololiveMod","Hubris","Hyrulean Relics","Jedi Mod","Kratos Character Expansion","Minty Spire (QoL Compilation)","MostiFishMod","Permanent Neow","Prisma Mod","Quarter Circle Forward PUNCH!","RatMod","Replay The Spire","Robot Space Explorer","SCP261 Mod","Shade Mod","Slay the Relics Exporter","Small Relic Pack","Spicy Shops","Spikes Relics","Spires And Sneckos","StSLib","Stuff the Spire","The Animator","The Blue Laboratory","The Death Knight","The Edgeheg","The Fake Hero","TheWitcher","Wandering Minibosses"],"gold_per_floor":[82,82,11,21,35,35,52,29,29,46,78,78,78,279,279,380,380,397,408,508,518,529,529,547,547,547,497,507,507,522,532,532,532,532],"floor_reached":33,"playtime":2234,"items_purged":["theEdgeheg:StarterShootAttack","theEdgeheg:StarterShootAttack"],"score":326,"play_id":"46d93246-7fed-4832-9de4-c8bdbcc1706c","local_time":"20201212185157","is_ascension_mode":true,"campfire_choices":[{"data":"theEdgeheg:BetterShoot","floor":6,"key":"SMITH"},{"data":"theEdgeheg:ChaosBlast","floor":13,"key":"SMITH"},{"floor":15,"key":"REST"},{"data":"theEdgeheg:Fastness","floor":25,"key":"SMITH"},{"floor":32,"key":"DIG"}],"circlet_count":0,"master_deck":["theEdgeheg:StarterShootAttack","theEdgeheg:StarterDodgeSkill","theEdgeheg:StarterDodgeSkill","theEdgeheg:StarterDodgeSkill","theEdgeheg:BloodyKatana","theEdgeheg:BetterDodge","theEdgeheg:DashKatana","theEdgeheg:SexyGirlfriend","theEdgeheg:BetterShoot+1","theEdgeheg:KatanaGF","theEdgeheg:ChaosBlast+1","theEdgeheg:Fastness","theEdgeheg:BetterDodge","theEdgeheg:Girlfriend","theEdgeheg:MachineGun","theEdgeheg:CSGun","theEdgeheg:MachineGun","theEdgeheg:Knives+1","theEdgeheg:Fastness+1","theEdgeheg:PlayRandomCard","RitualDagger","theEdgeheg:MachineGun+1"],"relics":["theEdgeheg:UltimateLifeformRelic","theEdgeheg:GreenEmeraldRelic","DaveBox","Dodecahedron","Question Card","conspire:BottledYoYo","relicPack:DSword","ImportantClient","DiscerningMonocle","hubris:EmptyBottle","Ice Cream","Pet Ghost","ReplayFunnel","OrangePellets","KratosMod:minohorn","StuffTheSpire:Wildfire","qcfpunch:Not_Strongest_Fighting_Style_Guidebook","ExplosiveVial","Bag of Marbles","jedi:HeartOfTheCards","Membership Card","halation:OrihimeAndHikoboshiSamaAndTears"],"acts_visited":["Exordium","TheCity"],"potions_floor_usage":[16,31,31,31,31],"damage_taken":[{"damage":0,"enemies":"conspire:RoseBush","floor":1,"turns":5},{"damage":0,"enemies":"Cultist","floor":4,"turns":4},{"damage":0,"enemies":"Jaw Worm","floor":5,"turns":3},{"damage":0,"enemies":"Large Slime","floor":7,"turns":4},{"damage":0,"enemies":"2 Fungi Beasts","floor":10,"turns":4},{"damage":0,"enemies":"Lagavulin","floor":11,"turns":9},{"damage":0,"enemies":"Hexaghost","floor":16,"turns":7},{"damage":0,"enemies":"Chosen","floor":18,"turns":7},{"damage":1,"enemies":"Shell Parasite","floor":19,"turns":7},{"damage":0,"enemies":"conspire:HollyBat","floor":21,"turns":7},{"damage":2,"enemies":"Snake Plant","floor":22,"turns":5},{"damage":0,"enemies":"Centurion and Healer","floor":24,"turns":10},{"damage":2,"enemies":"Snecko","floor":28,"turns":7},{"damage":0,"enemies":"conspire:HollyBat","floor":30,"turns":7},{"damage":0,"enemies":"Chosen and Byrds","floor":31,"turns":6},{"damage":5,"enemies":"conspire:MysteriousRune","floor":33,"turns":5}],"seed_played":"-4303698848695951693","potions_obtained":[{"floor":7,"key":"Dexterity Potion"},{"floor":10,"key":"Adrenaline Potion"},{"floor":18,"key":"Venom Potion"},{"floor":31,"key":"PowerPotion"}],"is_trial":false,"path_per_floor":["M","?","$","M","M","R","M","$","T","M","E","?","R","?","R","B",null,"M","M","?","M","M","$","M","R","T","$","M","?","M","M","R","B"],"character_chosen":"THE_DEFAULT","items_purchased":["theEdgeheg:SexyGirlfriend","theEdgeheg:Fastness","hubris:EmptyBottle","Ice Cream","Pet Ghost","ReplayFunnel","OrangePellets","theEdgeheg:Fastness","StuffTheSpire:Wildfire","qcfpunch:Not_Strongest_Fighting_Style_Guidebook","ExplosiveVial","Bag of Marbles","jedi:HeartOfTheCards","Membership Card"],"campfire_rested":1,"item_purchase_floors":[3,8,23,23,23,23,23,23,27,27,27,27,27,27],"current_hp_per_floor":[5,5,5,5,5,5,5,5,5,5,5,4,4,4,5,5,5,5,5,5,5,3,3,5,5,5,5,5,4,5,5,5,0,0],"gold":532,"neow_bonus":"REMOVE_TWO","is_daily":false,"chose_seed":false,"campfire_upgraded":3,"win_rate":0.0,"timestamp":1607788317,"path_taken":["M","?","$","?","?","R","M","?","T","M","E","?","R","?","R","BOSS","M","M","?","M","M","$","M","R","T","$","?","?","M","M","R","BOSS"],"items_purchased_type":["Card","Card","Relic","Relic","Relic","Relic","Relic","Card","Relic","Relic","Relic","Relic","Relic","Relic"],"build_version":"2020-11-30","purchased_purges":2,"victory":false,"max_hp_per_floor":[5,5,5,5,5,5,5,5,5,5,5,5,5,5,5,5,5,5,5,5,5,5,5,5,5,5,5,5,5,5,5,5,5,5],"card_choices":[{"not_picked":["theEdgeheg:SkateboardTrick","theEdgeheg:PlayRandomCard"],"picked":"theEdgeheg:BetterDodge","floor":1},{"not_picked":["theEdgeheg:BloodyKatana","theEdgeheg:SkateboardTrick","theEdgeheg:MachineGun"],"picked":"theEdgeheg:BetterShoot","floor":4},{"not_picked":["theEdgeheg:ChaosGrenade","theEdgeheg:Reload","theEdgeheg:Parry"],"picked":"theEdgeheg:KatanaGF","floor":5},{"not_picked":["theEdgeheg:QuickKatana","theEdgeheg:ChaosCards","theEdgeheg:BlackKatana"],"picked":"theEdgeheg:ChaosBlast","floor":7},{"not_picked":["theEdgeheg:DoubleStun","theEdgeheg:BloodyNodachi","theEdgeheg:DashKatana"],"picked":"theEdgeheg:BetterDodge","floor":10},{"not_picked":["theEdgeheg:Disrobe","theEdgeheg:DualPistols","theEdgeheg:HappiestTimmy"],"picked":"theEdgeheg:Girlfriend","floor":11},{"not_picked":["theEdgeheg:BlowCover","theEdgeheg:BetterDodge","theEdgeheg:TimmyBackflip"],"picked":"theEdgeheg:MachineGun","floor":14},{"not_picked":["theEdgeheg:ArtOfTheBlade","theEdgeheg:GunFu","theEdgeheg:EndlessKatanas"],"picked":"theEdgeheg:CSGun","floor":16},{"not_picked":["theEdgeheg:TimmyBackflip","theEdgeheg:Disrobe+1","theEdgeheg:BlowCover+1"],"picked":"theEdgeheg:MachineGun","floor":18},{"not_picked":["theEdgeheg:BloodyKatana+1","theEdgeheg:Disrobe","theEdgeheg:MachineGun"],"picked":"theEdgeheg:Knives+1","floor":19},{"not_picked":["theEdgeheg:DashKatana","theEdgeheg:ChaosCards","theEdgeheg:BlackKatana","theEdgeheg:HappiestTimmy"],"picked":"SKIP","floor":21},{"not_picked":["theEdgeheg:BlowCover","theEdgeheg:Glare+1","theEdgeheg:Shotgun","theEdgeheg:SelfHarmIsNotCool"],"picked":"SKIP","floor":22},{"not_picked":["theEdgeheg:QuickDraw+1","theEdgeheg:Grr","theEdgeheg:DrawGun"],"picked":"theEdgeheg:PlayRandomCard","floor":24},{"not_picked":["theEdgeheg:Butt","theEdgeheg:TeleportsAbove","theEdgeheg:TeleportsBehind","theEdgeheg:ChaosCards"],"picked":"SKIP","floor":28},{"not_picked":["theEdgeheg:ChaosWhip","theEdgeheg:BlackKatana+1","theEdgeheg:BlowCover","theEdgeheg:RedGun"],"picked":"SKIP","floor":30},{"not_picked":["theEdgeheg:RedGun","theEdgeheg:Reload","theEdgeheg:BlackKatana+1"],"picked":"theEdgeheg:MachineGun+1","floor":31}],"player_experience":557091,"relics_obtained":[{"floor":1,"key":"Question Card"},{"floor":11,"key":"conspire:BottledYoYo"},{"floor":16,"key":"ImportantClient"},{"floor":26,"key":"KratosMod:minohorn"},{"floor":32,"key":"halation:OrihimeAndHikoboshiSamaAndTears"}],"event_choices":[{"damage_healed":0,"gold_gain":0,"cards_transformed":["theEdgeheg:GatherChaos"],"player_choice":"Transformed","damage_taken":0,"max_hp_gain":0,"max_hp_loss":0,"event_name":"Transmorgrifier","floor":2,"gold_loss":0,"cards_obtained":["theEdgeheg:DashKatana"]},{"damage_healed":0,"gold_gain":100,"player_choice":"Pray","damage_taken":0,"max_hp_gain":0,"max_hp_loss":0,"event_name":"Golden Shrine","floor":20,"gold_loss":0},{"damage_healed":0,"gold_gain":0,"player_choice":"Joined the Cult","damage_taken":6,"max_hp_gain":0,"max_hp_loss":0,"event_name":"Nest","floor":29,"gold_loss":0,"cards_obtained":["RitualDagger"]}],"is_beta":false,"boss_relics":[{"not_picked":["hubris:Stopwatch","ChewingGum"],"picked":"DiscerningMonocle"}],"items_purged_floors":[23,27],"is_endless":false,"potions_floor_spawned":[7,10,18,21,24,31],"killed_by":"conspire:MysteriousRune","ascension_level":0}}