{"host":"y0fby0q96ywik4sv","time":1607793754,"event":{"mods":["2.2 Compatiblity","BaseMod","Colored Map","Custom Start","DeckTracker","Highlight Path","Keyboard Shortcuts","Minty Spire (QoL Compilation)","Permanent Neow","Quick Restart","StSLib","SuperFastMode","everything is the same but u backflip on backflip"],"gold_per_floor":[117,180,196,210,270,270,304,304,304,304,304,304,317,317,317,393,393,409,429,445,10,10,38,38,48,75,75,109,123,0,0,0],"floor_reached":31,"playtime":731,"items_purged":["Strike_R"],"score":495,"play_id":"c7fbe4d1-0005-40b1-acdd-6a121fa5c6f2","local_time":"20201213022234","is_ascension_mode":true,"campfire_choices":[{"data":"Searing Blow","floor":6.0,"key":"SMITH"},{"data":"Searing Blow+1","floor":8.0,"key":"SMITH"},{"data":"Searing Blow+2","floor":10.0,"key":"SMITH"},{"data":"Searing Blow+3","floor":12.0,"key":"SMITH"},{"data":"Searing Blow+4","floor":15.0,"key":"SMITH"}],"circlet_count":0,"master_deck":["AscendersBane","Strike_R","Defend_R","Defend_R","Defend_R","Defend_R","Bash+1","Flame Barrier","Infernal Blade","Searing Blow+5","True Grit","Sword Boomerang","Double Tap","Feel No Pain+1","Armaments","Dark Embrace","Havoc","Offering","Inflame","Battle Trance"],"relics":["Burning Blood","Potion Belt","Anchor","Busted Crown","Bottled Tornado","Ornamental Fan","Dream Catcher","Tiny Chest"],"acts_visited":["Exordium","TheCity"],"potions_floor_usage":[31],"damage_taken":[{"damage":1.0,"enemies":"Cultist","floor":1.0,"turns":3.0},{"damage":2.0,"enemies":"2 Louse","floor":3.0,"turns":4.0},{"damage":7.0,"enemies":"Jaw Worm","floor":4.0,"turns":3.0},{"damage":8.0,"enemies":"Gremlin Gang","floor":5.0,"turns":5.0},{"damage":27.0,"enemies":"3 Sentries","floor":7.0,"turns":8.0},{"damage":0.0,"enemies":"Red Slaver","floor":13.0,"turns":3.0},{"damage":25.0,"enemies":"Hexaghost","floor":16.0,"turns":9.0},{"damage":0.0,"enemies":"Spheric Guardian","floor":18.0,"turns":1.0},{"damage":2.0,"enemies":"Chosen","floor":19.0,"turns":2.0},{"damage":18.0,"enemies":"Snake Plant","floor":20.0,"turns":4.0},{"damage":19.0,"enemies":"Book of Stabbing","floor":23.0,"turns":4.0},{"damage":25.0,"enemies":"3 Cultists","floor":25.0,"turns":5.0},{"damage":6.0,"enemies":"Gremlin Leader","floor":28.0,"turns":2.0},{"damage":19.0,"enemies":"Centurion and Healer","floor":29.0,"turns":5.0},{"damage":14,"enemies":"Book of Stabbing","floor":31,"turns":3}],"seed_played":"-7944630284134081733","potions_obtained":[{"floor":1.0,"key":"ColorlessPotion"},{"floor":4.0,"key":"BlessingOfTheForge"},{"floor":11.0,"key":"Weak Potion"},{"floor":11.0,"key":"SpeedPotion"},{"floor":11.0,"key":"PowerPotion"},{"floor":13.0,"key":"Energy Potion"},{"floor":18.0,"key":"SkillPotion"},{"floor":19.0,"key":"Explosive Potion"},{"floor":28.0,"key":"BlessingOfTheForge"}],"is_trial":false,"path_per_floor":["M","?","M","M","M","R","E","R","T","R","?","R","M","?","R","B",null,"M","M","M","$","?","E","$","M","T","?","E","M","?","E"],"character_chosen":"IRONCLAD","items_purchased":["Dark Embrace","Havoc","Bottled Tornado"],"campfire_rested":0,"item_purchase_floors":[21,21,21],"current_hp_per_floor":[77,77,80,79,77,77,56,56,56,56,56,56,62,62,62,43,71,77,80,68,68,68,55,55,36,36,21,21,8,8,0,0],"gold":0,"neow_bonus":"UPGRADE_CARD","is_daily":false,"chose_seed":false,"campfire_upgraded":5,"win_rate":0.0,"timestamp":1607793754,"path_taken":["M","?","M","M","M","R","E","R","T","R","?","R","?","?","R","BOSS","M","?","M","$","?","E","$","M","T","?","E","?","?","E"],"items_purchased_type":["Card","Card","Relic"],"build_version":"2020-11-30","purchased_purges":1,"victory":false,"max_hp_per_floor":[80,80,80,80,80,80,80,80,80,80,80,80,80,80,80,80,80,80,80,80,80,80,80,80,80,80,85,85,85,85,85,85],"card_choices":[{"not_picked":["Burning Pact","Sentinel"],"picked":"Flame Barrier","floor":1.0},{"not_picked":["Cleave","Combust"],"picked":"Infernal Blade","floor":3.0},{"not_picked":["Anger","Wild Strike"],"picked":"Searing Blow","floor":4.0},{"not_picked":["Flex","Hemokinesis","Body Slam"],"picked":"SKIP","floor":5.0},{"not_picked":["Combust","Sword Boomerang","Body Slam"],"picked":"SKIP","floor":7.0},{"not_picked":["True Grit","Heavy Blade","Rupture"],"picked":"SKIP","floor":13.0},{"not_picked":["Heavy Blade","Rupture"],"picked":"True Grit","floor":13.0},{"not_picked":["Berserk","Limit Break"],"picked":"Double Tap","floor":16.0},{"not_picked":["Warcry"],"picked":"SKIP","floor":18.0},{"not_picked":[],"picked":"Feel No Pain+1","floor":19.0},{"not_picked":[],"picked":"Armaments","floor":20.0},{"not_picked":["Dropkick"],"picked":"SKIP","floor":23.0},{"not_picked":["Hemokinesis"],"picked":"SKIP","floor":25.0},{"not_picked":[],"picked":"Battle Trance","floor":28.0},{"not_picked":["Iron Wave"],"picked":"SKIP","floor":29.0}],"player_experience":163973,"relics_obtained":[{"floor":7.0,"key":"Potion Belt"},{"floor":9.0,"key":"Anchor"},{"floor":23.0,"key":"Ornamental Fan"},{"floor":26.0,"key":"Dream Catcher"},{"floor":28.0,"key":"Tiny Chest"}],"event_choices":[{"damage_healed":0.0,"max_hp_gain":0.0,"max_hp_loss":0.0,"gold_gain":63.0,"event_name":"Golden Wing","player_choice":"Gained Gold","floor":2.0,"gold_loss":0.0,"damage_taken":0.0},{"damage_healed":0.0,"max_hp_gain":0.0,"max_hp_loss":0.0,"gold_gain":0.0,"event_name":"Lab","player_choice":"Got Potions","floor":11.0,"gold_loss":0.0,"damage_taken":0.0},{"damage_healed":0.0,"max_hp_gain":0.0,"max_hp_loss":0.0,"gold_gain":0.0,"cards_transformed":["Strike_R"],"event_name":"Transmorgrifier","player_choice":"Transformed","floor":14.0,"gold_loss":0.0,"damage_taken":0.0,"cards_obtained":["Sword Boomerang"]},{"damage_healed":0.0,"max_hp_gain":0.0,"max_hp_loss":0.0,"gold_gain":0.0,"cards_transformed":["Strike_R","Strike_R"],"event_name":"Drug Dealer","player_choice":"Became Test Subject","floor":22.0,"gold_loss":0.0,"damage_taken":0.0,"cards_obtained":["Offering","Inflame"]},{"damage_healed":0.0,"max_hp_gain":5.0,"max_hp_loss":0.0,"gold_gain":0.0,"event_name":"Forgotten Altar","player_choice":"Shed Blood","floor":27.0,"gold_loss":0.0,"damage_taken":20.0},{"damage_healed":0.0,"max_hp_gain":0.0,"max_hp_loss":0.0,"gold_gain":0.0,"event_name":"Masked Bandits","player_choice":"Paid Fearfully","floor":30.0,"gold_loss":123.0,"damage_taken":0.0}],"is_beta":false,"boss_relics":[{"not_picked":["Empty Cage","Coffee Dripper"],"picked":"Busted Crown"}],"items_purged_floors":[21],"is_endless":false,"potions_floor_spawned":[1,4,13,18,19,28],"killed_by":"Book of Stabbing","ascension_level":13}}