{"host":"2nw7vjz0sy04etg3","time":1607769225,"event":{"mods":["BaseMod","DeckTracker","Minty Spire (QoL Compilation)","Quick Restart"],"gold_per_floor":[114,189,189,36,48,76,76,96,96,113,129,164,178,190,190,267,267,285,335,235,248,248,248,272,285,285,285,305,320,340,357,357,433,433,447,93,112,132,142,170,170,170,221,256,270,284,295,315,315,315,315,315,23,57,57],"floor_reached":56,"playtime":2561,"items_purged":["Strike_B","Defend_B","Strike_B","Rip and Tear"],"score":1976,"play_id":"2688df0a-a745-452d-b3d6-b9503be6700c","local_time":"20201212193345","is_ascension_mode":true,"campfire_choices":[{"data":"Defragment","floor":7.0,"key":"SMITH"},{"floor":15.0,"key":"REST"},{"floor":23.0,"key":"REST"},{"data":"Chaos","floor":27.0,"key":"SMITH"},{"data":"Coolheaded","floor":32.0,"key":"SMITH"},{"data":"Dualcast","floor":41.0,"key":"SMITH"},{"floor":49.0,"key":"RECALL"},{"data":"Biased Cognition","floor":52.0,"key":"SMITH"}],"circlet_count":0,"master_deck":["AscendersBane","Defend_B+1","Zap","Dualcast+1","Double Energy+1","Defragment+1","Ball Lightning","Genetic Algorithm","Sweeping Beam","Conserve Battery","Doom and Gloom","Electrodynamics","Chaos+1","Coolheaded+1","Aggregate+1","FTL","Biased Cognition+1","Seek+1","Biased Cognition+1","Cold Snap+1","Compile Driver","Cold Snap","Compile Driver+1","Echo Form","Capacitor","Barrage","Force Field+1"],"relics":["Cracked Core","NeowsBlessing","Bird Faced Urn","Gambling Chip","War Paint","Inserter","Bag of Preparation","Pantograph","Astrolabe","OrangePellets","Bronze Scales","Meat on the Bone","Pocketwatch"],"acts_visited":["Exordium","TheCity","TheBeyond","TheEnding"],"potions_floor_usage":[55],"damage_taken":[{"damage":0.0,"enemies":"Jaw Worm","floor":1.0,"turns":1.0},{"damage":0.0,"enemies":"2 Louse","floor":5.0,"turns":1.0},{"damage":0.0,"enemies":"3 Sentries","floor":6.0,"turns":2.0},{"damage":0.0,"enemies":"Cultist","floor":8.0,"turns":3.0},{"damage":20.0,"enemies":"3 Louse","floor":10.0,"turns":3.0},{"damage":23.0,"enemies":"Exordium Wildlife","floor":11.0,"turns":3.0},{"damage":5.0,"enemies":"Lagavulin","floor":12.0,"turns":4.0},{"damage":12.0,"enemies":"Lots of Slimes","floor":13.0,"turns":3.0},{"damage":2.0,"enemies":"Red Slaver","floor":14.0,"turns":4.0},{"damage":20.0,"enemies":"Hexaghost","floor":16.0,"turns":9.0},{"damage":28.0,"enemies":"Chosen","floor":18.0,"turns":7.0},{"damage":14.0,"enemies":"2 Thieves","floor":21.0,"turns":4.0},{"damage":17.0,"enemies":"Centurion and Healer","floor":22.0,"turns":5.0},{"damage":5.0,"enemies":"Chosen and Byrds","floor":25.0,"turns":4.0},{"damage":3.0,"enemies":"Cultist and Chosen","floor":28.0,"turns":6.0},{"damage":5.0,"enemies":"Snake Plant","floor":29.0,"turns":4.0},{"damage":2.0,"enemies":"Centurion and Healer","floor":30.0,"turns":6.0},{"damage":23.0,"enemies":"Shelled Parasite and Fungi","floor":31.0,"turns":5.0},{"damage":40.0,"enemies":"Champ","floor":33.0,"turns":10.0},{"damage":0.0,"enemies":"3 Shapes","floor":35.0,"turns":1.0},{"damage":0.0,"enemies":"3 Darklings","floor":37.0,"turns":1.0},{"damage":0.0,"enemies":"Spire Growth","floor":38.0,"turns":3.0},{"damage":0.0,"enemies":"Transient","floor":39.0,"turns":5.0},{"damage":12.0,"enemies":"Reptomancer","floor":40.0,"turns":4.0},{"damage":3.0,"enemies":"Nemesis","floor":44.0,"turns":5.0},{"damage":47.0,"enemies":"Writhing Mass","floor":45.0,"turns":5.0},{"damage":0.0,"enemies":"Spire Growth","floor":46.0,"turns":5.0},{"damage":0.0,"enemies":"Sphere and 2 Shapes","floor":47.0,"turns":3.0},{"damage":30.0,"enemies":"Writhing Mass","floor":48.0,"turns":4.0},{"damage":49.0,"enemies":"Donu and Deca","floor":50.0,"turns":8.0},{"damage":14.0,"enemies":"Shield and Spear","floor":54.0,"turns":5.0},{"damage":42,"enemies":"The Heart","floor":55,"turns":7}],"seed_played":"-4313839431421247442","potions_obtained":[{"floor":1.0,"key":"DistilledChaos"},{"floor":6.0,"key":"Block Potion"},{"floor":12.0,"key":"Weak Potion"},{"floor":18.0,"key":"Weak Potion"},{"floor":28.0,"key":"Fruit Juice"},{"floor":31.0,"key":"ColorlessPotion"},{"floor":33.0,"key":"Explosive Potion"},{"floor":37.0,"key":"Explosive Potion"}],"is_trial":false,"path_per_floor":["M","?","?","$","M","E","R","M","T","M","M","E","M","M","R","B",null,"M","?","$","M","M","R","T","M","T","R","M","M","M","M","R","B",null,"M","$","M","M","M","E","R","?","T","E","M","M","M","M","R","B",null,"R","$","E","B",null],"character_chosen":"DEFECT","items_purchased":["Defragment","OrangePellets","Cold Snap","Swift Potion","DistilledChaos"],"campfire_rested":2,"item_purchase_floors":[4,36,36,53,53],"current_hp_per_floor":[64,53,53,53,53,53,53,55,55,37,16,13,3,3,24,6,55,29,29,29,17,4,25,25,24,24,24,30,29,31,12,12,1,57,63,63,69,76,76,64,64,64,64,73,39,55,67,47,47,45,68,68,68,64,45],"gold":57,"neow_bonus":"THREE_ENEMY_KILL","is_daily":false,"chose_seed":false,"campfire_upgraded":5,"win_rate":0.0,"timestamp":1607769225,"path_taken":["M","?","?","$","M","E","R","M","T","M","?","E","M","M","R","BOSS","M","?","$","M","M","R","?","M","T","R","M","?","M","M","R","BOSS","M","$","M","M","M","E","R","?","T","E","M","M","?","M","R","BOSS","R","$","E","BOSS"],"items_purchased_type":["Card","Relic","Card","Potion","Potion"],"build_version":"2020-11-30","purchased_purges":4,"victory":true,"max_hp_per_floor":[71,71,71,71,71,71,71,71,71,71,71,71,71,71,71,71,71,71,71,71,71,71,71,71,71,71,71,76,76,76,76,76,76,76,76,76,76,76,76,76,76,76,76,76,76,76,76,76,76,76,76,76,76,76,76],"card_choices":[{"not_picked":["Storm","Beam Cell","Leap"],"picked":"SKIP","floor":1.0},{"not_picked":["Barrage","Hologram"],"picked":"Ball Lightning","floor":5.0},{"not_picked":["Hologram","Aggregate"],"picked":"Genetic Algorithm","floor":6.0},{"not_picked":["Barrage","Stack"],"picked":"Rip and Tear","floor":8.0},{"not_picked":["Fusion","Tempest","Rebound"],"picked":"SKIP","floor":10.0},{"not_picked":["Go for the Eyes","Fusion"],"picked":"Sweeping Beam","floor":11.0},{"not_picked":["Multi-Cast","Sweeping Beam"],"picked":"Conserve Battery","floor":12.0},{"not_picked":["Redo","Force Field","Streamline"],"picked":"SKIP","floor":13.0},{"not_picked":["Hello World","Heatsinks"],"picked":"Doom and Gloom","floor":14.0},{"not_picked":["Steam+1","Reinforced Body","Turbo"],"picked":"SKIP","floor":18.0},{"not_picked":["Steam","Cold Snap"],"picked":"Electrodynamics","floor":21.0},{"not_picked":["Hologram+1","Go for the Eyes"],"picked":"Chaos","floor":22.0},{"not_picked":["Darkness","Leap"],"picked":"Coolheaded","floor":25.0},{"not_picked":["Gash","Conserve Battery","Streamline"],"picked":"SKIP","floor":28.0},{"not_picked":["Coolheaded","Steam+1"],"picked":"Aggregate+1","floor":29.0},{"not_picked":["Electrodynamics","Hologram"],"picked":"FTL","floor":30.0},{"not_picked":["Recycle","Stack","Capacitor"],"picked":"SKIP","floor":31.0},{"not_picked":["Creative AI","Amplify"],"picked":"Biased Cognition","floor":33.0},{"not_picked":["Leap","Turbo"],"picked":"Compile Driver","floor":35.0},{"not_picked":["Tempest","Go for the Eyes"],"picked":"Compile Driver+1","floor":37.0},{"not_picked":["Auto Shields","Gash"],"picked":"Echo Form","floor":38.0},{"not_picked":["Hologram+1","Streamline","Doom and Gloom"],"picked":"SKIP","floor":39.0},{"not_picked":["Streamline","Compile Driver","Reinforced Body"],"picked":"SKIP","floor":40.0},{"not_picked":["Consume","Static Discharge+1"],"picked":"Barrage","floor":44.0},{"not_picked":["Blizzard","Rebound","Static Discharge+1"],"picked":"SKIP","floor":45.0},{"not_picked":["Doom and Gloom","Reinforced Body","Beam Cell"],"picked":"SKIP","floor":46.0},{"not_picked":["Redo","Gash+1","Sweeping Beam"],"picked":"SKIP","floor":47.0},{"not_picked":["BootSequence","Hyperbeam","Redo"],"picked":"SKIP","floor":48.0},{"not_picked":["Cold Snap","Sweeping Beam"],"picked":"Force Field+1","floor":54.0}],"player_experience":228703,"relics_obtained":[{"floor":6.0,"key":"Bird Faced Urn"},{"floor":9.0,"key":"Gambling Chip"},{"floor":12.0,"key":"War Paint"},{"floor":24.0,"key":"Bag of Preparation"},{"floor":26.0,"key":"Pantograph"},{"floor":40.0,"key":"Bronze Scales"},{"floor":44.0,"key":"Meat on the Bone"},{"floor":54.0,"key":"Pocketwatch"}],"event_choices":[{"damage_healed":0.0,"max_hp_gain":0.0,"max_hp_loss":0.0,"gold_gain":75.0,"event_name":"World of Goop","player_choice":"Gather Gold","floor":2.0,"gold_loss":0.0,"damage_taken":11.0},{"damage_healed":0.0,"max_hp_gain":0.0,"max_hp_loss":0.0,"gold_gain":0.0,"cards_transformed":["Strike_B"],"event_name":"Transmorgrifier","player_choice":"Transformed","floor":3.0,"gold_loss":0.0,"damage_taken":0.0,"cards_obtained":["Double Energy"]},{"damage_healed":0.0,"max_hp_gain":0.0,"max_hp_loss":0.0,"gold_gain":50.0,"event_name":"Nest","player_choice":"Stole From Cult","floor":19.0,"gold_loss":0.0,"damage_taken":0.0},{"damage_healed":0.0,"max_hp_gain":0.0,"max_hp_loss":0.0,"gold_gain":0.0,"event_name":"Match and Keep!","player_choice":"1 cards matched","floor":42.0,"gold_loss":0.0,"damage_taken":0.0,"cards_obtained":["Capacitor"]}],"is_beta":false,"boss_relics":[{"not_picked":["Busted Crown","Runic Pyramid"],"picked":"Inserter"},{"not_picked":["SacredBark","Velvet Choker"],"picked":"Astrolabe"}],"items_purged_floors":[4,20,36,53],"is_endless":false,"potions_floor_spawned":[1,6,8,12,18,28,31,33,37,38,40,46,47],"ascension_level":16}}