{"host":"fqid566djxhwi0rl","time":1607796478,"event":{"mods":["2.2 Compatiblity","AchievementEnabler","Aspiration","BaseMod","Downfall","Energized Spire","Faster Ascension Climbing","GifTheSpireLib","Minty Spire (QoL Compilation)","Replay The Spire","Robot Space Explorer","StSLib","The Blackbeard","The Gatherer","Trackpad","Yuri Mod"],"gold_per_floor":[20,32,67,103,28,56,56,56,56,56,87,111,138,150,150,221,221,232,232,232,76,76,103,143,143,143,143,171,185,232,252,252,329,329,346,346,362,530,544,569,569,569,593,627,627,659,675,32,32,32],"floor_reached":51,"playtime":1998,"items_purged":["Normality","Gatherer:Strike_Gatherer"],"score":1420,"play_id":"9d03d835-fae5-4eeb-b466-e2c7fc0ee4e5","local_time":"20201212200758","is_ascension_mode":true,"metric_token":1041,"campfire_choices":[{"floor":7,"key":"REST"},{"floor":15,"key":"REST"},{"data":"Gatherer:CursedBlade","floor":25,"key":"SMITH"},{"data":"Gatherer:BomberForm","floor":27,"key":"SMITH"},{"data":"Gatherer:FlowerBeam+1","floor":32,"key":"SMITH"},{"floor":41,"key":"REST"},{"floor":45,"key":"REST"},{"floor":49,"key":"REST"}],"circlet_count":0,"master_deck":["AscendersBane","Gatherer:Strike_Gatherer","Gatherer:Strike_Gatherer+1","Gatherer:Strike_Gatherer+1","Gatherer:Strike_Gatherer","Gatherer:Defend_Gatherer","Gatherer:Defend_Gatherer","Gatherer:Defend_Gatherer","Gatherer:Defend_Gatherer","Gatherer:Defend_Gatherer","Gatherer:Centralize","Gatherer:FlowerWhip","Gatherer:UpgradeBag","Gatherer:GatherMaterial+1","Gatherer:FlowerBeam+3","Gatherer:CursedBlade+1","Gatherer:FlowerShield","Gatherer:SealedBomb","Gatherer:SealedBomb","Gatherer:BomberForm+1","Night Terror","Gatherer:SpareBottle","Gatherer:WoolGloves+1","Clothesline"],"relics":["Gatherer:AlchemyBag","trackpad:HandOfMidas","trackpad:RapidFire","Question Card","trackpad:SneckoScepter","Replay:Mystery Machine","energizedSpire:DeadBattery","White Beast Statue","PrismaticShard","HornCleat","Replay:Kaleidoscope","ReplayFunnel","Shuriken","Chameleon Ring","Velvet Choker","trackpad:ToughGloves","Ring of Chaos","Bronze Scales","Art of War","Replay:Rubber Ducky","Whetstone","Ornamental Fan","Frozen Eye"],"acts_visited":["Exordium","TheCity","TheBeyond"],"potions_floor_usage":[6,11,11,12,28,29,30,30,33,35,40,44,46,46,50,50],"damage_taken":[{"damage":0,"enemies":"Cultist","floor":1,"turns":3},{"damage":8,"enemies":"Jaw Worm","floor":2,"turns":6},{"damage":5,"enemies":"2 Louse","floor":3,"turns":3},{"damage":2,"enemies":"Exordium Wildlife","floor":4,"turns":3},{"damage":24,"enemies":"3 Sentries","floor":6,"turns":7},{"damage":0,"enemies":"Lagavulin","floor":11,"turns":3},{"damage":6,"enemies":"Lots of Slimes","floor":12,"turns":2},{"damage":11,"enemies":"Replay:BlueRogue","floor":13,"turns":2},{"damage":0,"enemies":"Exordium Thugs","floor":14,"turns":3},{"damage":0,"enemies":"Slime Boss","floor":16,"turns":5},{"damage":0,"enemies":"Spheric Guardian","floor":18,"turns":1},{"damage":0,"enemies":"Slavers","floor":23,"turns":3},{"damage":0,"enemies":"3 Byrds","floor":24,"turns":4},{"damage":2,"enemies":"Replay:Snechameleon","floor":28,"turns":3},{"damage":0,"enemies":"3 Cultists","floor":29,"turns":3},{"damage":7,"enemies":"Slavers","floor":30,"turns":3},{"damage":4,"enemies":"Snecko","floor":31,"turns":4},{"damage":0,"enemies":"Collector","floor":33,"turns":4},{"damage":0,"enemies":"3 Darklings","floor":35,"turns":2},{"damage":0,"enemies":"Orb Walker","floor":37,"turns":1},{"damage":1,"enemies":"Maw","floor":38,"turns":3},{"damage":0,"enemies":"Spire Growth","floor":39,"turns":3},{"damage":47,"enemies":"Nemesis","floor":40,"turns":5},{"damage":0,"enemies":"R_Hoarder","floor":44,"turns":6},{"damage":0,"enemies":"Reptomancer","floor":46,"turns":2},{"damage":0,"enemies":"Jaw Worm Horde","floor":47,"turns":3},{"damage":20,"enemies":"Replay:Hell Engine","floor":50,"turns":5}],"seed_played":"6270991210145327159","potions_obtained":[{"floor":2,"key":"sneckomod:MuddlingPotion"},{"floor":4,"key":"Toxic Potion"},{"floor":6,"key":"Strength Potion"},{"floor":11,"key":"Adrenaline Potion"},{"floor":13,"key":"EssenceOfSteel"},{"floor":14,"key":"Dexterity Potion"},{"floor":23,"key":"DuplicationPotion"},{"floor":28,"key":"BloodPotion"},{"floor":29,"key":"DuplicationPotion"},{"floor":30,"key":"GamblersBrew"},{"floor":31,"key":"LiquidMemories"},{"floor":33,"key":"Explosive Potion"},{"floor":35,"key":"Fire Potion"},{"floor":40,"key":"Adrenaline Potion"},{"floor":44,"key":"Cursed Concoction"},{"floor":46,"key":"SteroidPotion"},{"floor":47,"key":"Weak Potion"}],"is_trial":false,"path_per_floor":["M","M","M","M","$","E","R","?","T","?","E","M","E","M","R","B",null,"M","$","T","$","?","E","M","R","T","R","E","M","E","M","R","B",null,"M","?","M","M","M","E","R","?","T","E","R","E","M","$","R","B",null],"character_chosen":"THE_GATHERER","items_purchased":["PrismaticShard","Whetstone","Ornamental Fan","Frozen Eye"],"campfire_rested":5,"item_purchase_floors":[21,48,48,48],"current_hp_per_floor":[65,57,52,50,50,26,47,47,47,33,33,27,16,16,37,37,63,63,63,63,63,56,56,56,56,56,56,54,68,61,57,57,57,68,68,68,68,67,67,20,41,41,41,41,62,62,62,62,72,52],"gold":32,"neow_bonus":"ONE_RARE_RELIC","is_daily":false,"chose_seed":false,"campfire_upgraded":3,"win_rate":0.0,"timestamp":1607796478,"path_taken":["M","M","M","?","$","E","R","?","T","?","E","?","E","M","R","BOSS","M","?","?","$","?","E","M","R","T","R","E","M","E","?","R","BOSS","M","?","M","?","?","E","R","?","T","E","R","E","M","$","R","BOSS"],"items_purchased_type":["Relic","Relic","Relic","Relic"],"build_version":"2020-11-30","purchased_purges":2,"victory":true,"max_hp_per_floor":[72,72,72,72,72,72,72,72,72,72,72,72,72,72,72,72,72,72,72,72,72,72,72,72,72,72,72,72,72,72,72,72,72,72,72,72,72,72,72,72,72,72,72,72,72,72,72,72,72,72],"card_choices":[{"not_picked":["Gatherer:FlowerShield","Gatherer:CarefulStrike"],"picked":"Gatherer:UpgradeBag","floor":1},{"not_picked":["Gatherer:EnergyBasket","Gatherer:FlowerShield"],"picked":"Gatherer:GatherMaterial","floor":2},{"not_picked":["Gatherer:VenomBarrier","Gatherer:CollectorsShot"],"picked":"Gatherer:FlowerBeam","floor":3},{"not_picked":["Gatherer:Snatch","Gatherer:AlchemyTrial"],"picked":"Gatherer:CursedBlade","floor":4},{"not_picked":["Gatherer:QuickSynthesis","Gatherer:VenomBarrier"],"picked":"Gatherer:FlowerShield","floor":6},{"not_picked":["Gatherer:TacticalStrike","Gatherer:Transmute","Gatherer:BambuSword"],"picked":"Gatherer:SealedBomb","floor":11},{"not_picked":["Gatherer:FlowerBeam","Gatherer:FragileHammer","Gatherer:Frenzy"],"picked":"Gatherer:SealedBomb","floor":12},{"not_picked":["Gatherer:ScherryThrow","Gatherer:StoneFence","Gatherer:SaveValuables"],"picked":"Gatherer:BlackTea","floor":13},{"not_picked":["Gatherer:FlowerShield","Gatherer:EnergyBasket","Gatherer:MiningStrike","Gatherer:SaveValuables"],"picked":"SKIP","floor":14},{"not_picked":["Gatherer:PoisonMastery","Gatherer:StoneFence","Gatherer:Examine"],"picked":"Gatherer:BomberForm","floor":16},{"not_picked":["Gatherer:Frenzy","Gatherer:FlowerFalling","Gatherer:Snatch","Gatherer:BigPouch"],"picked":"SKIP","floor":18},{"not_picked":["blackbeard:BlindAttacks","Replay:SS_hec_4","sneckomod:UnknownCommonSkill+1","ReplayTheSpireMod:Reroute Power"],"picked":"SKIP","floor":23},{"not_picked":["sneckomod:SoulRoll","Slimebound:GoopSpray","Worship","yuri:GlitchedStrike"],"picked":"SKIP","floor":24},{"not_picked":["sneckomod:UnknownClassHEXA_GHOST_PURPLE","Violence","Gatherer:MiningStrike","expansioncontent:LastStand+1"],"picked":"SKIP","floor":28},{"not_picked":["hexamod:SwordOfDarkness","hexamod:GhostLash","ReplayTheSpireMod:Corrosion Curse","sneckomod:UnknownX"],"picked":"SKIP","floor":29},{"not_picked":["yuri:WickedSlash","yuri:Stalk","Poisoned Stab","blackbeard:Boarding"],"picked":"SKIP","floor":30},{"not_picked":["Flying Knee","Gatherer:Snatch","sneckomod:RainOfDice","blackbeard:Spear"],"picked":"SKIP","floor":31},{"not_picked":["Venomology","Judgement","Poison Darts"],"picked":"Night Terror","floor":33},{"not_picked":["blackbeard:Spear","Guardian:VentSteam","Coolheaded+1","Guardian:TemporalShield"],"picked":"SKIP","floor":35},{"not_picked":["sneckomod:CheapStock+1","sneckomod:UnknownStrike+1","sneckomod:SoulDraw+1","Sucker Punch"],"picked":"SKIP","floor":37},{"not_picked":["hexamod:Hexaguard+1","Guardian:DecasProtection","Reckless Charge+1","yuri:Spin"],"picked":"SKIP","floor":38},{"not_picked":["Slimebound:SlimeTap","Protect","TalkToTheHand","Replay:BasicMightCard"],"picked":"SKIP","floor":39},{"not_picked":["Warcry","Stack+1","hexamod:EmpoweredFlame"],"picked":"Gatherer:WoolGloves+1","floor":40},{"not_picked":["yuri:BookGreen","Gatherer:Herbalism","blackbeard:DeadlyArsenal","Sweeping Beam"],"picked":"SKIP","floor":44},{"not_picked":["Guardian:TimeSifter","Body Slam+1","Slimebound:TongueLash"],"picked":"Clothesline","floor":46},{"not_picked":["Deflect","sneckomod:Nope","RobotSpaceExplorer:PowerCollector","Dramatic Entrance+1"],"picked":"SKIP","floor":47}],"player_experience":655442,"relics_obtained":[{"floor":6,"key":"trackpad:RapidFire"},{"floor":9,"key":"Question Card"},{"floor":11,"key":"trackpad:SneckoScepter"},{"floor":13,"key":"Replay:Mystery Machine"},{"floor":20,"key":"White Beast Statue"},{"floor":23,"key":"Replay:Kaleidoscope"},{"floor":26,"key":"ReplayFunnel"},{"floor":28,"key":"Shuriken"},{"floor":30,"key":"Chameleon Ring"},{"floor":40,"key":"trackpad:ToughGloves"},{"floor":42,"key":"Ring of Chaos"},{"floor":43,"key":"Bronze Scales"},{"floor":44,"key":"Art of War"},{"floor":46,"key":"Replay:Rubber Ducky"}],"event_choices":[{"damage_healed":0,"gold_gain":0,"player_choice":"Entered Light","damage_taken":14,"max_hp_gain":0,"max_hp_loss":0,"event_name":"Shining Light","floor":10,"gold_loss":0,"cards_upgraded":["Gatherer:FlowerBeam","Gatherer:Strike_Gatherer"]},{"damage_healed":0,"gold_gain":0,"player_choice":"HornCleat","damage_taken":0,"relics_obtained":["HornCleat"],"max_hp_gain":0,"max_hp_loss":0,"event_name":"blackbeard:ShipwreckEvent","floor":22,"gold_loss":0},{"cards_removed":["Gatherer:BlackTea"],"damage_healed":0,"gold_gain":0,"player_choice":"Got a Spare Bottle","damage_taken":0,"max_hp_gain":0,"max_hp_loss":0,"event_name":"Gatherer:BottleCollector","floor":36,"gold_loss":0,"cards_obtained":["Gatherer:SpareBottle"]}],"is_beta":false,"boss_relics":[{"not_picked":["Coffee Dripper","Runic Dome"],"picked":"energizedSpire:DeadBattery"},{"not_picked":["Philosopher\u0027s Stone","Calling Bell"],"picked":"Velvet Choker"}],"items_purged_floors":[5,48],"is_endless":false,"potions_floor_spawned":[2,4,6,11,13,14,23,24,28,29,30,31,33,35,37,38,39,40,44,46,47],"ascension_level":13}}