{"host":"y9jgkjnf95sujozk","time":1607774348,"event":{"mods":["2.2 Compatiblity","AchievementEnabler","BaseMod","Block Reminder","Colored Map","Colored Powertips","Downfall","Friendly Minions","GifTheSpireLib","Hermit","Highlight Path","MarisaÅiñ∂âJÅ@ñÇóùçπÅj","Minty Spire (QoL Compilation)","Random Character Button","Rare Cards Sparkle","Replay The Spire","StSLib","SuperFastMode","The Animator","The Bug Knight","The Cursed","The Servant 0.9.4"],"gold_per_floor":[113,125,125,35,45,45,56,56,56,56,72,72,97,97,97,97,97],"floor_reached":16,"playtime":397,"items_purged":[],"score":100,"play_id":"d640d113-e202-47ec-9b76-8ad2e2146efc","local_time":"20201212125908","is_ascension_mode":false,"campfire_choices":[{"floor":8,"key":"REST"},{"data":"HollowMod:HeavyBlow","floor":10,"key":"SMITH"},{"floor":12,"key":"REST"},{"floor":15,"key":"REST"}],"circlet_count":0,"master_deck":["HollowMod:NailStrikeStart","HollowMod:NailStrikeStart","HollowMod:NailStrikeStart","HollowMod:QuickDashStart","HollowMod:QuickDashStart","HollowMod:QuickDashStart","HollowMod:QuickDashStart","HollowMod:FocusHealStart","HollowMod:PogoStrike","HollowMod:VengefulVoid","HollowMod:HeavyBlow","Replay:SS_hec_1","HollowMod:ShadowDash","HollowMod:HeavyBlow+1","HollowMod:DescendingDark","HollowMod:QuirrelsAssistance"],"relics":["HollowMod:VesselMask","Gremlin Horn","Onion Ring"],"acts_visited":["Exordium"],"potions_floor_usage":[13,16],"damage_taken":[{"damage":0,"enemies":"Small Slimes","floor":1,"turns":3},{"damage":2,"enemies":"Cultist","floor":2,"turns":3},{"damage":0,"enemies":"2 Louse","floor":5,"turns":3},{"damage":16,"enemies":"Large Slime","floor":7,"turns":7},{"damage":38,"enemies":"Exordium Wildlife","floor":11,"turns":5},{"damage":18,"enemies":"3 Sentries","floor":13,"turns":5},{"damage":99,"enemies":"Fading Forest","floor":16,"turns":9}],"seed_played":"-8510503498913844800","potions_obtained":[{"floor":11,"key":"Strength Potion"},{"floor":13,"key":"Adrenaline Potion"}],"is_trial":false,"path_per_floor":["M","M","?","$","M","?","M","R","T","R","M","R","E","$","R","B"],"character_chosen":"THE_BUGKNIGHT","items_purchased":["Replay:SS_hec_1"],"campfire_rested":3,"item_purchase_floors":[4],"current_hp_per_floor":[82,80,82,82,82,82,66,82,82,82,50,74,56,56,80,0,0],"gold":97,"neow_bonus":"TEN_PERCENT_HP_BONUS","is_daily":false,"chose_seed":false,"campfire_upgraded":1,"win_rate":0.0,"timestamp":1607774348,"path_taken":["M","M","?","$","M","?","M","R","T","R","?","R","E","$","R","BOSS"],"items_purchased_type":["Card"],"build_version":"2020-11-30","purchased_purges":0,"victory":false,"max_hp_per_floor":[82,82,82,82,82,82,82,82,82,82,82,82,82,82,82,82,82],"card_choices":[{"not_picked":["HollowMod:CloakDash","HollowMod:LifebloodCocoon"],"picked":"HollowMod:VengefulVoid","floor":1},{"not_picked":["HollowMod:PureNailStrike","HollowMod:SoulShaman"],"picked":"HollowMod:HeavyBlow","floor":2},{"not_picked":["HollowMod:NewGlowingWomb","HollowMod:SoulStrike"],"picked":"HollowMod:ShadowDash","floor":5},{"not_picked":["HollowMod:NewLittleFool","HollowMod:SoulStrike"],"picked":"HollowMod:HeavyBlow","floor":7},{"not_picked":["HollowMod:theNailsmith","HollowMod:VengefulSpirit"],"picked":"HollowMod:DescendingDark","floor":11},{"not_picked":["HollowMod:ChannelNail","HollowMod:CycloneSlash"],"picked":"HollowMod:QuirrelsAssistance","floor":13}],"player_experience":88830,"relics_obtained":[{"floor":9,"key":"Gremlin Horn"},{"floor":13,"key":"Onion Ring"}],"event_choices":[{"cards_removed":["HollowMod:NailStrikeStart"],"damage_healed":0,"gold_gain":0,"player_choice":"Offered Basic","damage_taken":0,"max_hp_gain":0,"max_hp_loss":0,"event_name":"Bonfire Elementals","floor":6,"gold_loss":0}],"is_beta":false,"boss_relics":[],"items_purged_floors":[],"is_endless":false,"potions_floor_spawned":[11,13],"killed_by":"Fading Forest","ascension_level":0}}