{"host":"2ttsipbxjlhedj1t","time":1607746690,"event":{"mods":["2.2 Compatiblity","Act Like it!","BaseMod","Better Altar","Better Note","Better Sensory Stone","Better Skull","Better Third Choice","Colored Map","Colored Powertips","Hermit","Highlight Path","Minty Spire (QoL Compilation)","Quick Restart","Shop Mod","StSLib","The Blue Laboratory","The Disciple"],"gold_per_floor":[111,111,61,29,29,29,29,29,56,74,74,109,124,124,124,252,315,329,345,345,366,366,366,410,430,430,430,449,465,415,440,440,565,565,584,7,22,22,46,46,79,0,0,0,20,36,36,0,0,0],"floor_reached":51,"playtime":2771,"items_purged":["Normality"],"score":854,"play_id":"c89f517a-6d80-426c-a73e-59420a39c5b5","local_time":"20201211231810","is_ascension_mode":true,"campfire_choices":[{"data":"Zap","floor":6,"key":"SMITH"},{"data":"Dualcast","floor":8,"key":"SMITH"},{"data":"Defragment","floor":11,"key":"SMITH"},{"data":"Coolheaded","floor":15,"key":"SMITH"},{"data":"Coolheaded","floor":23,"key":"SMITH"},{"floor":27,"key":"REST"},{"floor":32,"key":"REST"},{"data":"Echo Form","floor":40,"key":"SMITH"},{"floor":47,"key":"REST"},{"floor":49,"key":"REST"}],"circlet_count":0,"master_deck":["Strike_B+1","Strike_B","Strike_B+1","Strike_B","Defend_B+1","Defend_B","Defend_B+1","Defend_B","Zap+1","Dualcast+1","Defragment+1","Barrage","Coolheaded+1","Coolheaded+1","Echo Form+1","Doom and Gloom+1","Finesse","Capacitor","Barrage","Multi-Cast","Defragment+1","Doom and Gloom","Leap+1","Buffer","BootSequence"],"relics":["Cracked Core","betterThird:SlimedRelic","Nunchaku","DataDisk","Enchiridion","Pen Nib","StrikeDummy","Cursed Key","MerchantsRug","DollysMirror","Whetstone","Akabeko","Red Mask"],"acts_visited":["Exordium","TheCity","TheBeyond"],"potions_floor_usage":[19,21,24,24,24,29,39,41,41,46,50,50],"damage_taken":[{"damage":0,"enemies":"Jaw Worm","floor":1,"turns":3},{"damage":0,"enemies":"Small Slimes","floor":10,"turns":3},{"damage":20,"enemies":"Gremlin Nob","floor":12,"turns":4},{"damage":3,"enemies":"2 Louse","floor":13,"turns":12},{"damage":2,"enemies":"Hexaghost","floor":16,"turns":11},{"damage":4,"enemies":"Spheric Guardian","floor":18,"turns":4},{"damage":2,"enemies":"3 Byrds","floor":19,"turns":5},{"damage":25,"enemies":"Sentry and Sphere","floor":21,"turns":4},{"damage":22,"enemies":"Slavers","floor":24,"turns":4},{"damage":14,"enemies":"3 Cultists","floor":25,"turns":4},{"damage":12,"enemies":"Snake Plant","floor":28,"turns":3},{"damage":0,"enemies":"Sentry and Sphere","floor":29,"turns":3},{"damage":6,"enemies":"Centurion and Healer","floor":31,"turns":7},{"damage":80,"enemies":"Collector","floor":33,"turns":10},{"damage":31,"enemies":"3 Shapes","floor":35,"turns":5},{"damage":8,"enemies":"Orb Walker","floor":37,"turns":4},{"damage":19,"enemies":"Spire Growth","floor":39,"turns":5},{"damage":3,"enemies":"Reptomancer","floor":41,"turns":6},{"damage":4,"enemies":"4 Shapes","floor":45,"turns":2},{"damage":11,"enemies":"Jaw Worm Horde","floor":46,"turns":3},{"damage":47,"enemies":"Awakened One","floor":50,"turns":21}],"seed_played":"-4861303179764485980","potions_obtained":[{"floor":1,"key":"blueLaboratory:BubblePotion"},{"floor":12,"key":"Swift Potion"},{"floor":17,"key":"blueLaboratory:BottledHope"},{"floor":19,"key":"blueLaboratory:HorrorPotion"},{"floor":21,"key":"Explosive Potion"},{"floor":28,"key":"AttackPotion"},{"floor":29,"key":"FairyPotion"},{"floor":38,"key":"Block Potion"},{"floor":39,"key":"SpeedPotion"},{"floor":45,"key":"blueLaboratory:LouseDecoction"}],"is_trial":false,"path_per_floor":["M","?","?","?","$","R","?","R","T","M","R","E","M","?","R","B",null,"M","M","?","M","?","R","E","M","T","R","M","M","?","M","R","B",null,"M","$","M","?","M","R","E","?","T","?","M","M","R","$","R","B",null],"character_chosen":"DEFECT","items_purchased":["MerchantsRug","DollysMirror","Whetstone","Regen Potion","Doom and Gloom","Energy Potion","SkillPotion"],"campfire_rested":4,"item_purchase_floors":[36,36,36,36,36,36,48],"current_hp_per_floor":[82,82,82,71,71,71,55,55,55,55,55,35,32,59,59,57,87,83,81,81,56,40,40,18,4,4,30,18,18,18,12,38,7,87,56,56,48,48,41,41,38,38,38,38,34,23,49,49,75,28],"gold":0,"neow_bonus":"RANDOM_COMMON_RELIC","is_daily":false,"chose_seed":false,"campfire_upgraded":6,"win_rate":0.0,"timestamp":1607746690,"path_taken":["M","?","?","?","$","R","?","R","T","?","R","E","M","?","R","BOSS","M","M","?","?","?","R","E","M","T","R","M","M","?","M","R","BOSS","M","$","?","?","?","R","E","?","T","?","M","M","R","$","R","BOSS"],"items_purchased_type":["Relic","Relic","Relic","Potion","Card","Potion","Potion"],"build_version":"2020-11-30","purchased_purges":1,"victory":true,"max_hp_per_floor":[82,82,82,82,82,82,82,82,82,82,82,82,82,82,82,82,87,87,87,87,87,87,87,87,87,87,87,87,87,87,87,87,87,87,87,87,87,87,87,87,87,87,87,87,87,87,87,87,87,87],"card_choices":[{"not_picked":["Sunder","Steam"],"picked":"Defragment","floor":1},{"not_picked":["Leap","Streamline"],"picked":"Barrage","floor":10},{"not_picked":["Steam","Chaos"],"picked":"Coolheaded","floor":12},{"not_picked":["FTL","Hologram"],"picked":"Coolheaded","floor":13},{"not_picked":["Amplify","Creative AI"],"picked":"Echo Form","floor":16},{"not_picked":["Reprogram","Ball Lightning+1","Cold Snap"],"picked":"SKIP","floor":18},{"not_picked":["Conserve Battery","Tempest"],"picked":"Doom and Gloom","floor":19},{"not_picked":["FTL","Amplify","Barrage+1"],"picked":"SKIP","floor":21},{"not_picked":["Chill","Sweeping Beam+1"],"picked":"Capacitor","floor":24},{"not_picked":["Stack","Force Field","Static Discharge"],"picked":"SKIP","floor":25},{"not_picked":["Consume+1","Conserve Battery","Static Discharge"],"picked":"SKIP","floor":28},{"not_picked":["Gash","Beam Cell+1","Consume"],"picked":"SKIP","floor":29},{"not_picked":["Beam Cell","Heatsinks+1"],"picked":"Barrage","floor":31},{"not_picked":["Echo Form","Core Surge"],"picked":"Multi-Cast","floor":33},{"not_picked":["Chaos+1","Force Field+1","Go for the Eyes+1"],"picked":"SKIP","floor":35},{"not_picked":["Cold Snap","Storm"],"picked":"Leap+1","floor":37},{"not_picked":["Static Discharge+1","Gash","Machine Learning"],"picked":"SKIP","floor":39},{"not_picked":["Doom and Gloom+1","Steam+1"],"picked":"Buffer","floor":41},{"not_picked":["Static Discharge+1","Conserve Battery+1"],"picked":"BootSequence","floor":45},{"not_picked":["Force Field","Turbo","Compile Driver+1"],"picked":"SKIP","floor":46}],"player_experience":356586,"relics_obtained":[{"floor":9,"key":"Nunchaku"},{"floor":12,"key":"DataDisk"},{"floor":22,"key":"Enchiridion"},{"floor":24,"key":"Pen Nib"},{"floor":26,"key":"StrikeDummy"},{"floor":41,"key":"Akabeko"},{"floor":43,"key":"Juzu Bracelet"}],"event_choices":[{"damage_healed":0,"gold_gain":0,"player_choice":"Take Wound","damage_taken":0,"relics_obtained":["Golden Idol"],"max_hp_gain":0,"max_hp_loss":0,"event_name":"Golden Idol","floor":2,"gold_loss":0,"cards_obtained":["Injury"]},{"cards_removed":["Injury"],"damage_healed":0,"gold_gain":0,"player_choice":"Card Removal","damage_taken":0,"max_hp_gain":0,"max_hp_loss":0,"event_name":"The Cleric","floor":3,"gold_loss":50},{"damage_healed":0,"gold_gain":0,"player_choice":"Slimed","damage_taken":11,"max_hp_gain":0,"max_hp_loss":0,"event_name":"betterThird:BetterGoop","floor":4,"gold_loss":32},{"damage_healed":71,"gold_gain":0,"player_choice":"Upgrade","damage_taken":16,"max_hp_gain":0,"max_hp_loss":82,"event_name":"betterThird:BetterShining","floor":7,"gold_loss":0,"cards_upgraded":["Strike_B","Defend_B"]},{"damage_healed":27,"gold_gain":0,"player_choice":"Banana","damage_taken":0,"max_hp_gain":0,"max_hp_loss":0,"event_name":"Big Fish","floor":14,"gold_loss":0},{"damage_healed":0,"gold_gain":0,"player_choice":"1 cards matched","damage_taken":0,"max_hp_gain":0,"max_hp_loss":0,"event_name":"Match and Keep!","floor":20,"gold_loss":0,"cards_obtained":["Finesse"]},{"damage_healed":0,"gold_gain":0,"player_choice":"Obtained Book","damage_taken":16,"max_hp_gain":0,"max_hp_loss":0,"event_name":"Cursed Tome","floor":22,"gold_loss":0},{"damage_healed":0,"gold_gain":0,"player_choice":"Bet on Murderer","damage_taken":0,"max_hp_gain":0,"max_hp_loss":0,"event_name":"The Joust","floor":30,"gold_loss":50},{"damage_healed":0,"gold_gain":0,"player_choice":"Got Potions","damage_taken":0,"max_hp_gain":0,"max_hp_loss":0,"event_name":"Lab","floor":38,"gold_loss":0},{"damage_healed":0,"gold_gain":0,"player_choice":"Paid","damage_taken":0,"relics_obtained":["Red Mask"],"max_hp_gain":0,"max_hp_loss":0,"event_name":"Tomb of Lord Red Mask","floor":42,"gold_loss":79},{"damage_healed":0,"gold_gain":0,"player_choice":"Ignored","damage_taken":0,"max_hp_gain":0,"max_hp_loss":0,"event_name":"Mysterious Sphere","floor":44,"gold_loss":0}],"is_beta":false,"boss_relics":[{"not_picked":["Runic Pyramid","Runic Dome"],"picked":"Tiny House"},{"not_picked":["Busted Crown","Pandora\u0027s Box"],"picked":"Cursed Key"}],"items_purged_floors":[48],"is_endless":false,"potions_floor_spawned":[1,12,19,21,28,29,39,45],"ascension_level":4}}