{"host":"hszimsrtxxc2k25w","time":1607801389,"event":{"mods":["AchievementEnabler","BaseMod","Colored Map","DeckTracker","Minty Spire (QoL Compilation)","Rare Cards Sparkle","SuperFastMode"],"gold_per_floor":[112,112,112,187,112,112,145,155,225,235,235,235,246,281,281,353,353,372,297,309,326,337,337,337,337,337],"floor_reached":25,"playtime":721,"items_purged":["Strike_G"],"score":437,"play_id":"74b7b9d1-f42d-4bc8-a8c2-d29facb6b835","local_time":"20201213042949","is_ascension_mode":true,"campfire_choices":[{"data":"Neutralize","floor":6.0,"key":"SMITH"},{"data":"Prepared","floor":12.0,"key":"SMITH"},{"data":"Eviscerate","floor":15.0,"key":"SMITH"},{"floor":23.0,"key":"REST"}],"circlet_count":0,"master_deck":["AscendersBane","Strike_G","Strike_G","Strike_G+1","Defend_G+1","Defend_G","Defend_G","Defend_G+1","Defend_G","Survivor","Neutralize+1","Deadly Poison+1","Dagger Throw+1","Eviscerate+1","Prepared+1","Calculated Gamble+1","Escape Plan","Backflip"],"relics":["Ring of the Snake","NeowsBlessing","Pantograph","Unceasing Top","Pear","War Paint","HoveringKite"],"acts_visited":["Exordium","TheCity"],"potions_floor_usage":[],"damage_taken":[{"damage":0.0,"enemies":"2 Louse","floor":1.0,"turns":1.0},{"damage":0.0,"enemies":"3 Sentries","floor":7.0,"turns":2.0},{"damage":0.0,"enemies":"Jaw Worm","floor":8.0,"turns":1.0},{"damage":4.0,"enemies":"Small Slimes","floor":10.0,"turns":3.0},{"damage":8.0,"enemies":"3 Louse","floor":13.0,"turns":3.0},{"damage":9.0,"enemies":"Lagavulin","floor":14.0,"turns":5.0},{"damage":26.0,"enemies":"Hexaghost","floor":16.0,"turns":12.0},{"damage":3.0,"enemies":"Shell Parasite","floor":18.0,"turns":5.0},{"damage":10.0,"enemies":"Chosen","floor":20.0,"turns":4.0},{"damage":13.0,"enemies":"Shelled Parasite and Fungi","floor":21.0,"turns":4.0},{"damage":27.0,"enemies":"Cultist and Chosen","floor":22.0,"turns":6.0},{"damage":15,"enemies":"Gremlin Leader","floor":25,"turns":5}],"seed_played":"3849264096140180455","potions_obtained":[{"floor":10.0,"key":"GhostInAJar"},{"floor":13.0,"key":"Swift Potion"},{"floor":16.0,"key":"Explosive Potion"},{"floor":21.0,"key":"PowerPotion"}],"is_trial":false,"path_per_floor":["M","?","T","?","?","R","E","M","T","M","?","R","M","E","R","B",null,"M","$","M","M","M","R","?","E"],"character_chosen":"THE_SILENT","items_purchased":[],"campfire_rested":1,"item_purchase_floors":[],"current_hp_per_floor":[59,39,39,28,28,28,28,28,38,34,34,34,26,17,17,16,61,58,58,48,35,8,30,30,15,15],"gold":337,"neow_bonus":"THREE_ENEMY_KILL","is_daily":false,"chose_seed":false,"campfire_upgraded":3,"win_rate":0.0,"timestamp":1607801389,"path_taken":["M","?","?","?","?","R","E","M","T","M","?","R","?","E","R","BOSS","M","$","M","M","M","R","?","E"],"items_purchased_type":[],"build_version":"2020-11-30","purchased_purges":1,"victory":false,"max_hp_per_floor":[66,66,66,66,66,66,66,66,76,76,76,76,76,76,76,76,76,76,76,76,76,76,76,76,76,76],"card_choices":[{"not_picked":["Dagger Spray","Backflip"],"picked":"Deadly Poison","floor":1.0},{"not_picked":["Underhanded Strike","Outmaneuver"],"picked":"Dagger Throw","floor":7.0},{"not_picked":["Outmaneuver","Dodge and Roll"],"picked":"Eviscerate","floor":8.0},{"not_picked":["After Image","Dagger Spray"],"picked":"Prepared","floor":10.0},{"not_picked":["Deflect","Sucker Punch","Riddle With Holes"],"picked":"SKIP","floor":13.0},{"not_picked":["Predator","Deadly Poison","Deflect"],"picked":"SKIP","floor":14.0},{"not_picked":["Bane","Underhanded Strike","Predator"],"picked":"SKIP","floor":18.0},{"not_picked":["PiercingWail","Cloak And Dagger+1"],"picked":"Calculated Gamble+1","floor":20.0},{"not_picked":["Dagger Throw","Outmaneuver"],"picked":"Escape Plan","floor":21.0},{"not_picked":["Dagger Throw","Storm of Steel"],"picked":"Backflip","floor":22.0}],"player_experience":577901,"relics_obtained":[{"floor":3.0,"key":"Pantograph"},{"floor":7.0,"key":"Unceasing Top"},{"floor":9.0,"key":"Pear"},{"floor":14.0,"key":"War Paint"}],"event_choices":[{"damage_healed":0.0,"max_hp_gain":0.0,"max_hp_loss":0.0,"gold_gain":0.0,"event_name":"Shining Light","player_choice":"Entered Light","floor":2.0,"gold_loss":0.0,"damage_taken":20.0,"cards_upgraded":["Deadly Poison","Strike_G"]},{"damage_healed":0.0,"max_hp_gain":0.0,"max_hp_loss":0.0,"gold_gain":75.0,"event_name":"World of Goop","player_choice":"Gather Gold","floor":4.0,"gold_loss":0.0,"damage_taken":11.0},{"cards_removed":["Strike_G"],"damage_healed":0.0,"max_hp_gain":0.0,"max_hp_loss":0.0,"gold_gain":0.0,"event_name":"The Cleric","player_choice":"Card Removal","floor":5.0,"gold_loss":75.0,"damage_taken":0.0},{"damage_healed":0.0,"max_hp_gain":0.0,"max_hp_loss":0.0,"gold_gain":0.0,"event_name":"Dead Adventurer","player_choice":"Searched \u00270\u0027 times","floor":11.0,"gold_loss":0.0,"damage_taken":0.0},{"damage_healed":0.0,"max_hp_gain":0.0,"max_hp_loss":0.0,"gold_gain":0.0,"event_name":"Accursed Blacksmith","player_choice":"Forge","floor":24.0,"gold_loss":0.0,"damage_taken":0.0,"cards_upgraded":["Dagger Throw"]}],"is_beta":false,"boss_relics":[{"not_picked":["SacredBark","SlaversCollar"],"picked":"HoveringKite"}],"items_purged_floors":[19],"is_endless":false,"potions_floor_spawned":[10,13,16,20,21],"killed_by":"Gremlin Leader","ascension_level":17}}