{"host":"tmiksjdllv4oe9un","time":1607800474,"event":{"mods":["Act Like it!","BaseMod","BetterRewards","Card Forge","Googly Eyes","Hallownest","Minty Spire (QoL Compilation)","Quick Restart","StSLib"],"gold_per_floor":[112,42,42,61,0,25,44,58,58,92,17,30,30,57,57,161,161,174,174,174,74,342,375,375,375,375,393,425,425,459,473,473,573,573,588,408,408,421,432,432,14,14,86,86,103,103,103],"floor_reached":46,"playtime":1594,"items_purged":["Defend_G","Defend_G"],"score":544,"play_id":"9d8ffdaa-b2e9-4266-9043-b18bbbfe7cae","local_time":"20201212141434","is_ascension_mode":false,"campfire_choices":[{"floor":15.0,"key":"REST"},{"floor":29.0,"key":"REST"},{"floor":32.0,"key":"REST"},{"floor":40.0,"key":"REST"},{"floor":42.0,"key":"REST"}],"circlet_count":0,"master_deck":["Strike_G","Strike_G","Strike_G","Defend_G","Defend_G","Defend_G","Survivor","Neutralize","Poisoned Stab","Corpse Explosion","Heel Hook","Bouncing Flask","Poisoned Stab+1","Envenom","Noxious Fumes","Backstab+1","Bouncing Flask","Tools of the Trade","Infinite Blades","Prepared+1","Burst"],"relics":["Ring of the Snake","Hammer of Thor","Seething Fire","Anvil of the Gods","NeowsBlessing","Hallownest:DreamNailRelic","Regal Pillow","Lantern","Molten Egg 2","Bronze Scales","Fusion Hammer","Happy Flower","Bottled Flame","Matryoshka","Dream Catcher","WingedGreaves","Empty Cage","Hallownest:StagBellStandRelic","Shuriken","Centennial Puzzle","HornCleat","Hallownest:BeastSealRelic"],"acts_visited":["Hallownest:Greenpath","Hallownest:CityofTears","Hallownest:KingdomsEdge"],"potions_floor_usage":[46],"damage_taken":[{"damage":0.0,"enemies":"Hallownest:2_MossCreeps","floor":1.0,"turns":1.0},{"damage":0.0,"enemies":"Hallownest:monsterHuskWarrior","floor":4.0,"turns":1.0},{"damage":0.0,"enemies":"Hallownest:eliteCrystalGuardian","floor":6.0,"turns":1.0},{"damage":8.0,"enemies":"Hallownest:monsterHuskGuard","floor":7.0,"turns":4.0},{"damage":1.0,"enemies":"Hallownest:monsterMossCharger","floor":8.0,"turns":4.0},{"damage":33.0,"enemies":"Hallownest:eliteVengeflyKing","floor":10.0,"turns":8.0},{"damage":15.0,"enemies":"Hallownest:1_Ooma_and_2_Uuma","floor":12.0,"turns":3.0},{"damage":12.0,"enemies":"Hallownest:eliteMossKnight","floor":14.0,"turns":7.0},{"damage":51.0,"enemies":"Hallownest:BossBrokenVessel","floor":16.0,"turns":8.0},{"damage":2.0,"enemies":"Hallownest:2_Mistakes","floor":18.0,"turns":4.0},{"damage":21.0,"enemies":"Hallownest:Nosk","floor":23.0,"turns":6.0},{"damage":20.0,"enemies":"Hallownest:3_Youths","floor":27.0,"turns":3.0},{"damage":38.0,"enemies":"Hallownest:eliteWatcherKnight","floor":28.0,"turns":13.0},{"damage":8.0,"enemies":"Hallownest:eliteSoulWarrior","floor":30.0,"turns":5.0},{"damage":20.0,"enemies":"Hallownest:3_Mistakes","floor":31.0,"turns":3.0},{"damage":33.0,"enemies":"Hallownest:BossSoulMaster","floor":33.0,"turns":8.0},{"damage":0.0,"enemies":"Hallownest:3_Siblings","floor":35.0,"turns":2.0},{"damage":32.0,"enemies":"Hallownest:Shield_Heavy","floor":38.0,"turns":3.0},{"damage":30.0,"enemies":"Hallownest:Xero_Hu_Marmu","floor":39.0,"turns":3.0},{"damage":64.0,"enemies":"Hallownest:2_Wandering_and_1_Horned","floor":45.0,"turns":7.0},{"damage":49,"enemies":"Hallownest:StalkingDevout","floor":46,"turns":4}],"seed_played":"-156263233369076","potions_obtained":[{"floor":1.0,"key":"SteroidPotion"},{"floor":8.0,"key":"FairyPotion"},{"floor":14.0,"key":"Regen Potion"},{"floor":23.0,"key":"GamblersBrew"},{"floor":30.0,"key":"SneckoOil"},{"floor":31.0,"key":"BlessingOfTheForge"},{"floor":33.0,"key":"Weak Potion"},{"floor":35.0,"key":"SteroidPotion"},{"floor":45.0,"key":"FearPotion"}],"is_trial":false,"path_per_floor":["M","?","?","M","?","E","M","M","T","E","$","M","$","E","R","B",null,"M","?","?","$","?","E","?","?","T","M","E","R","E","M","R","B",null,"M","?","?","M","M","R","$","R","T","?","M","E"],"character_chosen":"THE_SILENT","items_purchased":["Shuriken","Infinite Blades","FairyPotion"],"campfire_rested":5,"item_purchase_floors":[41,41,41],"current_hp_per_floor":[70,70,70,70,70,70,62,63,63,32,32,19,19,9,45,11,70,68,70,70,70,70,49,49,63,63,43,5,41,33,13,49,16,70,70,70,70,38,8,44,44,70,70,70,6,0,0],"gold":103,"neow_bonus":"THREE_ENEMY_KILL","is_daily":false,"chose_seed":false,"campfire_upgraded":0,"win_rate":0.0,"timestamp":1607800474,"path_taken":["M","?","?","M","?","E","M","M","T","E","?","?","$","E","R","BOSS","M","?","?","$","?","E","?","?","T","M","E","R","E","M","R","BOSS","M","?","?","M","M","R","$","R","T","?","?","E"],"items_purchased_type":["Relic","Card","Potion"],"build_version":"2020-11-30","purchased_purges":2,"victory":false,"max_hp_per_floor":[70,70,70,70,70,70,70,70,70,70,70,70,70,70,70,70,70,70,70,70,70,70,70,70,70,70,70,70,70,70,70,70,70,70,70,70,70,70,70,70,70,70,70,70,70,70,70],"card_choices":[{"not_picked":["Terror","Predator","Sucker Punch"],"picked":"SKIP","floor":1.0},{"not_picked":["Acrobatics","Bane"],"picked":"Poisoned Stab","floor":4.0},{"not_picked":["Poisoned Stab","Outmaneuver"],"picked":"Corpse Explosion","floor":6.0},{"not_picked":["Dagger Throw","Flying Knee"],"picked":"Heel Hook","floor":7.0},{"not_picked":["Flechettes","Well Laid Plans","PiercingWail"],"picked":"SKIP","floor":8.0},{"not_picked":["Blade Dance","Acrobatics"],"picked":"Bouncing Flask","floor":10.0},{"not_picked":["Backflip","Expertise","Finisher+1"],"picked":"SKIP","floor":12.0},{"not_picked":["Prepared","Leg Sweep"],"picked":"Poisoned Stab+1","floor":14.0},{"not_picked":["Bullet Time","Unload+1"],"picked":"Envenom","floor":16.0},{"not_picked":["Tactician","Prepared","Blade Dance"],"picked":"SKIP","floor":18.0},{"not_picked":["Eviscerate+1","PiercingWail+1"],"picked":"Noxious Fumes","floor":23.0},{"not_picked":["Deflect+1","Dodge and Roll","Footwork"],"picked":"SKIP","floor":27.0},{"not_picked":["Dagger Spray+1","Dodge and Roll+1"],"picked":"Backstab+1","floor":28.0},{"not_picked":["Finisher+1","Underhanded Strike+1","Blur"],"picked":"SKIP","floor":30.0},{"not_picked":["Dash+1","Poisoned Stab+1"],"picked":"Bouncing Flask","floor":31.0},{"not_picked":["Die Die Die+1","Phantasmal Killer"],"picked":"Tools of the Trade","floor":33.0},{"not_picked":["Quick Slash+1","Riddle With Holes+1","Sucker Punch+1"],"picked":"SKIP","floor":35.0},{"not_picked":["Prepared+1","Endless Agony+1","Acrobatics"],"picked":"SKIP","floor":38.0},{"not_picked":["Deflect+1","Choke+1","Backflip"],"picked":"SKIP","floor":39.0},{"not_picked":["Slice+1","Outmaneuver"],"picked":"Prepared+1","floor":42.0},{"not_picked":["Backflip+1","Choke+1"],"picked":"Burst","floor":45.0}],"player_experience":2677,"relics_obtained":[{"floor":6.0,"key":"Blood Vial"},{"floor":9.0,"key":"Lantern"},{"floor":10.0,"key":"Molten Egg 2"},{"floor":14.0,"key":"Bronze Scales"},{"floor":23.0,"key":"Bottled Flame"},{"floor":26.0,"key":"Matryoshka"},{"floor":28.0,"key":"Dream Catcher"},{"floor":30.0,"key":"WingedGreaves"},{"floor":43.0,"key":"Centennial Puzzle"},{"floor":43.0,"key":"HornCleat"}],"event_choices":[],"is_beta":false,"boss_relics":[{"not_picked":["Sozu","WristBlade"],"picked":"Fusion Hammer"},{"not_picked":["Velvet Choker","Astrolabe"],"picked":"Empty Cage"}],"items_purged_floors":[11,21],"is_endless":false,"potions_floor_spawned":[1,8,14,23,30,31,33,35,45],"killed_by":"Hallownest:StalkingDevout","ascension_level":0}}