{"host":"ceopyqoizwrgii5g","time":1607770718,"event":{"mods":["Act Like it!","Aspiration","BaseMod","BetterRewards","CapriCore","Conspire","Dota2Spire","GungeonMod","Hallownest","Hermit","Infinite Spire","Luminous","Marisa（霧雨　魔理沙）","Minty Spire (QoL Compilation)","Permanent Neow","Quick Restart","Replay The Spire","RumiaBox-露米?的神秘盒子","Shop Mod","Spicy Shops","StSLib","SuperFastMode","The Bug Knight","The Runesmith","TheWitcher","Transform Curses","WarShipGirlsR/??少女R mod","【?方二次?作】八云紫mod","【功能Mod】混沌之?修复?丁"],"gold_per_floor":[117,137,18,32,48,48,73,73,151,163,243,243,273,0,0,105,105,117,65,65,13,13,31,57,76,76,76,96,56,69,89,89,186,186,206,218,225,240,251,251,285,310,382,382,382],"floor_reached":44,"playtime":3035,"items_purged":["Decay"],"score":470,"play_id":"a5b4ddbc-060e-47ac-89cf-54bd955ce997","local_time":"20201212185838","is_ascension_mode":false,"campfire_choices":[{"data":"HollowMod:BaldurShell","floor":6,"key":"SMITH"},{"data":"HollowMod:GreatSlash","floor":8,"key":"SMITH"},{"data":"HollowMod:NewLastStag","floor":15,"key":"SMITH"},{"floor":27,"key":"REST"},{"data":"HollowMod:SlysStrikes","floor":32,"key":"SMITH"},{"data":"HollowMod:MantisMark","floor":40,"key":"SMITH"}],"circlet_count":0,"master_deck":["HollowMod:NailStrikeStart","HollowMod:NailStrikeStart","HollowMod:NailStrikeStart","HollowMod:NailStrikeStart","HollowMod:QuickDashStart","HollowMod:QuickDashStart","HollowMod:QuickDashStart","HollowMod:QuickDashStart","HollowMod:FocusHealStart","HollowMod:PogoStrike","HollowMod:HowlingWraiths","HollowMod:SoulStrike+1","HollowMod:BaldurShell+1","HollowMod:SoulSplash","HollowMod:ChannelNail","HollowMod:GreatSlash+1","HollowMod:SoulShaman","HollowMod:CycloneSlash","HollowMod:DescendingDark","HollowMod:NewLastStag+1","HollowMod:Weaversong+1","HollowMod:QuirrelsAssistance+1","HollowMod:HowlingWraiths","HollowMod:DesolateDive+1","HollowMod:SoulStrike","HollowMod:SlysStrikes+1","Pain","HollowMod:MantisMark+1","HollowMod:PerfectDash","HollowMod:MothsMistake+1"],"relics":["HollowMod:VesselMask","NeowsBlessing","AddBug","SecretRecord","SecretRecord","SecretRecord","SecretRecord","SecretRecord","SecretRecord"],"acts_visited":["Exordium","TheCity","TheBeyond"],"potions_floor_usage":[13,16,24,30],"damage_taken":[{"damage":0,"enemies":"Small Slimes","floor":1,"turns":1},{"damage":0,"enemies":"2 Louse","floor":2,"turns":1},{"damage":0,"enemies":"Jaw Worm","floor":4,"turns":1},{"damage":20,"enemies":"Exordium Thugs","floor":5,"turns":4},{"damage":16,"enemies":"Gremlin Nob","floor":7,"turns":4},{"damage":0,"enemies":"2 Fungi Beasts","floor":10,"turns":1},{"damage":2,"enemies":"3 Sentries","floor":13,"turns":2},{"damage":17,"enemies":"Slime Boss","floor":16,"turns":6},{"damage":2,"enemies":"Chosen","floor":18,"turns":2},{"damage":32,"enemies":"2 Thieves","floor":23,"turns":3},{"damage":40,"enemies":"Nightmare","floor":24,"turns":7},{"damage":0,"enemies":"Cultist and Chosen","floor":25,"turns":2},{"damage":7,"enemies":"Shelled Parasite and Fungi","floor":28,"turns":2},{"damage":0,"enemies":"Snecko","floor":30,"turns":3},{"damage":12,"enemies":"Sentry and Sphere","floor":31,"turns":4},{"damage":6,"enemies":"Automaton","floor":33,"turns":3},{"damage":0,"enemies":"3 Darklings","floor":35,"turns":1},{"damage":15,"enemies":"3 Shapes","floor":36,"turns":6},{"damage":0,"enemies":"Writhing Mass","floor":38,"turns":1},{"damage":2,"enemies":"Sphere and 2 Shapes","floor":39,"turns":3},{"damage":2,"enemies":"conspire:MimicChest","floor":41,"turns":4},{"damage":44,"enemies":"Giant Head","floor":42,"turns":7},{"damage":48,"enemies":"HollowMod:SlobberingHusk","floor":44,"turns":3}],"seed_played":"-3735493450261545003","potions_obtained":[{"floor":2,"key":"Energy Potion"},{"floor":4,"key":"BlessingOfTheForge"},{"floor":10,"key":"Dota2Spire:HealingSalve"},{"floor":25,"key":"Adrenaline Potion"},{"floor":42,"key":"SkillPotion"}],"is_trial":false,"path_per_floor":["M","M","$","M","M","R","E","R","T","M","?","?","E","?","R","B",null,"M","$","?","$","?","M","NM","M","T","R","M","?","M","M","R","B",null,"M","M","$","M","M","R","?","E","T","M"],"character_chosen":"THE_BUGKNIGHT","items_purchased":["HollowMod:BaldurShell","HollowMod:SoulSplash","HollowMod:QuirrelsAssistance+1","HollowMod:HowlingWraiths","ReplayTheSpireMod:CursedCoin","HollowMod:MantisMark"],"campfire_rested":1,"item_purchase_floors":[3,3,19,21,37,37],"current_hp_per_floor":[75,75,75,75,67,67,51,51,51,51,51,51,49,49,49,38,75,73,73,73,73,73,41,17,17,17,39,32,32,32,31,31,25,75,75,67,67,67,65,65,75,31,31,0,0],"gold":382,"neow_bonus":"THREE_ENEMY_KILL","is_daily":false,"chose_seed":false,"campfire_upgraded":5,"win_rate":0.0,"timestamp":1607770718,"path_taken":["M","M","$","M","M","R","E","R","T","M","?","?","E","?","R","BOSS","M","$","?","?","?","M","NM","M","T","R","?","?","M","?","R","BOSS","M","M","$","M","?","R","?","E","T","M"],"items_purchased_type":["Card","Card","Card","Card","Relic","Card"],"build_version":"2020-11-30","purchased_purges":1,"victory":false,"max_hp_per_floor":[75,75,75,75,75,75,75,75,75,75,75,75,75,75,75,75,75,75,75,75,75,75,75,75,75,75,75,75,75,75,75,75,75,75,75,75,75,75,75,75,75,75,75,75,75],"card_choices":[{"not_picked":["HollowMod:VengefulVoid","HollowMod:DoubleDash"],"picked":"HollowMod:HowlingWraiths","floor":1},{"not_picked":["HollowMod:SharpenedNail","HollowMod:DescendingDark"],"picked":"HollowMod:SoulStrike","floor":2},{"not_picked":["HollowMod:InfectedAttack","HollowMod:DoubleDash"],"picked":"HollowMod:ChannelNail","floor":4},{"not_picked":["HollowMod:GoodIntentions","HollowMod:SharpenedNail"],"picked":"HollowMod:GreatSlash","floor":5},{"not_picked":["HollowMod:CornifersMapStart","HollowMod:HowlingWraiths"],"picked":"HollowMod:SoulShaman","floor":7},{"not_picked":["HollowMod:TaintedHusks","HollowMod:HeavyBlow"],"picked":"HollowMod:CycloneSlash","floor":10},{"not_picked":["HollowMod:AbyssShriek","HollowMod:DashSlash"],"picked":"HollowMod:DescendingDark","floor":13},{"not_picked":["HollowMod:theNailsmith","HollowMod:VoidDash"],"picked":"HollowMod:Weaversong","floor":16},{"not_picked":["HollowMod:BlackTendrils","HollowMod:HeavyBlow","HollowMod:SharpenedShadows"],"picked":"SKIP","floor":18},{"not_picked":["HollowMod:CornifersMapStart","HollowMod:SiblingsSouls","HollowMod:SiblingsShadow"],"picked":"SKIP","floor":23},{"not_picked":["HollowMod:DescendingDark","HollowMod:SiblingsSouls"],"picked":"HollowMod:DesolateDive","floor":24},{"not_picked":["HollowMod:InfectedAttack+1","HollowMod:VengefulVoid"],"picked":"HollowMod:SoulStrike","floor":25},{"not_picked":["HollowMod:ShadowDash","HollowMod:SharpenedShadows","HollowMod:SiblingsSouls"],"picked":"SKIP","floor":28},{"not_picked":["HollowMod:DreamGate","HollowMod:NewJinnsSoul+1"],"picked":"HollowMod:SlysStrikes","floor":30},{"not_picked":["HollowMod:DashSlash","HollowMod:CornifersMapStart","HollowMod:WraithStrike"],"picked":"SKIP","floor":31},{"not_picked":["HollowMod:AbyssShriek+1","HollowMod:RecoilStrike","HollowMod:SharpenedNail+1"],"picked":"SKIP","floor":35},{"not_picked":["HollowMod:DescendingDark","HollowMod:NewJinnsSoul+1","HollowMod:InfectedCysts+1"],"picked":"SKIP","floor":36},{"not_picked":["HollowMod:Grubsong+1","HollowMod:GreatSlash+1"],"picked":"HollowMod:PerfectDash","floor":38},{"not_picked":["HollowMod:InfectedCysts+1","HollowMod:ChannelNail+1"],"picked":"HollowMod:MothsMistake+1","floor":39},{"not_picked":["HollowMod:GreatSlash","HollowMod:DescendingDark","HollowMod:HowlingWraiths"],"picked":"SKIP","floor":42}],"player_experience":187211,"relics_obtained":[{"floor":1,"key":"AddBug"},{"floor":5,"key":"SecretRecord"},{"floor":7,"key":"Bag of Preparation"},{"floor":9,"key":"DemoMod:BlueGuonStone"},{"floor":13,"key":"aspiration:TomeofQuesting"},{"floor":16,"key":"SecretRecord"},{"floor":24,"key":"SecretRecord"},{"floor":24,"key":"Dota2Spire:HeartOfTarrasque"},{"floor":26,"key":"Kunai"},{"floor":28,"key":"SecretRecord"},{"floor":35,"key":"SecretRecord"},{"floor":41,"key":"Dota2Spire:Butterfly"},{"floor":42,"key":"Iron Hammer"},{"floor":43,"key":"Question Card"}],"event_choices":[{"damage_healed":0,"gold_gain":0,"player_choice":"Upgraded","damage_taken":0,"max_hp_gain":0,"max_hp_loss":0,"event_name":"Upgrade Shrine","floor":20,"gold_loss":0,"cards_upgraded":["HollowMod:Weaversong"]},{"damage_healed":0,"gold_gain":0,"player_choice":"Cursed","damage_taken":0,"max_hp_gain":0,"max_hp_loss":0,"event_name":"Wheel of Change","floor":22,"gold_loss":0,"cards_obtained":["Decay"]},{"damage_healed":0,"gold_gain":0,"player_choice":"Upgraded Two","damage_taken":0,"max_hp_gain":0,"max_hp_loss":0,"event_name":"Designer","floor":29,"gold_loss":40,"cards_upgraded":["HollowMod:SoulStrike","HollowMod:DesolateDive"]}],"is_beta":false,"boss_relics":[{"not_picked":["ChewingGum","conspire:RoyalGoblet"],"picked":"Sozu"},{"not_picked":["Cursed Key","Kintsugi"],"picked":"Dota2Spire:RefresherOrb"}],"items_purged_floors":[37],"is_endless":true,"potions_floor_spawned":[2,4,10,18,25,30,31,42],"killed_by":"HollowMod:SlobberingHusk","ascension_level":0}}