{"host":"1sep654oresgee70","time":1607815544,"event":{"mods":["2.2 Compatiblity","Aspiration","BaseMod","Better Altar","Better Match","Better Note","Better Sensory Stone","Better Skull","Better Third Choice","Better Vampires","Better-Laid Plans","BetterRewards","Block Reminder","Conspire","Displayed Cursed Tome","Gold Saver","Hubris","Infinite Spire","Minty Spire (QoL Compilation)","Potion Indicator Mod","Quick Restart","Red Circlet Mod","Replay The Spire","Shop Mod","Spicy Shops","StSLib","Thieving Mod","Transform Curses","UnlockEverythingMod"],"gold_per_floor":[620,620,665,32,77,77,122,147,197,197,287,332,1,46,46,346,346,391,351,4,49,94,94,139,139,164,164,209,254,254,344,344,644,644,689,815,740,159,159,159,59,117,142,191,237,237,291,291,291,299,299],"floor_reached":50,"playtime":23528,"items_purged":["Injury"],"score":614,"play_id":"96820139-0e07-4684-9f9b-b0b63255c628","local_time":"20201213002544","daily_mods":["Chimera","ControlledChaos","Midas"],"is_ascension_mode":false,"campfire_choices":[{"floor":6,"key":"REST"},{"floor":10,"key":"REST"},{"floor":15,"key":"REST"},{"floor":23,"key":"REST"},{"floor":25,"key":"REST"},{"floor":32,"key":"REST"},{"floor":40,"key":"REST"},{"floor":46,"key":"REST"},{"floor":49,"key":"REST"}],"circlet_count":0,"master_deck":["Bash","Survivor","Zap","Eruption+1","Strike_R+1","Strike_G+1","Strike_B","Defend_R+1","Defend_G","Defend_P+1","Halt+1","EmptyFist+1","ForeignInfluence+1","Conclude+1","Replay:Sssssssssstrike+1","JustLucky+1","TalkToTheHand+1","FearNoEvil+1","WaveOfTheHand+1","LikeWater","TalkToTheHand+1","LessonLearned+1","Wallop+1","SpiritShield","Halt","Sadistic Nature","BowlingBash+1","PathToVictory","EmptyBody","InnerPeace","Perseverance+1","Alpha","CrushJoints+1","FollowUp+1","FlurryOfBlows+1","Study","Discovery","CarveReality+1","LessonLearned+1","ForeignInfluence+1","conspire:SpireCoStock","conspire:SpireCoStock","Replay:Cycle","Worship","Replay:Battleflow+1","Halt+1","PathToVictory"],"relics":["PureWater","Frozen Eye","Molten Egg 2","Whetstone","Shuriken","Omamori","Boot","Replay:WaspNest","Membership Card","hubris:SlimyHat","Busted Crown","infinitespire:ShieldingShard","Regal Pillow","aspiration:TomeofQuesting","WarpedTongs","Bag of Marbles","Centennial Puzzle","conspire:RoyalGoblet","hubris:64BitClover","War Paint","Dream Catcher","HandDrill","Bag of Preparation","Replay:Kaleidoscope","infinitespire:Satchel","hubris:Towel"],"acts_visited":["Exordium","TheCity","TheBeyond"],"potions_floor_usage":[3,7,11,12,16,16,22,31,33,35,44,44,47,50],"damage_taken":[{"damage":10,"enemies":"Jaw Worm","floor":1,"turns":4},{"damage":2,"enemies":"conspire:RoseBush","floor":3,"turns":4},{"damage":0,"enemies":"Cultist","floor":5,"turns":2},{"damage":0,"enemies":"Large Slime","floor":7,"turns":2},{"damage":6,"enemies":"Gremlin Nob","floor":11,"turns":4},{"damage":8,"enemies":"Red Slaver","floor":12,"turns":2},{"damage":5,"enemies":"Exordium Wildlife","floor":14,"turns":2},{"damage":10,"enemies":"Fading Forest","floor":16,"turns":11},{"damage":0,"enemies":"Spheric Guardian","floor":18,"turns":3},{"damage":18,"enemies":"conspire:FuzzyDice","floor":21,"turns":4},{"damage":12,"enemies":"Snake Plant","floor":22,"turns":4},{"damage":0,"enemies":"Snecko","floor":24,"turns":3},{"damage":7,"enemies":"Centurion and Healer","floor":28,"turns":4},{"damage":0,"enemies":"Chosen and Byrds","floor":29,"turns":3},{"damage":2,"enemies":"conspire:Head Lice","floor":31,"turns":4},{"damage":37,"enemies":"Champ","floor":33,"turns":12},{"damage":16,"enemies":"3 Darklings","floor":35,"turns":5},{"damage":44,"enemies":"2 Orb Walkers","floor":36,"turns":6},{"damage":0,"enemies":"3 Shapes","floor":42,"turns":4},{"damage":8,"enemies":"Spire Growth","floor":44,"turns":3},{"damage":0,"enemies":"4 Shapes","floor":45,"turns":4},{"damage":9,"enemies":"Maw","floor":47,"turns":7},{"damage":72,"enemies":"Time Eater","floor":50,"turns":5}],"seed_played":"-2740983366772686195","potions_obtained":[{"floor":1,"key":"ColorlessPotion"},{"floor":3,"key":"FearPotion"},{"floor":7,"key":"Swift Potion"},{"floor":14,"key":"PowerPotion"},{"floor":18,"key":"Reflective Coating"},{"floor":22,"key":"LiquidMemories"},{"floor":24,"key":"CultistPotion"},{"floor":33,"key":"FearPotion"},{"floor":47,"key":"FearPotion"}],"is_trial":false,"path_per_floor":["M","?","M","$","M","R","M","T","T","R","E","M","$","M","R","B",null,"M","?","$","M","M","R","M","R","T","?","M","M","AVR","E","R","B",null,"M","?","?","$","?","R","?","M","T","M","M","R","M","?","R","B"],"character_chosen":"WATCHER","items_purchased":["Whetstone","ForeignInfluence+1","Conclude+1","Shuriken","SkillPotion","Replay:Sssssssssstrike+1","Membership Card","hubris:SlimyHat","LikeWater","TalkToTheHand+1","LessonLearned+1","Sadistic Nature","infinitespire:ShieldingShard","Regal Pillow","Discovery","War Paint","Dream Catcher","HandDrill","CarveReality+1","Bag of Preparation","Strength Potion","Flashbang","Replay:Kaleidoscope","LessonLearned+1"],"campfire_rested":9,"item_purchase_floors":[4,4,4,4,4,4,13,13,13,13,13,20,20,20,38,38,38,38,38,38,38,38,38,38],"current_hp_per_floor":[62,62,60,60,60,72,72,72,72,72,66,58,58,53,72,70,72,72,72,72,54,42,72,72,72,72,72,65,65,65,63,72,35,72,56,12,12,12,19,55,55,55,55,47,47,72,63,63,72,0,0],"gold":299,"neow_bonus":"","is_daily":true,"chose_seed":false,"campfire_upgraded":0,"win_rate":0.0,"timestamp":1607815544,"path_taken":["M","?","M","$","M","R","M","?","T","R","E","M","$","M","R","BOSS","M","?","$","?","M","R","M","R","T","?","?","M","AVR","E","R","BOSS","M","?","?","$","?","R","?","M","T","M","M","R","?","?","R","BOSS"],"items_purchased_type":["Relic","Card","Card","Relic","Potion","Card","Relic","Relic","Card","Card","Card","Card","Relic","Relic","Card","Relic","Relic","Relic","Card","Relic","Potion","Potion","Relic","Card"],"build_version":"2020-11-30","purchased_purges":1,"victory":false,"max_hp_per_floor":[72,72,72,72,72,72,72,72,72,72,72,72,72,72,72,72,72,72,72,72,72,72,72,72,72,72,72,72,72,72,72,72,72,72,72,72,72,72,72,72,72,72,72,72,72,72,72,72,72,72,72],"card_choices":[{"not_picked":["Replay:Anticipation","InnerPeace"],"picked":"Halt","floor":1},{"not_picked":["PathToVictory","EmptyBody"],"picked":"EmptyFist+1","floor":3},{"not_picked":["Nirvana","Replay:AtTheReady"],"picked":"JustLucky+1","floor":5},{"not_picked":["SignatureMove+1","Evaluate"],"picked":"TalkToTheHand+1","floor":7},{"not_picked":["MentalFortress","Sanctity"],"picked":"FearNoEvil+1","floor":11},{"not_picked":["EmptyFist+1","Replay:Anticipation"],"picked":"WaveOfTheHand","floor":12},{"not_picked":["BowlingBash+1","Study"],"picked":"Wallop+1","floor":14},{"not_picked":["Establishment","DeusExMachina"],"picked":"SpiritShield","floor":16},{"not_picked":[],"picked":"Halt","floor":18},{"not_picked":[],"picked":"BowlingBash+1","floor":21},{"not_picked":[],"picked":"PathToVictory","floor":22},{"not_picked":[],"picked":"EmptyBody","floor":24},{"not_picked":[],"picked":"InnerPeace","floor":28},{"not_picked":["Replay:ManipulateFuture"],"picked":"SKIP","floor":29},{"not_picked":[],"picked":"Perseverance+1","floor":31},{"not_picked":[],"picked":"Alpha","floor":33},{"not_picked":[],"picked":"CrushJoints+1","floor":35},{"not_picked":[],"picked":"FollowUp+1","floor":36},{"not_picked":[],"picked":"FlurryOfBlows","floor":37},{"not_picked":[],"picked":"Study","floor":37},{"not_picked":[],"picked":"ForeignInfluence+1","floor":40},{"not_picked":[],"picked":"Replay:Cycle","floor":42},{"not_picked":["Replay:ManipulateFuture"],"picked":"SKIP","floor":44},{"not_picked":[],"picked":"Worship","floor":45},{"not_picked":[],"picked":"Replay:Battleflow+1","floor":46},{"not_picked":[],"picked":"Halt+1","floor":47},{"not_picked":[],"picked":"PathToVictory","floor":49}],"player_experience":2259969,"relics_obtained":[{"floor":8,"key":"Omamori"},{"floor":9,"key":"Boot"},{"floor":11,"key":"Replay:WaspNest"},{"floor":26,"key":"aspiration:TomeofQuesting"},{"floor":31,"key":"Centennial Puzzle"},{"floor":36,"key":"hubris:64BitClover"},{"floor":43,"key":"infinitespire:Satchel"}],"event_choices":[{"damage_healed":0,"gold_gain":0,"player_choice":"Upgraded Two","damage_taken":0,"max_hp_gain":0,"max_hp_loss":0,"event_name":"Designer","floor":19,"gold_loss":40,"cards_upgraded":["Eruption","WaveOfTheHand"]},{"damage_healed":0,"gold_gain":0,"player_choice":"Rummage","damage_taken":0,"relics_obtained":["WarpedTongs"],"max_hp_gain":0,"max_hp_loss":0,"event_name":"Accursed Blacksmith","floor":27,"gold_loss":0,"cards_obtained":["Pain"]},{"damage_healed":0,"gold_gain":0,"player_choice":"Fight","damage_taken":0,"max_hp_gain":0,"max_hp_loss":0,"event_name":"Mysterious Sphere","floor":36,"gold_loss":0},{"damage_healed":0,"gold_gain":0,"player_choice":"Random: Orange","damage_taken":0,"max_hp_gain":0,"max_hp_loss":0,"event_name":"betterThird:BetterPortal","floor":37,"gold_loss":0},{"damage_healed":0,"gold_gain":0,"player_choice":"1","damage_taken":0,"max_hp_gain":0,"max_hp_loss":0,"event_name":"betterMatch:BetterMatch","floor":37,"gold_loss":0,"cards_obtained":["betterMatch:CommonCard","betterMatch:UncommonCard"]},{"damage_healed":0,"gold_gain":0,"player_choice":"Invest 2","damage_taken":0,"max_hp_gain":0,"max_hp_loss":0,"event_name":"conspire:Investor","floor":41,"gold_loss":0}],"is_beta":false,"boss_relics":[{"not_picked":["VioletLotus","aspiration:SecretTechniqueScroll"],"picked":"Busted Crown"},{"not_picked":["hubris:GrandSneckoEye","hubris:ScarierMask"],"picked":"conspire:RoyalGoblet"}],"items_purged_floors":[30],"is_endless":false,"potions_floor_spawned":[1,3,7,14,18,22,24,33,42,47],"killed_by":"Time Eater","ascension_level":0}}