{"host":"kmq7aw60w430zvtx","time":1607801452,"event":{"mods":["BaseMod","Downfall","GifTheSpireLib","Hermit","Hubris","Minty Spire (QoL Compilation)","Replay The Spire","StSLib","The Construct","The Cursed","The Hierophant","The Jungle","The Necromancer","The Runesmith"],"gold_per_floor":[14,32,3,73,73,98,98,127,127,12,12,37,54,70,70,168,168,183,183,183,183,195,195,110,144,198,198,198,211,211,224,224,326,426,442,442,456,472,486,512,512,512,512,512,529,540,540,540,540,540,540],"floor_reached":50,"playtime":2370,"items_purged":["Strike_R"],"score":610,"play_id":"9639909c-e20c-43e6-ba0b-ba84c71ae6ac","local_time":"20201212203052","is_ascension_mode":true,"campfire_choices":[{"data":"Rampage","floor":7,"key":"SMITH"},{"floor":11,"key":"REST"},{"data":"Rampage","floor":15,"key":"SMITH"},{"floor":23,"key":"RECALL"},{"data":"Brutality","floor":28,"key":"SMITH"},{"data":"Anger","floor":32,"key":"SMITH"},{"floor":41,"key":"REST"},{"floor":44,"key":"REST"},{"floor":47,"key":"REST"},{"data":"Flame Barrier","floor":49,"key":"SMITH"}],"circlet_count":0,"master_deck":["Strike_R+1","Strike_R+1","Strike_R+1","Defend_R+1","Defend_R+1","Defend_R+1","Bash","Brutality+1","Rampage+1","Hemokinesis","Pummel","Rampage+1","Iron Wave+1","Hemokinesis","ReplayTheSpireMod:Muscle Training","Anger","Reaper","ReplayTheSpireMod:Stacked","Anger+1","Replay:Undeath\u0027s Touch","Sword Boomerang+1","Twin Strike","Replay:Undeath\u0027s Touch","Hemogenesis","Perfected Strike","Flame Barrier+1","Twin Strike+1","Havoc+1","hubris:CleavingFinish","Armaments+1","ReplayReversal+1"],"relics":["Burning Blood","Mercury Hourglass","hubris:PeanutButter","ReplayTheSpireMod:TigerMarble","War Paint","Runic Pyramid","hubris:Towel","King of Hearts","MealTicket","Replay:Wanted Poster","Replay:Baseball","Bottled Tornado"],"acts_visited":["Exordium","TheCity","TheBeyond"],"potions_floor_usage":[25,33,38,39,39,40,40],"damage_taken":[{"damage":3,"enemies":"Cultist","floor":1,"turns":3},{"damage":2,"enemies":"Small Slimes","floor":2,"turns":4},{"damage":47,"enemies":"3 Sentries","floor":6,"turns":9},{"damage":15,"enemies":"Replay:BlueRogue","floor":8,"turns":6},{"damage":3,"enemies":"Gremlin Nob","floor":12,"turns":3},{"damage":0,"enemies":"Jaw Worm","floor":13,"turns":2},{"damage":0,"enemies":"2 Fungi Beasts","floor":14,"turns":2},{"damage":42,"enemies":"Fading Forest","floor":16,"turns":11},{"damage":11,"enemies":"Chosen","floor":18,"turns":3},{"damage":10,"enemies":"2 Thieves","floor":22,"turns":3},{"damage":16,"enemies":"Slavers","floor":25,"turns":4},{"damage":15,"enemies":"Snake Plant","floor":29,"turns":4},{"damage":5,"enemies":"Centurion and Healer","floor":31,"turns":5},{"damage":62,"enemies":"hubris:MusketHawk","floor":33,"turns":10},{"damage":6,"enemies":"Orb Walker","floor":35,"turns":3},{"damage":15,"enemies":"3 Shapes","floor":37,"turns":4},{"damage":46,"enemies":"Sphere and 2 Shapes","floor":38,"turns":8},{"damage":13,"enemies":"Spire Growth","floor":39,"turns":4},{"damage":55,"enemies":"Reptomancer","floor":40,"turns":6},{"damage":12,"enemies":"Jaw Worm Horde","floor":45,"turns":4},{"damage":37,"enemies":"Transient","floor":46,"turns":5},{"damage":116,"enemies":"Time Eater","floor":50,"turns":8}],"seed_played":"6725404945900221754","potions_obtained":[{"floor":6,"key":"Ancient Potion"},{"floor":8,"key":"SpeedPotion"},{"floor":14,"key":"Strength Potion"},{"floor":29,"key":"BlessingOfTheForge"},{"floor":33,"key":"GamblersBrew"},{"floor":38,"key":"DistilledChaos"},{"floor":39,"key":"Explosive Potion"}],"is_trial":false,"path_per_floor":["M","M","?","?","?","E","R","E","T","$","R","E","M","M","R","B",null,"M","?","?","?","M","R","?","E","T","?","R","M","$","M","R","B",null,"M","?","M","M","M","E","R","?","T","R","M","M","R","?","R","B"],"character_chosen":"IRONCLAD","items_purchased":["Iron Wave+1"],"campfire_rested":4,"item_purchase_floors":[10],"current_hp_per_floor":[80,80,80,80,85,44,44,35,35,35,60,63,69,75,75,61,85,85,85,85,85,85,85,85,83,83,83,83,80,85,85,85,36,85,85,85,85,52,52,18,43,43,43,68,71,47,72,72,72,0,0],"gold":540,"neow_bonus":"THREE_RARE_CARDS","is_daily":false,"chose_seed":false,"campfire_upgraded":5,"win_rate":0.0,"timestamp":1607801452,"path_taken":["M","?","?","?","?","E","R","E","T","?","R","E","M","M","R","BOSS","M","?","?","?","?","R","?","E","T","?","R","M","$","M","R","BOSS","M","?","M","M","M","E","R","?","T","R","M","M","R","?","R","BOSS"],"items_purchased_type":["Card"],"build_version":"2020-11-30","purchased_purges":1,"victory":false,"max_hp_per_floor":[80,80,80,80,85,85,85,85,85,85,85,85,85,85,85,85,85,85,85,85,85,85,85,85,85,85,85,85,85,85,85,85,85,85,85,85,85,85,85,85,85,85,85,85,85,85,85,85,85,85,85],"card_choices":[{"not_picked":["Replay:Many Hands","Bludgeon"],"picked":"Brutality","floor":0},{"not_picked":["Armaments","Perfected Strike"],"picked":"Rampage","floor":1},{"not_picked":["Twin Strike","Entrench"],"picked":"Hemokinesis","floor":2},{"not_picked":["Entrench","Havoc"],"picked":"Pummel","floor":6},{"not_picked":["Demon Form","Burning Pact"],"picked":"Rampage","floor":8},{"not_picked":["Perfected Strike","Reckless Charge"],"picked":"Hemokinesis","floor":12},{"not_picked":["ReplayTheSpireMod:Strike From Hell","Havoc"],"picked":"ReplayTheSpireMod:Muscle Training","floor":13},{"not_picked":["Pommel Strike","Second Wind"],"picked":"Anger","floor":14},{"not_picked":["Barricade","Double Tap"],"picked":"Reaper","floor":16},{"not_picked":["Sword Boomerang","Body Slam","Clash+1"],"picked":"SKIP","floor":18},{"not_picked":["Flame Barrier+1","Iron Wave"],"picked":"Replay:Undeath\u0027s Touch","floor":22},{"not_picked":["Burning Pact","Demon Form"],"picked":"Sword Boomerang+1","floor":25},{"not_picked":["Heavy Blade","Havoc"],"picked":"Twin Strike","floor":29},{"not_picked":["Feel No Pain","Whirlwind+1"],"picked":"Replay:Undeath\u0027s Touch","floor":31},{"not_picked":["Double Tap","Demonic Infusion"],"picked":"Hemogenesis","floor":33},{"not_picked":["Sword Boomerang","Evolve"],"picked":"Perfected Strike","floor":35},{"not_picked":["Fire Breathing+1","ReplayTheSpireMod:Strike From Hell"],"picked":"Flame Barrier","floor":37},{"not_picked":["Fiend Fire","Hemokinesis"],"picked":"Twin Strike+1","floor":38},{"not_picked":["Entrench","Heavy Blade+1"],"picked":"Havoc+1","floor":39},{"not_picked":["Corruption","Burning Pact"],"picked":"hubris:CleavingFinish","floor":40},{"not_picked":["Clash","Rampage"],"picked":"Armaments+1","floor":45},{"not_picked":["Shrug It Off","Shockwave"],"picked":"ReplayReversal+1","floor":46}],"player_experience":222134,"relics_obtained":[{"floor":6,"key":"Mercury Hourglass"},{"floor":8,"key":"hubris:PeanutButter"},{"floor":9,"key":"ReplayTheSpireMod:TigerMarble"},{"floor":12,"key":"War Paint"},{"floor":25,"key":"MealTicket"},{"floor":40,"key":"Replay:Baseball"},{"floor":43,"key":"Bottled Tornado"}],"event_choices":[{"damage_healed":0,"gold_gain":0,"player_choice":"Left Gold","damage_taken":0,"max_hp_gain":0,"max_hp_loss":0,"event_name":"World of Goop","floor":3,"gold_loss":29},{"damage_healed":0,"gold_gain":70,"player_choice":"Gained Gold","damage_taken":0,"max_hp_gain":0,"max_hp_loss":0,"event_name":"Golden Wing","floor":4,"gold_loss":0},{"damage_healed":0,"gold_gain":0,"player_choice":"Donut","damage_taken":0,"max_hp_gain":5,"max_hp_loss":0,"event_name":"Big Fish","floor":5,"gold_loss":0},{"damage_healed":0,"gold_gain":0,"cards_transformed":["Strike_R","Defend_R"],"player_choice":"Became Test Subject","damage_taken":0,"max_hp_gain":0,"max_hp_loss":0,"event_name":"Drug Dealer","floor":20,"gold_loss":0,"cards_obtained":["ReplayTheSpireMod:Stacked","Anger"]},{"damage_healed":0,"gold_gain":0,"player_choice":"Obtained Relic","damage_taken":0,"relics_obtained":["King of Hearts"],"max_hp_gain":0,"max_hp_loss":0,"event_name":"Addict","floor":24,"gold_loss":85},{"damage_healed":0,"gold_gain":0,"player_choice":"Simplicity","damage_taken":0,"max_hp_gain":0,"max_hp_loss":0,"event_name":"Back to Basics","floor":27,"gold_loss":0,"cards_upgraded":["Strike_R","Strike_R","Strike_R","Defend_R"]},{"damage_healed":0,"gold_gain":0,"player_choice":"Ignored","damage_taken":0,"max_hp_gain":0,"max_hp_loss":0,"event_name":"Tomb of Lord Red Mask","floor":48,"gold_loss":0}],"is_beta":false,"boss_relics":[{"not_picked":["hubris:CrackedHourglass","Tiny House"],"picked":"Runic Pyramid"},{"not_picked":["construct:WeddingRing","Runic Dome"],"picked":"Replay:Wanted Poster"}],"items_purged_floors":[10],"is_endless":false,"potions_floor_spawned":[6,8,14,29,33,38,39],"killed_by":"Time Eater","ascension_level":4}}