{"host":"y89x8uui45kcjy42","time":1607745209,"event":{"mods":["2.2 Compatiblity","BaseMod","Colored Map","Colored Powertips","Friendly Minions","Highlight Path","Keyboard Shortcuts","Minty Spire (QoL Compilation)","StSLib","SuperFastMode","The Bug Knight","Waifu the Spire"],"gold_per_floor":[112,56,56,56,74,74,108,108,108,333,333,333,364,389,389,512,512,533,533,581,217,217,217,230,230,255,255,255,255,255,255],"floor_reached":30,"playtime":804,"items_purged":["HollowMod:QuickDashStart","HollowMod:NailStrikeStart"],"score":357,"play_id":"5b5f023b-7121-44f8-866c-f64a462dcfbd","local_time":"20201212125329","is_ascension_mode":true,"campfire_choices":[{"data":"HollowMod:BlackTendrils","floor":6,"key":"SMITH"},{"data":"HollowMod:CoiledNail","floor":11,"key":"SMITH"},{"data":"HollowMod:PogoStrike","floor":12,"key":"SMITH"},{"data":"HollowMod:SharpenedShadows","floor":15,"key":"SMITH"},{"data":"HollowMod:LifebloodCore","floor":23,"key":"SMITH"},{"data":"HollowMod:DungDefenderAura","floor":25,"key":"SMITH"},{"floor":27,"key":"RECALL"},{"data":"HollowMod:QuickDashStart","floor":29,"key":"PURGE"}],"circlet_count":0,"master_deck":["HollowMod:NailStrikeStart+1","HollowMod:NailStrikeStart+1","HollowMod:QuickDashStart","HollowMod:FocusHealStart","HollowMod:PogoStrike+1","HollowMod:CoiledNail+1","HollowMod:BlackTendrils+1","HollowMod:SharpenedShadows+1","HollowMod:LifebloodCore+1","HollowMod:WraithStrike+1","HollowMod:DungDefenderAura+1","Master of Strategy"],"relics":["HollowMod:VesselMask","Coffee Dripper","Vajra","ClockworkSouvenir","Membership Card","Du-Vu Doll","Golden Idol","Whetstone","Potion Belt","Empty Cage","MawBank","Peace Pipe","Bag of Preparation","WingedGreaves","Nunchaku"],"acts_visited":["Exordium","TheCity"],"potions_floor_usage":[7,7,7,7,13,30],"damage_taken":[{"damage":0,"enemies":"Jaw Worm","floor":1,"turns":3},{"damage":0,"enemies":"2 Louse","floor":5,"turns":1},{"damage":29,"enemies":"Lagavulin","floor":7,"turns":3},{"damage":11,"enemies":"3 Sentries","floor":13,"turns":4},{"damage":0,"enemies":"Cultist","floor":14,"turns":2},{"damage":70,"enemies":"The Guardian","floor":16,"turns":9},{"damage":56,"enemies":"2 Thieves","floor":18,"turns":4},{"damage":8,"enemies":"HollowMod:Zote","floor":20,"turns":9},{"damage":9,"enemies":"Spheric Guardian","floor":24,"turns":3},{"damage":129,"enemies":"Gremlin Leader","floor":30,"turns":4}],"seed_played":"8907366561909814923","potions_obtained":[{"floor":0,"key":"EntropicBrew"},{"floor":0,"key":"EssenceOfSteel"},{"floor":0,"key":"FearPotion"},{"floor":1,"key":"Ancient Potion"},{"floor":13,"key":"Swift Potion"},{"floor":22,"key":"Dexterity Potion"},{"floor":22,"key":"Explosive Potion"},{"floor":22,"key":"SteroidPotion"}],"is_trial":false,"path_per_floor":["M","$","?","?","M","R","E","?","T","?","R","R","E","M","R","B",null,"M","?","?","$","?","R","M","R","T","R","?","R","E"],"character_chosen":"THE_BUGKNIGHT","items_purchased":["HollowMod:BlackTendrils","Vajra","ClockworkSouvenir","HollowMod:DungDefenderAura","Master of Strategy","Peace Pipe","SkillPotion","BlessingOfTheForge"],"campfire_rested":0,"item_purchase_floors":[2,2,2,21,21,21,21,21],"current_hp_per_floor":[68,68,68,68,68,68,46,28,28,33,33,33,25,28,28,31,68,15,15,7,7,7,7,71,71,71,71,71,71,0,0],"gold":255,"neow_bonus":"THREE_SMALL_POTIONS","is_daily":false,"chose_seed":false,"campfire_upgraded":6,"win_rate":0.0,"timestamp":1607745209,"path_taken":["M","$","?","?","?","R","E","?","T","?","R","R","E","M","R","BOSS","M","?","?","$","?","R","?","R","T","R","?","R","E"],"items_purchased_type":["Card","Relic","Relic","Card","Card","Relic","Potion","Potion"],"build_version":"2020-11-30","purchased_purges":2,"victory":false,"max_hp_per_floor":[75,75,75,75,75,75,75,75,75,80,80,80,80,80,80,80,80,80,80,80,80,80,80,80,80,80,80,80,80,80,80],"card_choices":[{"not_picked":["HollowMod:SoulEater","HollowMod:VengefulSpirit"],"picked":"HollowMod:CoiledNail","floor":1},{"not_picked":["HollowMod:MonarchWings","HollowMod:CycloneSlash","HollowMod:InfectedCysts"],"picked":"SKIP","floor":5},{"not_picked":["HollowMod:BrokenVessel","HollowMod:DesolateDive","HollowMod:LifebloodCocoon"],"picked":"SKIP","floor":7},{"not_picked":["HollowMod:SiblingsSouls","HollowMod:PerfectDash","HollowMod:InfectedCysts"],"picked":"SKIP","floor":13},{"not_picked":["HollowMod:SiblingsSouls","HollowMod:DashSlash"],"picked":"HollowMod:SharpenedShadows","floor":14},{"not_picked":["HollowMod:MidwifesHunger","HollowMod:AwokenDreamNail"],"picked":"HollowMod:LifebloodCore","floor":16},{"not_picked":["HollowMod:InfectedAttack","HollowMod:DoubleDash+1","HollowMod:HowlingWraiths"],"picked":"SKIP","floor":18},{"not_picked":["HollowMod:CycloneSlash+1","HollowMod:LuriensSpire"],"picked":"HollowMod:WraithStrike+1","floor":20},{"not_picked":["HollowMod:DashSlash+1","HollowMod:SoulShaman","HollowMod:GoodIntentions"],"picked":"SKIP","floor":24}],"player_experience":501860,"relics_obtained":[{"floor":7,"key":"Du-Vu Doll"},{"floor":9,"key":"Whetstone"},{"floor":13,"key":"Potion Belt"},{"floor":26,"key":"Bag of Preparation"}],"event_choices":[{"damage_healed":0,"gold_gain":0,"player_choice":"0 cards matched","damage_taken":0,"max_hp_gain":0,"max_hp_loss":0,"event_name":"Match and Keep!","floor":4,"gold_loss":0,"cards_obtained":[]},{"damage_healed":0,"gold_gain":0,"player_choice":"Take Damage","damage_taken":18,"relics_obtained":["Golden Idol"],"max_hp_gain":0,"max_hp_loss":0,"event_name":"Golden Idol","floor":8,"gold_loss":0},{"damage_healed":0,"gold_gain":0,"player_choice":"Opened","damage_taken":0,"relics_obtained":["MawBank"],"max_hp_gain":0,"max_hp_loss":0,"event_name":"The Mausoleum","floor":19,"gold_loss":0},{"damage_healed":0,"gold_gain":0,"player_choice":"Got Potions","damage_taken":0,"max_hp_gain":0,"max_hp_loss":0,"event_name":"Lab","floor":22,"gold_loss":0},{"damage_healed":0,"gold_gain":0,"player_choice":"Gave Potion","damage_taken":0,"relics_obtained":["Nunchaku"],"max_hp_gain":0,"max_hp_loss":0,"event_name":"WeMeetAgain","floor":28,"gold_loss":0}],"is_beta":false,"boss_relics":[{"not_picked":["Astrolabe","Busted Crown"],"picked":"Empty Cage"}],"items_purged_floors":[2,21],"is_endless":false,"potions_floor_spawned":[1,13,24],"killed_by":"Gremlin Leader","ascension_level":6}}