{"host":"sabve5zmqufxyc5o","time":1607747899,"event":{"mods":["2.2 Compatiblity","AchievementEnabler","Act Like it!","BaseMod","Block Reminder","Colored Map","Colored Powertips","DeckTracker","KOR Keyword Fix","Keyboard Shortcuts","Minty Spire (QoL Compilation)","Quick Restart","Rare Cards Sparkle","Relic Stats","StSLib","SuperFastMode"],"gold_per_floor":[114,125,50,68,82,95,95,127,174,192,223,34,34,34,34,109,109,80,80,80,92,110,110,125,125,125,155,155,169,180,190,190,190,190],"floor_reached":33,"playtime":750,"items_purged":["Strike_B","Strike_B"],"score":548,"play_id":"15fceb62-7b33-432a-9a91-23979b4b34dc","local_time":"20201212133819","is_ascension_mode":true,"campfire_choices":[{"floor":7.0,"key":"REST"},{"floor":13.0,"key":"REST"},{"floor":15.0,"key":"REST"},{"data":"Defragment","floor":23.0,"key":"SMITH"},{"floor":25.0,"key":"REST"},{"data":"Dualcast","floor":28.0,"key":"SMITH"},{"floor":32,"key":"REST"}],"circlet_count":0,"master_deck":["AscendersBane","Strike_B","Strike_B","Defend_B","Defend_B","Defend_B","Defend_B+1","Zap+1","Dualcast+1","Compile Driver","Genetic Algorithm","Gash","Gash","Cold Snap","Gash","Self Repair","Turbo","Electrodynamics","Core Surge","Turbo+1","Defragment+1","BootSequence"],"relics":["FrozenCore","Orichalcum","Akabeko","Cables","Blood Vial","War Paint"],"acts_visited":["Exordium","TheCity"],"potions_floor_usage":[33],"damage_taken":[{"damage":12.0,"enemies":"Small Slimes","floor":1.0,"turns":3.0},{"damage":0.0,"enemies":"Cultist","floor":2.0,"turns":4.0},{"damage":0.0,"enemies":"2 Louse","floor":4.0,"turns":2.0},{"damage":26.0,"enemies":"Red Slaver","floor":5.0,"turns":4.0},{"damage":11.0,"enemies":"Blue Slaver","floor":6.0,"turns":4.0},{"damage":31.0,"enemies":"Lagavulin","floor":8.0,"turns":6.0},{"damage":2.0,"enemies":"2 Fungi Beasts","floor":10.0,"turns":3.0},{"damage":12.0,"enemies":"3 Sentries","floor":11.0,"turns":8.0},{"damage":29.0,"enemies":"Slime Boss","floor":16.0,"turns":7.0},{"damage":22.0,"enemies":"2 Thieves","floor":18.0,"turns":4.0},{"damage":13.0,"enemies":"Spheric Guardian","floor":21.0,"turns":5.0},{"damage":22.0,"enemies":"Snake Plant","floor":22.0,"turns":6.0},{"damage":0.0,"enemies":"Centurion and Healer","floor":24.0,"turns":8.0},{"damage":13.0,"enemies":"Gremlin Leader","floor":27.0,"turns":8.0},{"damage":7,"enemies":"Shelled Parasite and Fungi","floor":29,"turns":7},{"damage":12,"enemies":"Snake Plant","floor":30,"turns":5},{"damage":7,"enemies":"Snecko","floor":31,"turns":5},{"damage":81,"enemies":"Automaton","floor":33,"turns":12}],"seed_played":"-5210731704385229923","potions_obtained":[{"floor":1.0,"key":"Regen Potion"},{"floor":5.0,"key":"DuplicationPotion"},{"floor":8.0,"key":"Energy Potion"},{"floor":16.0,"key":"DuplicationPotion"},{"floor":18.0,"key":"Strength Potion"},{"floor":30,"key":"SpeedPotion"}],"is_trial":false,"path_per_floor":["M","M","$","M","M","M","R","E","T","M","E","$","R","?","R","B",null,"M","?","$","M","M","R","M","R","T","E","R","M","M","M","R","B"],"character_chosen":"DEFECT","items_purchased":["Electrodynamics"],"campfire_rested":5,"item_purchase_floors":[12],"current_hp_per_floor":[52,52,52,52,26,15,36,20,20,18,13,13,34,34,55,33,62,47,41,41,35,20,20,27,48,48,44,44,46,43,45,66,0,0],"gold":190,"neow_bonus":"THREE_CARDS","is_daily":false,"chose_seed":false,"campfire_upgraded":2,"win_rate":0.0,"timestamp":1607747899,"path_taken":["M","M","$","M","M","M","R","E","T","M","E","$","R","?","R","BOSS","M","?","$","M","M","R","M","R","T","E","R","?","?","M","R","BOSS"],"items_purchased_type":["Card"],"build_version":"2020-11-30","purchased_purges":2,"victory":false,"max_hp_per_floor":[71,71,71,71,71,71,71,71,71,71,71,71,71,71,71,71,71,71,71,71,71,71,71,71,71,71,71,71,71,71,71,71,71,71],"relic_stats":{"Blood Vial":10,"counters":[18,101],"Orichalcum":[180],"War Paint":["Defend_B","Zap"],"obtain_stats":[{"Blood Vial":26,"Orichalcum":8,"War Paint":27,"Cracked Core":0,"Akabeko":9,"Cables":11,"FrozenCore":17},{"Blood Vial":13,"Orichalcum":6,"War Paint":14,"Cracked Core":0,"Akabeko":6,"Cables":8,"FrozenCore":9},{"Blood Vial":64,"Orichalcum":23,"War Paint":72,"Cracked Core":0,"Akabeko":23,"Cables":34,"FrozenCore":41}],"FrozenCore":[27],"Cables":[62,26,36,0,0]},"card_choices":[{"not_picked":["Streamline","Barrage"],"picked":"Compile Driver","floor":0.0},{"not_picked":["Blizzard","Streamline"],"picked":"Genetic Algorithm","floor":1.0},{"not_picked":["Barrage","Turbo"],"picked":"Gash","floor":2.0},{"not_picked":["Coolheaded","FTL"],"picked":"Gash","floor":4.0},{"not_picked":["Rebound","Sweeping Beam","Reinforced Body"],"picked":"SKIP","floor":5.0},{"not_picked":["Compile Driver","Redo"],"picked":"Cold Snap","floor":6.0},{"not_picked":["Steam","Redo"],"picked":"Gash","floor":8.0},{"not_picked":["Barrage","Storm"],"picked":"Self Repair","floor":10.0},{"not_picked":["Leap","Aggregate"],"picked":"Turbo","floor":11.0},{"not_picked":["Thunder Strike","Creative AI"],"picked":"Core Surge","floor":16.0},{"not_picked":["Consume","Recycle","Scrape"],"picked":"SKIP","floor":18.0},{"not_picked":["Sweeping Beam","Turbo+1","Skim"],"picked":"SKIP","floor":21.0},{"not_picked":["Sweeping Beam","Skim"],"picked":"Turbo+1","floor":21.0},{"not_picked":["Rebound","FTL"],"picked":"Defragment","floor":22.0},{"not_picked":["Compile Driver+1","Darkness","Self Repair"],"picked":"SKIP","floor":24.0},{"not_picked":["Static Discharge","Steam","Go for the Eyes"],"picked":"SKIP","floor":27.0},{"not_picked":["Chaos","Hello World","Barrage"],"picked":"SKIP","floor":29},{"not_picked":["Consume","Steam Power"],"picked":"BootSequence","floor":30},{"not_picked":["Beam Cell","Compile Driver","Ball Lightning"],"picked":"SKIP","floor":31}],"player_experience":762648,"relics_obtained":[{"floor":8.0,"key":"Orichalcum"},{"floor":9.0,"key":"Akabeko"},{"floor":11.0,"key":"Cables"},{"floor":26.0,"key":"Blood Vial"},{"floor":27.0,"key":"War Paint"}],"event_choices":[{"damage_healed":0.0,"max_hp_gain":0.0,"max_hp_loss":0.0,"gold_gain":0.0,"event_name":"Shining Light","player_choice":"Ignored","floor":14.0,"gold_loss":0.0,"damage_taken":0.0},{"damage_healed":0.0,"max_hp_gain":0.0,"max_hp_loss":0.0,"gold_gain":0.0,"event_name":"Knowing Skull","player_choice":"","floor":19.0,"potions_obtained":[],"gold_loss":0.0,"damage_taken":6.0,"cards_obtained":[]}],"is_beta":false,"boss_relics":[{"not_picked":["Pandora\u0027s Box","Snecko Eye"],"picked":"FrozenCore"}],"items_purged_floors":[3,12],"is_endless":false,"potions_floor_spawned":[1,5,8,10,16,18,30],"killed_by":"Automaton","ascension_level":19}}