{"host":"u5p72gjg7qm9i6r4","time":1607749029,"event":{"mods":["AchievementEnabler","BaseMod","Minty Spire (QoL Compilation)","Rare Cards Sparkle"],"gold_per_floor":[216,216,216,59,74,107,107,127,127,144,144,161,191,203,203,203,203],"floor_reached":16,"playtime":639,"items_purged":[],"score":129,"play_id":"527af6df-567d-4e93-8311-b5e27013c496","local_time":"20201211225709","is_ascension_mode":true,"campfire_choices":[{"data":"Bash","floor":7,"key":"SMITH"},{"floor":11,"key":"REST"},{"data":"Feed","floor":15,"key":"SMITH"}],"circlet_count":0,"master_deck":["Strike_R","Strike_R","Strike_R","Strike_R","Defend_R","Defend_R","Defend_R","Defend_R","Bash+1","Iron Wave","Reckless Charge","Pummel","Feed+1","Headbutt","Clothesline","Cleave","Rage"],"relics":["Burning Blood","Tiny Chest","Blood Vial","Darkstone Periapt","Pantograph"],"acts_visited":["Exordium"],"potions_floor_usage":[6,10,12,16],"damage_taken":[{"damage":19,"enemies":"Jaw Worm","floor":1,"turns":5},{"damage":10,"enemies":"Small Slimes","floor":5,"turns":5},{"damage":40,"enemies":"Lagavulin","floor":6,"turns":6},{"damage":1,"enemies":"Cultist","floor":8,"turns":3},{"damage":5,"enemies":"3 Louse","floor":10,"turns":2},{"damage":1,"enemies":"Gremlin Gang","floor":12,"turns":5},{"damage":45,"enemies":"3 Sentries","floor":13,"turns":8},{"damage":14,"enemies":"Large Slime","floor":14,"turns":5},{"damage":56,"enemies":"The Guardian","floor":16,"turns":10}],"seed_played":"2436364720977238019","potions_obtained":[{"floor":5,"key":"PowerPotion"},{"floor":8,"key":"Explosive Potion"},{"floor":10,"key":"Swift Potion"},{"floor":14,"key":"PowerPotion"}],"is_trial":false,"path_per_floor":["M","?","?","$","M","E","R","M","T","M","R","M","E","M","R","B"],"character_chosen":"IRONCLAD","items_purchased":["Blood Vial"],"campfire_rested":1,"item_purchase_floors":[4],"current_hp_per_floor":[67,55,55,55,53,21,21,28,28,31,55,65,31,28,28,0,0],"gold":203,"neow_bonus":"HUNDRED_GOLD","is_daily":false,"chose_seed":false,"campfire_upgraded":2,"win_rate":0.0,"timestamp":1607749029,"path_taken":["M","?","?","$","M","E","R","M","T","M","R","?","E","M","R","BOSS"],"items_purchased_type":["Relic"],"build_version":"2020-11-30","purchased_purges":0,"victory":false,"max_hp_per_floor":[80,80,80,80,80,80,80,80,80,80,80,83,86,89,89,89,89],"card_choices":[{"not_picked":["Dropkick","Thunderclap"],"picked":"Iron Wave","floor":1},{"not_picked":["Body Slam","Bloodletting"],"picked":"Reckless Charge","floor":5},{"not_picked":["Flex","Fire Breathing"],"picked":"Pummel","floor":6},{"not_picked":["Havoc","Iron Wave"],"picked":"Feed","floor":8},{"not_picked":["Anger","True Grit"],"picked":"Headbutt","floor":10},{"not_picked":["Sword Boomerang","Wild Strike"],"picked":"Clothesline","floor":12},{"not_picked":["Thunderclap","Iron Wave"],"picked":"Cleave","floor":13},{"not_picked":["Iron Wave","Clothesline"],"picked":"Rage","floor":14}],"player_experience":78517,"relics_obtained":[{"floor":6,"key":"Darkstone Periapt"},{"floor":13,"key":"Pantograph"}],"event_choices":[{"damage_healed":0,"gold_gain":0,"player_choice":"Success","damage_taken":12,"relics_obtained":["Tiny Chest"],"max_hp_gain":0,"max_hp_loss":0,"event_name":"Scrap Ooze","floor":2,"gold_loss":0},{"cards_removed":["Strike_R"],"damage_healed":0,"gold_gain":0,"player_choice":"Offered Basic","damage_taken":0,"max_hp_gain":0,"max_hp_loss":0,"event_name":"Bonfire Elementals","floor":3,"gold_loss":0}],"is_beta":false,"boss_relics":[],"items_purged_floors":[],"is_endless":false,"potions_floor_spawned":[5,8,10,14],"killed_by":"The Guardian","ascension_level":3}}