{"host":"49c2zf0lajbcs427","time":1607814845,"event":{"mods":["AchievementEnabler","BaseMod","Colored Map","Colored Powertips","Highlight Path","Minty Spire (QoL Compilation)","Relic Stats","StSLib"],"gold_per_floor":[116,116,133,153,153,153,181,181,181,215,225,225,246,266,266,345,345,363,379,50,64,76,103,103,129,129,158,41,141,156,171,171,250,250,267,0,0,0,0,0,31,31,31,31,58,108,108,120,120,120],"floor_reached":51,"playtime":2017,"items_purged":["Strike_P"],"score":1564,"play_id":"bdbfbda8-ab26-4bc5-a707-1ffa905b95cc","local_time":"20201213121405","is_ascension_mode":true,"campfire_choices":[{"data":"EmptyFist","floor":6.0,"key":"SMITH"},{"data":"TalkToTheHand","floor":8.0,"key":"SMITH"},{"data":"CutThroughFate","floor":12.0,"key":"SMITH"},{"data":"CutThroughFate","floor":15.0,"key":"SMITH"},{"data":"Ragnarok","floor":32,"key":"SMITH"},{"data":"Meditate","floor":40,"key":"SMITH"},{"data":"WaveOfTheHand","floor":42,"key":"SMITH"},{"data":"FlurryOfBlows","floor":44,"key":"SMITH"},{"floor":49,"key":"RECALL"}],"circlet_count":0,"master_deck":["AscendersBane","Strike_P+1","Strike_P+1","Defend_P+1","Defend_P+1","Defend_P+1","Defend_P+1","Eruption+1","Vigilance+1","WheelKick+1","EmptyFist+1","CutThroughFate+1","TalkToTheHand+1","CutThroughFate+1","Crescendo+1","FlurryOfBlows+1","Ragnarok+1","Indignation+1","ThirdEye+1","FlyingSleeves+1","WaveOfTheHand+1","Meditate+1","Halt+1","FlurryOfBlows+1","FlurryOfBlows+1","Fasting2+1"],"relics":["Philosopher\u0027s Stone","Shuriken","TeardropLocket","Juzu Bracelet","Odd Mushroom","VioletLotus","Bag of Marbles","Lantern","Lizard Tail","NlothsMask","Blood Vial","Blue Candle","Mango","Bottled Flame","Sozu","Red Mask","Vajra","Potion Belt","Omamori","GoldenEye","Mark of the Bloom"],"acts_visited":["Exordium","TheCity","TheBeyond"],"potions_floor_usage":[27,33,50],"damage_taken":[{"damage":3.0,"enemies":"Cultist","floor":1.0,"turns":6.0},{"damage":0.0,"enemies":"Jaw Worm","floor":3.0,"turns":2.0},{"damage":3.0,"enemies":"Small Slimes","floor":4.0,"turns":2.0},{"damage":7.0,"enemies":"3 Sentries","floor":7.0,"turns":4.0},{"damage":0.0,"enemies":"Gremlin Nob","floor":10.0,"turns":2.0},{"damage":0.0,"enemies":"3 Louse","floor":11.0,"turns":2.0},{"damage":0.0,"enemies":"The Mushroom Lair","floor":13.0,"turns":2.0},{"damage":2.0,"enemies":"Exordium Thugs","floor":14.0,"turns":3.0},{"damage":9.0,"enemies":"Hexaghost","floor":16.0,"turns":5.0},{"damage":6.0,"enemies":"Shell Parasite","floor":18.0,"turns":3.0},{"damage":0.0,"enemies":"3 Byrds","floor":19.0,"turns":3.0},{"damage":3.0,"enemies":"3 Cultists","floor":21.0,"turns":3.0},{"damage":0.0,"enemies":"Snake Plant","floor":22.0,"turns":1.0},{"damage":36.0,"enemies":"Slavers","floor":23.0,"turns":3.0},{"damage":0.0,"enemies":"Gremlin Leader","floor":25.0,"turns":2.0},{"damage":14,"enemies":"Slavers","floor":27,"turns":3},{"damage":0,"enemies":"Colosseum Slavers","floor":29,"turns":1},{"damage":0,"enemies":"Colosseum Nobs","floor":29,"turns":1},{"damage":0,"enemies":"Shelled Parasite and Fungi","floor":30,"turns":2},{"damage":0,"enemies":"Sentry and Sphere","floor":31,"turns":3},{"damage":0,"enemies":"Automaton","floor":33,"turns":3},{"damage":15,"enemies":"3 Darklings","floor":35,"turns":2},{"damage":8,"enemies":"Nemesis","floor":41,"turns":5},{"damage":0,"enemies":"2 Orb Walkers","floor":46,"turns":1},{"damage":0,"enemies":"3 Shapes","floor":48,"turns":4},{"damage":0,"enemies":"Time Eater","floor":50,"turns":3}],"seed_played":"4816081496858366404","potions_obtained":[{"floor":1.0,"key":"Fire Potion"},{"floor":4.0,"key":"CultistPotion"},{"floor":10.0,"key":"Explosive Potion"},{"floor":11.0,"key":"SkillPotion"},{"floor":18.0,"key":"Strength Potion"},{"floor":23.0,"key":"LiquidBronze"},{"floor":25.0,"key":"Swift Potion"},{"floor":31,"key":"DuplicationPotion"}],"is_trial":false,"path_per_floor":["M","?","M","M","?","R","E","R","T","E","M","R","?","M","R","B",null,"M","M","$","M","M","E","?","E","T","E","$","?","M","M","R","B",null,"M","?","?","$","?","R","E","R","T","R","T","?","?","M","R","B",null],"character_chosen":"WATCHER","items_purchased":["Bag of Marbles","Lantern","Meditate"],"campfire_rested":0,"item_purchase_floors":[20,20,28],"current_hp_per_floor":[58,38,38,35,35,35,28,28,28,28,28,28,28,26,26,17,55,49,49,49,46,46,10,10,10,10,34,34,52,54,56,56,58,76,63,63,63,63,63,63,57,57,57,57,57,59,59,59,59,59],"gold":120,"neow_bonus":"BOSS_RELIC","is_daily":false,"chose_seed":false,"campfire_upgraded":8,"win_rate":0.0,"timestamp":1607814845,"path_taken":["M","?","M","M","?","R","E","R","T","E","M","R","?","M","R","BOSS","M","M","$","M","M","E","?","E","T","E","?","?","M","M","R","BOSS","M","?","?","$","?","R","E","R","T","R","?","?","?","M","R","BOSS"],"items_purchased_type":["Relic","Relic","Card"],"build_version":"2020-11-30","purchased_purges":1,"victory":true,"max_hp_per_floor":[68,68,68,68,68,68,68,68,68,68,68,68,68,68,68,68,68,68,68,68,68,68,68,68,68,68,68,68,82,82,82,82,82,82,82,82,82,82,82,82,82,82,82,82,82,82,82,82,82,82],"relic_stats":{"Blood Vial":18,"Sozu":2,"Lizard Tail":34,"Mark of the Bloom":4,"counters":[26,71],"Shuriken":[41],"Blue Candle":[0],"VioletLotus":[25],"Juzu Bracelet":2,"GoldenEye":[8],"obtain_stats":[{"Potion Belt":43,"Lantern":20,"Mark of the Bloom":47,"Blue Candle":27,"Vajra":41,"Mango":29,"Juzu Bracelet":10,"Omamori":45,"TeardropLocket":9,"Odd Mushroom":13,"GoldenEye":46,"Blood Vial":25,"Sozu":34,"Lizard Tail":23,"Bottled Flame":29,"Shuriken":7,"Philosopher\u0027s Stone":0,"VioletLotus":17,"Bag of Marbles":20,"Red Mask":36,"PureWater":0,"NlothsMask":24},{"Potion Belt":23,"Lantern":11,"Mark of the Bloom":24,"Blue Candle":16,"Vajra":23,"Mango":18,"Juzu Bracelet":5,"Omamori":23,"TeardropLocket":4,"Odd Mushroom":7,"GoldenEye":24,"Blood Vial":15,"Sozu":21,"Lizard Tail":14,"Bottled Flame":18,"Shuriken":4,"Philosopher\u0027s Stone":0,"VioletLotus":9,"Bag of Marbles":11,"Red Mask":22,"PureWater":0,"NlothsMask":14},{"Potion Belt":63,"Lantern":34,"Mark of the Bloom":64,"Blue Candle":46,"Vajra":63,"Mango":48,"Juzu Bracelet":16,"Omamori":63,"TeardropLocket":14,"Odd Mushroom":20,"GoldenEye":64,"Blood Vial":43,"Sozu":56,"Lizard Tail":41,"Bottled Flame":48,"Shuriken":14,"Philosopher\u0027s Stone":0,"VioletLotus":28,"Bag of Marbles":34,"Red Mask":58,"PureWater":0,"NlothsMask":41}]},"card_choices":[{"not_picked":["FollowUp","CutThroughFate"],"picked":"WheelKick","floor":1.0},{"not_picked":["CutThroughFate","Protect"],"picked":"EmptyFist","floor":3.0},{"not_picked":["Perseverance","Sanctity"],"picked":"CutThroughFate","floor":4.0},{"not_picked":["FearNoEvil","BowlingBash"],"picked":"TalkToTheHand","floor":7.0},{"not_picked":["Halt","Protect"],"picked":"CutThroughFate","floor":10.0},{"not_picked":["Prostrate","CrushJoints"],"picked":"Crescendo","floor":11.0},{"not_picked":["CarveReality","Conclude"],"picked":"FlurryOfBlows","floor":13.0},{"not_picked":["Crescendo","Alpha","CrushJoints"],"picked":"SKIP","floor":14.0},{"not_picked":["SpiritShield","ConjureBlade"],"picked":"Ragnarok","floor":16.0},{"not_picked":["DeceiveReality","Swivel"],"picked":"Indignation+1","floor":18.0},{"not_picked":["Crescendo","WreathOfFlame+1","CutThroughFate"],"picked":"SKIP","floor":19.0},{"not_picked":["CrushJoints","Nirvana","PathToVictory+1"],"picked":"SKIP","floor":21.0},{"not_picked":["Consecrate","WreathOfFlame"],"picked":"ThirdEye+1","floor":22.0},{"not_picked":["Fasting2","Protect","CarveReality"],"picked":"SKIP","floor":23.0},{"not_picked":["Halt","FollowUp"],"picked":"FlyingSleeves","floor":25.0},{"not_picked":["Judgement","Swivel"],"picked":"WaveOfTheHand","floor":27},{"not_picked":["Conclude","Protect"],"picked":"Halt+1","floor":29},{"not_picked":["ClearTheMind","CrushJoints"],"picked":"FlurryOfBlows","floor":30},{"not_picked":["CutThroughFate","Crescendo"],"picked":"FlurryOfBlows","floor":31},{"not_picked":["JustLucky","Study","SandsOfTime"],"picked":"SKIP","floor":35},{"not_picked":["Protect","Weave"],"picked":"Fasting2+1","floor":41},{"not_picked":["FlyingSleeves","SashWhip+1","FlurryOfBlows"],"picked":"SKIP","floor":48}],"player_experience":2074303,"relics_obtained":[{"floor":7.0,"key":"Shuriken"},{"floor":9.0,"key":"TeardropLocket"},{"floor":10.0,"key":"Juzu Bracelet"},{"floor":13.0,"key":"Odd Mushroom"},{"floor":23.0,"key":"Lizard Tail"},{"floor":25.0,"key":"Blood Vial"},{"floor":27,"key":"Blue Candle"},{"floor":29,"key":"Mango"},{"floor":29,"key":"Bottled Flame"},{"floor":41,"key":"Vajra"},{"floor":43,"key":"Potion Belt"},{"floor":45,"key":"Omamori"},{"floor":46,"key":"GoldenEye"}],"event_choices":[{"damage_healed":0.0,"max_hp_gain":0.0,"max_hp_loss":0.0,"gold_gain":0.0,"event_name":"Shining Light","player_choice":"Entered Light","floor":2.0,"gold_loss":0.0,"damage_taken":20.0,"cards_upgraded":["WheelKick","Strike_P"]},{"damage_healed":0.0,"max_hp_gain":0.0,"max_hp_loss":0.0,"gold_gain":0.0,"event_name":"Living Wall","player_choice":"Grow","floor":5.0,"gold_loss":0.0,"damage_taken":0.0,"cards_upgraded":["Eruption"]},{"damage_healed":0.0,"max_hp_gain":0.0,"max_hp_loss":0.0,"gold_gain":0.0,"event_name":"Mushrooms","player_choice":"Fought Mushrooms","floor":13.0,"gold_loss":0.0,"damage_taken":0.0},{"damage_healed":0.0,"max_hp_gain":0.0,"max_hp_loss":0.0,"gold_gain":0.0,"event_name":"FaceTrader","player_choice":"Trade","floor":24.0,"gold_loss":0.0,"damage_taken":0.0,"relics_obtained":["NlothsMask"]},{"damage_healed":0,"gold_gain":0,"player_choice":"Fight","damage_taken":0,"max_hp_gain":0,"max_hp_loss":0,"event_name":"Colosseum","floor":29,"gold_loss":0},{"damage_healed":0,"gold_gain":0,"player_choice":"Fought Nobs","damage_taken":0,"max_hp_gain":0,"max_hp_loss":0,"event_name":"Colosseum","floor":29,"gold_loss":0},{"damage_healed":0,"gold_gain":0,"player_choice":"Paid","damage_taken":0,"relics_obtained":["Red Mask"],"max_hp_gain":0,"max_hp_loss":0,"event_name":"Tomb of Lord Red Mask","floor":36,"gold_loss":267},{"damage_healed":0,"gold_gain":0,"player_choice":"Ignored","damage_taken":0,"max_hp_gain":0,"max_hp_loss":0,"event_name":"SecretPortal","floor":37,"gold_loss":0},{"cards_removed":["Strike_P"],"damage_healed":0,"gold_gain":0,"player_choice":"Removed Attack","damage_taken":0,"max_hp_gain":0,"max_hp_loss":0,"event_name":"Falling","floor":39,"gold_loss":0},{"damage_healed":0,"gold_gain":0,"player_choice":"Fight","damage_taken":0,"max_hp_gain":0,"max_hp_loss":0,"event_name":"Mysterious Sphere","floor":46,"gold_loss":0},{"damage_healed":0,"gold_gain":0,"player_choice":"Upgrade","damage_taken":0,"relics_obtained":["Mark of the Bloom"],"max_hp_gain":0,"max_hp_loss":0,"event_name":"MindBloom","floor":47,"gold_loss":0,"cards_upgraded":["Strike_P","Strike_P","Defend_P","Defend_P","Defend_P","Defend_P","Vigilance","Crescendo","FlyingSleeves","FlurryOfBlows","FlurryOfBlows"]}],"is_beta":false,"boss_relics":[{"not_picked":["Black Star","Velvet Choker"],"picked":"VioletLotus"},{"not_picked":["SlaversCollar","Busted Crown"],"picked":"Sozu"}],"items_purged_floors":[28],"is_endless":false,"potions_floor_spawned":[1,4,10,11,18,23,25,29,31,35,46],"ascension_level":16}}