{"host":"usewcu4ohw2wtmxk","time":1607800240,"event":{"mods":["AchievementEnabler","BaseMod","BetterRewards","Colored Powertips","Minty Spire (QoL Compilation)","Permanent Neow","Quick Restart","Relic Sorter","Relic Stats","Shop Mod","StSLib","UnlockEverythingMod"],"gold_per_floor":[12,24,41,52,52,52,66,66,111,140,140,65,65,82,82,155,155,175,185,219,219,230,230,257,257,327,338,338,355,389,389,389,463,463,480,499,241,259,273,300,300,331,331,331,347,347,374,386,386,386,386,386,386,8,41,41,41],"floor_reached":56,"playtime":1731,"items_purged":["Strike_G","Strike_G","Survivor"],"score":2158,"play_id":"540e26d8-10d6-420c-a96f-92b60f96c694","local_time":"20201213031040","is_ascension_mode":true,"campfire_choices":[{"data":"Blade Dance","floor":6.0,"key":"SMITH"},{"data":"Neutralize","floor":8.0,"key":"SMITH"},{"data":"Corpse Explosion","floor":13.0,"key":"SMITH"},{"data":"Acrobatics","floor":15.0,"key":"SMITH"},{"data":"Accuracy","floor":23.0,"key":"SMITH"},{"data":"Storm of Steel","floor":28.0,"key":"SMITH"},{"data":"Expertise","floor":32.0,"key":"SMITH"},{"data":"Night Terror","floor":41.0,"key":"SMITH"},{"floor":44.0,"key":"RECALL"},{"data":"Acrobatics","floor":46.0,"key":"SMITH"},{"data":"Blade Dance","floor":49.0,"key":"SMITH"},{"data":"Calculated Gamble","floor":53.0,"key":"SMITH"}],"circlet_count":0,"master_deck":["AscendersBane","Strike_G","Strike_G","Defend_G","Defend_G","Defend_G","Defend_G","Defend_G","Neutralize+1","Backstab","Calculated Gamble+1","Blade Dance+1","Backflip","Acrobatics+1","Storm of Steel+1","Accuracy+1","Expertise+1","Night Terror+1","Deflect+1","Wraith Form v2+1","Adrenaline+1","Acrobatics+1","Blade Dance+1","Night Terror+1"],"relics":["Ring of the Snake","FossilizedHelix","Happy Flower","HornCleat","Coffee Dripper","Red Mask","Boot","Ninja Scroll","Pantograph","Astrolabe","Medical Kit","Smiling Mask","Pen Nib","Du-Vu Doll","Shuriken","DollysMirror","Anchor","Bag of Preparation"],"acts_visited":["Exordium","TheCity","TheBeyond","TheEnding"],"potions_floor_usage":[56],"damage_taken":[{"damage":1.0,"enemies":"Small Slimes","floor":1.0,"turns":5.0},{"damage":0.0,"enemies":"2 Louse","floor":2.0,"turns":3.0},{"damage":0.0,"enemies":"Cultist","floor":3.0,"turns":4.0},{"damage":0.0,"enemies":"Looter","floor":4.0,"turns":3.0},{"damage":0.0,"enemies":"Blue Slaver","floor":7.0,"turns":3.0},{"damage":0.0,"enemies":"Lagavulin","floor":10.0,"turns":3.0},{"damage":0.0,"enemies":"Lots of Slimes","floor":14.0,"turns":1.0},{"damage":13.0,"enemies":"The Guardian","floor":16.0,"turns":11.0},{"damage":0.0,"enemies":"3 Byrds","floor":18.0,"turns":2.0},{"damage":0.0,"enemies":"Chosen","floor":19.0,"turns":3.0},{"damage":0.0,"enemies":"Masked Bandits","floor":20.0,"turns":2.0},{"damage":0.0,"enemies":"Centurion and Healer","floor":22.0,"turns":3.0},{"damage":0.0,"enemies":"Book of Stabbing","floor":24.0,"turns":3.0},{"damage":6.0,"enemies":"Snake Plant","floor":27.0,"turns":3.0},{"damage":0.0,"enemies":"Sentry and Sphere","floor":29.0,"turns":4.0},{"damage":4.0,"enemies":"Gremlin Leader","floor":30.0,"turns":5.0},{"damage":14.0,"enemies":"Collector","floor":33.0,"turns":5.0},{"damage":0.0,"enemies":"3 Shapes","floor":35.0,"turns":3.0},{"damage":0.0,"enemies":"Orb Walker","floor":36.0,"turns":3.0},{"damage":0.0,"enemies":"Jaw Worm Horde","floor":38.0,"turns":4.0},{"damage":1.0,"enemies":"Spire Growth","floor":39.0,"turns":4.0},{"damage":13.0,"enemies":"Giant Head","floor":40.0,"turns":6.0},{"damage":0.0,"enemies":"Reptomancer","floor":42.0,"turns":3.0},{"damage":2.0,"enemies":"4 Shapes","floor":45.0,"turns":3.0},{"damage":0.0,"enemies":"Nemesis","floor":47.0,"turns":1.0},{"damage":0.0,"enemies":"Maw","floor":48.0,"turns":4.0},{"damage":7.0,"enemies":"Donu and Deca","floor":50.0,"turns":10.0},{"damage":6.0,"enemies":"Awakened One","floor":51.0,"turns":7.0},{"damage":5.0,"enemies":"Shield and Spear","floor":55.0,"turns":9.0},{"damage":71,"enemies":"The Heart","floor":56,"turns":3}],"seed_played":"93048263827605243","potions_obtained":[{"floor":2.0,"key":"Dexterity Potion"},{"floor":4.0,"key":"LiquidMemories"},{"floor":7.0,"key":"FearPotion"},{"floor":16.0,"key":"SkillPotion"},{"floor":18.0,"key":"Poison Potion"},{"floor":20.0,"key":"DistilledChaos"},{"floor":22.0,"key":"SteroidPotion"},{"floor":38.0,"key":"Ancient Potion"}],"is_trial":false,"path_per_floor":["M","M","M","M","?","R","M","R","T","E","?","$","R","M","R","B",null,"M","M","?","?","M","R","E","T","T","M","R","M","E","?","R","B",null,"M","M","$","M","M","E","R","E","T","R","M","R","E","M","R","B","B",null,"R","$","E","B"],"character_chosen":"THE_SILENT","items_purchased":["Medical Kit","DollysMirror","Anchor"],"campfire_rested":0,"item_purchase_floors":[37,54,54],"current_hp_per_floor":[58,58,58,58,63,63,63,63,63,63,63,63,63,63,63,50,66,66,66,66,66,66,66,66,66,66,60,60,60,56,50,50,57,68,68,68,68,68,67,54,54,54,54,54,52,52,52,52,52,64,65,70,70,70,65,0,0],"gold":41,"neow_bonus":"ONE_RARE_RELIC","is_daily":false,"chose_seed":false,"campfire_upgraded":11,"win_rate":0.0,"timestamp":1607800240,"path_taken":["M","M","M","M","?","R","M","R","T","E","?","$","R","M","R","BOSS","M","M","?","?","M","R","E","?","T","M","R","?","E","?","R","BOSS","M","M","$","M","?","E","R","E","T","R","M","R","E","M","R","BOSS","BOSS","R","$","E","BOSS"],"items_purchased_type":["Relic","Relic","Relic"],"build_version":"2020-11-30","purchased_purges":3,"victory":false,"max_hp_per_floor":[66,66,66,66,71,71,71,71,71,71,71,71,71,71,71,71,71,71,71,71,71,71,71,71,71,71,71,71,71,71,71,71,71,71,71,71,71,71,71,71,71,71,71,71,71,71,71,71,71,71,71,71,71,71,71,71,71],"relic_stats":{"Happy Flower":[35],"counters":[30,123],"Shuriken":[35],"Pantograph":53,"Astrolabe":["Deflect","Wraith Form v2","Adrenaline"],"Pen Nib":[17],"Bag of Preparation":[0],"Boot":[62],"Medical Kit":[10],"Smiling Mask":75,"obtain_stats":[{"Happy Flower":9,"Astrolabe":34,"Pen Nib":42,"Bag of Preparation":55,"Boot":24,"Medical Kit":37,"Smiling Mask":40,"Du-Vu Doll":43,"Anchor":54,"HornCleat":10,"Ninja Scroll":25,"Shuriken":47,"DollysMirror":54,"Pantograph":30,"Coffee Dripper":17,"Red Mask":20,"FossilizedHelix":0,"Ring of the Snake":0},{"Happy Flower":5,"Astrolabe":17,"Pen Nib":23,"Bag of Preparation":29,"Boot":13,"Medical Kit":19,"Smiling Mask":22,"Du-Vu Doll":23,"Anchor":28,"HornCleat":6,"Ninja Scroll":13,"Shuriken":25,"DollysMirror":28,"Pantograph":16,"Coffee Dripper":8,"Red Mask":11,"FossilizedHelix":0,"Ring of the Snake":0},{"Happy Flower":18,"Astrolabe":63,"Pen Nib":86,"Bag of Preparation":120,"Boot":46,"Medical Kit":69,"Smiling Mask":83,"Du-Vu Doll":86,"Anchor":111,"HornCleat":21,"Ninja Scroll":46,"Shuriken":90,"DollysMirror":111,"Pantograph":58,"Coffee Dripper":33,"Red Mask":40,"FossilizedHelix":0,"Ring of the Snake":0}],"Ring of the Snake":[60]},"card_choices":[{"not_picked":["Cloak And Dagger","Acrobatics"],"picked":"Backstab","floor":1.0},{"not_picked":["Eviscerate","Caltrops"],"picked":"Calculated Gamble","floor":2.0},{"not_picked":["Dagger Spray","Endless Agony"],"picked":"Blade Dance","floor":3.0},{"not_picked":["Skewer","Sucker Punch"],"picked":"Backflip","floor":4.0},{"not_picked":["Deadly Poison","PiercingWail","Escape Plan"],"picked":"SKIP","floor":7.0},{"not_picked":["Distraction","Underhanded Strike"],"picked":"Dagger Spray","floor":10.0},{"not_picked":["Cloak And Dagger","Sucker Punch"],"picked":"Acrobatics","floor":14.0},{"not_picked":["Glass Knife","A Thousand Cuts"],"picked":"Storm of Steel","floor":16.0},{"not_picked":["Endless Agony","Flying Knee","Cloak And Dagger"],"picked":"SKIP","floor":18.0},{"not_picked":["Cloak And Dagger","Well Laid Plans+1"],"picked":"Predator","floor":19.0},{"not_picked":["Slice","Leg Sweep"],"picked":"Infinite Blades","floor":20.0},{"not_picked":["Sucker Punch+1","Crippling Poison"],"picked":"Accuracy","floor":22.0},{"not_picked":["Dodge and Roll","Deadly Poison","Blur"],"picked":"SKIP","floor":24.0},{"not_picked":["Choke","Riddle With Holes","Crippling Poison"],"picked":"SKIP","floor":27.0},{"not_picked":["Catalyst","Bane","Malaise"],"picked":"SKIP","floor":29.0},{"not_picked":["PiercingWail","Underhanded Strike+1"],"picked":"Expertise","floor":30.0},{"not_picked":["Corpse Explosion","Doppelganger"],"picked":"Night Terror","floor":33.0},{"not_picked":["Sucker Punch","Footwork","Finisher"],"picked":"SKIP","floor":35.0},{"not_picked":["Sucker Punch","Footwork","Finisher"],"picked":"SKIP","floor":35.0},{"not_picked":["Noxious Fumes","Dagger Throw","Well Laid Plans"],"picked":"SKIP","floor":36.0},{"not_picked":["Predator","Bouncing Flask","Deflect"],"picked":"SKIP","floor":38.0},{"not_picked":["Expertise","Dodge and Roll","Calculated Gamble"],"picked":"SKIP","floor":39.0},{"not_picked":["Outmaneuver","Skewer","Bullet Time"],"picked":"SKIP","floor":40.0},{"not_picked":["Dagger Throw","Outmaneuver","Slice+1"],"picked":"SKIP","floor":42.0},{"not_picked":["Finisher+1","Dagger Throw"],"picked":"Acrobatics","floor":45.0},{"not_picked":["Underhanded Strike","Bouncing Flask","Distraction"],"picked":"SKIP","floor":47.0},{"not_picked":["Deadly Poison+1","Bullet Time"],"picked":"Blade Dance","floor":48.0},{"not_picked":["All Out Attack","Endless Agony","Blade Dance"],"picked":"SKIP","floor":55.0}],"player_experience":247578,"relics_obtained":[{"floor":9.0,"key":"Happy Flower"},{"floor":10.0,"key":"HornCleat"},{"floor":20.0,"key":"Red Mask"},{"floor":24.0,"key":"Boot"},{"floor":25.0,"key":"Ninja Scroll"},{"floor":30.0,"key":"Pantograph"},{"floor":40.0,"key":"Smiling Mask"},{"floor":42.0,"key":"Pen Nib"},{"floor":43.0,"key":"Du-Vu Doll"},{"floor":47.0,"key":"Shuriken"},{"floor":55.0,"key":"Bag of Preparation"}],"event_choices":[{"damage_healed":0.0,"max_hp_gain":5.0,"max_hp_loss":0.0,"gold_gain":0.0,"event_name":"Big Fish","player_choice":"Donut","floor":5.0,"gold_loss":0.0,"damage_taken":0.0},{"damage_healed":0.0,"max_hp_gain":0.0,"max_hp_loss":0.0,"gold_gain":0.0,"cards_transformed":["Dagger Spray"],"event_name":"Transmorgrifier","player_choice":"Transformed","floor":11.0,"gold_loss":0.0,"damage_taken":0.0,"cards_obtained":["Corpse Explosion"]},{"damage_healed":0.0,"max_hp_gain":0.0,"max_hp_loss":0.0,"gold_gain":0.0,"event_name":"Masked Bandits","player_choice":"Fought Bandits","floor":20.0,"gold_loss":0.0,"damage_taken":0.0},{"cards_removed":["Strike_G"],"damage_healed":0.0,"max_hp_gain":0.0,"max_hp_loss":0.0,"gold_gain":0.0,"event_name":"Back to Basics","player_choice":"Elegance","floor":21.0,"gold_loss":0.0,"damage_taken":0.0},{"damage_healed":0.0,"max_hp_gain":0.0,"max_hp_loss":0.0,"gold_gain":0.0,"event_name":"Knowing Skull","player_choice":"","floor":31.0,"potions_obtained":[],"gold_loss":0.0,"damage_taken":6.0,"cards_obtained":[]}],"is_beta":false,"boss_relics":[{"not_picked":["Ectoplasm","SacredBark"],"picked":"Coffee Dripper"},{"not_picked":["Runic Pyramid","WristBlade"],"picked":"Astrolabe"}],"items_purged_floors":[12,37,54],"is_endless":false,"potions_floor_spawned":[2,4,7,16,18,20,22,29,30,36,38,48],"killed_by":"The Heart","ascension_level":20}}