{"host":"9tzam4717zt8ei1o","time":1607766724,"event":{"mods":["BaseMod","Colored Map","Keyboard Shortcuts","Minty Spire (QoL Compilation)","Quick Restart","StSLib","SuperFastMode"],"gold_per_floor":[119,119,44,56,131,131,86,86,163,163,196,206,224,3,3,101,101,113,32,49,49,49,84,84,110,190,190,206,220,252,267,267,370,370,382,401,415,138,158,186,186,197,223,253,103,103,119,119,119,119],"floor_reached":51,"playtime":1437,"items_purged":["Defend_G","Strike_G","Defend_G","Poisoned Stab+1"],"score":1131,"play_id":"783c2bb4-a31a-43ef-abb7-f252c14e6e83","local_time":"20201212185204","is_ascension_mode":true,"campfire_choices":[{"data":"Poisoned Stab","floor":6,"key":"SMITH"},{"data":"Deadly Poison","floor":10,"key":"SMITH"},{"data":"Calculated Gamble","floor":15,"key":"SMITH"},{"data":"Bouncing Flask","floor":24,"key":"SMITH"},{"data":"Blur","floor":27,"key":"SMITH"},{"floor":32,"key":"REST"},{"data":"Escape Plan","floor":46,"key":"SMITH"},{"data":"After Image","floor":49,"key":"SMITH"}],"circlet_count":0,"master_deck":["Survivor","Neutralize+1","Escape Plan+1","Deadly Poison+1","Calculated Gamble+1","After Image+1","Catalyst+1","Escape Plan+1","Bouncing Flask+1","Prepared+1","Blur+1","Escape Plan+1","Eviscerate+1","After Image+1","Backflip+1","Reflex+1"],"relics":["Ring of the Snake","Ornamental Fan","White Beast Statue","Empty Cage","Bag of Preparation","Vajra","Sundial","Ancient Tea Set","Astrolabe","War Paint","Dream Catcher","MealTicket","Blood Vial"],"acts_visited":["Exordium","TheCity","TheBeyond"],"potions_floor_usage":[16,16,18,23,25,25,30],"damage_taken":[{"damage":2,"enemies":"Jaw Worm","floor":1,"turns":4},{"damage":0,"enemies":"2 Louse","floor":4,"turns":2},{"damage":17,"enemies":"Lagavulin","floor":11,"turns":5},{"damage":0,"enemies":"Small Slimes","floor":12,"turns":3},{"damage":4,"enemies":"Exordium Wildlife","floor":13,"turns":5},{"damage":1,"enemies":"Hexaghost","floor":16,"turns":7},{"damage":2,"enemies":"2 Thieves","floor":18,"turns":3},{"damage":2,"enemies":"Chosen","floor":20,"turns":3},{"damage":11,"enemies":"Book of Stabbing","floor":23,"turns":4},{"damage":0,"enemies":"Gremlin Leader","floor":25,"turns":6},{"damage":0,"enemies":"Centurion and Healer","floor":28,"turns":6},{"damage":2,"enemies":"Snake Plant","floor":29,"turns":4},{"damage":22,"enemies":"Slavers","floor":30,"turns":9},{"damage":0,"enemies":"Snecko","floor":31,"turns":3},{"damage":19,"enemies":"Collector","floor":33,"turns":4},{"damage":0,"enemies":"3 Shapes","floor":35,"turns":5},{"damage":0,"enemies":"Orb Walker","floor":36,"turns":2},{"damage":0,"enemies":"3 Darklings","floor":37,"turns":5},{"damage":0,"enemies":"Maw","floor":39,"turns":4},{"damage":0,"enemies":"Giant Head","floor":40,"turns":4},{"damage":0,"enemies":"Writhing Mass","floor":42,"turns":2},{"damage":0,"enemies":"Nemesis","floor":44,"turns":1},{"damage":0,"enemies":"3 Darklings","floor":47,"turns":2},{"damage":0,"enemies":"Awakened One","floor":50,"turns":2}],"seed_played":"-8421372269584222637","potions_obtained":[{"floor":12,"key":"PowerPotion"},{"floor":13,"key":"SkillPotion"},{"floor":16,"key":"Energy Potion"},{"floor":18,"key":"Weak Potion"},{"floor":20,"key":"BlessingOfTheForge"},{"floor":23,"key":"Energy Potion"},{"floor":25,"key":"Regen Potion"},{"floor":28,"key":"PowerPotion"},{"floor":30,"key":"Poison Potion"},{"floor":35,"key":"DistilledChaos"},{"floor":36,"key":"GamblersBrew"},{"floor":44,"key":"EntropicBrew"}],"is_trial":false,"path_per_floor":["M","?","$","M","?","R","$","?","T","R","E","M","M","$","R","B",null,"M","$","M","?","?","E","R","E","T","R","M","M","E","M","R","B",null,"M","M","M","$","M","E","?","M","T","E","$","R","M","$","R","B",null],"character_chosen":"THE_SILENT","items_purchased":["Deadly Poison","Glass Knife","Swift Potion","Escape Plan","War Paint"],"campfire_rested":1,"item_purchase_floors":[7,14,14,19,38],"current_hp_per_floor":[68,68,68,68,57,57,57,50,50,50,33,33,29,29,29,28,60,58,58,56,70,70,59,59,59,59,59,59,57,35,35,56,37,62,62,62,62,62,62,62,62,62,62,62,70,70,70,70,70,70],"gold":119,"neow_bonus":"UPGRADE_CARD","is_daily":false,"chose_seed":false,"campfire_upgraded":7,"win_rate":0.0,"timestamp":1607766724,"path_taken":["M","?","$","M","?","R","$","?","T","R","E","M","M","$","R","BOSS","M","$","M","?","?","E","R","E","T","R","M","M","E","?","R","BOSS","M","M","?","$","M","E","?","?","T","E","$","R","M","?","R","BOSS"],"items_purchased_type":["Card","Card","Potion","Card","Relic"],"build_version":"2020-11-30","purchased_purges":4,"victory":true,"max_hp_per_floor":[70,70,70,70,70,70,70,70,70,70,70,70,70,70,70,70,70,70,70,70,70,70,70,70,70,70,70,70,70,70,70,70,70,70,70,70,70,70,70,70,70,70,70,70,70,70,70,70,70,70],"card_choices":[{"not_picked":["Underhanded Strike","Cloak And Dagger"],"picked":"Poisoned Stab","floor":1},{"not_picked":["Eviscerate","Backstab"],"picked":"Escape Plan","floor":4},{"not_picked":["Slice","Deflect","Dodge and Roll"],"picked":"SKIP","floor":11},{"not_picked":["Cloak And Dagger","Flying Knee"],"picked":"Calculated Gamble","floor":12},{"not_picked":["Flying Knee","All Out Attack","Bane"],"picked":"SKIP","floor":13},{"not_picked":["Burst","Unload"],"picked":"After Image","floor":16},{"not_picked":["Acrobatics","Expertise"],"picked":"Catalyst+1","floor":18},{"not_picked":["Blade Dance","Endless Agony"],"picked":"Bouncing Flask","floor":20},{"not_picked":["Slice","Cloak And Dagger"],"picked":"Prepared+1","floor":23},{"not_picked":["Dash","Bouncing Flask"],"picked":"Blur","floor":25},{"not_picked":["Prepared","Predator","Setup+1"],"picked":"SKIP","floor":28},{"not_picked":["Caltrops+1","Dagger Spray","Backstab"],"picked":"SKIP","floor":29},{"not_picked":["Dodge and Roll+1","Riddle With Holes","Deadly Poison"],"picked":"SKIP","floor":30},{"not_picked":["Calculated Gamble+1","Masterful Stab"],"picked":"Escape Plan+1","floor":31},{"not_picked":["Dodge and Roll","Cloak And Dagger","Masterful Stab+1"],"picked":"SKIP","floor":35},{"not_picked":["Blade Dance","Dash+1"],"picked":"Reflex","floor":36},{"not_picked":["Deflect","Quick Slash","Bane"],"picked":"SKIP","floor":37},{"not_picked":["Predator","Dagger Spray","Cloak And Dagger+1"],"picked":"SKIP","floor":39},{"not_picked":["All Out Attack","Blur","Bouncing Flask"],"picked":"SKIP","floor":40},{"not_picked":["All Out Attack","Blur","Bouncing Flask"],"picked":"SKIP","floor":40},{"not_picked":["Cloak And Dagger+1","Dagger Spray","Footwork+1"],"picked":"SKIP","floor":42},{"not_picked":["Finisher+1","Calculated Gamble","Eviscerate+1"],"picked":"SKIP","floor":44},{"not_picked":["Choke+1","Flying Knee","Predator"],"picked":"SKIP","floor":47}],"player_experience":59796,"relics_obtained":[{"floor":9,"key":"Ornamental Fan"},{"floor":11,"key":"White Beast Statue"},{"floor":23,"key":"Bag of Preparation"},{"floor":25,"key":"Vajra"},{"floor":26,"key":"Sundial"},{"floor":30,"key":"Ancient Tea Set"},{"floor":40,"key":"Dream Catcher"},{"floor":43,"key":"MealTicket"},{"floor":44,"key":"Blood Vial"}],"event_choices":[{"cards_removed":["Strike_G"],"damage_healed":0,"gold_gain":0,"player_choice":"Forget","damage_taken":0,"max_hp_gain":0,"max_hp_loss":0,"event_name":"Living Wall","floor":2,"gold_loss":0},{"damage_healed":0,"gold_gain":75,"player_choice":"Gather Gold","damage_taken":11,"max_hp_gain":0,"max_hp_loss":0,"event_name":"World of Goop","floor":5,"gold_loss":0},{"cards_removed":["Strike_G"],"damage_healed":0,"gold_gain":0,"player_choice":"Card Removal","damage_taken":7,"max_hp_gain":0,"max_hp_loss":0,"event_name":"Golden Wing","floor":8,"gold_loss":0},{"damage_healed":23,"gold_gain":0,"player_choice":"Heal","damage_taken":0,"max_hp_gain":0,"max_hp_loss":0,"event_name":"The Library","floor":21,"gold_loss":0},{"cards_removed":["Glass Knife"],"damage_healed":0,"gold_gain":0,"player_choice":"Purged","damage_taken":0,"max_hp_gain":0,"max_hp_loss":0,"event_name":"Purifier","floor":41,"gold_loss":0}],"is_beta":false,"boss_relics":[{"not_picked":["Velvet Choker","Ring of the Serpent"],"picked":"Empty Cage"},{"not_picked":["Cursed Key","Philosopher\u0027s Stone"],"picked":"Astrolabe"}],"items_purged_floors":[3,14,38,45],"is_endless":false,"potions_floor_spawned":[12,13,16,18,20,23,25,28,29,30,31,33,35,36,37,39,40,42,44,47],"ascension_level":5}}