{"host":"kq2g769nefmuyn7c","time":1607785271,"event":{"mods":["Act Like it!","BaseMod","Gensokyo","Hallownest","Koishi","Minty Spire (QoL Compilation)","Remilia£®¿Ÿ√◊¿Ú—«£©","StSLib","The Bug Knight"],"gold_per_floor":[164,174,186,197,122,122,152,152,152,152,0,0,15,35,35,35,35],"floor_reached":16,"playtime":2081,"items_purged":[],"score":102,"play_id":"584a9db3-4471-4af7-880f-b78262da1243","local_time":"20201212230111","is_ascension_mode":false,"campfire_choices":[{"data":"HollowMod:NewGlowingWomb","floor":6,"key":"SMITH"},{"data":"HollowMod:FocusHealStart","floor":8,"key":"SMITH"},{"floor":15,"key":"REST"}],"circlet_count":0,"master_deck":["HollowMod:NailStrikeStart","HollowMod:NailStrikeStart","HollowMod:NailStrikeStart","HollowMod:NailStrikeStart","HollowMod:QuickDashStart+1","HollowMod:QuickDashStart","HollowMod:QuickDashStart+1","HollowMod:QuickDashStart","HollowMod:FocusHealStart+1","HollowMod:PogoStrike","HollowMod:NewGlowingWomb+1","HollowMod:AbyssShriek","HollowMod:LuriensSpire+1","HollowMod:InfectionAssault","HollowMod:DescendingDark","Hallownest:skillGreenpathMap","HollowMod:InfectedCysts","HollowMod:ShadowDash","HollowMod:BlackTendrils","HollowMod:DescendingDark"],"relics":["Tiny House","Dream Catcher","Pen Nib","War Paint"],"acts_visited":["Hallownest:Greenpath"],"potions_floor_usage":[7,16],"damage_taken":[{"damage":13,"enemies":"2_ Uuma","floor":1,"turns":4},{"damage":7,"enemies":"Hallownest:2_Tiktiks_and_1_Crawlid","floor":2,"turns":2},{"damage":5,"enemies":"Hallownest:2_MossCreeps","floor":3,"turns":3},{"damage":7,"enemies":"Hallownest:Wandering_and_Horned","floor":4,"turns":3},{"damage":16,"enemies":"Hallownest:eliteMossKnight","floor":7,"turns":10},{"damage":14,"enemies":"Hallownest:1_Baldur_1_Crawlid_1_Warrior","floor":13,"turns":4},{"damage":20,"enemies":"Hallownest:Guard_and_Warrior","floor":14,"turns":5},{"damage":44,"enemies":"Hallownest:BossFalseKnight","floor":16,"turns":6}],"seed_played":"1840015893322915954","potions_obtained":[{"floor":0,"key":"Energy Potion"},{"floor":3,"key":"Strength Potion"},{"floor":4,"key":"ColorlessPotion"},{"floor":13,"key":"LiquidMemories"}],"is_trial":false,"path_per_floor":["M","M","M","M","?","R","E","R","T","?","?","$","M","M","R","B"],"character_chosen":"THE_BUGKNIGHT","items_purchased":[],"campfire_rested":1,"item_purchase_floors":[],"current_hp_per_floor":[67,60,55,48,48,48,32,32,32,23,23,23,15,1,25,0,0],"gold":35,"neow_bonus":"BOSS_RELIC","is_daily":false,"chose_seed":false,"campfire_upgraded":2,"win_rate":0.0,"timestamp":1607785271,"path_taken":["M","M","M","M","?","R","E","R","T","?","?","?","?","M","R","BOSS"],"items_purchased_type":[],"build_version":"2020-11-30","purchased_purges":0,"victory":false,"max_hp_per_floor":[80,80,80,80,80,80,80,80,80,80,80,80,80,80,80,80,80],"card_choices":[{"not_picked":["HollowMod:ChannelNail","HollowMod:BaldurShell"],"picked":"HollowMod:NewGlowingWomb","floor":0},{"not_picked":["HollowMod:InfectedAttack","HollowMod:SharpenedNail"],"picked":"HollowMod:AbyssShriek","floor":1},{"not_picked":["HollowMod:FallenFury","HollowMod:DescendingDark"],"picked":"HollowMod:LuriensSpire","floor":2},{"not_picked":["HollowMod:CycloneSlash","HollowMod:SoulShaman"],"picked":"HollowMod:InfectionAssault","floor":3},{"not_picked":["HollowMod:SoulShaman","HollowMod:FallenFury"],"picked":"HollowMod:DescendingDark","floor":4},{"not_picked":["HollowMod:SoulEater","HollowMod:SoulStrike"],"picked":"HollowMod:InfectedCysts","floor":7},{"not_picked":["HollowMod:DesolateDive","HollowMod:PerfectDash"],"picked":"HollowMod:ShadowDash","floor":13},{"not_picked":["HollowMod:TaintedHusks","HollowMod:PureVessel"],"picked":"HollowMod:BlackTendrils","floor":14},{"not_picked":["HollowMod:SoulSplash","HollowMod:HowlingWraiths"],"picked":"HollowMod:DescendingDark","floor":15}],"player_experience":114044,"relics_obtained":[{"floor":7,"key":"Dream Catcher"},{"floor":9,"key":"Pen Nib"}],"event_choices":[],"is_beta":false,"boss_relics":[],"items_purged_floors":[],"is_endless":false,"potions_floor_spawned":[3,4,13,14],"killed_by":"Hallownest:BossFalseKnight","ascension_level":0}}