{"host":"zyn2zcp8fez1ptuq","time":1607807300,"event":{"mods":["BaseMod","BetterRewards","Downfall","Hermit","Hubris","Infinite Spire","Minty Spire (QoL Compilation)","Replay The Spire","Robot Space Explorer","Shade Mod","Shop Mod","StSLib","The Animator","The Cursed","The Jungle","The Necromancer"],"gold_per_floor":[109,109,109,12,36,70,70,106,106,129,144,144,42,55,55,174,174,189,209,234,254,298,298,312,312,312,312,332,332,332,355,355,486,486,511,511,733,330,330,361,386,386,466,484,522,522,542,565,565,565,565,565,22,66,66],"floor_reached":56,"playtime":3020,"items_purged":["RobotSpaceExplorer:Strike","RobotSpaceExplorer:Strike","RobotSpaceExplorer:Defend"],"score":1694,"play_id":"058eb651-10a7-4d67-b79e-058c9451e8f3","local_time":"20201212160820","is_ascension_mode":false,"campfire_choices":[{"data":"hubris:InfiniteBlow+30","floor":7,"key":"SMITH"},{"data":"hubris:InfiniteBlow+31","floor":12,"key":"SMITH"},{"data":"hubris:InfiniteBlow+32","floor":15,"key":"SMITH"},{"floor":23,"key":"RECALL"},{"data":"RobotSpaceExplorer:DroneSwarm","floor":27,"key":"SMITH"},{"data":"hubris:InfiniteBlow+33","floor":29,"key":"SMITH"},{"data":"hubris:InfiniteBlow+34","floor":32,"key":"SMITH"},{"data":"hubris:InfiniteBlow+35","floor":42,"key":"SMITH"},{"data":"hubris:InfiniteBlow+36","floor":42,"key":"SMITH"},{"data":"hubris:InfiniteBlow+37","floor":49,"key":"SMITH"},{"data":"hubris:InfiniteBlow+38","floor":49,"key":"SMITH"},{"data":"hubris:InfiniteBlow+39","floor":52,"key":"SMITH"},{"data":"hubris:InfiniteBlow+40","floor":52,"key":"SMITH"}],"circlet_count":0,"master_deck":["hubris:InfiniteBlow+42","RobotSpaceExplorer:Defend","RobotSpaceExplorer:Defend","RobotSpaceExplorer:Scan","RobotSpaceExplorer:MiniLasers","RobotSpaceExplorer:Pulsar+1","RobotSpaceExplorer:DroneSwarm+1","RobotSpaceExplorer:Blitz","RobotSpaceExplorer:Discharger","RobotSpaceExplorer:Discharger","RobotSpaceExplorer:ImprovisedAttack","RobotSpaceExplorer:FrostMissile","RobotSpaceExplorer:FreezeRay","RobotSpaceExplorer:DualCore","RobotSpaceExplorer:FranticSearch","RobotSpaceExplorer:DualCore","RobotSpaceExplorer:IronShell","RobotSpaceExplorer:SurgingStrike","RobotSpaceExplorer:ChargingLaser","RobotSpaceExplorer:FreezingShield+1","RobotSpaceExplorer:MiniBoosters","RobotSpaceExplorer:Electroshield+1","RobotSpaceExplorer:GlueShot+1","RobotSpaceExplorer:Smokescreen+1","RobotSpaceExplorer:IronShell","RobotSpaceExplorer:Multitool","RobotSpaceExplorer:Counterblock","Madness","Madness","RobotSpaceExplorer:TurboDodge","Specialist","Mayhem","RobotSpaceExplorer:GearShield+1","RobotSpaceExplorer:StunGrenade","RobotSpaceExplorer:MiniBoosters","RobotSpaceExplorer:Multitool","RobotSpaceExplorer:SlimeMissile+1","RobotSpaceExplorer:ScrapMissile+1","RobotSpaceExplorer:JunkDive","RobotSpaceExplorer:MiniDrones","RobotSpaceExplorer:Probe+1","ReplayTheSpireMod:Private Reserves","RobotSpaceExplorer:BigMissile+1"],"relics":["RobotSpaceExplorer:RoboCore","Golden Idol","Ginger","Durian","ChewingGum","Red Mask","RobotSpaceExplorer:Reprocessor","Anchor","Blue Candle","hubris:VirtuousBlindfold","hubris:GlazedTorus","Replay:Arrowhead","infinitespire:Bottled Soul","Replay:PocketPolymizer","Mirror","RobotSpaceExplorer:SlideRule","Whetstone"],"acts_visited":["Exordium","TheCity","TheBeyond","TheEnding"],"potions_floor_usage":[6,6,19,22,22,45,45,48,55,55],"damage_taken":[{"damage":0,"enemies":"2 Louse","floor":1,"turns":2},{"damage":0,"enemies":"Small Slimes","floor":5,"turns":3},{"damage":0,"enemies":"3 Sentries","floor":6,"turns":5},{"damage":0,"enemies":"Lagavulin","floor":8,"turns":2},{"damage":0,"enemies":"Jaw Worm","floor":10,"turns":1},{"damage":0,"enemies":"Exordium Wildlife","floor":11,"turns":3},{"damage":4,"enemies":"2 Fungi Beasts","floor":14,"turns":3},{"damage":8,"enemies":"The Guardian","floor":16,"turns":4},{"damage":0,"enemies":"Chosen","floor":18,"turns":1},{"damage":0,"enemies":"3 Byrds","floor":19,"turns":5},{"damage":0,"enemies":"Sentry and Sphere","floor":20,"turns":4},{"damage":1,"enemies":"Snake Plant","floor":21,"turns":2},{"damage":18,"enemies":"Masked Bandits","floor":22,"turns":5},{"damage":0,"enemies":"Snecko","floor":24,"turns":2},{"damage":0,"enemies":"Chosen and Byrds","floor":28,"turns":3},{"damage":0,"enemies":"3 Cultists","floor":31,"turns":5},{"damage":0,"enemies":"Collector","floor":33,"turns":2},{"damage":0,"enemies":"3 Shapes","floor":35,"turns":3},{"damage":0,"enemies":"Giant Head","floor":40,"turns":1},{"damage":0,"enemies":"Orb Walker","floor":41,"turns":5},{"damage":0,"enemies":"Writhing Mass","floor":44,"turns":2},{"damage":0,"enemies":"Reptomancer","floor":45,"turns":7},{"damage":0,"enemies":"Maw","floor":47,"turns":1},{"damage":0,"enemies":"Sphere and 2 Shapes","floor":48,"turns":4},{"damage":0,"enemies":"Time Eater","floor":50,"turns":1},{"damage":11,"enemies":"Shield and Spear","floor":54,"turns":5},{"damage":24,"enemies":"The Heart","floor":55,"turns":8}],"seed_played":"-2292238630440390705","potions_obtained":[{"floor":1,"key":"hexamod:EctoCoolerPotion"},{"floor":5,"key":"AttackPotion"},{"floor":6,"key":"ColorlessPotion"},{"floor":22,"key":"AttackPotion"},{"floor":33,"key":"Block Potion"},{"floor":54,"key":"SkillPotion"}],"is_trial":false,"path_per_floor":["M","?","?","$","M","E","R","E","T","M","M","R","$","M","R","B",null,"M","M","M","M","?","R","M","AVR","T","R","M","R","?","M","R","B",null,"M","?","?","$","AVR","E","M","R","T","M","E","T","M","M","R","B",null,"R","$","E","B",null],"character_chosen":"RobotSpaceExplorer","items_purchased":["RobotSpaceExplorer:Pulsar+1","RobotSpaceExplorer:DroneSwarm","RobotSpaceExplorer:Blitz","RobotSpaceExplorer:Discharger","RobotSpaceExplorer:ImprovisedAttack","RobotSpaceExplorer:IronShell","RobotSpaceExplorer:SurgingStrike","RobotSpaceExplorer:TurboDodge","Specialist","Mayhem","RobotSpaceExplorer:SlideRule","RobotSpaceExplorer:MiniDrones","RobotSpaceExplorer:Probe","ColorlessPotion","Strength Potion","ReplayTheSpireMod:Private Reserves"],"campfire_rested":0,"item_purchase_floors":[0,0,0,4,4,13,13,38,38,38,53,53,53,53,53,53],"current_hp_per_floor":[75,80,60,60,60,60,60,65,65,65,65,65,65,61,61,53,85,85,85,85,84,66,66,66,66,66,66,66,66,66,66,66,66,85,85,74,74,74,74,74,74,74,74,74,74,74,74,74,74,74,85,85,85,74,50],"gold":66,"neow_bonus":"","is_daily":false,"chose_seed":false,"campfire_upgraded":12,"win_rate":0.0,"timestamp":1607807300,"path_taken":["M","?","?","$","M","E","R","E","T","M","M","R","?","M","R","BOSS","M","M","M","M","?","R","M","AVR","T","R","M","R","?","M","R","BOSS","M","?","?","?","AVR","E","M","R","T","?","E","?","M","M","R","BOSS","R","$","E","BOSS"],"items_purchased_type":["Card","Card","Card","Card","Card","Card","Card","Card","Card","Card","Relic","Card","Card","Potion","Potion","Card"],"build_version":"2020-11-30","purchased_purges":3,"victory":true,"max_hp_per_floor":[75,80,80,80,80,80,80,85,85,85,85,85,85,85,85,85,85,85,85,85,85,85,85,85,85,85,85,85,85,85,85,85,85,85,85,85,85,85,85,85,85,85,85,85,85,85,85,85,85,85,85,85,85,85,85],"card_choices":[{"not_picked":["RobotSpaceExplorer:Blitz","RobotSpaceExplorer:ShovelStrike"],"picked":"RobotSpaceExplorer:Discharger","floor":1},{"not_picked":["RobotSpaceExplorer:ImprovisedAttack","RobotSpaceExplorer:Ammunition"],"picked":"RobotSpaceExplorer:FrostMissile","floor":5},{"not_picked":["RobotSpaceExplorer:SelfCleaning","RobotSpaceExplorer:SwiftStep"],"picked":"RobotSpaceExplorer:FreezeRay","floor":6},{"not_picked":["RobotSpaceExplorer:Pulsar","RobotSpaceExplorer:Electropulse"],"picked":"RobotSpaceExplorer:DualCore","floor":8},{"not_picked":["RobotSpaceExplorer:ImprovisedAttack","RobotSpaceExplorer:Probe"],"picked":"RobotSpaceExplorer:FranticSearch","floor":10},{"not_picked":["RobotSpaceExplorer:IronShell","RobotSpaceExplorer:Calculate"],"picked":"RobotSpaceExplorer:DualCore","floor":11},{"not_picked":["RobotSpaceExplorer:FrostMissile","RobotSpaceExplorer:SlimeMissile"],"picked":"RobotSpaceExplorer:Wormhole","floor":14},{"not_picked":["RobotSpaceExplorer:Explosion","RobotSpaceExplorer:Blaster"],"picked":"RobotSpaceExplorer:ChargingLaser","floor":16},{"not_picked":["RobotSpaceExplorer:SurgingStrike","RobotSpaceExplorer:ShockKick+1"],"picked":"RobotSpaceExplorer:FreezingShield+1","floor":18},{"not_picked":["RobotSpaceExplorer:ShockKick","RobotSpaceExplorer:Counterblock"],"picked":"RobotSpaceExplorer:MiniBoosters","floor":19},{"not_picked":["RobotSpaceExplorer:MetalStrike","RobotSpaceExplorer:MakeshiftVolley","RobotSpaceExplorer:ShovelStrike"],"picked":"SKIP","floor":20},{"not_picked":["RobotSpaceExplorer:ImprovisedAttack","RobotSpaceExplorer:FranticSearch","RobotSpaceExplorer:FrostMissile"],"picked":"SKIP","floor":21},{"not_picked":["RobotSpaceExplorer:ShockKick","RobotSpaceExplorer:PlasmaMissile"],"picked":"RobotSpaceExplorer:Electroshield+1","floor":22},{"not_picked":["RobotSpaceExplorer:Counterblock","RobotSpaceExplorer:ScrapMissile"],"picked":"RobotSpaceExplorer:GlueShot+1","floor":24},{"not_picked":["RobotSpaceExplorer:StunGrenade","RobotSpaceExplorer:GlueShot"],"picked":"RobotSpaceExplorer:Smokescreen+1","floor":28},{"not_picked":["RobotSpaceExplorer:FranticSearch","RobotSpaceExplorer:FrostMissile+1"],"picked":"RobotSpaceExplorer:IronShell","floor":31},{"not_picked":["RobotSpaceExplorer:Blaster","RobotSpaceExplorer:Wormhole"],"picked":"RobotSpaceExplorer:Multitool","floor":33},{"not_picked":["RobotSpaceExplorer:JunkDive","RobotSpaceExplorer:Probe+1"],"picked":"RobotSpaceExplorer:Counterblock","floor":35},{"not_picked":["RobotSpaceExplorer:MiniDrones+1","RobotSpaceExplorer:Probe+1"],"picked":"RobotSpaceExplorer:GearShield+1","floor":40},{"not_picked":["RobotSpaceExplorer:JunkDive","RobotSpaceExplorer:ScrapToss+1"],"picked":"RobotSpaceExplorer:StunGrenade","floor":41},{"not_picked":["RobotSpaceExplorer:Pulsar+1","RobotSpaceExplorer:GlueShot+1"],"picked":"RobotSpaceExplorer:MiniBoosters","floor":44},{"not_picked":["RobotSpaceExplorer:ShockKick","RobotSpaceExplorer:Ammunition"],"picked":"RobotSpaceExplorer:Multitool","floor":45},{"not_picked":["RobotSpaceExplorer:SurgingShield+1","RobotSpaceExplorer:ImprovisedAttack+1"],"picked":"RobotSpaceExplorer:SlimeMissile+1","floor":47},{"not_picked":["RobotSpaceExplorer:Jetpack","RobotSpaceExplorer:SurgingStrike"],"picked":"RobotSpaceExplorer:ScrapMissile+1","floor":48},{"not_picked":["RobotSpaceExplorer:ShockKick+1","RobotSpaceExplorer:Counterblock"],"picked":"RobotSpaceExplorer:BigMissile+1","floor":54}],"player_experience":469480,"relics_obtained":[{"floor":6,"key":"Ginger"},{"floor":8,"key":"Durian"},{"floor":22,"key":"Red Mask"},{"floor":26,"key":"Blue Candle"},{"floor":40,"key":"Replay:Arrowhead"},{"floor":43,"key":"infinitespire:Bottled Soul"},{"floor":45,"key":"Replay:PocketPolymizer"},{"floor":46,"key":"Mirror"},{"floor":54,"key":"Whetstone"}],"event_choices":[{"damage_healed":0,"gold_gain":0,"player_choice":"Donut","damage_taken":0,"max_hp_gain":5,"max_hp_loss":0,"event_name":"Big Fish","floor":2,"gold_loss":0},{"damage_healed":0,"gold_gain":0,"player_choice":"Take Damage","damage_taken":20,"relics_obtained":["Golden Idol"],"max_hp_gain":0,"max_hp_loss":0,"event_name":"Golden Idol","floor":3,"gold_loss":0},{"damage_healed":0,"gold_gain":0,"player_choice":"Fought Bandits","damage_taken":0,"max_hp_gain":0,"max_hp_loss":0,"event_name":"Masked Bandits","floor":22,"gold_loss":0},{"cards_removed":["RobotSpaceExplorer:Strike"],"damage_healed":0,"gold_gain":0,"player_choice":"Elegance","damage_taken":0,"max_hp_gain":0,"max_hp_loss":0,"event_name":"Back to Basics","floor":30,"gold_loss":0},{"damage_healed":0,"gold_gain":0,"player_choice":"Embrace Madness","damage_taken":11,"max_hp_gain":0,"max_hp_loss":0,"event_name":"Winding Halls","floor":36,"gold_loss":0,"cards_obtained":["Madness","Madness"]},{"damage_healed":0,"gold_gain":222,"player_choice":"Wore Mask","damage_taken":0,"max_hp_gain":0,"max_hp_loss":0,"event_name":"Tomb of Lord Red Mask","floor":37,"gold_loss":0}],"is_beta":false,"boss_relics":[{"not_picked":["hubris:Stopwatch","Cursed Key"],"picked":"ChewingGum"},{"not_picked":["Philosopher\u0027s Stone","Pandora\u0027s Box"],"picked":"hubris:VirtuousBlindfold"}],"items_purged_floors":[38,39,53],"is_endless":false,"potions_floor_spawned":[1,5,6,20,21,22,33,40,41,44,54],"ascension_level":0}}