{"host":"a1entr2f04zjuino","time":1607815593,"event":{"mods":["Act Like it!","BaseMod","BetterRewards","Conspire","Hero for Fun","Hubris","Mimic Mod","Minty Spire (QoL Compilation)","Pale of the Ancients","StSLib","The Factory","The Judge","The Servant 0.9.4","Treasure Hunter"],"gold_per_floor":[120,100,117,136,136,136,149,178,203,203,103,103,115,150,150,292,292,349,364,389,239,239,239,270,301,325,325,343,343,258,294,294,406,406,426,498,498,498,498],"floor_reached":38,"playtime":3722,"items_purged":[],"score":603,"play_id":"18bf2394-efa8-43b3-879b-b73217043f56","local_time":"20201213002633","is_ascension_mode":false,"campfire_choices":[{"data":"Barrier","floor":6.0,"key":"SMITH"},{"floor":10.0,"key":"REST"},{"data":"SilverBlades","floor":12.0,"key":"SMITH"},{"floor":15.0,"key":"REST"},{"floor":23.0,"key":"REST"},{"floor":27.0,"key":"REST"},{"floor":29.0,"key":"REST"},{"floor":32.0,"key":"REST"}],"circlet_count":0,"master_deck":["Strike_S","Strike_S","Strike_S","Strike_S","Defend_S","Defend_S","Defend_S","Defend_S","KidneyShot","Exchange","MoonPhase","Unruled","Barrier+1","Rewind","TimeWarp","DoubleEdge","SilverBlades+1","MoonPhase","conspire:SpireCoStock","conspire:SpireCoStock","InstantArmor","GearUp","MurderousAura","Foresight","Replace","Starlight","Collapse","GearUp","Unruled+1","SurpressingFire","TH:DeckOfManyThings","FanOfKnives","FanOfKnives","Collapse+1","Desolation+1"],"relics":["Uniform","hubris:ToyBattleship","Potion Belt","Busted Crown","Orichalcum","Mango","MysterySword","Bird Faced Urn"],"acts_visited":["Exordium","TheCity","TheBeyond"],"potions_floor_usage":[],"damage_taken":[{"damage":0.0,"enemies":"conspire:RoseBush","floor":1.0,"turns":5.0},{"damage":0.0,"enemies":"Cultist","floor":3.0,"turns":5.0},{"damage":2.0,"enemies":"Small Slimes","floor":4.0,"turns":5.0},{"damage":7.0,"enemies":"2 Fungi Beasts","floor":7.0,"turns":4.0},{"damage":22.0,"enemies":"Lagavulin","floor":8.0,"turns":8.0},{"damage":10.0,"enemies":"3 Louse","floor":13.0,"turns":4.0},{"damage":9.0,"enemies":"Gremlin Gang","floor":14.0,"turns":8.0},{"damage":0.0,"enemies":"Hexaghost","floor":16.0,"turns":16.0},{"damage":16.0,"enemies":"Chosen","floor":18.0,"turns":7.0},{"damage":0.0,"enemies":"Spheric Guardian","floor":19.0,"turns":4.0},{"damage":0.0,"enemies":"Snecko","floor":20.0,"turns":9.0},{"damage":28.0,"enemies":"Shelled Parasite and Fungi","floor":24.0,"turns":8.0},{"damage":25.0,"enemies":"Cultist and Chosen","floor":25.0,"turns":8.0},{"damage":20.0,"enemies":"3 Cultists","floor":28.0,"turns":6.0},{"damage":12.0,"enemies":"Centurion and Healer","floor":31.0,"turns":5.0},{"damage":21.0,"enemies":"conspire:MysteriousRune","floor":33.0,"turns":10.0},{"damage":32,"enemies":"Orb Walker","floor":35,"turns":6},{"damage":18,"enemies":"Mind Bloom Boss Battle","floor":36,"turns":7},{"damage":35,"enemies":"3 Shapes","floor":38,"turns":4}],"seed_played":"-6132664736087462814","potions_obtained":[{"floor":2.0,"key":"FearPotion"},{"floor":3.0,"key":"CultistPotion"},{"floor":4.0,"key":"Fire Potion"},{"floor":13.0,"key":"Weak Potion"},{"floor":19.0,"key":"AttackPotion"},{"floor":20.0,"key":"SpeedPotion"},{"floor":28.0,"key":"ColorlessPotion"},{"floor":31.0,"key":"PowerPotion"},{"floor":35,"key":"SpeedPotion"},{"floor":36,"key":"BlessingOfTheForge"}],"is_trial":false,"path_per_floor":["M","?","M","M","?","R","M","E","T","R","?","R","M","M","R","B",null,"M","M","M","$","?","R","M","M","T","R","M","R","?","M","R","B",null,"M","?","?","M"],"character_chosen":"THE_SERVANT","items_purchased":["MoonPhase","Unruled","Barrier","Collapse","GearUp"],"campfire_rested":6,"item_purchase_floors":[0,0,0,21,21],"current_hp_per_floor":[65,65,65,63,63,63,56,34,34,53,53,53,43,34,53,53,65,49,49,49,49,49,65,37,12,12,31,11,30,44,32,55,34,79,47,29,29,0,0],"gold":498,"neow_bonus":"","is_daily":false,"chose_seed":false,"campfire_upgraded":2,"win_rate":0.0,"timestamp":1607815593,"path_taken":["M","?","?","M","?","R","M","E","T","R","?","R","M","M","R","BOSS","M","M","M","$","?","R","?","M","T","R","M","R","?","M","R","BOSS","M","?","?","M"],"items_purchased_type":["Card","Card","Card","Card","Card"],"build_version":"2020-11-30","purchased_purges":0,"victory":false,"max_hp_per_floor":[65,65,65,65,65,65,65,65,65,65,65,65,65,65,65,65,65,65,65,65,65,65,65,65,65,65,65,65,65,79,79,79,79,79,79,79,79,79,79],"card_choices":[{"not_picked":["Unruled","SpecialFormula"],"picked":"Rewind","floor":1.0},{"not_picked":["Rewind","Shuttle"],"picked":"TimeWarp","floor":3.0},{"not_picked":["WasteNot","Desolation"],"picked":"DoubleEdge","floor":4.0},{"not_picked":["Starlight","Rearm"],"picked":"SilverBlades","floor":7.0},{"not_picked":["Rearm","Moonlight"],"picked":"MoonPhase","floor":8.0},{"not_picked":["TH:PixieDust","TH:EnergyPotion"],"picked":"SKIP","floor":8.0},{"not_picked":["TH:ArmorSpikes","TH:ElvenBoots"],"picked":"SKIP","floor":9.0},{"not_picked":["Advance","Spin"],"picked":"InstantArmor","floor":13.0},{"not_picked":["Barrier","BottledTime"],"picked":"GearUp","floor":14.0},{"not_picked":["PendulumOfEternity","Duplication"],"picked":"MurderousAura","floor":16.0},{"not_picked":[],"picked":"Foresight","floor":18.0},{"not_picked":[],"picked":"Replace","floor":19.0},{"not_picked":[],"picked":"Starlight","floor":20.0},{"not_picked":[],"picked":"Unruled+1","floor":24.0},{"not_picked":[],"picked":"SurpressingFire","floor":25.0},{"not_picked":[],"picked":"TH:DeckOfManyThings","floor":26.0},{"not_picked":[],"picked":"FanOfKnives","floor":28.0},{"not_picked":[],"picked":"FanOfKnives","floor":31.0},{"not_picked":[],"picked":"Collapse+1","floor":35},{"not_picked":[],"picked":"Desolation+1","floor":36}],"player_experience":257434,"relics_obtained":[{"floor":8.0,"key":"hubris:ToyBattleship"},{"floor":9.0,"key":"Potion Belt"},{"floor":26.0,"key":"Orichalcum"},{"floor":36,"key":"Bird Faced Urn"}],"event_choices":[{"damage_healed":0.0,"max_hp_gain":0.0,"max_hp_loss":0.0,"gold_gain":0.0,"event_name":"The Woman in Blue","player_choice":"Bought 1 Potion","floor":2.0,"gold_loss":0.0,"damage_taken":0.0},{"damage_healed":0.0,"max_hp_gain":0.0,"max_hp_loss":0.0,"gold_gain":0.0,"event_name":"conspire:LoneGhost","player_choice":"Disagree","floor":5.0,"gold_loss":0.0,"damage_taken":0.0},{"damage_healed":0.0,"max_hp_gain":0.0,"max_hp_loss":0.0,"gold_gain":0.0,"event_name":"conspire:Investor","player_choice":"Invest 2","floor":11.0,"gold_loss":0.0,"damage_taken":0.0},{"damage_healed":0.0,"max_hp_gain":0.0,"max_hp_loss":0.0,"gold_gain":0.0,"event_name":"Purifier","player_choice":"Ignored","floor":22.0,"gold_loss":0.0,"damage_taken":0.0},{"damage_healed":0.0,"max_hp_gain":0.0,"max_hp_loss":0.0,"gold_gain":0.0,"event_name":"Addict","player_choice":"Obtained Relic","floor":30.0,"gold_loss":85.0,"damage_taken":0.0,"relics_obtained":["Mango"]},{"damage_healed":0,"gold_gain":0,"player_choice":"Fight","damage_taken":0,"max_hp_gain":0,"max_hp_loss":0,"event_name":"MindBloom","floor":36,"gold_loss":0},{"damage_healed":0,"gold_gain":0,"player_choice":"Ignored","damage_taken":0,"max_hp_gain":0,"max_hp_loss":0,"event_name":"The Moai Head","floor":37,"gold_loss":0}],"is_beta":false,"boss_relics":[{"not_picked":["hubris:RunicObelisk","Pandora\u0027s Box"],"picked":"Busted Crown"},{"not_picked":["SacredBark","Empty Cage"],"picked":"MysterySword"}],"items_purged_floors":[],"is_endless":false,"potions_floor_spawned":[3,4,7,13,14,19,20,28,31,35,36],"killed_by":"3 Shapes","ascension_level":0}}