{"host":"poshtwjux72eqzmy","time":1607768471,"event":{"mods":["BaseMod","Bestiary","Block Reminder","Colored Powertips","Highlight Path","Minty Spire (QoL Compilation)","Quick Restart","Relic Stats","ojb\u0027s Info Mod"],"gold_per_floor":[212,55,55,67,81,115,115,115,115],"floor_reached":8,"playtime":387,"items_purged":[],"score":112,"play_id":"16e3b029-bce3-48d7-b170-d0059e8dc864","local_time":"20201212122111","is_ascension_mode":true,"campfire_choices":[{"data":"Burst","floor":7.0,"key":"SMITH"}],"circlet_count":0,"master_deck":["AscendersBane","Strike_G","Strike_G","Strike_G","Strike_G","Strike_G","Defend_G+1","Defend_G","Defend_G+1","Defend_G","Defend_G","Survivor","Neutralize","Burst+1","PiercingWail","Escape Plan","Footwork","Quick Slash","Noxious Fumes"],"relics":["Ring of the Snake","War Paint","Letter Opener"],"acts_visited":["Exordium"],"potions_floor_usage":[],"damage_taken":[{"damage":0.0,"enemies":"Jaw Worm","floor":1.0,"turns":5.0},{"damage":1.0,"enemies":"Cultist","floor":4.0,"turns":5.0},{"damage":0.0,"enemies":"Small Slimes","floor":5.0,"turns":7.0},{"damage":29.0,"enemies":"Gremlin Nob","floor":6.0,"turns":4.0},{"damage":0,"enemies":"3 Sentries","floor":8,"turns":1}],"seed_played":"-2336253688630578514","potions_obtained":[{"floor":1.0,"key":"LiquidBronze"},{"floor":5.0,"key":"CunningPotion"},{"floor":6.0,"key":"Block Potion"}],"is_trial":false,"path_per_floor":["M","$","?","M","M","E","R","E"],"character_chosen":"THE_SILENT","items_purchased":["War Paint"],"campfire_rested":0,"item_purchase_floors":[2],"current_hp_per_floor":[59,59,59,58,58,29,29,29,29],"gold":115,"neow_bonus":"HUNDRED_GOLD","is_daily":false,"chose_seed":true,"campfire_upgraded":1,"win_rate":0.0,"timestamp":1607768471,"path_taken":["M","$","?","M","M","E","R","E"],"items_purchased_type":["Relic"],"build_version":"2020-11-30","purchased_purges":0,"victory":false,"max_hp_per_floor":[66,66,66,66,66,66,66,66,66],"relic_stats":{"counters":[5,22],"Letter Opener":[0],"War Paint":["Defend_G","Defend_G"],"obtain_stats":[{"Letter Opener":6,"War Paint":2,"Ring of the Snake":0},{"Letter Opener":4,"War Paint":1,"Ring of the Snake":0},{"Letter Opener":21,"War Paint":5,"Ring of the Snake":0}],"Ring of the Snake":[10]},"card_choices":[{"not_picked":["Catalyst","Outmaneuver","Acrobatics"],"picked":"SKIP","floor":1.0},{"not_picked":["Prepared","Blade Dance"],"picked":"Footwork","floor":4.0},{"not_picked":["Prepared","Sucker Punch"],"picked":"Quick Slash","floor":5.0},{"not_picked":["Storm of Steel","Accuracy"],"picked":"Noxious Fumes","floor":6.0}],"player_experience":937699,"relics_obtained":[{"floor":6.0,"key":"Letter Opener"}],"event_choices":[{"damage_healed":0.0,"max_hp_gain":0.0,"max_hp_loss":0.0,"gold_gain":0.0,"event_name":"Match and Keep!","player_choice":"3 cards matched","floor":3.0,"gold_loss":0.0,"damage_taken":0.0,"cards_obtained":["Burst","PiercingWail","Escape Plan"]}],"is_beta":false,"boss_relics":[],"items_purged_floors":[],"is_endless":false,"potions_floor_spawned":[1,5,6],"killed_by":"3 Sentries","ascension_level":20}}