{"host":"swphzoo6hmc78epl","time":1607810775,"event":{"mods":["BaseMod","Highlight Path","Minty Spire (QoL Compilation)","Quick Restart"],"gold_per_floor":[118,118,43,67,80,113,113,127,172,172,192,211,223,242,242,338,338,354,354,101,200,200,228,228,228,251,285,285,295,321,344,344,446,446,462,477,477,496,371,371,398,398,470,501,511,561,589,616,616,616,616,616,6,41,41,41],"floor_reached":55,"playtime":2361,"items_purged":["Strike_P","Strike_P","Strike_P","Defend_P"],"score":1108,"play_id":"63dcae2d-1284-4465-a36d-972c7549f721","local_time":"20201212170615","is_ascension_mode":true,"campfire_choices":[{"data":"PathToVictory","floor":7,"key":"SMITH"},{"data":"PathToVictory","floor":10,"key":"SMITH"},{"data":"PathToVictory","floor":15,"key":"SMITH"},{"floor":24,"key":"RECALL"},{"data":"Vault","floor":32,"key":"SMITH"},{"data":"Scrawl","floor":40,"key":"SMITH"},{"data":"Perseverance","floor":42,"key":"SMITH"},{"data":"Vigilance","floor":49,"key":"SMITH"},{"data":"Perseverance","floor":52,"key":"SMITH"}],"circlet_count":0,"master_deck":["Defend_P","Defend_P","Defend_P","Vigilance+1","WheelKick+1","PathToVictory+1","PathToVictory+1","Perseverance+1","PathToVictory+1","ThirdEye","Scrawl+1","Vault+1","PathToVictory+1","Consecrate+1","Weave","PathToVictory+1","CutThroughFate+1","DevaForm+1","Perseverance+1","Protect+1","DeusExMachina","Wireheading+1","Nirvana+1","JustLucky+1"],"relics":["PureWater","NeowsBlessing","NlothsMask","Gremlin Horn","Tiny Chest","SlaversCollar","Omamori","Frozen Egg 2","Enchiridion","Potion Belt","Matryoshka","Akabeko","Whetstone","Blood Vial","SacredBark","Mercury Hourglass","PreservedInsect","Question Card","Eternal Feather","Gambling Chip","Damaru","Nunchaku","Turnip","Ginger"],"acts_visited":["Exordium","TheCity","TheBeyond","TheEnding"],"potions_floor_usage":[14,14,18,23,30,35,38,50,50,50,55,55,55,55],"damage_taken":[{"damage":0,"enemies":"Jaw Worm","floor":1,"turns":1},{"damage":0,"enemies":"Cultist","floor":5,"turns":1},{"damage":0,"enemies":"Gremlin Nob","floor":6,"turns":1},{"damage":3,"enemies":"Small Slimes","floor":8,"turns":3},{"damage":3,"enemies":"Blue Slaver","floor":11,"turns":3},{"damage":0,"enemies":"2 Fungi Beasts","floor":12,"turns":1},{"damage":0,"enemies":"3 Louse","floor":13,"turns":2},{"damage":0,"enemies":"Gremlin Gang","floor":14,"turns":1},{"damage":23,"enemies":"Hexaghost","floor":16,"turns":7},{"damage":22,"enemies":"2 Thieves","floor":18,"turns":3},{"damage":8,"enemies":"Book of Stabbing","floor":23,"turns":4},{"damage":5,"enemies":"Gremlin Leader","floor":27,"turns":4},{"damage":0,"enemies":"Chosen","floor":29,"turns":3},{"damage":7,"enemies":"Book of Stabbing","floor":30,"turns":4},{"damage":4,"enemies":"Champ","floor":33,"turns":5},{"damage":13,"enemies":"3 Darklings","floor":35,"turns":4},{"damage":2,"enemies":"Orb Walker","floor":36,"turns":3},{"damage":0,"enemies":"Sphere and 2 Shapes","floor":38,"turns":4},{"damage":13,"enemies":"Giant Head","floor":41,"turns":6},{"damage":0,"enemies":"Nemesis","floor":44,"turns":3},{"damage":30,"enemies":"Spire Growth","floor":45,"turns":5},{"damage":0,"enemies":"Mind Bloom Boss Battle","floor":46,"turns":3},{"damage":0,"enemies":"Reptomancer","floor":47,"turns":3},{"damage":16,"enemies":"Donu and Deca","floor":50,"turns":8},{"damage":6,"enemies":"Shield and Spear","floor":54,"turns":3},{"damage":76,"enemies":"The Heart","floor":55,"turns":7}],"seed_played":"-4006256192824821388","potions_obtained":[{"floor":1,"key":"Explosive Potion"},{"floor":12,"key":"Swift Potion"},{"floor":13,"key":"SteroidPotion"},{"floor":14,"key":"Fruit Juice"},{"floor":16,"key":"SkillPotion"},{"floor":23,"key":"DuplicationPotion"},{"floor":27,"key":"Ambrosia"},{"floor":29,"key":"EssenceOfSteel"},{"floor":35,"key":"Swift Potion"},{"floor":38,"key":"Ancient Potion"},{"floor":41,"key":"Swift Potion"},{"floor":45,"key":"StancePotion"},{"floor":46,"key":"SpeedPotion"}],"is_trial":false,"path_per_floor":["M","?","$","T","M","E","R","M","T","R","M","M","M","M","R","B",null,"M","?","$","?","T","E","R","?","T","E","?","M","E","T","R","B",null,"M","M","?","M","$","R","E","R","T","E","M","?","E","T","R","B",null,"R","$","E","B"],"character_chosen":"WATCHER","items_purchased":["Omamori","Turnip","Nirvana+1","ColorlessPotion","Swift Potion"],"campfire_rested":0,"item_purchase_floors":[20,53,53,53,53],"current_hp_per_floor":[72,72,72,72,72,72,72,69,69,69,66,66,66,71,71,48,77,55,55,55,55,55,47,47,31,31,26,26,26,19,19,19,17,77,64,64,64,66,66,66,55,55,55,57,29,31,33,33,45,31,77,77,77,71,0,0],"gold":41,"neow_bonus":"THREE_ENEMY_KILL","is_daily":false,"chose_seed":false,"campfire_upgraded":8,"win_rate":0.0,"timestamp":1607810775,"path_taken":["M","?","?","?","M","E","R","M","T","R","M","M","?","M","R","BOSS","M","?","$","?","?","E","R","?","T","E","?","?","E","?","R","BOSS","M","M","?","M","$","R","E","R","T","E","?","?","E","?","R","BOSS","R","$","E","BOSS"],"items_purchased_type":["Relic","Relic","Card","Potion","Potion"],"build_version":"2020-11-30","purchased_purges":4,"victory":false,"max_hp_per_floor":[72,72,72,72,72,72,72,72,72,72,72,72,72,77,77,77,77,77,77,77,77,77,77,77,77,77,77,77,77,77,77,77,77,77,77,77,77,77,77,77,77,77,77,77,77,77,77,77,77,77,77,77,77,77,77,77],"card_choices":[{"not_picked":["Nirvana","DeceiveReality"],"picked":"WheelKick","floor":1},{"not_picked":["Tantrum","Perseverance"],"picked":"PathToVictory","floor":5},{"not_picked":["WreathOfFlame","TalkToTheHand"],"picked":"PathToVictory","floor":6},{"not_picked":["FlyingSleeves","BattleHymn"],"picked":"Perseverance","floor":8},{"not_picked":["WreathOfFlame","BowlingBash"],"picked":"PathToVictory","floor":11},{"not_picked":["Crescendo","Worship","Swivel"],"picked":"SKIP","floor":12},{"not_picked":["WaveOfTheHand","ClearTheMind"],"picked":"ThirdEye","floor":13},{"not_picked":["FollowUp","EmptyBody"],"picked":"Scrawl","floor":14},{"not_picked":["Brilliance","Scrawl"],"picked":"Vault","floor":16},{"not_picked":["Wireheading+1","BowlingBash"],"picked":"PathToVictory+1","floor":18},{"not_picked":["WaveOfTheHand","SashWhip","FollowUp"],"picked":"SKIP","floor":23},{"not_picked":["LessonLearned","Vault","FlurryOfBlows"],"picked":"SKIP","floor":27},{"not_picked":["Vengeance+1","EmptyMind+1","EmptyBody"],"picked":"SKIP","floor":29},{"not_picked":["Swivel","EmptyMind"],"picked":"CutThroughFate+1","floor":30},{"not_picked":["Omniscience","Ragnarok"],"picked":"DevaForm+1","floor":33},{"not_picked":["Indignation+1","EmptyMind"],"picked":"Perseverance","floor":35},{"not_picked":["EmptyFist","Worship","WreathOfFlame"],"picked":"SKIP","floor":36},{"not_picked":["ClearTheMind","Fasting2+1","BowlingBash"],"picked":"SKIP","floor":38},{"not_picked":["CrushJoints","WaveOfTheHand+1"],"picked":"Protect+1","floor":41},{"not_picked":["Adaptation+1","Swivel+1","ForeignInfluence+1"],"picked":"DeusExMachina","floor":44},{"not_picked":["FollowUp+1","Crescendo+1","Adaptation+1","Meditate"],"picked":"SKIP","floor":45},{"not_picked":["ForeignInfluence","EmptyFist+1","BattleHymn+1"],"picked":"Wireheading+1","floor":46},{"not_picked":["Indignation+1","Crescendo","FearNoEvil+1","CrushJoints+1"],"picked":"SKIP","floor":47},{"not_picked":["PathToVictory","CarveReality","EmptyFist+1"],"picked":"JustLucky+1","floor":54}],"player_experience":726498,"relics_obtained":[{"floor":6,"key":"Gremlin Horn"},{"floor":9,"key":"Tiny Chest"},{"floor":23,"key":"Frozen Egg 2"},{"floor":25,"key":"Enchiridion"},{"floor":26,"key":"Potion Belt"},{"floor":27,"key":"Matryoshka"},{"floor":30,"key":"Akabeko"},{"floor":31,"key":"Whetstone"},{"floor":31,"key":"Blood Vial"},{"floor":41,"key":"Mercury Hourglass"},{"floor":43,"key":"PreservedInsect"},{"floor":43,"key":"Question Card"},{"floor":44,"key":"Eternal Feather"},{"floor":46,"key":"Gambling Chip"},{"floor":47,"key":"Damaru"},{"floor":48,"key":"Nunchaku"},{"floor":54,"key":"Ginger"}],"event_choices":[{"damage_healed":0,"gold_gain":0,"player_choice":"Trade","damage_taken":0,"relics_obtained":["NlothsMask"],"max_hp_gain":0,"max_hp_loss":0,"event_name":"FaceTrader","floor":2,"gold_loss":0},{"damage_healed":0,"gold_gain":0,"cards_transformed":["Eruption","Strike_P"],"player_choice":"Became Test Subject","damage_taken":0,"max_hp_gain":0,"max_hp_loss":0,"event_name":"Drug Dealer","floor":19,"gold_loss":0,"cards_obtained":["Consecrate","Weave"]},{"damage_healed":0,"gold_gain":99,"player_choice":"Stole From Cult","damage_taken":0,"max_hp_gain":0,"max_hp_loss":0,"event_name":"Nest","floor":21,"gold_loss":0},{"damage_healed":0,"gold_gain":0,"player_choice":"Obtained Book","damage_taken":16,"max_hp_gain":0,"max_hp_loss":0,"event_name":"Cursed Tome","floor":25,"gold_loss":0},{"damage_healed":0,"gold_gain":0,"player_choice":"Copied","damage_taken":0,"max_hp_gain":0,"max_hp_loss":0,"event_name":"Duplicator","floor":28,"gold_loss":0,"cards_obtained":["PathToVictory"]},{"damage_healed":0,"gold_gain":0,"player_choice":"Ignored","damage_taken":0,"max_hp_gain":0,"max_hp_loss":0,"event_name":"SecretPortal","floor":37,"gold_loss":0},{"damage_healed":0,"gold_gain":0,"player_choice":"Fight","damage_taken":0,"max_hp_gain":0,"max_hp_loss":0,"event_name":"MindBloom","floor":46,"gold_loss":0}],"is_beta":false,"boss_relics":[{"not_picked":["Tiny House","Pandora\u0027s Box"],"picked":"SlaversCollar"},{"not_picked":["Runic Pyramid","Sozu"],"picked":"SacredBark"}],"items_purged_floors":[3,20,39,53],"is_endless":false,"potions_floor_spawned":[1,12,13,14,16,23,27,29,35,38,41,45,46],"killed_by":"The Heart","ascension_level":4}}