{"host":"6fbjdsiu9jij34p7","time":1607798777,"event":{"mods":["2.2 Compatiblity","AchievementEnabler","BaseMod","Colored Map","DeckTracker","Highlight Path","Keyboard Shortcuts","Minty Spire (QoL Compilation)","Permanent Neow","Quick Restart","StSLib","SuperFastMode"],"gold_per_floor":[114,114,126,142,67,67,77,77,77,77,77,88,88,106,106,236,236,260,260,260,9,30,30,43,43,69,85,104,127,127,141,141,141,141],"floor_reached":33,"playtime":663,"items_purged":["Strike_R","Injury"],"score":289,"play_id":"40b8cd20-3cd4-4fff-8328-3f98e6623e53","local_time":"20201213034617","is_ascension_mode":true,"campfire_choices":[{"data":"Cleave","floor":6,"key":"SMITH"},{"data":"Twin Strike","floor":10,"key":"SMITH"},{"floor":15,"key":"REST"},{"floor":23,"key":"REST"},{"data":"Pummel","floor":25,"key":"SMITH"},{"floor":30,"key":"REST"},{"data":"Limit Break","floor":32,"key":"SMITH"}],"circlet_count":0,"master_deck":["Strike_R+1","Strike_R","Strike_R","Strike_R+1","Defend_R+1","Defend_R","Defend_R","Defend_R","Bash","Cleave+1","Twin Strike+1","Battle Trance+1","Flame Barrier","Headbutt","Spot Weakness","Limit Break+1","CurseOfTheBell","Thunderclap+1","Pummel+1","Twin Strike+1","Cleave+1","Body Slam"],"relics":["Burning Blood","Happy Flower","Blue Candle","Meat on the Bone","Golden Idol","Calling Bell","War Paint","Eternal Feather","WingedGreaves","Ornamental Fan","Vajra","Dream Catcher"],"acts_visited":["Exordium","TheCity"],"potions_floor_usage":[16,16,22,33],"damage_taken":[{"damage":2.0,"enemies":"Jaw Worm","floor":1.0,"turns":3.0},{"damage":1,"enemies":"Cultist","floor":3,"turns":3},{"damage":7,"enemies":"2 Louse","floor":4,"turns":3},{"damage":8,"enemies":"Exordium Wildlife","floor":7,"turns":3},{"damage":0,"enemies":"Large Slime","floor":12,"turns":3},{"damage":17,"enemies":"Looter","floor":14,"turns":3},{"damage":26,"enemies":"Slime Boss","floor":16,"turns":8},{"damage":34,"enemies":"Shell Parasite","floor":18,"turns":5},{"damage":12,"enemies":"3 Byrds","floor":22,"turns":4},{"damage":20,"enemies":"3 Cultists","floor":24,"turns":4},{"damage":33,"enemies":"Centurion and Healer","floor":27,"turns":5},{"damage":39,"enemies":"Snake Plant","floor":28,"turns":4},{"damage":14,"enemies":"Snecko","floor":29,"turns":3},{"damage":6,"enemies":"Chosen and Byrds","floor":31,"turns":3},{"damage":81,"enemies":"Champ","floor":33,"turns":7}],"seed_played":"-8074381688401433742","potions_obtained":[{"floor":4,"key":"Swift Potion"},{"floor":7,"key":"ElixirPotion"},{"floor":12,"key":"EssenceOfSteel"},{"floor":18,"key":"Weak Potion"},{"floor":24,"key":"Ancient Potion"},{"floor":29,"key":"LiquidBronze"}],"is_trial":false,"path_per_floor":["M","?","M","M","$","R","M","?","T","R","T","M","?","M","R","B",null,"M","?","?","$","M","R","M","R","T","M","M","M","R","M","R","B"],"character_chosen":"IRONCLAD","items_purchased":["Vajra"],"campfire_rested":3,"item_purchase_floors":[21],"current_hp_per_floor":[80,80,80,79,79,79,77,61,61,61,61,67,67,56,80,60,80,52,52,52,52,58,80,66,78,78,51,30,34,70,70,80,0,0],"gold":141,"neow_bonus":"RANDOM_COMMON_RELIC","is_daily":false,"chose_seed":false,"campfire_upgraded":4,"win_rate":0.0,"timestamp":1607798777,"path_taken":["M","?","?","M","$","R","M","?","T","R","?","M","?","M","R","BOSS","M","?","?","$","M","R","M","R","T","M","M","M","R","M","R","BOSS"],"items_purchased_type":["Relic"],"build_version":"2020-11-30","purchased_purges":2,"victory":false,"max_hp_per_floor":[80,80,80,80,80,80,80,80,80,80,80,80,80,80,80,80,80,80,80,80,80,80,80,80,80,80,80,80,80,80,80,80,80,80],"card_choices":[{"not_picked":["Shrug It Off","Havoc"],"picked":"Cleave","floor":1.0},{"not_picked":["Warcry","Searing Blow"],"picked":"Twin Strike","floor":3},{"not_picked":["Demon Form","Intimidate"],"picked":"Battle Trance","floor":4},{"not_picked":["Pummel","Clash"],"picked":"Flame Barrier","floor":7},{"not_picked":["Clash","Intimidate"],"picked":"Headbutt","floor":12},{"not_picked":["Havoc","Cleave"],"picked":"Spot Weakness","floor":14},{"not_picked":["Berserk","Fiend Fire"],"picked":"Limit Break","floor":16},{"not_picked":["Feel No Pain","Perfected Strike"],"picked":"Thunderclap+1","floor":18},{"not_picked":["Wild Strike","Body Slam"],"picked":"Pummel","floor":22},{"not_picked":["Flame Barrier+1","Impervious"],"picked":"Twin Strike+1","floor":24},{"not_picked":["Clash","Anger","Sever Soul"],"picked":"SKIP","floor":27},{"not_picked":["Headbutt","Intimidate"],"picked":"Cleave+1","floor":28},{"not_picked":["Anger","Wild Strike+1"],"picked":"Body Slam","floor":29},{"not_picked":["Dropkick","Havoc","Wild Strike+1"],"picked":"SKIP","floor":31}],"player_experience":230271,"relics_obtained":[{"floor":9,"key":"Blue Candle"},{"floor":11,"key":"Meat on the Bone"},{"floor":17,"key":"War Paint"},{"floor":17,"key":"Eternal Feather"},{"floor":17,"key":"WingedGreaves"},{"floor":26,"key":"Dream Catcher"}],"event_choices":[{"damage_healed":0,"gold_gain":0,"player_choice":"0 cards matched","damage_taken":0,"max_hp_gain":0,"max_hp_loss":0,"event_name":"Match and Keep!","floor":2,"gold_loss":0,"cards_obtained":[]},{"damage_healed":0,"gold_gain":0,"player_choice":"Entered Light","damage_taken":16,"max_hp_gain":0,"max_hp_loss":0,"event_name":"Shining Light","floor":8,"gold_loss":0,"cards_upgraded":["Strike_R","Strike_R"]},{"damage_healed":0,"gold_gain":0,"player_choice":"Take Wound","damage_taken":0,"relics_obtained":["Golden Idol"],"max_hp_gain":0,"max_hp_loss":0,"event_name":"Golden Idol","floor":13,"gold_loss":0,"cards_obtained":["Injury"]},{"damage_healed":0,"gold_gain":0,"player_choice":"Opened","damage_taken":0,"relics_obtained":["Ornamental Fan"],"max_hp_gain":0,"max_hp_loss":0,"event_name":"The Mausoleum","floor":19,"gold_loss":0,"cards_obtained":["Writhe"]},{"cards_removed":["Writhe"],"damage_healed":0,"gold_gain":0,"player_choice":"Elegance","damage_taken":0,"max_hp_gain":0,"max_hp_loss":0,"event_name":"Back to Basics","floor":20,"gold_loss":0}],"is_beta":false,"boss_relics":[{"not_picked":["Astrolabe","Runic Dome"],"picked":"Calling Bell"}],"items_purged_floors":[5,21],"is_endless":false,"potions_floor_spawned":[4,7,12,14,18,24,29,31],"killed_by":"Champ","ascension_level":4}}