{"host":"8zzc9mdnfkdiyxma","time":1607750613,"event":{"mods":["2.2 Compatiblity","BaseMod","Better Altar","Better Match","Better Note","Better Sensory Stone","Better Skull","Better Third Choice","Better Vampires","Colored Map","Colored Powertips","Energized Spire","Halation","Minty Spire (QoL Compilation)","Permanent Neow","Rare Cards Sparkle","Relic Filter","SacredBarkPlus","StSLib","Waifu the Spire"],"gold_per_floor":[118,132,78,78,78,107,107,120,120,151,151,168,168,184,184,258,258,278,291,18,18,35,65,65,65,65,65,92,92,111,36,36,110,110,129,144,154,154,154,154,154,154],"floor_reached":41,"playtime":3150,"items_purged":["Strike_P"],"score":929,"play_id":"2d487db7-f13f-4533-aa5c-0d0d8f99b51a","local_time":"20201212002333","is_ascension_mode":true,"campfire_choices":[{"floor":7.0,"key":"REST"},{"data":"BowlingBash","floor":11.0,"key":"SMITH"},{"floor":15.0,"key":"REST"},{"floor":24.0,"key":"REST"},{"floor":27.0,"key":"REST"},{"data":"MasterReality","floor":29.0,"key":"SMITH"},{"floor":32,"key":"REST"},{"floor":40,"key":"REST"}],"circlet_count":0,"master_deck":["AscendersBane","Eruption","Vigilance","DeusExMachina","TalkToTheHand","BowlingBash+1","Protect","ThirdEye","BattleHymn","MasterReality+1","Consecrate","Ragnarok","Protect","Evaluate+1","Worship","ThirdEye","Juggernaut+1","WaveOfTheHand+1","LessonLearned","CrushJoints","Prostrate+1","LessonLearned","Brilliance+1","Swivel+1","Worship+1","ThirdEye","Halt","Juggernaut+1"],"relics":["PureWater","betterThird:SlimedRelic","TeardropLocket","Bottled Flame","Pear","halation:Thesaurus","SacredBark","halation:SelfBoilingWater","White Beast Statue","Ancient Tea Set","Astrolabe","halation:PapillonHeart"],"acts_visited":["Exordium","TheCity","TheBeyond"],"potions_floor_usage":[30,33,33,37,41],"damage_taken":[{"damage":4.0,"enemies":"2 Louse","floor":1.0,"turns":4.0},{"damage":1.0,"enemies":"Small Slimes","floor":2.0,"turns":3.0},{"damage":4.0,"enemies":"Lagavulin","floor":6.0,"turns":6.0},{"damage":0.0,"enemies":"Cultist","floor":8.0,"turns":2.0},{"damage":20.0,"enemies":"Gremlin Nob","floor":10.0,"turns":6.0},{"damage":18.0,"enemies":"Large Slime","floor":12.0,"turns":5.0},{"damage":8.0,"enemies":"Lots of Slimes","floor":14.0,"turns":4.0},{"damage":0.0,"enemies":"Slime Boss","floor":16.0,"turns":5.0},{"damage":13.0,"enemies":"3 Byrds","floor":18.0,"turns":6.0},{"damage":7.0,"enemies":"Spheric Guardian","floor":19.0,"turns":5.0},{"damage":15.0,"enemies":"Chosen and Byrds","floor":22.0,"turns":5.0},{"damage":9.0,"enemies":"Gremlin Leader","floor":23.0,"turns":7.0},{"damage":35.0,"enemies":"Slavers","floor":28.0,"turns":7.0},{"damage":24,"enemies":"Shelled Parasite and Fungi","floor":30,"turns":6},{"damage":6,"enemies":"Champ","floor":33,"turns":11},{"damage":0,"enemies":"3 Shapes","floor":35,"turns":7},{"damage":34,"enemies":"3 Darklings","floor":36,"turns":5},{"damage":19,"enemies":"Sphere and 2 Shapes","floor":37,"turns":5},{"damage":54,"enemies":"Nemesis","floor":41,"turns":6}],"seed_played":"-4361752904887224151","potions_obtained":[{"floor":1.0,"key":"BlessingOfTheForge"},{"floor":5.0,"key":"BottledMiracle"},{"floor":8.0,"key":"Strength Potion"},{"floor":14.0,"key":"DistilledChaos"},{"floor":19.0,"key":"GamblersBrew"},{"floor":22.0,"key":"Weak Potion"},{"floor":28.0,"key":"PowerPotion"},{"floor":30,"key":"SpeedPotion"},{"floor":33,"key":"GamblersBrew"},{"floor":35,"key":"Energy Potion"},{"floor":36,"key":"LiquidMemories"},{"floor":37,"key":"Energy Potion"}],"is_trial":false,"path_per_floor":["M","M","?","?","?","E","R","M","T","E","R","M","?","M","R","B",null,"M","M","$","?","M","E","R","?","T","R","E","R","M","$","R","B",null,"M","M","M","?","?","R","E"],"character_chosen":"WATCHER","items_purchased":["halation:Thesaurus","Worship","ThirdEye"],"campfire_rested":6,"item_purchase_floors":[20,20,20],"current_hp_per_floor":[57,56,45,38,38,34,54,54,54,44,44,26,26,18,41,41,69,56,49,49,49,34,25,48,48,48,71,36,36,12,12,35,29,66,66,32,13,13,13,35,0,0],"gold":154,"neow_bonus":"ONE_RANDOM_RARE_CARD","is_daily":false,"chose_seed":false,"campfire_upgraded":2,"win_rate":0.0,"timestamp":1607750613,"path_taken":["M","M","?","?","?","E","R","?","T","E","R","M","?","M","R","BOSS","M","?","$","?","?","E","R","?","T","R","E","R","M","$","R","BOSS","M","M","M","?","?","R","E"],"items_purchased_type":["Relic","Card","Card"],"build_version":"2020-11-30","purchased_purges":1,"victory":false,"max_hp_per_floor":[68,68,68,68,68,68,68,68,68,78,78,78,78,78,78,78,78,78,78,78,78,78,78,78,78,78,78,78,78,78,78,78,78,78,78,78,78,74,74,74,74,74],"card_choices":[{"not_picked":["ForeignInfluence","CrushJoints"],"picked":"TalkToTheHand","floor":1.0},{"not_picked":["Pray","ReachHeaven"],"picked":"BowlingBash","floor":2.0},{"not_picked":["Halt","ClearTheMind","Prostrate"],"picked":"SKIP","floor":6.0},{"not_picked":["Prostrate","CrushJoints"],"picked":"Protect","floor":8.0},{"not_picked":["EmptyBody","FlurryOfBlows"],"picked":"ThirdEye","floor":10.0},{"not_picked":["Consecrate","ClearTheMind"],"picked":"BattleHymn","floor":12.0},{"not_picked":["FearNoEvil","ClearTheMind"],"picked":"Consecrate","floor":14.0},{"not_picked":["Blasphemy","Devotion"],"picked":"Ragnarok","floor":16.0},{"not_picked":["Indignation","Prostrate"],"picked":"Protect","floor":18.0},{"not_picked":["FollowUp","SignatureMove"],"picked":"Evaluate","floor":19.0},{"not_picked":["Protect","SashWhip"],"picked":"WaveOfTheHand","floor":22.0},{"not_picked":["SignatureMove+1","SandsOfTime"],"picked":"LessonLearned","floor":23.0},{"not_picked":["Halt","Tantrum"],"picked":"CrushJoints","floor":28.0},{"not_picked":["ReachHeaven+1","FlurryOfBlows"],"picked":"Prostrate+1","floor":30},{"not_picked":["ConjureBlade","Ragnarok"],"picked":"LessonLearned","floor":33},{"not_picked":["InnerPeace","ClearTheMind+1"],"picked":"ThirdEye","floor":35},{"not_picked":["FearNoEvil","CarveReality"],"picked":"Halt","floor":36},{"not_picked":["CutThroughFate","Weave","Consecrate+1"],"picked":"SKIP","floor":37}],"player_experience":982066,"relics_obtained":[{"floor":6.0,"key":"TeardropLocket"},{"floor":9.0,"key":"Bottled Flame"},{"floor":10.0,"key":"Pear"},{"floor":23.0,"key":"halation:SelfBoilingWater"},{"floor":26.0,"key":"White Beast Statue"},{"floor":28.0,"key":"Ancient Tea Set"}],"event_choices":[{"damage_healed":0.0,"max_hp_gain":0.0,"max_hp_loss":0.0,"gold_gain":0.0,"event_name":"betterThird:BetterGoop","player_choice":"Slimed","floor":3.0,"gold_loss":54.0,"damage_taken":11.0},{"cards_removed":["Defend_P"],"damage_healed":0.0,"max_hp_gain":0.0,"max_hp_loss":0.0,"gold_gain":0.0,"event_name":"Golden Wing","player_choice":"Card Removal","floor":4.0,"gold_loss":0.0,"damage_taken":7.0},{"damage_healed":0.0,"max_hp_gain":0.0,"max_hp_loss":0.0,"gold_gain":0.0,"event_name":"Lab","player_choice":"Got Potions","floor":5.0,"gold_loss":0.0,"damage_taken":0.0},{"damage_healed":0.0,"max_hp_gain":0.0,"max_hp_loss":0.0,"gold_gain":0.0,"cards_transformed":["Defend_P"],"event_name":"Transmorgrifier","player_choice":"Transformed","floor":13.0,"gold_loss":0.0,"damage_taken":0.0,"cards_obtained":["MasterReality"]},{"cards_removed":["Ragnarok"],"damage_healed":0.0,"max_hp_gain":0.0,"max_hp_loss":0.0,"gold_gain":0.0,"event_name":"betterNote:BetterNote","player_choice":"Take \u0026 Give","floor":21.0,"gold_loss":0.0,"damage_taken":0.0,"cards_obtained":["Juggernaut"]},{"damage_healed":0.0,"max_hp_gain":0.0,"max_hp_loss":0.0,"gold_gain":0.0,"event_name":"Ghosts","player_choice":"Ignored","floor":25.0,"gold_loss":0.0,"damage_taken":0.0},{"damage_healed":0,"gold_gain":0,"player_choice":"Copied","damage_taken":0,"max_hp_gain":0,"max_hp_loss":0,"event_name":"Duplicator","floor":39,"gold_loss":0,"cards_obtained":["Juggernaut"]}],"is_beta":false,"boss_relics":[{"not_picked":["energizedSpire:NeverEndingSparkler","halation:Prosthetics"],"picked":"Empty Cage"},{"not_picked":["Black Star","Runic Pyramid"],"picked":"Astrolabe"}],"items_purged_floors":[31],"is_endless":false,"potions_floor_spawned":[1,8,14,19,22,28,30,33,35,36,37],"killed_by":"Nemesis","ascension_level":18}}