{"host":"daa8jqyg4gqfaysm","time":1607758611,"event":{"mods":["BaseMod","Colored Powertips","Minty Spire (QoL Compilation)","StSLib"],"gold_per_floor":[117,133,17,28,38,64,29,39,64,64,64,96,112,127,127,205,205,223,498,513,523,523,523],"floor_reached":22,"playtime":829,"items_purged":[],"score":350,"play_id":"ec8700a5-192c-40f2-b6db-3731a5ff3b65","local_time":"20201212153651","is_ascension_mode":true,"campfire_choices":[{"floor":10,"key":"REST"},{"data":"Glass Knife","floor":15,"key":"SMITH"}],"circlet_count":0,"master_deck":["AscendersBane","Strike_G","Strike_G","Strike_G","Defend_G","Defend_G","Defend_G","Defend_G","Defend_G","Survivor","Neutralize","Quick Slash","Caltrops","Noxious Fumes","Dagger Spray","PiercingWail","Flying Knee","Deflect","Glass Knife+1","Corpse Explosion","Regret","Escape Plan","Bane"],"relics":["Ring of the Snake","Dream Catcher","Toy Ornithopter","Art of War","Sozu"],"acts_visited":["Exordium","TheCity"],"potions_floor_usage":[6,6,14,18,18],"damage_taken":[{"damage":1,"enemies":"Small Slimes","floor":1,"turns":5},{"damage":1,"enemies":"Jaw Worm","floor":2,"turns":5},{"damage":0,"enemies":"Cultist","floor":4,"turns":4},{"damage":5,"enemies":"Blue Slaver","floor":5,"turns":6},{"damage":28,"enemies":"Gremlin Nob","floor":6,"turns":4},{"damage":9,"enemies":"Lots of Slimes","floor":8,"turns":3},{"damage":17,"enemies":"3 Sentries","floor":12,"turns":7},{"damage":0,"enemies":"Looter","floor":13,"turns":4},{"damage":15,"enemies":"Large Slime","floor":14,"turns":9},{"damage":22,"enemies":"The Guardian","floor":16,"turns":12},{"damage":13,"enemies":"2 Thieves","floor":18,"turns":5},{"damage":0,"enemies":"3 Byrds","floor":20,"turns":2},{"damage":29,"enemies":"Shelled Parasite and Fungi","floor":21,"turns":7},{"damage":28,"enemies":"Snecko","floor":22,"turns":3}],"seed_played":"1099542576905984846","potions_obtained":[{"floor":2,"key":"Poison Potion"},{"floor":6,"key":"Swift Potion"},{"floor":11,"key":"Regen Potion"},{"floor":14,"key":"Weak Potion"}],"is_trial":false,"path_per_floor":["M","M","$","M","M","E","?","M","T","R","?","E","M","M","R","B",null,"M","?","M","M","M"],"character_chosen":"THE_SILENT","items_purchased":["Noxious Fumes","Explosive Potion"],"campfire_rested":1,"item_purchase_floors":[3,3],"current_hp_per_floor":[43,42,42,42,37,9,25,16,16,35,35,18,18,23,23,1,50,47,47,47,18,0,0],"gold":523,"neow_bonus":"REMOVE_TWO","is_daily":false,"chose_seed":false,"campfire_upgraded":1,"win_rate":0.0,"timestamp":1607758611,"path_taken":["M","M","$","M","M","E","?","M","T","R","?","E","M","?","R","BOSS","M","?","M","M","?"],"items_purchased_type":["Card","Potion"],"build_version":"2020-11-30","purchased_purges":0,"victory":false,"max_hp_per_floor":[66,66,66,66,66,66,66,66,66,66,66,66,66,66,66,66,66,66,66,66,66,66,66],"card_choices":[{"not_picked":["Slice","Sucker Punch"],"picked":"Quick Slash","floor":1},{"not_picked":["Underhanded Strike","Sucker Punch"],"picked":"Caltrops","floor":2},{"not_picked":["Venomology","Reflex"],"picked":"Dagger Spray","floor":4},{"not_picked":["Prepared","Dagger Throw"],"picked":"PiercingWail","floor":5},{"not_picked":["Grand Finale","Bullet Time","Cloak And Dagger"],"picked":"SKIP","floor":6},{"not_picked":["Acrobatics","Outmaneuver"],"picked":"Flying Knee","floor":8},{"not_picked":["Dagger Spray","Calculated Gamble"],"picked":"Deflect","floor":12},{"not_picked":["Reflex","Dagger Spray","Outmaneuver"],"picked":"SKIP","floor":13},{"not_picked":["Dagger Throw","Flechettes"],"picked":"Glass Knife","floor":14},{"not_picked":["Unload","Envenom"],"picked":"Corpse Explosion","floor":16},{"not_picked":["Masterful Stab","Blade Dance","Heel Hook"],"picked":"SKIP","floor":18},{"not_picked":["Blade Dance+1","Underhanded Strike"],"picked":"Escape Plan","floor":20},{"not_picked":["Backstab","Cloak And Dagger"],"picked":"Bane","floor":21}],"player_experience":663016,"relics_obtained":[{"floor":6,"key":"Dream Catcher"},{"floor":9,"key":"Toy Ornithopter"},{"floor":12,"key":"Art of War"}],"event_choices":[{"damage_healed":16,"gold_gain":0,"player_choice":"Healed","damage_taken":0,"max_hp_gain":0,"max_hp_loss":0,"event_name":"The Cleric","floor":7,"gold_loss":35},{"damage_healed":0,"gold_gain":0,"player_choice":"Got Potions","damage_taken":0,"max_hp_gain":0,"max_hp_loss":0,"event_name":"Lab","floor":11,"gold_loss":0},{"damage_healed":0,"gold_gain":275,"player_choice":"Desecrate","damage_taken":0,"max_hp_gain":0,"max_hp_loss":0,"event_name":"Golden Shrine","floor":19,"gold_loss":0,"cards_obtained":["Regret"]}],"is_beta":false,"boss_relics":[{"not_picked":["SlaversCollar","Snecko Eye"],"picked":"Sozu"}],"items_purged_floors":[],"is_endless":false,"potions_floor_spawned":[2,6,12,13,14,16,18],"killed_by":"Snecko","ascension_level":15}}