{"host":"dz1qwalix8eproj8","time":1607742439,"event":{"mods":["AchievementEnabler","BaseMod","Block Reminder","Minty Spire (QoL Compilation)","Relic Stats","StSLib","SuperFastMode"],"gold_per_floor":[114,131,143,154,3,3,16,16,16,50,50,50,67,81,81,160,160,173,173,190,200,81,81,96,96,119,119,69,98,109,124,124,197,247,262,276,287,287,43,43,62,76,76,76,76,93,111,111,111,111,111],"floor_reached":50,"playtime":5466,"items_purged":["Strike_R","Strike_R"],"score":866,"play_id":"521b3cca-7ad9-4db9-be4c-b6d902f4bb94","local_time":"20201212040719","is_ascension_mode":true,"campfire_choices":[{"data":"Armaments","floor":6.0,"key":"SMITH"},{"data":"Havoc","floor":8.0,"key":"SMITH"},{"data":"Bash","floor":12.0,"key":"SMITH"},{"data":"Clothesline","floor":15.0,"key":"SMITH"},{"data":"Double Tap","floor":23.0,"key":"SMITH"},{"data":"Heavy Blade","floor":25.0,"key":"SMITH"},{"data":"Ghostly","floor":32.0,"key":"SMITH"},{"floor":40.0,"key":"RECALL"},{"data":"Flame Barrier","floor":45.0,"key":"SMITH"},{"data":"Shrug It Off","floor":49,"key":"SMITH"}],"circlet_count":0,"master_deck":["AscendersBane","Strike_R+1","Strike_R+1","Strike_R+1","Defend_R+1","Defend_R+1","Defend_R+1","Defend_R+1","Bash+1","Pommel Strike+1","Anger+1","Spot Weakness+1","Armaments+1","Havoc+1","Impervious+1","Ghostly Armor+1","Clothesline+1","Double Tap+1","Flame Barrier+1","Body Slam+1","Cleave+1","Pummel+1","Heavy Blade+1","Ghostly+1","Ghostly+1","Ghostly+1","Shrug It Off+1","Corruption+1","Cleave+1","Twin Strike+1","Heavy Blade+1","Flame Barrier+1","Shrug It Off+1","Rage+1"],"relics":["Coffee Dripper","Brimstone","Anchor","Smiling Mask","Sozu","Art of War","Self Forming Clay","Tiny House","Mark of the Bloom","Paper Frog","Molten Egg 2"],"acts_visited":["Exordium","TheCity","TheBeyond"],"potions_floor_usage":[],"damage_taken":[{"damage":6.0,"enemies":"2 Louse","floor":1.0,"turns":3.0},{"damage":0.0,"enemies":"Cultist","floor":2.0,"turns":3.0},{"damage":0.0,"enemies":"Jaw Worm","floor":3.0,"turns":3.0},{"damage":4.0,"enemies":"Blue Slaver","floor":4.0,"turns":2.0},{"damage":8.0,"enemies":"Exordium Wildlife","floor":7.0,"turns":3.0},{"damage":7.0,"enemies":"3 Sentries","floor":10.0,"turns":4.0},{"damage":0.0,"enemies":"3 Louse","floor":13.0,"turns":3.0},{"damage":0.0,"enemies":"Lots of Slimes","floor":14.0,"turns":2.0},{"damage":19.0,"enemies":"The Guardian","floor":16.0,"turns":7.0},{"damage":6.0,"enemies":"3 Byrds","floor":18.0,"turns":3.0},{"damage":3.0,"enemies":"Spheric Guardian","floor":20.0,"turns":3.0},{"damage":0.0,"enemies":"Centurion and Healer","floor":21.0,"turns":5.0},{"damage":6.0,"enemies":"3 Cultists","floor":24.0,"turns":3.0},{"damage":9.0,"enemies":"Slavers","floor":29.0,"turns":4.0},{"damage":1.0,"enemies":"Snecko","floor":30.0,"turns":4.0},{"damage":0.0,"enemies":"Chosen and Byrds","floor":31.0,"turns":4.0},{"damage":12.0,"enemies":"Automaton","floor":33.0,"turns":6.0},{"damage":0.0,"enemies":"3 Darklings","floor":35.0,"turns":4.0},{"damage":0.0,"enemies":"Orb Walker","floor":36.0,"turns":3.0},{"damage":0.0,"enemies":"Maw","floor":37.0,"turns":5.0},{"damage":0.0,"enemies":"Jaw Worm Horde","floor":41.0,"turns":4.0},{"damage":1.0,"enemies":"Writhing Mass","floor":42.0,"turns":3.0},{"damage":29,"enemies":"3 Darklings","floor":46,"turns":3},{"damage":0,"enemies":"Sphere and 2 Shapes","floor":47,"turns":3},{"damage":9,"enemies":"Awakened One","floor":50,"turns":3}],"seed_played":"6171657916396905547","potions_obtained":[{"floor":1.0,"key":"SkillPotion"},{"floor":4.0,"key":"LiquidMemories"},{"floor":10.0,"key":"Weak Potion"},{"floor":14.0,"key":"HeartOfIron"},{"floor":16.0,"key":"SteroidPotion"}],"is_trial":false,"path_per_floor":["M","M","M","M","$","R","M","R","T","E","?","R","M","M","R","B",null,"M","?","M","M","$","R","M","R","T","?","$","E","M","M","R","B",null,"M","M","M","?","$","R","M","M","T","?","R","M","M","?","R","B"],"character_chosen":"IRONCLAD","items_purchased":["Brimstone","Pummel","Paper Frog"],"campfire_rested":0,"item_purchase_floors":[5,22,39],"current_hp_per_floor":[62,62,62,58,58,58,50,50,50,43,43,43,43,43,43,24,62,56,56,53,53,53,53,47,47,47,37,37,28,27,27,27,15,37,37,37,37,37,37,37,37,36,36,36,36,7,7,7,7,0,0],"gold":111,"neow_bonus":"BOSS_RELIC","is_daily":false,"chose_seed":false,"campfire_upgraded":9,"win_rate":0.0,"timestamp":1607742439,"path_taken":["M","M","M","M","$","R","M","R","T","E","?","R","?","M","R","BOSS","M","?","M","M","$","R","M","R","T","?","?","E","M","M","R","BOSS","M","M","M","?","$","R","M","M","T","?","R","M","M","?","R","BOSS"],"items_purchased_type":["Relic","Card","Relic"],"build_version":"2020-11-30","purchased_purges":2,"victory":false,"max_hp_per_floor":[75,75,75,75,75,75,75,75,75,75,75,75,75,75,75,75,75,75,75,75,75,75,75,75,75,75,37,37,37,37,37,37,37,42,42,42,42,42,42,42,42,42,42,42,42,42,42,42,42,42,42],"relic_stats":{"Sozu":7,"Mark of the Bloom":0,"counters":[25,90],"Self Forming Clay":[21],"Art of War":[2],"Smiling Mask":75,"obtain_stats":[{"Sozu":17,"Anchor":9,"Mark of the Bloom":38,"Tiny House":34,"Brimstone":5,"Self Forming Clay":29,"Molten Egg 2":43,"Coffee Dripper":0,"Art of War":26,"Smiling Mask":10,"Burning Blood":0,"Paper Frog":39},{"Sozu":9,"Anchor":5,"Mark of the Bloom":20,"Tiny House":17,"Brimstone":4,"Self Forming Clay":14,"Molten Egg 2":22,"Coffee Dripper":0,"Art of War":13,"Smiling Mask":6,"Burning Blood":0,"Paper Frog":20},{"Sozu":30,"Anchor":14,"Mark of the Bloom":74,"Tiny House":62,"Brimstone":11,"Self Forming Clay":48,"Molten Egg 2":81,"Coffee Dripper":0,"Art of War":44,"Smiling Mask":18,"Burning Blood":0,"Paper Frog":74}]},"card_choices":[{"not_picked":["Metallicize","Havoc"],"picked":"Pommel Strike","floor":1.0},{"not_picked":["Dark Embrace","Power Through"],"picked":"Anger","floor":2.0},{"not_picked":["Body Slam","Wild Strike"],"picked":"Spot Weakness","floor":3.0},{"not_picked":["Disarm","Limit Break"],"picked":"Armaments","floor":4.0},{"not_picked":["Body Slam","Warcry"],"picked":"Havoc","floor":7.0},{"not_picked":["Anger","Seeing Red"],"picked":"Impervious","floor":10.0},{"not_picked":["Entrench","Armaments"],"picked":"Ghostly Armor","floor":13.0},{"not_picked":["Anger","Sentinel"],"picked":"Clothesline","floor":14.0},{"not_picked":["Juggernaut","Demon Form"],"picked":"Double Tap","floor":16.0},{"not_picked":["Spot Weakness","Reckless Charge"],"picked":"Flame Barrier+1","floor":18.0},{"not_picked":["Metallicize","Warcry"],"picked":"Body Slam","floor":20.0},{"not_picked":["Anger","Armaments"],"picked":"Cleave+1","floor":21.0},{"not_picked":["Clash","Bloodletting"],"picked":"Heavy Blade","floor":24.0},{"not_picked":["Clash","Metallicize","Warcry"],"picked":"SKIP","floor":29.0},{"not_picked":["Clash","Metallicize","Warcry"],"picked":"SKIP","floor":29.0},{"not_picked":["Warcry","Clothesline","Clash"],"picked":"SKIP","floor":30.0},{"not_picked":["Anger","Second Wind"],"picked":"Shrug It Off","floor":31.0},{"not_picked":["Bludgeon","Demon Form"],"picked":"Corruption","floor":33.0},{"not_picked":["Second Wind","Flame Barrier"],"picked":"Cleave","floor":34.0},{"not_picked":["Havoc","Clothesline","Clash"],"picked":"SKIP","floor":35.0},{"not_picked":["Hemokinesis","Combust"],"picked":"Twin Strike","floor":36.0},{"not_picked":["Flex","Wild Strike+1"],"picked":"Heavy Blade+1","floor":37.0},{"not_picked":["Brutality","Flex","Rampage"],"picked":"SKIP","floor":41.0},{"not_picked":["Heavy Blade+1","Perfected Strike"],"picked":"Flame Barrier","floor":42.0},{"not_picked":["Perfected Strike+1","Pommel Strike+1"],"picked":"Shrug It Off","floor":46},{"not_picked":["Feel No Pain","Shockwave"],"picked":"Rage+1","floor":47}],"player_experience":570069,"relics_obtained":[{"floor":9.0,"key":"Anchor"},{"floor":10.0,"key":"Smiling Mask"},{"floor":26.0,"key":"Art of War"},{"floor":29.0,"key":"Self Forming Clay"},{"floor":43.0,"key":"Molten Egg 2"}],"event_choices":[{"damage_healed":0.0,"max_hp_gain":0.0,"max_hp_loss":0.0,"gold_gain":0.0,"event_name":"Upgrade Shrine","player_choice":"Upgraded","floor":11.0,"gold_loss":0.0,"damage_taken":0.0,"cards_upgraded":["Pommel Strike"]},{"damage_healed":0.0,"max_hp_gain":0.0,"max_hp_loss":0.0,"gold_gain":0.0,"event_name":"Beggar","player_choice":"Ignored","floor":19.0,"gold_loss":0.0,"damage_taken":0.0},{"damage_healed":0.0,"max_hp_gain":0.0,"max_hp_loss":38.0,"gold_gain":0.0,"event_name":"Ghosts","player_choice":"Became a Ghost","floor":27.0,"gold_loss":0.0,"damage_taken":0.0,"cards_obtained":["Ghostly","Ghostly","Ghostly"]},{"damage_healed":0.0,"max_hp_gain":0.0,"max_hp_loss":0.0,"gold_gain":0.0,"event_name":"MindBloom","player_choice":"Upgrade","floor":38.0,"gold_loss":0.0,"damage_taken":0.0,"cards_upgraded":["Strike_R","Strike_R","Strike_R","Defend_R","Defend_R","Defend_R","Anger","Spot Weakness","Impervious","Ghostly Armor","Body Slam","Pummel","Ghostly","Ghostly","Shrug It Off","Corruption","Cleave","Twin Strike"],"relics_obtained":["Mark of the Bloom"]},{"damage_healed":0.0,"max_hp_gain":0.0,"max_hp_loss":0.0,"gold_gain":0.0,"event_name":"SensoryStone","player_choice":"Memory 1","floor":44.0,"gold_loss":0.0,"damage_taken":0.0},{"damage_healed":0,"gold_gain":0,"player_choice":"Ignored","damage_taken":0,"max_hp_gain":0,"max_hp_loss":0,"event_name":"Mysterious Sphere","floor":48,"gold_loss":0}],"is_beta":false,"boss_relics":[{"not_picked":["Fusion Hammer","Philosopher\u0027s Stone"],"picked":"Sozu"},{"not_picked":["Busted Crown","Pandora\u0027s Box"],"picked":"Tiny House"}],"items_purged_floors":[22,28],"is_endless":false,"potions_floor_spawned":[1,4,10,14,16,20,24,31,36,37,46],"killed_by":"Awakened One","ascension_level":15}}