{"host":"y0fby0q96ywik4sv","time":1607792956,"event":{"mods":["2.2 Compatiblity","BaseMod","Colored Map","Custom Start","DeckTracker","Highlight Path","Keyboard Shortcuts","Minty Spire (QoL Compilation)","Permanent Neow","Quick Restart","StSLib","SuperFastMode","everything is the same but u backflip on backflip"],"gold_per_floor":[14,25,40,40,52,52,87,87,110,120,131,147,147,177,177,256,256,271,271,271,288,228,253,253,282,319,40,40,51,51,84,84,84,84],"floor_reached":33,"playtime":1218,"items_purged":["Bash","Clumsy"],"score":545,"play_id":"b6e00d2b-a55f-47fb-a636-5d8e0603407d","local_time":"20201213020916","is_ascension_mode":true,"campfire_choices":[{"data":"Feed","floor":6.0,"key":"SMITH"},{"data":"Uppercut","floor":8.0,"key":"SMITH"},{"data":"Fire Breathing","floor":15.0,"key":"SMITH"},{"data":"Offering","floor":24.0,"key":"SMITH"},{"data":"Evolve","floor":30.0,"key":"SMITH"},{"data":"Body Slam","floor":32.0,"key":"SMITH"}],"circlet_count":0,"master_deck":["AscendersBane","Defend_R","Defend_R","Defend_R+1","Defend_R+1","Feed+1","Flame Barrier","Power Through","Bloodletting","Clothesline","Uppercut+1","Body Slam+1","True Grit","Fire Breathing+1","Power Through","Bludgeon","Shrug It Off","Bite","Bite","Bite","Bite","Bite","Offering+1","Evolve+1","Body Slam"],"relics":["Burning Blood","Happy Flower","Juzu Bracelet","Tiny Chest","Cursed Key","The Courier","Red Skull","MawBank","War Paint","Membership Card","Strawberry","Omamori","WarpedTongs","Toxic Egg 2"],"acts_visited":["Exordium","TheCity"],"potions_floor_usage":[33,33],"damage_taken":[{"damage":1.0,"enemies":"2 Louse","floor":1.0,"turns":4.0},{"damage":2.0,"enemies":"Jaw Worm","floor":2.0,"turns":4.0},{"damage":6.0,"enemies":"Cultist","floor":3.0,"turns":3.0},{"damage":20.0,"enemies":"Large Slime","floor":5.0,"turns":7.0},{"damage":24.0,"enemies":"Gremlin Nob","floor":7.0,"turns":4.0},{"damage":9.0,"enemies":"Looter","floor":10.0,"turns":2.0},{"damage":5.0,"enemies":"Exordium Thugs","floor":11.0,"turns":4.0},{"damage":10.0,"enemies":"Gremlin Gang","floor":12.0,"turns":5.0},{"damage":38.0,"enemies":"Lagavulin","floor":14.0,"turns":8.0},{"damage":33.0,"enemies":"Hexaghost","floor":16.0,"turns":12.0},{"damage":27.0,"enemies":"3 Byrds","floor":18.0,"turns":5.0},{"damage":15.0,"enemies":"Shell Parasite","floor":21.0,"turns":5.0},{"damage":81.0,"enemies":"Gremlin Leader","floor":23.0,"turns":11.0},{"damage":21.0,"enemies":"Slavers","floor":25.0,"turns":4.0},{"damage":12.0,"enemies":"Snake Plant","floor":29.0,"turns":3.0},{"damage":28.0,"enemies":"Gremlin Leader","floor":31.0,"turns":8.0},{"damage":63,"enemies":"Collector","floor":33,"turns":10}],"seed_played":"-351631968174403777","potions_obtained":[{"floor":3.0,"key":"BloodPotion"},{"floor":5.0,"key":"SteroidPotion"},{"floor":11.0,"key":"BlessingOfTheForge"},{"floor":13.0,"key":"Regen Potion"},{"floor":13.0,"key":"DuplicationPotion"},{"floor":18.0,"key":"Dexterity Potion"},{"floor":23.0,"key":"SteroidPotion"},{"floor":31.0,"key":"LiquidMemories"}],"is_trial":false,"path_per_floor":["M","M","M","?","M","R","E","R","T","M","M","M","?","E","R","B",null,"M","?","?","M","$","E","R","E","T","$","?","M","R","E","R","B"],"character_chosen":"IRONCLAD","items_purchased":["Membership Card","Strawberry","Omamori"],"campfire_rested":0,"item_purchase_floors":[27,27,27],"current_hp_per_floor":[80,86,89,94,83,83,65,65,65,66,71,71,92,64,64,52,98,81,81,81,76,76,25,25,24,24,31,31,31,31,30,30,0,0],"gold":84,"neow_bonus":"THREE_RARE_CARDS","is_daily":false,"chose_seed":false,"campfire_upgraded":6,"win_rate":0.0,"timestamp":1607792956,"path_taken":["M","M","M","?","M","R","E","R","T","M","M","M","?","E","R","BOSS","M","?","?","M","$","E","R","E","T","$","?","M","R","E","R","BOSS"],"items_purchased_type":["Relic","Relic","Relic"],"build_version":"2020-11-30","purchased_purges":2,"victory":false,"max_hp_per_floor":[83,86,89,94,97,97,97,97,97,101,105,109,109,113,113,113,113,117,81,81,81,81,81,81,85,85,92,92,92,92,92,92,92,92],"card_choices":[{"not_picked":["Reaper","Impervious"],"picked":"Feed","floor":0.0},{"not_picked":["Pommel Strike","Thunderclap"],"picked":"Flame Barrier","floor":1.0},{"not_picked":["Iron Wave","Wild Strike"],"picked":"Power Through","floor":2.0},{"not_picked":["Rupture","Pommel Strike"],"picked":"Bloodletting","floor":3.0},{"not_picked":["Entrench","Iron Wave"],"picked":"Clothesline","floor":5.0},{"not_picked":["Clothesline","Disarm"],"picked":"Uppercut","floor":7.0},{"not_picked":["Heavy Blade","Rage"],"picked":"Body Slam","floor":10.0},{"not_picked":["Rage","Sword Boomerang"],"picked":"True Grit","floor":11.0},{"not_picked":["Warcry","True Grit"],"picked":"Fire Breathing","floor":12.0},{"not_picked":["Havoc","Pommel Strike"],"picked":"Power Through","floor":14.0},{"not_picked":["Exhume","Juggernaut"],"picked":"Bludgeon","floor":16.0},{"not_picked":["Cleave","Disarm"],"picked":"Shrug It Off","floor":18.0},{"not_picked":["True Grit","Iron Wave","Cleave"],"picked":"SKIP","floor":21.0},{"not_picked":["Warcry","Disarm"],"picked":"Offering","floor":23.0},{"not_picked":["Thunderclap","Disarm+1","Intimidate"],"picked":"SKIP","floor":25.0},{"not_picked":["Rage+1","Armaments"],"picked":"Evolve","floor":29.0},{"not_picked":["Spot Weakness+1","Rupture"],"picked":"Body Slam","floor":31.0}],"player_experience":163973,"relics_obtained":[{"floor":7.0,"key":"Happy Flower"},{"floor":9.0,"key":"Juzu Bracelet"},{"floor":14.0,"key":"Tiny Chest"},{"floor":23.0,"key":"Red Skull"},{"floor":25.0,"key":"MawBank"},{"floor":26.0,"key":"War Paint"},{"floor":31.0,"key":"Toxic Egg 2"}],"event_choices":[{"damage_healed":0.0,"max_hp_gain":5.0,"max_hp_loss":0.0,"gold_gain":0.0,"event_name":"Big Fish","player_choice":"Donut","floor":4.0,"gold_loss":0.0,"damage_taken":0.0},{"damage_healed":0.0,"max_hp_gain":0.0,"max_hp_loss":0.0,"gold_gain":0.0,"event_name":"Lab","player_choice":"Got Potions","floor":13.0,"gold_loss":0.0,"damage_taken":0.0},{"damage_healed":0.0,"max_hp_gain":0.0,"max_hp_loss":36.0,"gold_gain":0.0,"event_name":"Vampires","player_choice":"Became a vampire","floor":19.0,"gold_loss":0.0,"damage_taken":0.0,"cards_obtained":["Bite","Bite","Bite","Bite","Bite"]},{"damage_healed":0.0,"max_hp_gain":0.0,"max_hp_loss":0.0,"gold_gain":0.0,"event_name":"The Mausoleum","player_choice":"Opened","floor":20.0,"gold_loss":0.0,"damage_taken":0.0,"relics_obtained":["The Courier"]},{"damage_healed":0.0,"max_hp_gain":0.0,"max_hp_loss":0.0,"gold_gain":0.0,"event_name":"Accursed Blacksmith","player_choice":"Rummage","floor":28.0,"gold_loss":0.0,"damage_taken":0.0,"relics_obtained":["WarpedTongs"],"cards_obtained":["Pain"]}],"is_beta":false,"boss_relics":[{"not_picked":["Busted Crown","Runic Cube"],"picked":"Cursed Key"}],"items_purged_floors":[22,27],"is_endless":false,"potions_floor_spawned":[3,5,11,14,18,23,31],"killed_by":"Collector","ascension_level":13}}