{"host":"j0a1jfichhxu8b8p","time":1607741074,"event":{"mods":["BaseMod","Colored Map","DeckTracker","Keyboard Shortcuts","Minty Spire (QoL Compilation)","Permanent Neow","everything is the same but u backflip on backflip"],"gold_per_floor":[111,127,139,153,3,3,15,47,47,60,60,88,54,83,83,180,180,198,211,111,111,130,130,164,164,164,193,193,68,83,101,101,200,200,200,200,215,225,6,41,41,74,124,162,174,11,44,44,44,44],"floor_reached":51,"playtime":2725,"items_purged":["Strike_P","Defend_P","Strike_P+1","Defend_P","Defend_P"],"score":1160,"play_id":"de0fcc8a-ef7d-4625-976a-80fd079662c2","local_time":"20201212114434","is_ascension_mode":true,"campfire_choices":[{"data":"Eruption","floor":6.0,"key":"SMITH"},{"data":"SandsOfTime","floor":11.0,"key":"SMITH"},{"data":"Adaptation","floor":15.0,"key":"SMITH"},{"data":"ForeignInfluence","floor":23.0,"key":"SMITH"},{"data":"MentalFortress","floor":28.0,"key":"SMITH"},{"data":"Scrawl","floor":32.0,"key":"SMITH"},{"data":"Scrawl","floor":41.0,"key":"SMITH"},{"floor":45,"key":"REST"},{"data":"Vault","floor":49,"key":"SMITH"}],"circlet_count":0,"master_deck":["Defend_P","Eruption+1","Vigilance","ForeignInfluence+1","Halt","LikeWater","FearNoEvil+1","SandsOfTime+1","Adaptation+1","MentalFortress+1","Scrawl+1","Brilliance","Scrawl+1","Madness","Madness","Vault+1","InnerPeace","Panacea+1"],"relics":["PureWater","Ginger","Meat on the Bone","Kunai","Bottled Flame","Black Star","Whetstone","Bronze Scales","Mercury Hourglass","GoldenEye","Potion Belt","SlaversCollar","Lantern","Thread and Needle","Anchor","StrikeDummy","MawBank","Toxic Egg 2","Happy Flower","Akabeko","Juzu Bracelet"],"acts_visited":["Exordium","TheCity","TheBeyond"],"potions_floor_usage":[50],"damage_taken":[{"damage":0.0,"enemies":"Cultist","floor":1.0,"turns":2.0},{"damage":0.0,"enemies":"2 Louse","floor":2.0,"turns":2.0},{"damage":3.0,"enemies":"Jaw Worm","floor":3.0,"turns":4.0},{"damage":0.0,"enemies":"Blue Slaver","floor":4.0,"turns":5.0},{"damage":0.0,"enemies":"Gremlin Gang","floor":7.0,"turns":3.0},{"damage":9.0,"enemies":"Lagavulin","floor":8.0,"turns":5.0},{"damage":0.0,"enemies":"Looter","floor":10.0,"turns":2.0},{"damage":5.0,"enemies":"3 Sentries","floor":12.0,"turns":6.0},{"damage":0.0,"enemies":"Lagavulin","floor":14.0,"turns":5.0},{"damage":30.0,"enemies":"Slime Boss","floor":16.0,"turns":8.0},{"damage":3.0,"enemies":"3 Byrds","floor":18.0,"turns":4.0},{"damage":16.0,"enemies":"2 Thieves","floor":19.0,"turns":4.0},{"damage":0.0,"enemies":"Centurion and Healer","floor":22.0,"turns":4.0},{"damage":32.0,"enemies":"Slavers","floor":24.0,"turns":6.0},{"damage":8.0,"enemies":"Gremlin Leader","floor":27.0,"turns":4.0},{"damage":21.0,"enemies":"Sentry and Sphere","floor":30.0,"turns":5.0},{"damage":3.0,"enemies":"Snecko","floor":31.0,"turns":3.0},{"damage":23.0,"enemies":"Collector","floor":33.0,"turns":7.0},{"damage":0.0,"enemies":"3 Shapes","floor":35.0,"turns":1.0},{"damage":14.0,"enemies":"Orb Walker","floor":37.0,"turns":2.0},{"damage":15.0,"enemies":"Spire Growth","floor":38.0,"turns":5.0},{"damage":0.0,"enemies":"Reptomancer","floor":40.0,"turns":4.0},{"damage":39.0,"enemies":"Nemesis","floor":42.0,"turns":6.0},{"damage":13.0,"enemies":"Reptomancer","floor":44.0,"turns":4.0},{"damage":0,"enemies":"Giant Head","floor":47,"turns":6},{"damage":16,"enemies":"Awakened One","floor":50,"turns":4}],"seed_played":"2753402088887236281","potions_obtained":[{"floor":1.0,"key":"DuplicationPotion"},{"floor":7.0,"key":"SteroidPotion"},{"floor":8.0,"key":"SteroidPotion"},{"floor":16.0,"key":"Block Potion"},{"floor":24.0,"key":"SmokeBomb"},{"floor":31.0,"key":"SpeedPotion"},{"floor":33.0,"key":"DistilledChaos"},{"floor":37.0,"key":"Weak Potion"},{"floor":38.0,"key":"Explosive Potion"}],"is_trial":false,"path_per_floor":["M","M","M","M","$","R","M","E","T","M","R","E","$","E","R","B",null,"M","M","$","?","M","R","E","?","T","E","R","$","M","M","R","B",null,"M","?","M","M","$","E","R","E","T","E","R","$","E","?","R","B",null],"character_chosen":"WATCHER","items_purchased":["Adaptation","MentalFortress","Vault"],"campfire_rested":1,"item_purchase_floors":[5,13,39],"current_hp_per_floor":[65,65,62,62,62,62,62,53,53,53,53,48,48,48,48,30,62,59,43,43,67,67,67,47,47,47,39,39,39,30,39,39,28,61,61,52,38,35,35,47,47,20,20,19,40,40,40,30,30,26],"gold":44,"neow_bonus":"TRANSFORM_CARD","is_daily":false,"chose_seed":false,"campfire_upgraded":8,"win_rate":0.0,"timestamp":1607741074,"path_taken":["M","M","?","M","$","R","M","E","T","M","R","E","$","E","R","BOSS","M","M","$","?","M","R","E","?","T","E","R","$","?","M","R","BOSS","M","?","M","M","$","E","R","E","T","E","R","$","E","?","R","BOSS"],"items_purchased_type":["Card","Card","Card"],"build_version":"2020-11-30","purchased_purges":5,"victory":true,"max_hp_per_floor":[72,72,72,72,72,72,72,72,72,72,72,72,72,72,72,72,72,72,72,72,72,72,72,72,72,72,72,72,72,72,72,72,72,72,72,72,72,72,72,72,72,72,72,72,72,72,72,72,72,72],"card_choices":[{"not_picked":["FlurryOfBlows","Crescendo"],"picked":"Halt","floor":1.0},{"not_picked":["Halt","Meditate"],"picked":"LikeWater","floor":2.0},{"not_picked":["Fasting2","Perseverance"],"picked":"FearNoEvil","floor":3.0},{"not_picked":["ReachHeaven","FlurryOfBlows"],"picked":"SandsOfTime","floor":4.0},{"not_picked":["EmptyBody","Consecrate","Crescendo"],"picked":"SKIP","floor":7.0},{"not_picked":["Weave","EmptyBody","ClearTheMind"],"picked":"SKIP","floor":8.0},{"not_picked":["Prostrate","Nirvana","Wish"],"picked":"SKIP","floor":10.0},{"not_picked":["FearNoEvil","Consecrate","ForeignInfluence"],"picked":"SKIP","floor":12.0},{"not_picked":["Crescendo","Vengeance","Protect"],"picked":"SKIP","floor":14.0},{"not_picked":["SashWhip","SignatureMove+1","Sanctity"],"picked":"SKIP","floor":18.0},{"not_picked":["BowlingBash","Evaluate","Tantrum"],"picked":"SKIP","floor":19.0},{"not_picked":["Worship","Wallop","FlyingSleeves"],"picked":"SKIP","floor":22.0},{"not_picked":["Protect","EmptyBody"],"picked":"Scrawl","floor":24.0},{"not_picked":["CutThroughFate","JustLucky+1","ClearTheMind"],"picked":"SKIP","floor":27.0},{"not_picked":["CutThroughFate","EmptyBody","Nirvana"],"picked":"SKIP","floor":30.0},{"not_picked":["SashWhip","WindmillStrike","Crescendo"],"picked":"SKIP","floor":31.0},{"not_picked":["Judgement","Devotion"],"picked":"Scrawl","floor":33.0},{"not_picked":["Collect","CrushJoints+1","Protect+1"],"picked":"SKIP","floor":37.0},{"not_picked":["Protect","FlyingSleeves","Study"],"picked":"SKIP","floor":38.0},{"not_picked":["Crescendo+1","Alpha","DeceiveReality+1"],"picked":"SKIP","floor":40.0},{"not_picked":["Evaluate+1","EmptyFist+1"],"picked":"InnerPeace","floor":42.0},{"not_picked":["Halt+1","JustLucky","CutThroughFate"],"picked":"SKIP","floor":44},{"not_picked":["WreathOfFlame+1","TalkToTheHand+1","CrushJoints"],"picked":"SKIP","floor":47},{"not_picked":["Finesse+1","Blind+1"],"picked":"Panacea+1","floor":48}],"player_experience":284231,"relics_obtained":[{"floor":8.0,"key":"Ginger"},{"floor":9.0,"key":"Meat on the Bone"},{"floor":12.0,"key":"Kunai"},{"floor":14.0,"key":"Bottled Flame"},{"floor":24.0,"key":"Whetstone"},{"floor":24.0,"key":"Bronze Scales"},{"floor":26.0,"key":"Mercury Hourglass"},{"floor":27.0,"key":"GoldenEye"},{"floor":27.0,"key":"Potion Belt"},{"floor":40.0,"key":"Lantern"},{"floor":40.0,"key":"Thread and Needle"},{"floor":42.0,"key":"Anchor"},{"floor":42.0,"key":"StrikeDummy"},{"floor":43.0,"key":"MawBank"},{"floor":44,"key":"Toxic Egg 2"},{"floor":44,"key":"Happy Flower"},{"floor":47,"key":"Akabeko"},{"floor":47,"key":"Juzu Bracelet"}],"event_choices":[{"damage_healed":24.0,"max_hp_gain":0.0,"max_hp_loss":0.0,"gold_gain":0.0,"event_name":"The Library","player_choice":"Heal","floor":21.0,"gold_loss":0.0,"damage_taken":0.0},{"damage_healed":0.0,"max_hp_gain":0.0,"max_hp_loss":0.0,"gold_gain":0.0,"cards_transformed":["Strike_P"],"event_name":"Transmorgrifier","player_choice":"Transformed","floor":25.0,"gold_loss":0.0,"damage_taken":0.0,"cards_obtained":["Brilliance"]},{"damage_healed":0.0,"max_hp_gain":0.0,"max_hp_loss":0.0,"gold_gain":0.0,"event_name":"Winding Halls","player_choice":"Embrace Madness","floor":36.0,"gold_loss":0.0,"damage_taken":9.0,"cards_obtained":["Madness","Madness"]},{"damage_healed":0,"gold_gain":0,"player_choice":"Memory 3","damage_taken":10,"max_hp_gain":0,"max_hp_loss":0,"event_name":"SensoryStone","floor":48,"gold_loss":0}],"is_beta":false,"boss_relics":[{"not_picked":["Cursed Key","VioletLotus"],"picked":"Black Star"},{"not_picked":["Calling Bell","Astrolabe"],"picked":"SlaversCollar"}],"items_purged_floors":[5,20,29,39,46],"is_endless":false,"potions_floor_spawned":[1,7,8,12,16,22,24,31,33,37,38],"ascension_level":6}}