{"host":"Ian","time":1607814332,"event":{"mods":["BaseMod","Bestiary","Block Reminder","Colored Map","Highlight Path","Key Reminder","Minty Spire (QoL Compilation)","Relic Stats"],"gold_per_floor":[110,110,129,54,72,116,139,139,139,170,184,184,224,242,242,242,242],"floor_reached":16,"playtime":600,"items_purged":["Injury"],"score":244,"play_id":"f2191a80-cbb2-4125-afb7-1880b3692378","local_time":"20201212230532","is_ascension_mode":true,"campfire_choices":[{"data":"Bludgeon","floor":8,"key":"SMITH"},{"floor":15,"key":"REST"}],"circlet_count":0,"master_deck":["AscendersBane","Strike_R","Strike_R","Strike_R","Strike_R","Strike_R","Defend_R","Defend_R","Defend_R","Defend_R","Bash","Bludgeon+1","Power Through","Double Tap","True Grit","Burning Pact"],"relics":["Burning Blood","Golden Idol","Smiling Mask","keyreminder:keyreminder","Unceasing Top","Ornamental Fan","The Courier"],"acts_visited":["Exordium"],"potions_floor_usage":[6,10,11,16,16],"damage_taken":[{"damage":10,"enemies":"Small Slimes","floor":1,"turns":4},{"damage":7,"enemies":"Jaw Worm","floor":3,"turns":3},{"damage":1,"enemies":"Cultist","floor":5,"turns":3},{"damage":8,"enemies":"Gremlin Nob","floor":6,"turns":3},{"damage":12,"enemies":"Exordium Wildlife","floor":7,"turns":4},{"damage":35,"enemies":"Lagavulin","floor":10,"turns":5},{"damage":15,"enemies":"3 Louse","floor":11,"turns":5},{"damage":8,"enemies":"Gremlin Nob","floor":13,"turns":3},{"damage":20,"enemies":"Gremlin Gang","floor":14,"turns":6},{"damage":42,"enemies":"The Guardian","floor":16,"turns":16}],"seed_played":"-5364347327190450281","potions_obtained":[{"floor":3,"key":"Energy Potion"},{"floor":5,"key":"BloodPotion"},{"floor":6,"key":"GamblersBrew"},{"floor":10,"key":"FearPotion"},{"floor":13,"key":"BlessingOfTheForge"}],"is_trial":false,"path_per_floor":["M","?","M","$","M","E","M","R","T","E","M","T","E","M","R","B"],"character_chosen":"IRONCLAD","items_purchased":[],"campfire_rested":1,"item_purchase_floors":[],"current_hp_per_floor":[64,64,63,63,68,66,60,60,60,44,35,35,33,19,39,0,0],"gold":242,"neow_bonus":"THREE_RARE_CARDS","is_daily":false,"chose_seed":false,"campfire_upgraded":1,"win_rate":0.0,"timestamp":1607814332,"path_taken":["M","?","M","$","M","E","M","R","T","E","M","?","E","M","R","BOSS"],"items_purchased_type":[],"build_version":"2020-12-07","purchased_purges":1,"victory":false,"max_hp_per_floor":[75,68,68,68,68,68,68,68,68,68,68,68,68,68,68,68,68],"relic_stats":{"counters":[10,52],"Golden Idol":43,"Ornamental Fan":[4],"Smiling Mask":0,"obtain_stats":[{"keyreminder:keyreminder":9,"Golden Idol":2,"Ornamental Fan":12,"The Courier":13,"Smiling Mask":6,"Burning Blood":0,"Unceasing Top":10},{"keyreminder:keyreminder":5,"Golden Idol":1,"Ornamental Fan":7,"The Courier":8,"Smiling Mask":4,"Burning Blood":0,"Unceasing Top":6},{"keyreminder:keyreminder":17,"Golden Idol":4,"Ornamental Fan":27,"The Courier":30,"Smiling Mask":13,"Burning Blood":0,"Unceasing Top":22}],"Burning Blood":54,"Unceasing Top":[0]},"card_choices":[{"not_picked":["Berserk","Corruption"],"picked":"Bludgeon","floor":0},{"not_picked":["True Grit","Evolve"],"picked":"Power Through","floor":1},{"not_picked":["Twin Strike","Iron Wave","Rupture"],"picked":"SKIP","floor":3},{"not_picked":["Spot Weakness","Wild Strike","Clothesline"],"picked":"SKIP","floor":5},{"not_picked":["Thunderclap","Iron Wave","Heavy Blade"],"picked":"SKIP","floor":6},{"not_picked":["Whirlwind","Perfected Strike","Sword Boomerang"],"picked":"SKIP","floor":7},{"not_picked":["Shockwave","Reaper"],"picked":"Double Tap","floor":10},{"not_picked":["Perfected Strike","Havoc"],"picked":"True Grit","floor":11},{"not_picked":["Body Slam","Blood for Blood"],"picked":"Burning Pact","floor":13},{"not_picked":["Twin Strike","Whirlwind","Heavy Blade"],"picked":"SKIP","floor":14}],"player_experience":2512737,"relics_obtained":[{"floor":6,"key":"Smiling Mask"},{"floor":10,"key":"Unceasing Top"},{"floor":12,"key":"Ornamental Fan"},{"floor":13,"key":"The Courier"}],"event_choices":[{"damage_healed":0,"gold_gain":0,"player_choice":"Lose Max HP","damage_taken":0,"relics_obtained":["Golden Idol"],"max_hp_gain":0,"max_hp_loss":7,"event_name":"Golden Idol","floor":2,"gold_loss":0}],"is_beta":true,"boss_relics":[],"items_purged_floors":[4],"is_endless":false,"potions_floor_spawned":[3,5,6,10,13],"killed_by":"The Guardian","ascension_level":20}}