{"host":"4c7oxphrh4ok8x7u","time":1607792378,"event":{"mods":["2.2 Compatiblity","Act Like it!","Aspiration","BaseMod","Better Skull","Better Vampires","BetterRewards","Challenge The Spire","Conjunction","Conspire","Custom Start","Dota2Spire","Friendly Minions","FruityMod","GifTheSpireLib","Halation","Hermit","HololiveMod","Hubris","Hyrulean Relics","Jedi Mod","Kratos Character Expansion","Minty Spire (QoL Compilation)","MostiFishMod","Permanent Neow","Prisma Mod","Quarter Circle Forward PUNCH!","RatMod","Replay The Spire","Robot Space Explorer","SCP261 Mod","Shade Mod","Slay the Relics Exporter","Small Relic Pack","Spicy Shops","Spikes Relics","Spires And Sneckos","StSLib","Stuff the Spire","The Animator","The Blue Laboratory","The Death Knight","The Edgeheg","The Fake Hero","TheWitcher","Wandering Minibosses"],"gold_per_floor":[118,135,147,159,6,41,53,81,81,93,105,133,133,152,152,257,257,271,284,67,78,90,116,116,16,67,396,396,396,413,426,426,527,527,546,30,0,14,14,48,48,48,97,129,129,148,148,166,166,166,166,166,50,75,75],"floor_reached":56,"playtime":3717,"items_purged":["RobotSpaceExplorer:Strike","RobotSpaceExplorer:Strike","RobotSpaceExplorer:Defend","RobotSpaceExplorer:Defend","RobotSpaceExplorer:Strike"],"score":1621,"play_id":"dfcad6c6-9d7b-4bd4-a105-5cedfe091116","local_time":"20201212195938","is_ascension_mode":false,"campfire_choices":[{"data":"RobotSpaceExplorer:StarLightning","floor":13,"key":"SMITH"},{"data":"RobotSpaceExplorer:StarLightning","floor":15,"key":"SMITH"},{"data":"RobotSpaceExplorer:StarLightning","floor":28,"key":"SMITH"},{"floor":41,"key":"RECALL"},{"data":"RobotSpaceExplorer:Defend","floor":49,"key":"PURGE"},{"data":"RobotSpaceExplorer:StarLightning","floor":52,"key":"SMITH"}],"circlet_count":0,"master_deck":["RobotSpaceExplorer:Scan","RobotSpaceExplorer:MiniLasers","RobotSpaceExplorer:Fix","RobotSpaceExplorer:StarLightning+1","RobotSpaceExplorer:MiniDrones","RobotSpaceExplorer:StarLightning+1","RobotSpaceExplorer:ScrapShield","RobotSpaceExplorer:StarLightning+1","RobotSpaceExplorer:TrailblazerForm","RobotSpaceExplorer:StarLightning+1","RobotSpaceExplorer:PowerCollector","RobotSpaceExplorer:StarLightning+1","RobotSpaceExplorer:SurgingShield","RobotSpaceExplorer:StarDust+1"],"relics":["RobotSpaceExplorer:RoboCore","DaveBox","aspiration:Nostalgia","SpiresAndSneckos:StoneHearth","ExusiaiGun","Question Card","relicPack:SpireResearchBook","jedi:crownofsimplicity","qcfpunch:Red_Gi","hubris:TinFlute","Tiny Chest","ImportantClient","Sandwich","Replay:Multitool","jedi:shrinkray","Happy Flower","Old Coin","Painkiller Herb","hubris:TenFootPole","jedi:cryingmask","Red Mask","Replay:Rubber Ducky","Du-Vu Doll","MealTicket","Dota2Spire:EchoSabre","StuffTheSpire:SapphireSignet"],"acts_visited":[],"potions_floor_usage":[30,44],"damage_taken":[{"damage":0,"enemies":"2 Louse","floor":1,"turns":1},{"damage":0,"enemies":"Jaw Worm","floor":2,"turns":1},{"damage":5,"enemies":"conspire:RoseBush","floor":3,"turns":1},{"damage":0,"enemies":"Red Slaver","floor":4,"turns":1},{"damage":2,"enemies":"3 Sentries","floor":6,"turns":5},{"damage":0,"enemies":"Blue Slaver","floor":7,"turns":1},{"damage":0,"enemies":"Gremlin Nob","floor":8,"turns":2},{"damage":0,"enemies":"Large Slime","floor":10,"turns":2},{"damage":0,"enemies":"3 Louse","floor":11,"turns":1},{"damage":0,"enemies":"Lagavulin","floor":12,"turns":1},{"damage":0,"enemies":"Lots of Slimes","floor":14,"turns":1},{"damage":0,"enemies":"Hexaghost","floor":16,"turns":3},{"damage":0,"enemies":"2 Thieves","floor":18,"turns":1},{"damage":0,"enemies":"Chosen","floor":19,"turns":1},{"damage":0,"enemies":"Snake Plant","floor":21,"turns":1},{"damage":0,"enemies":"Cultist and Chosen","floor":22,"turns":1},{"damage":0,"enemies":"conspire:Head Lice","floor":23,"turns":1},{"damage":0,"enemies":"Gremlin Leader","floor":27,"turns":1},{"damage":1,"enemies":"conspire:HollyBat","floor":30,"turns":7},{"damage":0,"enemies":"Chosen and Byrds","floor":31,"turns":1},{"damage":0,"enemies":"conspire:MysteriousRune","floor":33,"turns":2},{"damage":0,"enemies":"3 Darklings","floor":35,"turns":2},{"damage":0,"enemies":"Orb Walker","floor":38,"turns":1},{"damage":0,"enemies":"Nemesis","floor":40,"turns":1},{"damage":0,"enemies":"R_Hoarder","floor":44,"turns":3},{"damage":0,"enemies":"Spire Growth","floor":46,"turns":1},{"damage":0,"enemies":"3 Darklings","floor":48,"turns":1},{"damage":6,"enemies":"Awakened One","floor":50,"turns":5},{"damage":0,"enemies":"Shield and Spear","floor":54,"turns":1},{"damage":42,"enemies":"The Heart","floor":55,"turns":5}],"seed_played":"-2704166667902927509","potions_obtained":[{"floor":4,"key":"Ancient Potion"},{"floor":7,"key":"Dota2Spire:HealingSalve"},{"floor":12,"key":"blueLaboratory:FrostheartPotion"},{"floor":40,"key":"Fire Potion"}],"is_trial":false,"path_per_floor":["M","M","M","M","$","E","M","E","T","M","M","E","R","M","R","B",null,"M","M","$","M","M","E","R","$","T","E","R","?","M","M","R","B",null,"?","T","?","?","?","E","T","T","T","E","T","?","?","?","T","B",null,"T","T","E","B",null],"character_chosen":"RobotSpaceExplorer","items_purchased":["relicPack:SpireResearchBook","Replay:Multitool","hubris:TenFootPole","jedi:cryingmask","Dota2Spire:EchoSabre"],"campfire_rested":0,"item_purchase_floors":[5,20,36,36,53],"current_hp_per_floor":[75,75,70,70,70,72,72,75,75,75,75,75,75,75,75,75,75,75,75,75,75,75,75,75,75,75,75,75,75,74,74,74,74,75,75,75,75,75,75,75,75,75,75,75,75,75,75,75,75,73,75,75,75,75,33],"gold":75,"neow_bonus":"NOSTALGIA","is_daily":false,"chose_seed":false,"campfire_upgraded":4,"win_rate":0.0,"timestamp":1607792378,"path_taken":["M","M","M","M","$","E","M","E","T","M","M","E","R","M","R","BOSS","M","M","$","M","M","E","R","$","T","E","R","?","M","M","R","BOSS","?","T","?","?","?","E","T","T","T","E","?","?","?","?","T","BOSS","T","T","E","BOSS"],"items_purchased_type":["Relic","Relic","Relic","Relic","Relic"],"build_version":"2020-11-30","purchased_purges":5,"victory":true,"max_hp_per_floor":[75,75,75,75,75,75,75,75,75,75,75,75,75,75,75,75,75,75,75,75,75,75,75,75,75,75,75,75,75,75,75,75,75,75,75,75,75,75,75,75,75,75,75,75,75,75,75,75,75,75,75,75,75,75,75],"card_choices":[{"not_picked":["RobotSpaceExplorer:StunGrenade","RobotSpaceExplorer:GlueShot","RobotSpaceExplorer:ShovelStrike"],"picked":"SKIP","floor":1},{"not_picked":["RobotSpaceExplorer:StunGrenade","RobotSpaceExplorer:FranticSearch","RobotSpaceExplorer:ScrapMissile"],"picked":"RobotSpaceExplorer:Fix","floor":2},{"not_picked":["RobotSpaceExplorer:ShovelStrike","RobotSpaceExplorer:GlueShot","RobotSpaceExplorer:ScrapMissile"],"picked":"RobotSpaceExplorer:StarLightning","floor":3},{"not_picked":["RobotSpaceExplorer:SlimeMissile","RobotSpaceExplorer:Pulsar","RobotSpaceExplorer:ScrapMissile"],"picked":"RobotSpaceExplorer:MiniDrones","floor":4},{"not_picked":["RobotSpaceExplorer:Counterblock","RobotSpaceExplorer:JunkDive","RobotSpaceExplorer:Pulsar"],"picked":"RobotSpaceExplorer:StarLightning","floor":6},{"not_picked":["RobotSpaceExplorer:StunGrenade","RobotSpaceExplorer:PlasmaMissile","RobotSpaceExplorer:MetalStrike"],"picked":"RobotSpaceExplorer:Fix","floor":7},{"not_picked":["RobotSpaceExplorer:SurgingStrike","RobotSpaceExplorer:Electroshield","RobotSpaceExplorer:BigMissile"],"picked":"RobotSpaceExplorer:ScrapShield","floor":8},{"not_picked":["RobotSpaceExplorer:MiniDrones","RobotSpaceExplorer:Discharger","RobotSpaceExplorer:FrostMissile","RobotSpaceExplorer:Counterblock"],"picked":"SKIP","floor":10},{"not_picked":["RobotSpaceExplorer:StunGrenade","RobotSpaceExplorer:MetalStrike","RobotSpaceExplorer:ExhaustFan","RobotSpaceExplorer:ShovelStrike"],"picked":"SKIP","floor":11},{"not_picked":["RobotSpaceExplorer:FreezeRay","RobotSpaceExplorer:GearShield","RobotSpaceExplorer:Accelerator"],"picked":"RobotSpaceExplorer:StarLightning","floor":12},{"not_picked":["RobotSpaceExplorer:ScrapMissile","RobotSpaceExplorer:PowerCollector","RobotSpaceExplorer:FrostMissile","RobotSpaceExplorer:SurgingShield"],"picked":"SKIP","floor":14},{"not_picked":["RobotSpaceExplorer:Multitool","RobotSpaceExplorer:Blaster","RobotSpaceExplorer:Wormhole"],"picked":"RobotSpaceExplorer:TrailblazerForm","floor":16},{"not_picked":["RobotSpaceExplorer:PowerGlove","RobotSpaceExplorer:Probe","RobotSpaceExplorer:ExhaustFan","RobotSpaceExplorer:BigMissile+1"],"picked":"SKIP","floor":18},{"not_picked":["RobotSpaceExplorer:StunGrenade","RobotSpaceExplorer:ShovelStrike","RobotSpaceExplorer:FranticSearch"],"picked":"RobotSpaceExplorer:StarLightning","floor":19},{"not_picked":["RobotSpaceExplorer:ShovelStrike","RobotSpaceExplorer:MiniDrones","RobotSpaceExplorer:MetalStrike","RobotSpaceExplorer:SurgingStrike"],"picked":"SKIP","floor":21},{"not_picked":["RobotSpaceExplorer:IronShell","RobotSpaceExplorer:ShockKick","RobotSpaceExplorer:BigMissile","RobotSpaceExplorer:Reload"],"picked":"SKIP","floor":22},{"not_picked":["RobotSpaceExplorer:Arsenal","RobotSpaceExplorer:SlimeMissile","RobotSpaceExplorer:Counterblock+1","RobotSpaceExplorer:BigMissile"],"picked":"SKIP","floor":23},{"not_picked":["RobotSpaceExplorer:PlasmaMissile","RobotSpaceExplorer:FrostMissile+1","RobotSpaceExplorer:MetalStrike+1","RobotSpaceExplorer:ScrapMissile"],"picked":"SKIP","floor":27},{"not_picked":["RobotSpaceExplorer:SelfCleaning","RobotSpaceExplorer:IronShell","RobotSpaceExplorer:ScrapMissile","RobotSpaceExplorer:FranticSearch"],"picked":"SKIP","floor":30},{"not_picked":["RobotSpaceExplorer:Reload","RobotSpaceExplorer:MakeshiftVolley","RobotSpaceExplorer:LuckyStrike+1","RobotSpaceExplorer:SlimeMissile+1"],"picked":"SKIP","floor":31},{"not_picked":["RobotSpaceExplorer:IronShell","RobotSpaceExplorer:Pulsar","RobotSpaceExplorer:ScrapShield+1","RobotSpaceExplorer:StarDust+1"],"picked":"SKIP","floor":35},{"not_picked":["RobotSpaceExplorer:TurboDodge","RobotSpaceExplorer:Probe","RobotSpaceExplorer:MakeshiftVolley+1"],"picked":"RobotSpaceExplorer:StarLightning+1","floor":38},{"not_picked":["RobotSpaceExplorer:FrostMissile+1","RobotSpaceExplorer:SurgingShield","RobotSpaceExplorer:SurgingStrike","RobotSpaceExplorer:Counterblock+1"],"picked":"SKIP","floor":40},{"not_picked":["RobotSpaceExplorer:IronShell","RobotSpaceExplorer:ToxicBomb","RobotSpaceExplorer:FreezeRay+1","RobotSpaceExplorer:DoubleBlock+1"],"picked":"SKIP","floor":44},{"not_picked":["RobotSpaceExplorer:ScrapMissile+1","RobotSpaceExplorer:Jetpack+1","RobotSpaceExplorer:SurgingStrike+1"],"picked":"RobotSpaceExplorer:StarDust+1","floor":46},{"not_picked":["RobotSpaceExplorer:Ammunition+1","RobotSpaceExplorer:GlueSpray+1","RobotSpaceExplorer:DoubleBlock","RobotSpaceExplorer:Probe"],"picked":"SKIP","floor":48},{"not_picked":["RobotSpaceExplorer:StarDust","RobotSpaceExplorer:ShockKick","RobotSpaceExplorer:SurgingShield+1","RobotSpaceExplorer:Exploration"],"picked":"SKIP","floor":54}],"player_experience":559325,"relics_obtained":[{"floor":1,"key":"Question Card"},{"floor":6,"key":"jedi:crownofsimplicity"},{"floor":8,"key":"qcfpunch:Red_Gi"},{"floor":9,"key":"hubris:TinFlute"},{"floor":12,"key":"Tiny Chest"},{"floor":16,"key":"ImportantClient"},{"floor":23,"key":"jedi:shrinkray"},{"floor":26,"key":"Happy Flower"},{"floor":27,"key":"Old Coin"},{"floor":40,"key":"Replay:Rubber Ducky"},{"floor":44,"key":"Du-Vu Doll"},{"floor":45,"key":"MealTicket"},{"floor":54,"key":"StuffTheSpire:SapphireSignet"}],"event_choices":[{"cards_removed":["RobotSpaceExplorer:Strike"],"damage_healed":0,"gold_gain":0,"player_choice":"Elegance","damage_taken":0,"max_hp_gain":0,"max_hp_loss":0,"event_name":"Back to Basics","floor":29,"gold_loss":0},{"damage_healed":0,"gold_gain":0,"player_choice":"Paid","damage_taken":0,"relics_obtained":["Red Mask"],"max_hp_gain":0,"max_hp_loss":0,"event_name":"Tomb of Lord Red Mask","floor":37,"gold_loss":30},{"damage_healed":0,"gold_gain":0,"cards_transformed":["RobotSpaceExplorer:Fix"],"player_choice":"Transformed","damage_taken":0,"max_hp_gain":0,"max_hp_loss":0,"event_name":"Transmorgrifier","floor":39,"gold_loss":0,"cards_obtained":["RobotSpaceExplorer:SurgingShield"]}],"is_beta":false,"boss_relics":[{"not_picked":["halation:Risk","BirthdayGift-Icosahedron"],"picked":"Sandwich"},{"not_picked":["relicPack:KazumaCape","RobotSpaceExplorer:TurboCore"],"picked":"Painkiller Herb"}],"items_purged_floors":[20,20,25,36,36],"is_endless":false,"potions_floor_spawned":[4,7,8,10,11,12,18,22,27,33,40,44],"ascension_level":0}}