{"host":"899crud3100o27sg","time":1607735468,"event":{"mods":["BaseMod","Better Third Choice","Colored Map","Colored Powertips","Downfall","Minty Spire (QoL Compilation)","Quick Restart","Relic Stats","Shop Mod","StSLib","The IronCluck"],"gold_per_floor":[111,11,11,28,48,73,83,117,117,117,136,136,152,165,165,240,240,259,269,288,300,300,325,325,360,432,432,442,461,461,461],"floor_reached":30,"playtime":2048,"items_purged":["Defend_R"],"score":526,"play_id":"cf5305cf-9ccf-49d8-b884-e5470f26c04c","local_time":"20201212114108","is_ascension_mode":true,"campfire_choices":[{"data":"Bash","floor":12.0,"key":"SMITH"},{"data":"Impervious","floor":15.0,"key":"SMITH"},{"floor":24,"key":"REST"},{"floor":27,"key":"REST"}],"circlet_count":0,"master_deck":["AscendersBane","Strike_R","Strike_R","Strike_R","Strike_R","Strike_R","Defend_R","Defend_R","Bash+1","Clash","Clash","Clash","Impervious+1","Clothesline","Second Wind","Anger","Second Wind","Clash","Clash","Clash","Impervious","True Grit+1","Warcry","Sever Soul","Disarm","Impervious","Sever Soul","Anger","Flame Barrier"],"relics":["Burning Blood","Pear","Sundial","Gremlin Horn","Fusion Hammer","Kunai","StrikeDummy","The Courier"],"acts_visited":["Exordium","TheCity"],"potions_floor_usage":[20,23,28],"damage_taken":[{"damage":7.0,"enemies":"2 Louse","floor":1.0,"turns":3.0},{"damage":0.0,"enemies":"Jaw Worm","floor":4.0,"turns":3.0},{"damage":5.0,"enemies":"Small Slimes","floor":5.0,"turns":3.0},{"damage":10.0,"enemies":"Lagavulin","floor":6.0,"turns":5.0},{"damage":2.0,"enemies":"2 Fungi Beasts","floor":7.0,"turns":3.0},{"damage":21.0,"enemies":"Gremlin Nob","floor":8.0,"turns":4.0},{"damage":0.0,"enemies":"Red Slaver","floor":11.0,"turns":1.0},{"damage":9.0,"enemies":"Blue Slaver","floor":13.0,"turns":3.0},{"damage":4.0,"enemies":"2 Fungi Beasts","floor":14.0,"turns":2.0},{"damage":44.0,"enemies":"The Guardian","floor":16.0,"turns":8.0},{"damage":0.0,"enemies":"2 Thieves","floor":18.0,"turns":4.0},{"damage":19,"enemies":"Spheric Guardian","floor":19,"turns":4},{"damage":46,"enemies":"Shelled Parasite and Fungi","floor":20,"turns":5},{"damage":0,"enemies":"Snake Plant","floor":21,"turns":3},{"damage":16,"enemies":"Book of Stabbing","floor":23,"turns":5},{"damage":32,"enemies":"Slavers","floor":25,"turns":5},{"damage":21,"enemies":"Cultist and Chosen","floor":28,"turns":7},{"damage":13,"enemies":"3 Cultists","floor":29,"turns":4},{"damage":43,"enemies":"Gremlin Leader","floor":30,"turns":6}],"seed_played":"-1152455224653875640","potions_obtained":[{"floor":5.0,"key":"Regen Potion"},{"floor":6.0,"key":"CultistPotion"},{"floor":14.0,"key":"sneckomod:MuddlingPotion"},{"floor":16.0,"key":"PowerPotion"},{"floor":21,"key":"SkillPotion"}],"is_trial":false,"path_per_floor":["M","$","?","M","M","E","M","E","T","?","M","R","M","M","R","B",null,"M","M","M","M","?","E","R","E","T","R","M","M","E"],"character_chosen":"IRONCLAD","items_purchased":["Clash"],"campfire_rested":2,"item_purchase_floors":[2],"current_hp_per_floor":[67,67,67,73,74,80,84,69,69,74,80,80,77,79,79,41,78,84,71,40,46,46,36,63,37,37,64,49,42,0,0],"gold":461,"neow_bonus":"THREE_CARDS","is_daily":false,"chose_seed":false,"campfire_upgraded":2,"win_rate":0.0,"timestamp":1607735468,"path_taken":["M","$","?","M","M","E","M","E","T","?","M","R","M","?","R","BOSS","M","M","M","M","?","E","R","E","T","R","M","M","E"],"items_purchased_type":["Card"],"build_version":"2020-11-30","purchased_purges":1,"victory":false,"max_hp_per_floor":[75,75,75,75,75,85,85,85,85,90,90,90,90,90,90,90,90,90,90,90,90,90,90,90,90,90,90,90,90,90,90],"relic_stats":{"Gremlin Horn":[14,14],"counters":[19,78],"Sundial":[4],"Kunai":[14],"obtain_stats":[{"Pear":6,"Gremlin Horn":9,"Sundial":8,"Fusion Hammer":17,"The Courier":26,"Kunai":23,"StrikeDummy":25,"Burning Blood":0},{"Pear":4,"Gremlin Horn":6,"Sundial":6,"Fusion Hammer":10,"The Courier":16,"Kunai":15,"StrikeDummy":16,"Burning Blood":0},{"Pear":14,"Gremlin Horn":21,"Sundial":21,"Fusion Hammer":35,"The Courier":61,"Kunai":56,"StrikeDummy":61,"Burning Blood":0}],"Burning Blood":108},"card_choices":[{"not_picked":["Iron Wave","Headbutt"],"picked":"Clash","floor":0.0},{"not_picked":["Perfected Strike","Whirlwind"],"picked":"Clash","floor":1.0},{"not_picked":["Pommel Strike","Wild Strike"],"picked":"Clothesline","floor":4.0},{"not_picked":["Twin Strike","Blood for Blood"],"picked":"Second Wind","floor":5.0},{"not_picked":["Cleave","Rupture"],"picked":"Anger","floor":6.0},{"not_picked":["Shrug It Off","Sword Boomerang"],"picked":"Second Wind","floor":7.0},{"not_picked":["Hemokinesis","Berserk"],"picked":"Clash","floor":8.0},{"not_picked":["Intimidate","Headbutt"],"picked":"Clash","floor":11.0},{"not_picked":["Rupture","Clothesline","Blood for Blood"],"picked":"SKIP","floor":13.0},{"not_picked":["Headbutt","Iron Wave"],"picked":"Clash","floor":14.0},{"not_picked":["Offering","Barricade"],"picked":"Impervious","floor":16.0},{"not_picked":["Iron Wave","Flex"],"picked":"True Grit+1","floor":18.0},{"not_picked":["True Grit","Evolve"],"picked":"Warcry","floor":19},{"not_picked":["Anger","Iron Wave+1"],"picked":"Sever Soul","floor":20},{"not_picked":["Sword Boomerang","Hemokinesis"],"picked":"Disarm","floor":21},{"not_picked":["Armaments","Ghostly Armor+1"],"picked":"Impervious","floor":23},{"not_picked":["Shockwave","Offering"],"picked":"Sever Soul","floor":25},{"not_picked":["Cleave","Pommel Strike"],"picked":"Anger","floor":28},{"not_picked":["Anger","Seeing Red"],"picked":"Flame Barrier","floor":29}],"player_experience":994593,"relics_obtained":[{"floor":6.0,"key":"Pear"},{"floor":8.0,"key":"Sundial"},{"floor":9.0,"key":"Gremlin Horn"},{"floor":23,"key":"Kunai"},{"floor":25,"key":"StrikeDummy"},{"floor":26,"key":"The Courier"}],"event_choices":[{"damage_healed":0.0,"max_hp_gain":0.0,"max_hp_loss":0.0,"gold_gain":0.0,"cards_transformed":["Defend_R"],"event_name":"Living Wall","player_choice":"Change","floor":3.0,"gold_loss":0.0,"damage_taken":0.0,"cards_obtained":["Impervious"]},{"damage_healed":0.0,"max_hp_gain":5.0,"max_hp_loss":0.0,"gold_gain":0.0,"event_name":"Big Fish","player_choice":"Donut","floor":10.0,"gold_loss":0.0,"damage_taken":0.0},{"damage_healed":0,"gold_gain":0,"player_choice":"Ignored","damage_taken":0,"max_hp_gain":0,"max_hp_loss":0,"event_name":"The Mausoleum","floor":22,"gold_loss":0}],"is_beta":false,"boss_relics":[{"not_picked":["Mark of Pain","Black Blood"],"picked":"Fusion Hammer"}],"items_purged_floors":[2],"is_endless":false,"potions_floor_spawned":[5,6,8,14,16,18,19,21],"killed_by":"Gremlin Leader","ascension_level":15}}