{"host":"y9jgkjnf95sujozk","time":1607775398,"event":{"mods":["2.2 Compatiblity","AchievementEnabler","BaseMod","Block Reminder","Colored Map","Colored Powertips","Downfall","Friendly Minions","GifTheSpireLib","Hermit","Highlight Path","MarisaÅiñ∂âJÅ@ñÇóùçπÅj","Minty Spire (QoL Compilation)","Random Character Button","Rare Cards Sparkle","Replay The Spire","StSLib","SuperFastMode","The Animator","The Bug Knight","The Cursed","The Servant 0.9.4"],"gold_per_floor":[116,129,148,148,159,159,178,193,216,250,50,50,50,50,50,153,153,173,173,173,173,188,220,220,236,282,282,302,16,16,29,29,132,132,142,95,95,95],"floor_reached":37,"playtime":1031,"items_purged":[],"score":458,"play_id":"119aca0f-2a97-47a8-893f-75b51c9320c5","local_time":"20201212131638","is_ascension_mode":true,"campfire_choices":[{"floor":6,"key":"REST"},{"floor":12,"key":"REST"},{"data":"expansioncontent:Flail","floor":15,"key":"SMITH"},{"floor":24,"key":"REST"},{"floor":27,"key":"REST"},{"data":"expansioncontent:Torchfire","floor":30,"key":"SMITH"},{"floor":32,"key":"REST"}],"circlet_count":0,"master_deck":["TheCursedMod:Defend_TheCursed","TheCursedMod:Defend_TheCursed+1","TheCursedMod:Defend_TheCursed+1","TheCursedMod:Defend_TheCursed","TheCursedMod:CursedWand","TheCursedMod:CleanUpWorkshop","TheCursedMod:VitalStrike","TheCursedMod:Stretching","TheCursedMod:CircleOfCorruption+1","TheCursedMod:OutForBlood","TheCursedMod:CursedArmor","TheCursedMod:CursedShiv","TheCursedMod:TroublousMinions","TheCursedMod:Mangle","TheCursedMod:Torture","expansioncontent:Flail+1","TheCursedMod:ForbiddenAlchemy","TheCursedMod:ManaBullet+1","TheCursedMod:EmpowerCircles+1","TheCursedMod:CursedSpellbook+1","TheCursedMod:LuckyCharm","Ghostly","Ghostly","Ghostly","Ghostly","Ghostly","Slimebound:CheckThePlaybook","Slimebound:Icky","TheCursedMod:RapidMovement","TheCursedMod:Wield","TheCursedMod:RapidMovement","TheCursedMod:ShockAndAwe","TheCursedMod:Stigma","expansioncontent:Torchfire+1","TheCursedMod:TacticalStrike","TheCursedMod:Neurasthenia","TheCursedMod:RapidMovement+1","TheCursedMod:Torture"],"relics":["TheCursedMod:BlackMagic101","War Paint","Potion Belt","Ring of Fury","Ring of Hypnosis","Astrolabe","PreservedInsect","TheCursedMod:Tack","Lee\u0027s Waffle","Replay:Drink Me"],"acts_visited":["Exordium","TheCity","TheBeyond"],"potions_floor_usage":[10,10,10,23,23,23,23,23,23,23,23,33,33,33,33,33,33,33,33,33,33,33,33,33,33,33,33,33,33],"damage_taken":[{"damage":0,"enemies":"Cultist","floor":1,"turns":3},{"damage":5,"enemies":"Small Slimes","floor":2,"turns":4},{"damage":0,"enemies":"2 Louse","floor":3,"turns":5},{"damage":4,"enemies":"2 Fungi Beasts","floor":5,"turns":4},{"damage":3,"enemies":"Large Slime","floor":7,"turns":5},{"damage":2,"enemies":"Blue Slaver","floor":8,"turns":5},{"damage":14,"enemies":"Lagavulin","floor":10,"turns":5},{"damage":36,"enemies":"The Guardian","floor":16,"turns":9},{"damage":8,"enemies":"Chosen","floor":18,"turns":4},{"damage":2,"enemies":"Spheric Guardian","floor":22,"turns":5},{"damage":6,"enemies":"Book of Stabbing","floor":23,"turns":7},{"damage":13,"enemies":"Centurion and Healer","floor":25,"turns":11},{"damage":4,"enemies":"Shelled Parasite and Fungi","floor":28,"turns":5},{"damage":21,"enemies":"Snecko","floor":31,"turns":5},{"damage":18,"enemies":"Champ","floor":33,"turns":14},{"damage":15,"enemies":"3 Shapes","floor":35,"turns":6},{"damage":0,"enemies":"3 Darklings","floor":37,"turns":2}],"seed_played":"-8171228272861690643","potions_obtained":[{"floor":2,"key":"Flashbang"},{"floor":5,"key":"SteroidPotion"},{"floor":7,"key":"Weak Potion"},{"floor":18,"key":"SpeedPotion"},{"floor":22,"key":"sneckomod:MuddlingPotion"},{"floor":31,"key":"FearPotion"},{"floor":35,"key":"LiquidMemories"}],"is_trial":false,"path_per_floor":["M","M","M","?","M","R","M","M","T","E","$","R","$","?","R","B",null,"M","?","?","?","M","E","R","M","T","R","M","$","R","M","R","B",null,"M","$","M"],"character_chosen":"THE_CURSED","items_purchased":["TheCursedMod:Mangle","TheCursedMod:Torture","expansioncontent:Flail","TheCursedMod:Stigma","Lee\u0027s Waffle","expansioncontent:Torchfire","TheCursedMod:Torture"],"campfire_rested":5,"item_purchase_floors":[11,11,11,29,29,29,36],"current_hp_per_floor":[82,77,77,77,73,82,79,77,77,63,63,82,82,82,82,46,82,74,74,41,41,39,33,41,28,28,40,36,48,48,27,41,30,36,21,21,21,21],"gold":95,"neow_bonus":"TEN_PERCENT_HP_BONUS","is_daily":false,"chose_seed":false,"campfire_upgraded":2,"win_rate":0.0,"timestamp":1607775398,"path_taken":["M","?","M","?","M","R","M","M","T","E","$","R","$","?","R","BOSS","M","?","?","?","?","E","R","M","T","R","M","$","R","M","R","BOSS","M","$","M"],"items_purchased_type":["Card","Card","Card","Card","Relic","Card","Card"],"build_version":"2020-11-30","purchased_purges":0,"victory":false,"max_hp_per_floor":[82,82,82,82,82,82,82,82,82,82,82,82,82,82,82,82,82,82,82,41,41,41,41,41,41,41,41,41,48,48,48,48,48,36,36,36,36,36],"card_choices":[{"not_picked":["TheCursedMod:CircleOfFlame","TheCursedMod:FleshFromBone"],"picked":"TheCursedMod:VitalStrike","floor":1},{"not_picked":["TheCursedMod:PrepareRite","TheCursedMod:WearCloak"],"picked":"TheCursedMod:Stretching","floor":2},{"not_picked":["TheCursedMod:SpitefulPray","TheCursedMod:FleshFromBone"],"picked":"TheCursedMod:CircleOfCorruption","floor":3},{"not_picked":["TheCursedMod:RapidMovement","TheCursedMod:TacticalStrike"],"picked":"TheCursedMod:OutForBlood","floor":5},{"not_picked":["TheCursedMod:SurpriseAttack","TheCursedMod:CursedMace"],"picked":"TheCursedMod:CursedArmor","floor":7},{"not_picked":["TheCursedMod:CursedAmulet","TheCursedMod:TacticalStrike"],"picked":"TheCursedMod:CursedShiv","floor":8},{"not_picked":["TheCursedMod:SpitefulStrike","TheCursedMod:TacticalStrike"],"picked":"TheCursedMod:TroublousMinions","floor":10},{"not_picked":["TheCursedMod:CollectTribute","TheCursedMod:VoidForm"],"picked":"TheCursedMod:ForbiddenAlchemy","floor":16},{"not_picked":["TheCursedMod:RapidMovement","TheCursedMod:Stretching"],"picked":"TheCursedMod:LuckyCharm","floor":18},{"not_picked":["TheCursedMod:WearCloak","TheCursedMod:FleshFromBone"],"picked":"TheCursedMod:RapidMovement","floor":22},{"not_picked":["TheCursedMod:WearCloak","TheCursedMod:FleshFromBone"],"picked":"TheCursedMod:Wield","floor":23},{"not_picked":["TheCursedMod:CircleOfBlood","TheCursedMod:SmokeScreen"],"picked":"TheCursedMod:RapidMovement","floor":25},{"not_picked":["TheCursedMod:CircleOfCorruption","TheCursedMod:CircleOfFlame"],"picked":"TheCursedMod:ShockAndAwe","floor":28},{"not_picked":["TheCursedMod:SoulReap","TheCursedMod:HellfireBreathing+1"],"picked":"TheCursedMod:TacticalStrike","floor":31},{"not_picked":["TheCursedMod:DarkBarrier","TheCursedMod:DemonSword"],"picked":"TheCursedMod:Neurasthenia","floor":33},{"not_picked":["TheCursedMod:CursedShiv+1","TheCursedMod:Wield"],"picked":"TheCursedMod:RapidMovement+1","floor":35}],"player_experience":89227,"relics_obtained":[{"floor":9,"key":"War Paint"},{"floor":10,"key":"Potion Belt"},{"floor":14,"key":"Ring of Fury"},{"floor":14,"key":"Ring of Hypnosis"},{"floor":23,"key":"PreservedInsect"},{"floor":26,"key":"TheCursedMod:Tack"}],"event_choices":[{"damage_healed":0,"gold_gain":0,"player_choice":"Became a Ghost","damage_taken":0,"max_hp_gain":0,"max_hp_loss":41,"event_name":"Ghosts","floor":20,"gold_loss":0,"cards_obtained":["Ghostly","Ghostly","Ghostly","Ghostly","Ghostly"]}],"is_beta":false,"boss_relics":[{"not_picked":["Replay:Ancient Bell","Black Star"],"picked":"Astrolabe"},{"not_picked":["Snecko Eye","TheCursedMod:FourLeafCloverCharm"],"picked":"Replay:Drink Me"}],"items_purged_floors":[],"is_endless":false,"potions_floor_spawned":[2,5,7,18,22,31,35],"killed_by":"3 Darklings","ascension_level":1}}