{"host":"kyy1kus4tsuq869y","time":1607784226,"event":{"mods":["BaseMod","Downfall","GifTheSpireLib","HololiveMod","Hubris","Jorbs\u0027s Wanderer Trilogy","Marisa£®ÏF”Í°°ƒß¿Ì…≥£©","Minty Spire (QoL Compilation)","Quick Restart","READ ME - Guardian Mod","READ ME - Snecko Mod","Reimu£®≤©¿ˆ¡È√Œ£©","Remilia£®¿Ÿ√◊¿Ú—«£©","Replay The Spire","StSLib","Td1madao Mod","The Administrix","The Animator","The Bug Knight","The Construct","The Cursed","The Hierophant","The Runesmith","The Senshi","The Servant 0.9.4","Youmu£®ªÍ∆«—˝√Œ£©"],"gold_per_floor":[117,130,130,130,130,130,160,160,160,160,186,186,186,198,198,198,198],"floor_reached":16,"playtime":308,"items_purged":[],"score":255,"play_id":"6a4181da-6dde-4a83-b7cb-4a092f23303e","local_time":"20201212224346","is_ascension_mode":true,"campfire_choices":[{"data":"Neutralize","floor":6.0,"key":"SMITH"},{"data":"Reckless Charge","floor":8.0,"key":"SMITH"},{"data":"Reckless Charge","floor":10.0,"key":"SMITH"},{"data":"ReplayTheSpireMod:Stacked","floor":13.0,"key":"SMITH"},{"data":"Wild Strike","floor":15.0,"key":"SMITH"}],"circlet_count":0,"master_deck":["AscendersBane","Strike_R","Strike_R","Strike_R","Strike_R","Strike_R","Defend_R","Defend_R","Defend_R","Defend_R","ReplayTheSpireMod:Stacked+1","Reckless Charge+1","Survivor","Neutralize+1","Reckless Charge+1","Wild Strike+1"],"relics":["Burning Blood","NeowsBlessing","hubris:Icosahedron","hubris:Zylophone","hubris:Spice","Question Card"],"acts_visited":["Exordium"],"potions_floor_usage":[],"damage_taken":[{"damage":0.0,"enemies":"2 Louse","floor":1.0,"turns":1.0},{"damage":0.0,"enemies":"Jaw Worm","floor":2.0,"turns":1.0},{"damage":0.0,"enemies":"3 Sentries","floor":7.0,"turns":1.0},{"damage":56.0,"enemies":"Gremlin Nob","floor":11.0,"turns":6.0},{"damage":0.0,"enemies":"Small Slimes","floor":14.0,"turns":2.0},{"damage":47,"enemies":"Slime Boss","floor":16,"turns":8}],"seed_played":"867873028949061388","potions_obtained":[{"floor":2.0,"key":"Doom Potion"},{"floor":7.0,"key":"FairyPotion"}],"is_trial":false,"path_per_floor":["M","M","?","?","?","R","E","R","T","R","E","?","R","M","R","B"],"character_chosen":"IRONCLAD","items_purchased":[],"campfire_rested":0,"item_purchase_floors":[],"current_hp_per_floor":[74,75,75,75,75,75,75,75,83,83,33,60,60,66,66,19,19],"gold":198,"neow_bonus":"THREE_ENEMY_KILL","is_daily":false,"chose_seed":false,"campfire_upgraded":5,"win_rate":0.0,"timestamp":1607784226,"path_taken":["M","M","?","?","?","R","E","R","T","R","E","?","R","M","R","BOSS"],"items_purchased_type":[],"build_version":"2020-11-30","purchased_purges":0,"victory":false,"max_hp_per_floor":[75,75,75,75,75,75,75,75,83,83,83,83,83,83,83,83,83],"card_choices":[{"not_picked":["Clothesline","Body Slam","Havoc"],"picked":"SKIP","floor":1.0},{"not_picked":["hubris:ReadiedAction","Iron Wave"],"picked":"ReplayTheSpireMod:Stacked","floor":2.0},{"not_picked":["Dark Embrace","ReplayTheSpireMod:LeadingStrike"],"picked":"Reckless Charge","floor":7.0},{"not_picked":["Thunderclap","Run Through"],"picked":"Wild Strike","floor":11.0},{"not_picked":["Dual Wield","Sword Boomerang","ReplayTheSpireMod:Limb From Limb","Shockwave"],"picked":"SKIP","floor":14.0}],"player_experience":450699,"relics_obtained":[{"floor":7.0,"key":"hubris:Zylophone"},{"floor":9.0,"key":"hubris:Spice"},{"floor":11.0,"key":"Question Card"}],"event_choices":[{"damage_healed":27.0,"max_hp_gain":0.0,"max_hp_loss":0.0,"gold_gain":0.0,"event_name":"Big Fish","player_choice":"Banana","floor":12.0,"gold_loss":0.0,"damage_taken":0.0}],"is_beta":false,"boss_relics":[],"items_purged_floors":[],"is_endless":false,"potions_floor_spawned":[2,7,11],"killed_by":"Slime Boss","ascension_level":19}}