{"host":"b0dcklafnoly879c","time":1607786446,"event":{"mods":["BaseMod","Hermit","Minty Spire (QoL Compilation)","StSLib","The Jungle"],"gold_per_floor":[116,116,135,152,4,34,61,102,102,102,184,220,220,237,237,341,341,368,368,130,142,155,192,192,224,224,224,259,270,302,328,328,437,437,463,275,295,295,321,356,356,389,414,454,75,75,75,98,98,105,105,105,14,51,51],"floor_reached":56,"playtime":4560,"items_purged":[],"score":1805,"play_id":"e75791e9-0323-4ad0-9e14-6119c45910be","local_time":"20201213002046","is_ascension_mode":true,"campfire_choices":[{"data":"hermit:HighNoon","floor":13.0,"key":"SMITH"},{"data":"hermit:FlashPowder","floor":15.0,"key":"SMITH"},{"data":"hermit:HighCaliber","floor":24.0,"key":"SMITH"},{"data":"hermit:Shortfuse","floor":32.0,"key":"SMITH"},{"data":"hermit:Covet","floor":41.0,"key":"SMITH"},{"floor":49.0,"key":"RECALL"},{"data":"hermit:Enervate","floor":52.0,"key":"SMITH"}],"circlet_count":0,"master_deck":["hermit:Strike_Hermit","hermit:Strike_Hermit+1","hermit:Strike_Hermit","hermit:Strike_Hermit","hermit:Defend_Hermit+1","hermit:Defend_Hermit","hermit:Defend_Hermit","hermit:Defend_Hermit","hermit:Snapshot","hermit:Covet+1","hermit:FlashPowder+1","hermit:Scavenge+1","hermit:HighNoon+1","hermit:BodyArmor+1","hermit:Dive+1","hermit:Enervate+1","hermit:TakeCover+1","hermit:Dissolve+1","hermit:Showdown+1","hermit:Shortfuse+1","hermit:HighCaliber+1","Pain","hermit:Coalescence+1","hermit:HeroicBravado+1","hermit:CalledShot+1","Secret Weapon+1","Madness+1","Madness+1","Regret","hermit:Gambit+1","Madness+1","hermit:FullyLoaded+1"],"relics":["hermit:Momento","Calipers","Toxic Egg 2","Nunchaku","Ice Cream","Darkstone Periapt","HornCleat","Eternal Feather","Gambling Chip","Cursed Key","Enchiridion","Gremlin Horn","Art of War","Akabeko","FossilizedHelix","Orichalcum","Bag of Marbles","Black Star","InkBottle","Anchor","Mummified Hand","Blood Vial","Mercury Hourglass","Pocketwatch","TungstenRod","hermit:CharredGlove","hermit:RedScarf"],"acts_visited":["Exordium","TheCity","TheBeyond","TheEnding"],"potions_floor_usage":[54,55,55,55],"damage_taken":[{"damage":10.0,"enemies":"Jaw Worm","floor":1.0,"turns":4.0},{"damage":0.0,"enemies":"Cultist","floor":3.0,"turns":4.0},{"damage":0.0,"enemies":"Small Slimes","floor":4.0,"turns":3.0},{"damage":10.0,"enemies":"Lagavulin","floor":6.0,"turns":8.0},{"damage":2.0,"enemies":"2 Fungi Beasts","floor":7.0,"turns":6.0},{"damage":3.0,"enemies":"Gremlin Nob","floor":8.0,"turns":4.0},{"damage":0.0,"enemies":"3 Sentries","floor":12.0,"turns":10.0},{"damage":0.0,"enemies":"Exordium Wildlife","floor":14.0,"turns":3.0},{"damage":0.0,"enemies":"Hexaghost","floor":16.0,"turns":22.0},{"damage":0.0,"enemies":"Shell Parasite","floor":18.0,"turns":7.0},{"damage":0.0,"enemies":"3 Byrds","floor":21.0,"turns":6.0},{"damage":0.0,"enemies":"Centurion and Healer","floor":22.0,"turns":6.0},{"damage":0.0,"enemies":"Gremlin Leader","floor":23.0,"turns":9.0},{"damage":14.0,"enemies":"Book of Stabbing","floor":25.0,"turns":4.0},{"damage":0.0,"enemies":"Slavers","floor":28.0,"turns":6.0},{"damage":0.0,"enemies":"Sentry and Sphere","floor":29.0,"turns":5.0},{"damage":0.0,"enemies":"Book of Stabbing","floor":30.0,"turns":6.0},{"damage":0.0,"enemies":"3 Cultists","floor":31.0,"turns":4.0},{"damage":0.0,"enemies":"Automaton","floor":33.0,"turns":14.0},{"damage":0.0,"enemies":"3 Shapes","floor":35.0,"turns":2.0},{"damage":0.0,"enemies":"3 Darklings","floor":37.0,"turns":6.0},{"damage":0.0,"enemies":"Transient","floor":39.0,"turns":5.0},{"damage":0.0,"enemies":"Nemesis","floor":40.0,"turns":5.0},{"damage":0.0,"enemies":"Giant Head","floor":42.0,"turns":10.0},{"damage":0.0,"enemies":"Reptomancer","floor":44.0,"turns":9.0},{"damage":0.0,"enemies":"Sphere and 2 Shapes","floor":48.0,"turns":3.0},{"damage":0.0,"enemies":"Time Eater","floor":50.0,"turns":15.0},{"damage":7,"enemies":"Shield and Spear","floor":54,"turns":9},{"damage":8,"enemies":"The Heart","floor":55,"turns":11}],"seed_played":"-824700837422880469","potions_obtained":[{"floor":1.0,"key":"Strength Potion"},{"floor":3.0,"key":"EssenceOfSteel"},{"floor":7.0,"key":"LiquidMemories"},{"floor":8.0,"key":"FearPotion"},{"floor":16.0,"key":"SkillPotion"},{"floor":22.0,"key":"hermit:Tonic"},{"floor":23.0,"key":"Regen Potion"},{"floor":28.0,"key":"Energy Potion"},{"floor":33.0,"key":"LiquidBronze"},{"floor":54,"key":"LiquidBronze"}],"is_trial":false,"path_per_floor":["M","?","M","M","$","E","M","E","T","?","T","E","R","M","R","B",null,"M","?","$","M","M","E","R","E","T","?","E","M","E","M","R","B",null,"M","$","M","?","M","E","R","E","T","E","$","?","$","M","R","B",null,"R","$","E","B",null],"character_chosen":"HERMIT","items_purchased":["Nunchaku","Gremlin Horn","Secret Weapon+1","TungstenRod","hermit:TakeAim","Madness+1"],"campfire_rested":0,"item_purchase_floors":[5,20,36,45,45,53],"current_hp_per_floor":[44,44,44,44,44,34,32,29,29,14,14,14,23,23,32,32,75,75,59,59,59,59,59,71,57,63,63,63,63,63,63,75,75,81,81,81,81,71,71,71,81,81,87,87,87,87,87,87,87,87,87,87,87,80,74],"gold":51,"neow_bonus":"ONE_RARE_RELIC","is_daily":false,"chose_seed":false,"campfire_upgraded":6,"win_rate":0.0,"timestamp":1607786446,"path_taken":["M","?","M","?","$","E","M","E","T","?","?","E","R","M","R","BOSS","M","?","$","M","M","E","R","E","T","?","E","M","E","M","R","BOSS","M","$","M","?","M","E","R","E","T","E","$","?","$","M","R","BOSS","R","$","E","BOSS"],"items_purchased_type":["Relic","Relic","Card","Relic","Card","Card"],"build_version":"2020-11-30","purchased_purges":0,"victory":true,"max_hp_per_floor":[75,75,75,75,75,75,75,75,75,75,75,75,75,75,75,75,75,75,75,75,75,75,75,75,75,81,81,81,81,81,81,81,81,81,81,81,81,81,81,81,81,81,87,87,87,87,87,87,87,87,87,87,87,87,87],"card_choices":[{"not_picked":["hermit:Desperado","hermit:ItchyTrigger"],"picked":"hermit:FlashPowder","floor":1.0},{"not_picked":["hermit:LoneWolf+1","hermit:Vantage+1"],"picked":"hermit:Scavenge+1","floor":3.0},{"not_picked":["hermit:Quickdraw","hermit:LowProfile+1","hermit:ItchyTrigger"],"picked":"SKIP","floor":4.0},{"not_picked":["hermit:Roulette","hermit:DeadOrAlive"],"picked":"hermit:HighNoon","floor":6.0},{"not_picked":["hermit:Ricochet","hermit:Headshot"],"picked":"hermit:BodyArmor+1","floor":7.0},{"not_picked":["hermit:Headshot","hermit:Misfire"],"picked":"hermit:Dive+1","floor":8.0},{"not_picked":["hermit:Headshot","hermit:Midnight+1"],"picked":"hermit:Enervate","floor":12.0},{"not_picked":["hermit:Brawl","hermit:TrackingShot"],"picked":"hermit:TakeCover+1","floor":14.0},{"not_picked":["hermit:FatalDesire","hermit:DeadOrAlive"],"picked":"hermit:Dissolve+1","floor":16.0},{"not_picked":["hermit:BodyArmor+1","hermit:EyeOfTheStorm+1"],"picked":"hermit:Showdown+1","floor":18.0},{"not_picked":["hermit:Spite","hermit:Grudge+1"],"picked":"hermit:Shortfuse","floor":21.0},{"not_picked":["hermit:Manifest+1","hermit:Desperado"],"picked":"hermit:HighCaliber","floor":22.0},{"not_picked":["hermit:ItchyTrigger","hermit:NoHoldsBarred","hermit:Shortfuse"],"picked":"SKIP","floor":23.0},{"not_picked":["hermit:Roulette+1","hermit:FlashPowder+1","hermit:Feint+1"],"picked":"SKIP","floor":25.0},{"not_picked":["hermit:Roughhouse","hermit:SprayPray","hermit:LowProfile+1"],"picked":"SKIP","floor":28.0},{"not_picked":["hermit:HoleUp+1","hermit:Snipe+1"],"picked":"hermit:Coalescence+1","floor":29.0},{"not_picked":["hermit:SprayPray","hermit:Quickdraw","hermit:TrackingShot"],"picked":"SKIP","floor":30.0},{"not_picked":["hermit:HoleUp+1","hermit:Coalescence+1","hermit:OverwhelmingPower"],"picked":"SKIP","floor":31.0},{"not_picked":["hermit:FatalDesire","hermit:HighNoon"],"picked":"hermit:HeroicBravado+1","floor":33.0},{"not_picked":["hermit:Gestalt+1","hermit:Shortfuse"],"picked":"hermit:CalledShot+1","floor":35.0},{"not_picked":["hermit:Coalescence+1","hermit:Feint+1","hermit:Desperado+1"],"picked":"SKIP","floor":37.0},{"not_picked":["hermit:LowProfile+1","hermit:FatalDesire","hermit:CalledShot"],"picked":"SKIP","floor":39.0},{"not_picked":["hermit:Quickdraw+1","hermit:Misfire","hermit:Desperado+1"],"picked":"SKIP","floor":40.0},{"not_picked":["hermit:WideOpen","hermit:Shortfuse","hermit:Combo+1"],"picked":"SKIP","floor":42.0},{"not_picked":["hermit:Vantage+1","hermit:Dive+1"],"picked":"hermit:Gambit+1","floor":44.0},{"not_picked":["hermit:BodyArmor+1","hermit:Misfire","hermit:Glare+1"],"picked":"SKIP","floor":48.0},{"not_picked":["hermit:LuckOfTheDraw+1","hermit:Snipe+1"],"picked":"hermit:FullyLoaded+1","floor":54}],"player_experience":287534,"relics_obtained":[{"floor":2.0,"key":"Toxic Egg 2"},{"floor":6.0,"key":"Ice Cream"},{"floor":8.0,"key":"Darkstone Periapt"},{"floor":9.0,"key":"HornCleat"},{"floor":11.0,"key":"Eternal Feather"},{"floor":12.0,"key":"Gambling Chip"},{"floor":19.0,"key":"Enchiridion"},{"floor":23.0,"key":"Art of War"},{"floor":25.0,"key":"Akabeko"},{"floor":26.0,"key":"FossilizedHelix"},{"floor":28.0,"key":"Orichalcum"},{"floor":30.0,"key":"Bag of Marbles"},{"floor":40.0,"key":"InkBottle"},{"floor":40.0,"key":"Anchor"},{"floor":42.0,"key":"Mummified Hand"},{"floor":42.0,"key":"Blood Vial"},{"floor":44.0,"key":"Mercury Hourglass"},{"floor":44.0,"key":"Pocketwatch"},{"floor":54,"key":"hermit:CharredGlove"},{"floor":54,"key":"hermit:RedScarf"}],"event_choices":[{"damage_healed":0.0,"max_hp_gain":0.0,"max_hp_loss":0.0,"gold_gain":0.0,"event_name":"Wheel of Change","player_choice":"Relic","floor":2.0,"gold_loss":0.0,"damage_taken":0.0},{"damage_healed":0.0,"max_hp_gain":0.0,"max_hp_loss":0.0,"gold_gain":0.0,"event_name":"Shining Light","player_choice":"Entered Light","floor":10.0,"gold_loss":0.0,"damage_taken":15.0,"cards_upgraded":["hermit:Defend_Hermit","hermit:Strike_Hermit"]},{"damage_healed":0.0,"max_hp_gain":0.0,"max_hp_loss":0.0,"gold_gain":0.0,"event_name":"Cursed Tome","player_choice":"Obtained Book","floor":19.0,"gold_loss":0.0,"damage_taken":16.0},{"damage_healed":0.0,"max_hp_gain":0.0,"max_hp_loss":0.0,"gold_gain":0.0,"event_name":"Vampires","player_choice":"Ignored","floor":27.0,"gold_loss":0.0,"damage_taken":0.0},{"damage_healed":0.0,"max_hp_gain":0.0,"max_hp_loss":0.0,"gold_gain":0.0,"event_name":"Winding Halls","player_choice":"Embrace Madness","floor":38.0,"gold_loss":0.0,"damage_taken":10.0,"cards_obtained":["Madness","Madness"]},{"cards_removed":["hermit:TakeAim"],"damage_healed":0.0,"max_hp_gain":0.0,"max_hp_loss":0.0,"gold_gain":0.0,"event_name":"Falling","player_choice":"Removed Power","floor":46.0,"gold_loss":0.0,"damage_taken":0.0}],"is_beta":false,"boss_relics":[{"not_picked":["Busted Crown","Ectoplasm"],"picked":"Cursed Key"},{"not_picked":["Runic Dome","hermit:ClaspedLocket"],"picked":"Black Star"}],"items_purged_floors":[],"is_endless":false,"potions_floor_spawned":[1,3,7,8,16,22,23,28,30,33,39,42,44,54],"ascension_level":1}}