{"host":"d8hh7rr4yzitjeuj","time":1607756827,"event":{"mods":["2.2 Compatiblity","AchievementEnabler","BaseMod","CapriCore","Colored Map","Colored Powertips","Highlight Path","Keyboard Shortcuts","Minty Spire (QoL Compilation)","Permanent Neow","Quick Restart","StSLib","SuperFastMode"],"gold_per_floor":[115,135,153,163,238,238,270,270,270,270,299,299,309,321,321,398,398,398,338,263,263,263,263,263,263,263,263,263,263,263,263,263,263,263,263,263,263,263,263,263,163,163,163,163,163,163,163],"floor_reached":46,"playtime":962,"items_purged":["Strike_B","Strike_B"],"score":962,"play_id":"f38fb3e4-0d30-492d-b8cd-861b5c70871c","local_time":"20201212160707","is_ascension_mode":true,"campfire_choices":[{"data":"Go for the Eyes","floor":6.0,"key":"SMITH"},{"data":"Lockon","floor":8.0,"key":"SMITH"},{"floor":10.0,"key":"REST"},{"floor":15.0,"key":"REST"},{"data":"Darkness","floor":27.0,"key":"SMITH"},{"floor":32,"key":"REST"},{"data":"Redo","floor":40,"key":"SMITH"},{"data":"Multi-Cast","floor":42,"key":"SMITH"},{"floor":44,"key":"RECALL"}],"circlet_count":0,"master_deck":["AscendersBane","Strike_B+1","Strike_B","Defend_B","Defend_B","Defend_B","Defend_B","Zap+1","Dualcast","Doom and Gloom","Ball Lightning","Lockon+1","Go for the Eyes+1","Core Surge","Darkness+1","Hologram","Multi-Cast+1","Conserve Battery","Consume","Leap+1","Capacitor","Buffer","CurseOfTheBell","Turbo","Writhe","Redo+1"],"relics":["Velvet Choker","InkBottle","HornCleat","Cables","Ectoplasm","Symbiotic Virus","Bottled Flame","Calling Bell","DataDisk","Blue Candle","TungstenRod"],"acts_visited":["Exordium","TheCity","TheBeyond"],"potions_floor_usage":[37,46,46],"damage_taken":[{"damage":9.0,"enemies":"2 Louse","floor":1.0,"turns":2.0},{"damage":0.0,"enemies":"Small Slimes","floor":2.0,"turns":2.0},{"damage":1.0,"enemies":"Cultist","floor":3.0,"turns":3.0},{"damage":6.0,"enemies":"Lots of Slimes","floor":4.0,"turns":2.0},{"damage":20.0,"enemies":"Lagavulin","floor":7.0,"turns":4.0},{"damage":10.0,"enemies":"3 Sentries","floor":11.0,"turns":4.0},{"damage":2.0,"enemies":"2 Fungi Beasts","floor":13.0,"turns":2.0},{"damage":0.0,"enemies":"Large Slime","floor":14.0,"turns":4.0},{"damage":23.0,"enemies":"The Guardian","floor":16.0,"turns":8.0},{"damage":18.0,"enemies":"3 Byrds","floor":18.0,"turns":4.0},{"damage":14.0,"enemies":"2 Thieves","floor":19.0,"turns":4.0},{"damage":1.0,"enemies":"Snake Plant","floor":22.0,"turns":3.0},{"damage":4.0,"enemies":"Book of Stabbing","floor":23.0,"turns":3.0},{"damage":16.0,"enemies":"Shelled Parasite and Fungi","floor":24.0,"turns":3.0},{"damage":6.0,"enemies":"3 Cultists","floor":25.0,"turns":5.0},{"damage":0.0,"enemies":"Sentry and Sphere","floor":28.0,"turns":2.0},{"damage":0.0,"enemies":"Cultist and Chosen","floor":29.0,"turns":3.0},{"damage":16,"enemies":"Shelled Parasite and Fungi","floor":31,"turns":3},{"damage":31,"enemies":"Champ","floor":33,"turns":7},{"damage":5,"enemies":"Orb Walker","floor":35,"turns":2},{"damage":0,"enemies":"3 Shapes","floor":37,"turns":4},{"damage":8,"enemies":"Sphere and 2 Shapes","floor":38,"turns":2},{"damage":25,"enemies":"3 Darklings","floor":45,"turns":5},{"damage":47,"enemies":"Reptomancer","floor":46,"turns":5}],"seed_played":"135375028158451237","potions_obtained":[{"floor":1.0,"key":"FearPotion"},{"floor":11.0,"key":"GamblersBrew"},{"floor":13.0,"key":"Dexterity Potion"},{"floor":19.0,"key":"Fire Potion"},{"floor":24.0,"key":"Swift Potion"},{"floor":37,"key":"SkillPotion"},{"floor":39,"key":"SkillPotion"}],"is_trial":false,"path_per_floor":["M","M","M","M","?","R","E","R","T","R","E","?","M","M","R","B",null,"M","M","$","?","M","E","M","M","T","R","M","M","?","M","R","B",null,"M","?","M","M","?","R","$","R","T","R","M","E"],"character_chosen":"DEFECT","items_purchased":[],"campfire_rested":3,"item_purchase_floors":[],"current_hp_per_floor":[55,55,54,48,37,37,17,17,17,38,28,7,5,5,26,3,54,36,22,22,71,70,66,50,44,44,44,44,44,44,28,49,18,58,53,67,67,59,59,59,59,59,59,59,34,0,0],"gold":163,"neow_bonus":"BOSS_RELIC","is_daily":false,"chose_seed":false,"campfire_upgraded":5,"win_rate":0.0,"timestamp":1607756827,"path_taken":["M","M","M","M","?","R","E","R","T","R","E","?","M","M","R","BOSS","M","M","$","?","M","E","?","M","T","R","?","M","?","M","R","BOSS","M","?","M","M","?","R","$","R","T","R","?","E"],"items_purchased_type":[],"build_version":"2020-11-30","purchased_purges":2,"victory":false,"max_hp_per_floor":[71,71,71,71,71,71,71,71,71,71,71,71,71,71,71,71,71,71,71,71,71,71,71,71,71,71,71,71,71,71,71,71,71,71,71,71,71,71,71,71,71,71,71,71,71,71,71],"card_choices":[{"not_picked":["Barrage","Double Energy"],"picked":"Doom and Gloom","floor":1.0},{"not_picked":["Scrape","Compile Driver"],"picked":"Ball Lightning","floor":2.0},{"not_picked":["Chaos","Steam"],"picked":"Lockon","floor":3.0},{"not_picked":["Streamline","Rip and Tear"],"picked":"Go for the Eyes","floor":4.0},{"not_picked":["Coolheaded","Chaos"],"picked":"Core Surge","floor":7.0},{"not_picked":["Hello World","Redo"],"picked":"Darkness","floor":11.0},{"not_picked":["Barrage","Blizzard","Cold Snap"],"picked":"SKIP","floor":13.0},{"not_picked":["Streamline","Stack"],"picked":"Hologram","floor":14.0},{"not_picked":["Core Surge","All For One"],"picked":"Multi-Cast","floor":16.0},{"not_picked":["Beam Cell","Chaos","Aggregate"],"picked":"SKIP","floor":18.0},{"not_picked":["FTL","Chaos"],"picked":"Conserve Battery","floor":19.0},{"not_picked":["Coolheaded","Chaos","Beam Cell"],"picked":"SKIP","floor":22.0},{"not_picked":["Lockon","Core Surge"],"picked":"Consume","floor":23.0},{"not_picked":["Beam Cell","Loop+1","Tempest"],"picked":"SKIP","floor":24.0},{"not_picked":["Compile Driver","Consume+1","Go for the Eyes+1"],"picked":"SKIP","floor":25.0},{"not_picked":["Beam Cell","Fusion","Hologram"],"picked":"SKIP","floor":28.0},{"not_picked":["Hologram","Static Discharge"],"picked":"Leap+1","floor":29.0},{"not_picked":["Hologram","Scrape+1"],"picked":"Capacitor","floor":31},{"not_picked":["Rainbow","Echo Form"],"picked":"Buffer","floor":33},{"not_picked":["Barrage","Stack"],"picked":"Turbo","floor":35},{"not_picked":["Consume+1","Storm","Static Discharge"],"picked":"SKIP","floor":37},{"not_picked":["Capacitor+1","Rebound+1"],"picked":"Redo","floor":38},{"not_picked":["Sweeping Beam+1","Conserve Battery","Beam Cell+1"],"picked":"SKIP","floor":45}],"player_experience":1325453,"relics_obtained":[{"floor":7.0,"key":"InkBottle"},{"floor":9.0,"key":"HornCleat"},{"floor":11.0,"key":"Cables"},{"floor":23.0,"key":"Symbiotic Virus"},{"floor":26.0,"key":"Bottled Flame"},{"floor":34,"key":"DataDisk"},{"floor":34,"key":"Blue Candle"},{"floor":34,"key":"TungstenRod"}],"event_choices":[{"damage_healed":0.0,"max_hp_gain":0.0,"max_hp_loss":0.0,"gold_gain":75.0,"event_name":"World of Goop","player_choice":"Gather Gold","floor":5.0,"gold_loss":0.0,"damage_taken":11.0},{"damage_healed":0.0,"max_hp_gain":0.0,"max_hp_loss":0.0,"gold_gain":0.0,"event_name":"Shining Light","player_choice":"Entered Light","floor":12.0,"gold_loss":0.0,"damage_taken":21.0,"cards_upgraded":["Strike_B","Zap"]},{"damage_healed":49.0,"max_hp_gain":0.0,"max_hp_loss":0.0,"gold_gain":0.0,"event_name":"Wheel of Change","player_choice":"Full Heal","floor":21.0,"gold_loss":0.0,"damage_taken":0.0},{"damage_healed":0.0,"max_hp_gain":0.0,"max_hp_loss":0.0,"gold_gain":50.0,"event_name":"Nest","player_choice":"Stole From Cult","floor":30.0,"gold_loss":0.0,"damage_taken":0.0},{"damage_healed":14,"gold_gain":0,"player_choice":"Writhe","damage_taken":0,"max_hp_gain":0,"max_hp_loss":0,"event_name":"Winding Halls","floor":36,"gold_loss":0,"cards_obtained":["Writhe"]},{"damage_healed":0,"gold_gain":0,"player_choice":"Got Potions","damage_taken":0,"max_hp_gain":0,"max_hp_loss":0,"event_name":"Lab","floor":39,"gold_loss":0}],"is_beta":false,"boss_relics":[{"not_picked":["Fusion Hammer","Snecko Eye"],"picked":"Ectoplasm"},{"not_picked":["SlaversCollar","Cursed Key"],"picked":"Calling Bell"}],"items_purged_floors":[20,41],"is_endless":false,"potions_floor_spawned":[1,11,13,19,24,25,29,33,37],"killed_by":"Reptomancer","ascension_level":20}}