{"host":"s2k2cf2d36evfy1t","time":1607792300,"event":{"mods":["BaseMod","Minty Spire (QoL Compilation)","StSLib"],"gold_per_floor":[114,133,38,38,54,54,85,85,85,85,101,111,126,138,138,236,236,250,250,450,467,487,487,501,501,501],"floor_reached":25,"playtime":1016,"items_purged":[],"score":423,"play_id":"672124bc-db5d-4662-a220-1f49560a635e","local_time":"20201212195820","is_ascension_mode":true,"campfire_choices":[{"data":"Loop","floor":6.0,"key":"SMITH"},{"data":"Sweeping Beam","floor":8.0,"key":"SMITH"},{"data":"Dualcast","floor":10.0,"key":"SMITH"},{"floor":15.0,"key":"REST"},{"floor":23,"key":"REST"}],"circlet_count":0,"master_deck":["AscendersBane","Strike_B","Strike_B","Strike_B","Strike_B","Defend_B","Defend_B","Defend_B","Defend_B","Zap+1","Dualcast+1","Sweeping Beam+1","Auto Shields","Leap","Loop+1","Ball Lightning","Force Field+1","Coolheaded+1","Ball Lightning","Creative AI","Amplify+1","White Noise+1","Capacitor","Chaos+1","Stack+1"],"relics":["Cracked Core","NeowsBlessing","Toxic Egg 2","Symbiotic Virus","SlaversCollar"],"acts_visited":["Exordium","TheCity"],"potions_floor_usage":[22,25],"damage_taken":[{"damage":0.0,"enemies":"Small Slimes","floor":1.0,"turns":1.0},{"damage":0.0,"enemies":"Cultist","floor":2.0,"turns":1.0},{"damage":0.0,"enemies":"2 Louse","floor":5.0,"turns":1.0},{"damage":35.0,"enemies":"3 Sentries","floor":7.0,"turns":7.0},{"damage":13.0,"enemies":"Looter","floor":11.0,"turns":3.0},{"damage":10.0,"enemies":"Exordium Thugs","floor":12.0,"turns":4.0},{"damage":2.0,"enemies":"3 Louse","floor":13.0,"turns":2.0},{"damage":0.0,"enemies":"Blue Slaver","floor":14.0,"turns":3.0},{"damage":0.0,"enemies":"Hexaghost","floor":16.0,"turns":5.0},{"damage":24.0,"enemies":"2 Thieves","floor":18.0,"turns":3.0},{"damage":13.0,"enemies":"3 Byrds","floor":21.0,"turns":5.0},{"damage":13,"enemies":"Snake Plant","floor":22,"turns":3},{"damage":26,"enemies":"Shelled Parasite and Fungi","floor":24,"turns":6},{"damage":15,"enemies":"Slavers","floor":25,"turns":1}],"seed_played":"-9047761012815657619","potions_obtained":[{"floor":5.0,"key":"SneckoOil"},{"floor":11.0,"key":"PotionOfCapacity"},{"floor":13.0,"key":"DuplicationPotion"},{"floor":21.0,"key":"FocusPotion"},{"floor":22,"key":"PotionOfCapacity"}],"is_trial":false,"path_per_floor":["M","M","$","?","M","R","E","R","T","R","M","M","M","M","R","B",null,"M","?","?","M","M","R","M","E"],"character_chosen":"DEFECT","items_purchased":["Leap","Loop"],"campfire_rested":2,"item_purchase_floors":[3,3],"current_hp_per_floor":[68,68,68,68,68,68,33,33,33,33,20,10,8,8,30,30,64,40,40,40,27,14,36,10,0,0],"gold":501,"neow_bonus":"THREE_ENEMY_KILL","is_daily":false,"chose_seed":false,"campfire_upgraded":3,"win_rate":0.0,"timestamp":1607792300,"path_taken":["M","M","$","?","?","R","E","R","T","R","M","M","M","M","R","BOSS","M","?","?","M","M","R","M","E"],"items_purchased_type":["Card","Card"],"build_version":"2020-11-30","purchased_purges":0,"victory":false,"max_hp_per_floor":[75,75,75,75,75,75,75,75,75,75,75,75,75,75,75,75,75,75,75,75,75,75,75,75,75,75],"card_choices":[{"not_picked":["Go for the Eyes","Coolheaded"],"picked":"Sweeping Beam","floor":1.0},{"not_picked":["Genetic Algorithm","Aggregate"],"picked":"Auto Shields","floor":2.0},{"not_picked":["Gash","Conserve Battery"],"picked":"Ball Lightning","floor":5.0},{"not_picked":["Sweeping Beam","Meteor Strike"],"picked":"Force Field+1","floor":7.0},{"not_picked":["Go for the Eyes","Consume+1"],"picked":"Coolheaded+1","floor":11.0},{"not_picked":["Hologram+1","Sweeping Beam"],"picked":"Ball Lightning","floor":12.0},{"not_picked":["Rip and Tear","Rebound","Gash"],"picked":"SKIP","floor":13.0},{"not_picked":["Barrage","Conserve Battery+1"],"picked":"Creative AI","floor":14.0},{"not_picked":["Reboot+1","Thunder Strike"],"picked":"Amplify+1","floor":16.0},{"not_picked":["Coolheaded+1","Genetic Algorithm+1"],"picked":"White Noise+1","floor":18.0},{"not_picked":["Streamline","Consume+1"],"picked":"Capacitor","floor":21.0},{"not_picked":["Cold Snap","Compile Driver+1"],"picked":"Chaos+1","floor":22},{"not_picked":["Auto Shields+1","Cold Snap"],"picked":"Stack+1","floor":24}],"player_experience":215283,"relics_obtained":[{"floor":7.0,"key":"Toxic Egg 2"},{"floor":9.0,"key":"Symbiotic Virus"}],"event_choices":[{"damage_healed":0.0,"max_hp_gain":0.0,"max_hp_loss":0.0,"gold_gain":0.0,"event_name":"Accursed Blacksmith","player_choice":"Forge","floor":4.0,"gold_loss":0.0,"damage_taken":0.0,"cards_upgraded":["Zap"]},{"damage_healed":0.0,"max_hp_gain":0.0,"max_hp_loss":0.0,"gold_gain":0.0,"event_name":"Cursed Tome","player_choice":"Ignored","floor":19.0,"gold_loss":0.0,"damage_taken":0.0},{"damage_healed":0.0,"max_hp_gain":0.0,"max_hp_loss":0.0,"gold_gain":250.0,"event_name":"The Joust","player_choice":"Bet on Owner","floor":20.0,"gold_loss":50.0,"damage_taken":0.0}],"is_beta":false,"boss_relics":[{"not_picked":["Philosopher\u0027s Stone","Tiny House"],"picked":"SlaversCollar"}],"items_purged_floors":[],"is_endless":false,"potions_floor_spawned":[5,11,13,14,21,22],"killed_by":"Slavers","ascension_level":10}}