{"host":"9tzam4717zt8ei1o","time":1607764958,"event":{"mods":["BaseMod","Colored Map","Keyboard Shortcuts","Minty Spire (QoL Compilation)","Quick Restart","StSLib","SuperFastMode"],"gold_per_floor":[114,128,128,53,69,69,97,97,122,132,40,55,55,55,55,184,184,209,31,31,31,44,69,69,88,133,150,160,35,47,124,124,225,225,245,89,89,100,100,128,174,202,202,216,216,73,87,36,36,36],"floor_reached":51,"playtime":1514,"items_purged":["Strike_G","Expertise","Unload"],"score":860,"play_id":"b7eddc1f-f61b-4a86-9603-237f20291b9c","local_time":"20201212182238","is_ascension_mode":true,"campfire_choices":[{"data":"Deadly Poison","floor":6.0,"key":"SMITH"},{"data":"Neutralize","floor":8.0,"key":"SMITH"},{"floor":15.0,"key":"REST"},{"floor":24,"key":"REST"},{"data":"Tactician","floor":32,"key":"SMITH"},{"floor":45,"key":"REST"},{"data":"A Thousand Cuts","floor":49,"key":"SMITH"}],"circlet_count":0,"master_deck":["Survivor","Neutralize+1","Tactician+1","Deadly Poison+1","Backflip","Poisoned Stab+1","Blur","Deadly Poison","Venomology","Caltrops","Blade Dance","Endless Agony+1","Calculated Gamble","Calculated Gamble","PiercingWail","Crippling Poison","Backflip+1","Prepared+1","Dagger Spray+1","PiercingWail+1","Well Laid Plans+1","Caltrops+1","A Thousand Cuts+1","Blur+1","After Image","After Image","Backflip"],"relics":["Ring of the Snake","Tiny Chest","Centennial Puzzle","Dream Catcher","Bloody Idol","Pandora\u0027s Box","Darkstone Periapt","Mummified Hand","Orichalcum","Ornamental Fan","Empty Cage","Snake Skull","Whetstone","MealTicket","Peace Pipe","Molten Egg 2","Bottled Flame","DollysMirror"],"acts_visited":["Exordium","TheCity","TheBeyond"],"potions_floor_usage":[23,23,23,27,27,28,30,33,33,38,40,41,41,42,42,44,44,50,50,50],"damage_taken":[{"damage":0.0,"enemies":"Small Slimes","floor":1.0,"turns":4.0},{"damage":2.0,"enemies":"2 Louse","floor":2.0,"turns":2.0},{"damage":8.0,"enemies":"Jaw Worm","floor":5.0,"turns":4.0},{"damage":33.0,"enemies":"Lagavulin","floor":7.0,"turns":7.0},{"damage":5.0,"enemies":"Exordium Thugs","floor":10.0,"turns":5.0},{"damage":3.0,"enemies":"Looter","floor":12.0,"turns":3.0},{"damage":4.0,"enemies":"The Guardian","floor":16.0,"turns":9.0},{"damage":11.0,"enemies":"Shell Parasite","floor":18.0,"turns":5.0},{"damage":22.0,"enemies":"2 Thieves","floor":22.0,"turns":4.0},{"damage":19,"enemies":"Gremlin Leader","floor":23,"turns":7},{"damage":14,"enemies":"Snecko","floor":25,"turns":5},{"damage":0,"enemies":"3 Cultists","floor":27,"turns":4},{"damage":0,"enemies":"Sentry and Sphere","floor":28,"turns":4},{"damage":15,"enemies":"Shelled Parasite and Fungi","floor":30,"turns":5},{"damage":24,"enemies":"Champ","floor":33,"turns":11},{"damage":11,"enemies":"3 Darklings","floor":35,"turns":5},{"damage":8,"enemies":"3 Shapes","floor":38,"turns":4},{"damage":26,"enemies":"Nemesis","floor":40,"turns":7},{"damage":31,"enemies":"2 Orb Walkers","floor":41,"turns":4},{"damage":22,"enemies":"Reptomancer","floor":42,"turns":4},{"damage":0,"enemies":"Jaw Worm Horde","floor":44,"turns":4},{"damage":9,"enemies":"Sphere and 2 Shapes","floor":47,"turns":4},{"damage":8,"enemies":"Time Eater","floor":50,"turns":12}],"seed_played":"-5421263335467809689","potions_obtained":[{"floor":1.0,"key":"SpeedPotion"},{"floor":7.0,"key":"CunningPotion"},{"floor":10.0,"key":"Weak Potion"},{"floor":28,"key":"Swift Potion"},{"floor":35,"key":"Energy Potion"},{"floor":42,"key":"SneckoOil"}],"is_trial":false,"path_per_floor":["M","M","?","$","M","R","E","R","T","M","$","M","$","?","R","B",null,"M","$","?","T","M","E","R","M","T","M","M","$","M","T","R","B",null,"M","$","?","M","T","E","?","E","T","M","R","$","M","$","R","B",null],"character_chosen":"THE_SILENT","items_purchased":["Poisoned Stab","Blur","Crippling Poison","Snake Skull","DollysMirror","BlessingOfTheForge"],"campfire_rested":3,"item_purchase_floors":[11,11,19,36,46,48],"current_hp_per_floor":[70,68,54,54,46,46,13,13,13,8,8,5,5,5,24,20,65,54,54,54,54,42,28,47,38,43,48,53,53,43,48,48,29,65,59,59,59,56,56,35,23,6,6,11,30,45,41,56,56,48],"gold":36,"neow_bonus":"RANDOM_COMMON_RELIC","is_daily":false,"chose_seed":false,"campfire_upgraded":4,"win_rate":0.0,"timestamp":1607764958,"path_taken":["M","M","?","$","M","R","E","R","T","M","$","M","$","?","R","BOSS","M","$","?","?","?","E","R","M","T","M","M","$","M","?","R","BOSS","M","$","?","M","?","E","?","E","T","M","R","?","M","$","R","BOSS"],"items_purchased_type":["Card","Card","Card","Relic","Relic","Potion"],"build_version":"2020-11-30","purchased_purges":3,"victory":true,"max_hp_per_floor":[70,70,70,70,70,70,70,70,70,70,70,70,70,65,65,65,65,65,65,65,65,65,65,65,65,65,65,65,65,65,65,65,65,65,65,65,65,65,65,65,65,65,65,65,65,65,65,65,65,65],"card_choices":[{"not_picked":["Expertise","Underhanded Strike"],"picked":"Tactician","floor":1.0},{"not_picked":["Catalyst","Prepared"],"picked":"All Out Attack","floor":2.0},{"not_picked":["Calculated Gamble","Concentrate"],"picked":"Deadly Poison","floor":5.0},{"not_picked":["Bullet Time","Dagger Spray","Blade Dance"],"picked":"SKIP","floor":7.0},{"not_picked":["Blade Dance","Dagger Spray"],"picked":"Backflip","floor":10.0},{"not_picked":["Heel Hook","Dash","Dagger Spray"],"picked":"SKIP","floor":12.0},{"not_picked":["Accuracy","Blade Dance"],"picked":"Deadly Poison","floor":15.0},{"not_picked":["Unload","Envenom"],"picked":"Venomology","floor":16.0},{"not_picked":["Blade Dance+1","Slice+1","Outmaneuver"],"picked":"SKIP","floor":18.0},{"not_picked":["Prepared","Acrobatics"],"picked":"Backflip+1","floor":22.0},{"not_picked":["Underhanded Strike","Infinite Blades"],"picked":"Prepared+1","floor":23},{"not_picked":["Outmaneuver","PiercingWail"],"picked":"Dagger Spray+1","floor":24},{"not_picked":["Masterful Stab","Deflect","Blade Dance"],"picked":"SKIP","floor":25},{"not_picked":["Masterful Stab","Dash"],"picked":"PiercingWail+1","floor":27},{"not_picked":["Tools of the Trade","Underhanded Strike"],"picked":"Well Laid Plans+1","floor":28},{"not_picked":["Blade Dance","Well Laid Plans"],"picked":"Caltrops+1","floor":30},{"not_picked":["Storm of Steel","Bullet Time"],"picked":"A Thousand Cuts","floor":33},{"not_picked":["Underhanded Strike+1","Outmaneuver+1"],"picked":"Blur+1","floor":35},{"not_picked":["Flechettes","Quick Slash","Heel Hook"],"picked":"SKIP","floor":38},{"not_picked":["Blade Dance","Sucker Punch"],"picked":"After Image","floor":40},{"not_picked":["Masterful Stab+1","Prepared","Blade Dance+1"],"picked":"SKIP","floor":42},{"not_picked":["Cloak And Dagger","Outmaneuver+1","Poisoned Stab+1"],"picked":"SKIP","floor":44},{"not_picked":["Bane+1","Venomology"],"picked":"Backflip","floor":47}],"player_experience":58282,"relics_obtained":[{"floor":7.0,"key":"Centennial Puzzle"},{"floor":9.0,"key":"Dream Catcher"},{"floor":21.0,"key":"Darkstone Periapt"},{"floor":23,"key":"Mummified Hand"},{"floor":26,"key":"Orichalcum"},{"floor":31,"key":"Ornamental Fan"},{"floor":39,"key":"Whetstone"},{"floor":40,"key":"MealTicket"},{"floor":41,"key":"Peace Pipe"},{"floor":42,"key":"Molten Egg 2"},{"floor":43,"key":"Bottled Flame"}],"event_choices":[{"damage_healed":0.0,"max_hp_gain":0.0,"max_hp_loss":0.0,"gold_gain":0.0,"event_name":"Shining Light","player_choice":"Entered Light","floor":3.0,"gold_loss":0.0,"damage_taken":14.0,"cards_upgraded":["Defend_G","Defend_G"]},{"damage_healed":0.0,"max_hp_gain":0.0,"max_hp_loss":5.0,"gold_gain":0.0,"event_name":"Golden Idol","player_choice":"Lose Max HP","floor":14.0,"gold_loss":0.0,"damage_taken":0.0,"relics_obtained":["Golden Idol"]},{"damage_healed":0.0,"max_hp_gain":0.0,"max_hp_loss":0.0,"gold_gain":0.0,"event_name":"Forgotten Altar","player_choice":"Gave Idol","floor":20.0,"relics_lost":["Golden Idol"],"gold_loss":0.0,"damage_taken":0.0,"relics_obtained":["Bloody Idol"]},{"damage_healed":0,"gold_gain":0,"player_choice":"0 cards matched","damage_taken":0,"max_hp_gain":0,"max_hp_loss":0,"event_name":"Match and Keep!","floor":37,"gold_loss":0,"cards_obtained":[]},{"damage_healed":0,"gold_gain":0,"player_choice":"Fight","damage_taken":0,"max_hp_gain":0,"max_hp_loss":0,"event_name":"Mysterious Sphere","floor":41,"gold_loss":0}],"is_beta":false,"boss_relics":[{"not_picked":["Ring of the Serpent","Runic Pyramid"],"picked":"Pandora\u0027s Box"},{"not_picked":["Runic Dome","Velvet Choker"],"picked":"Empty Cage"}],"items_purged_floors":[4,19,29],"is_endless":false,"potions_floor_spawned":[1,7,10,22,28,35,40,42],"ascension_level":4}}