{"host":"u5hfrceatticevdm","time":1607752082,"event":{"mods":["2.2 Compatiblity","Act Like it!","Alarm Clock","Aspiration","BaseMod","Better Synergies","Conspire","Downfall","Energized Spire","Friendly Minions","GifTheSpireLib","Halation","HexUI Lib","Hubris","Humility","Hyrulean Relics","Magineer Mod","Minty Spire (QoL Compilation)","Replay The Spire","Small Relic Pack","Spicy Shops","Spikes Relics","StSLib","Stuff the Spire","The Construct","Unceasing Turn Reminder","Useless Jewels Mod","Waifu the Spire","vexMod"],"gold_per_floor":[115,115,231,231,231,231,264,264,289,289,368,385,399,364,364,364,364],"floor_reached":16,"playtime":751,"items_purged":[],"score":100,"play_id":"c5eba3a9-6939-44fe-a808-3f28c362458a","local_time":"20201212004802","is_ascension_mode":false,"campfire_choices":[{"data":"Genetic Algorithm","floor":6,"key":"SMITH"},{"floor":10,"key":"REST"},{"data":"Defend_B","floor":15,"key":"SMITH"}],"circlet_count":0,"master_deck":["Strike_B","Strike_B+1","Strike_B","Strike_B","Defend_B+1","Defend_B","Defend_B","Defend_B","Zap","Dualcast","Genetic Algorithm+1","Leap","Injury","hubris:SpecializedCircuitry","hubris:Ukulele+1","Redo","Streamline+1","Hello World","Leap"],"relics":["Cracked Core","hubris:Icosahedron","Molten Egg 2","CherryCoatedStake","halation:KoshaPiece"],"acts_visited":["Exordium"],"potions_floor_usage":[16],"damage_taken":[{"damage":1,"enemies":"Cultist","floor":1,"turns":3},{"damage":6,"enemies":"2 Louse","floor":3,"turns":2},{"damage":25,"enemies":"Lagavulin","floor":7,"turns":8},{"damage":11,"enemies":"Jaw Worm","floor":12,"turns":3},{"damage":4,"enemies":"3 Louse","floor":13,"turns":4},{"damage":2,"enemies":"Blue Slaver","floor":14,"turns":4},{"damage":44,"enemies":"The Guardian","floor":16,"turns":11}],"seed_played":"6122554572725262838","potions_obtained":[{"floor":13,"key":"FocusPotion"}],"is_trial":false,"path_per_floor":["M","?","M","?","?","R","E","?","T","R","?","M","M","M","R","B"],"character_chosen":"DEFECT","items_purchased":[],"campfire_rested":1,"item_purchase_floors":[],"current_hp_per_floor":[81,81,75,75,75,75,50,55,55,81,47,36,37,35,35,0,0],"gold":364,"neow_bonus":"TEN_PERCENT_HP_BONUS","is_daily":false,"chose_seed":false,"campfire_upgraded":2,"win_rate":0.0,"timestamp":1607752082,"path_taken":["M","?","M","?","?","R","E","?","T","R","?","M","M","M","R","BOSS"],"items_purchased_type":[],"build_version":"2020-11-30","purchased_purges":0,"victory":false,"max_hp_per_floor":[82,82,82,82,82,82,82,87,87,87,87,87,87,87,87,87,87],"card_choices":[{"not_picked":["Go for the Eyes","Coolheaded"],"picked":"Genetic Algorithm","floor":1},{"not_picked":["Sweeping Beam","Stack"],"picked":"Leap","floor":3},{"not_picked":["Gash+1","Panic Button"],"picked":"hubris:SpecializedCircuitry","floor":7},{"not_picked":["ReplayTheSpireMod:GoodbyeWorld","FTL+1"],"picked":"hubris:Ukulele+1","floor":11},{"not_picked":["Hologram","Gash+1"],"picked":"Redo","floor":11},{"not_picked":["Glacier","Gash+1"],"picked":"Streamline+1","floor":12},{"not_picked":["Undo","Time Bomb"],"picked":"Hello World","floor":13},{"not_picked":["Coolheaded","Barrage+1"],"picked":"Leap","floor":14}],"player_experience":757666,"relics_obtained":[{"floor":7,"key":"CherryCoatedStake"},{"floor":11,"key":"halation:KoshaPiece"}],"event_choices":[{"damage_healed":0,"gold_gain":0,"player_choice":"Donut","damage_taken":0,"max_hp_gain":5,"max_hp_loss":0,"event_name":"Big Fish","floor":8,"gold_loss":0}],"is_beta":false,"boss_relics":[],"items_purged_floors":[],"is_endless":false,"potions_floor_spawned":[13,14],"killed_by":"The Guardian","ascension_level":0}}