{"host":"gjbmv0wqve0qfw94","time":1607734802,"event":{"mods":["BaseMod","Colored Map","Colored Powertips","DeckTracker","Googly Eyes","Minty Spire (QoL Compilation)","StSLib"],"gold_per_floor":[116,116,132,152,152,152,177,177,177,177,189,21,54,68,68,145,145,155,155,165,177,189,222,222,251,251,264,276,310,321,348,348,348,348],"floor_reached":33,"playtime":1199,"items_purged":[],"score":678,"play_id":"79ab0da2-5e4b-4c2b-b6c2-8a7e3e3fa93d","local_time":"20201212020002","is_ascension_mode":true,"campfire_choices":[{"data":"Inflame","floor":6,"key":"SMITH"},{"data":"Sword Boomerang","floor":8,"key":"SMITH"},{"data":"Carnage","floor":10,"key":"SMITH"},{"data":"Heavy Blade","floor":15,"key":"SMITH"},{"data":"Disarm","floor":24,"key":"SMITH"},{"floor":32,"key":"REST"}],"circlet_count":0,"master_deck":["AscendersBane","Strike_R","Strike_R","Strike_R","Strike_R","Defend_R","Defend_R","Defend_R","Defend_R","Bash+1","Carnage+1","Inflame+1","Sword Boomerang+1","Disarm+1","Juggernaut","Heavy Blade+1","Impervious","Feel No Pain","Uppercut+1","Offering","Dark Embrace","Shrug It Off","Heavy Blade+1","Uppercut+1","Whirlwind+1"],"relics":["Burning Blood","Matryoshka","Oddly Smooth Stone","Akabeko","Pear","PreservedInsect","Singing Bowl","Snecko Eye","Mercury Hourglass","Omamori","Vajra","Molten Egg 2","Ornamental Fan","Pen Nib"],"acts_visited":["Exordium","TheCity"],"potions_floor_usage":[11,20,23,25,29,33,33],"damage_taken":[{"damage":14,"enemies":"Small Slimes","floor":1,"turns":3},{"damage":2,"enemies":"2 Louse","floor":3,"turns":3},{"damage":1,"enemies":"Cultist","floor":4,"turns":3},{"damage":32,"enemies":"Gremlin Nob","floor":7,"turns":4},{"damage":0,"enemies":"2 Fungi Beasts","floor":11,"turns":2},{"damage":4,"enemies":"3 Sentries","floor":13,"turns":3},{"damage":15,"enemies":"Gremlin Gang","floor":14,"turns":5},{"damage":32,"enemies":"The Guardian","floor":16,"turns":7},{"damage":5,"enemies":"2 Thieves","floor":18,"turns":3},{"damage":22,"enemies":"Shell Parasite","floor":20,"turns":5},{"damage":7,"enemies":"Snecko","floor":21,"turns":4},{"damage":11,"enemies":"Centurion and Healer","floor":22,"turns":5},{"damage":3,"enemies":"Book of Stabbing","floor":23,"turns":3},{"damage":15,"enemies":"Gremlin Leader","floor":25,"turns":2},{"damage":22,"enemies":"Chosen and Byrds","floor":27,"turns":4},{"damage":23,"enemies":"Snecko","floor":28,"turns":4},{"damage":14,"enemies":"Slavers","floor":29,"turns":5},{"damage":18,"enemies":"Snake Plant","floor":30,"turns":2},{"damage":10,"enemies":"Book of Stabbing","floor":31,"turns":2},{"damage":38,"enemies":"Champ","floor":33,"turns":7}],"seed_played":"-7751456364614566378","potions_obtained":[{"floor":1,"key":"Block Potion"},{"floor":4,"key":"ColorlessPotion"},{"floor":14,"key":"ColorlessPotion"},{"floor":16,"key":"LiquidBronze"},{"floor":18,"key":"Regen Potion"},{"floor":21,"key":"LiquidMemories"},{"floor":23,"key":"GamblersBrew"},{"floor":29,"key":"Energy Potion"},{"floor":30,"key":"Fire Potion"}],"is_trial":false,"path_per_floor":["M","?","M","M","?","R","E","R","T","R","M","$","E","M","R","B",null,"M","?","M","M","M","E","R","E","T","M","M","E","M","E","R","B"],"character_chosen":"IRONCLAD","items_purchased":["PreservedInsect"],"campfire_rested":1,"item_purchase_floors":[12],"current_hp_per_floor":[60,60,64,69,69,69,43,43,53,53,59,59,61,52,52,26,70,71,76,60,61,58,61,61,52,52,36,19,25,15,11,38,0,0],"gold":348,"neow_bonus":"UPGRADE_CARD","is_daily":false,"chose_seed":false,"campfire_upgraded":5,"win_rate":0.0,"timestamp":1607734802,"path_taken":["M","?","M","M","?","R","E","R","T","R","M","$","E","?","R","BOSS","M","?","M","?","M","E","R","E","T","M","M","E","M","E","R","BOSS"],"items_purchased_type":["Relic"],"build_version":"2020-11-30","purchased_purges":0,"victory":false,"max_hp_per_floor":[75,75,75,75,75,75,75,75,85,85,85,85,85,85,85,85,85,85,85,85,87,89,89,89,89,89,89,89,89,91,91,91,91,91],"card_choices":[{"not_picked":["Warcry","Sword Boomerang"],"picked":"Carnage","floor":1},{"not_picked":["Headbutt","Metallicize"],"picked":"Anger","floor":3},{"not_picked":["Perfected Strike","Armaments"],"picked":"Sword Boomerang","floor":4},{"not_picked":["Infernal Blade","Power Through","Clash"],"picked":"SKIP","floor":7},{"not_picked":["Body Slam","Infernal Blade"],"picked":"Disarm","floor":11},{"not_picked":["Infernal Blade","Headbutt"],"picked":"Juggernaut","floor":13},{"not_picked":["Searing Blow","Clash"],"picked":"Heavy Blade","floor":14},{"not_picked":["Berserk","Exhume"],"picked":"Impervious","floor":16},{"not_picked":["Anger","Warcry"],"picked":"Feel No Pain","floor":18},{"not_picked":["Headbutt","Body Slam"],"picked":"Uppercut+1","floor":20},{"not_picked":["Uppercut","Iron Wave","Thunderclap"],"picked":"Singing Bowl","floor":21},{"not_picked":["True Grit","Seeing Red","Cleave"],"picked":"Singing Bowl","floor":22},{"not_picked":["Iron Wave","Perfected Strike"],"picked":"Offering","floor":23},{"not_picked":["Clash","Flex"],"picked":"Dark Embrace","floor":25},{"not_picked":["Armaments","Anger+1"],"picked":"Shrug It Off","floor":27},{"not_picked":["Clothesline+1","Dropkick+1"],"picked":"Heavy Blade+1","floor":28},{"not_picked":["Second Wind","Thunderclap+1"],"picked":"Uppercut+1","floor":29},{"not_picked":["Cleave+1","True Grit","Seeing Red"],"picked":"Singing Bowl","floor":30},{"not_picked":["Thunderclap+1","Headbutt+1"],"picked":"Whirlwind+1","floor":31}],"player_experience":1177355,"relics_obtained":[{"floor":7,"key":"Oddly Smooth Stone"},{"floor":9,"key":"Akabeko"},{"floor":9,"key":"Pear"},{"floor":13,"key":"Singing Bowl"},{"floor":23,"key":"Mercury Hourglass"},{"floor":25,"key":"Omamori"},{"floor":26,"key":"Vajra"},{"floor":26,"key":"Molten Egg 2"},{"floor":29,"key":"Ornamental Fan"},{"floor":31,"key":"Pen Nib"}],"event_choices":[{"damage_healed":0,"gold_gain":0,"cards_transformed":["Strike_R"],"player_choice":"Change","damage_taken":0,"max_hp_gain":0,"max_hp_loss":0,"event_name":"Living Wall","floor":2,"gold_loss":0,"cards_obtained":["Inflame"]},{"damage_healed":0,"gold_gain":0,"player_choice":"Gave Potion","damage_taken":0,"relics_obtained":["Matryoshka"],"max_hp_gain":0,"max_hp_loss":0,"event_name":"WeMeetAgain","floor":5,"gold_loss":0},{"cards_removed":["Anger"],"damage_healed":5,"gold_gain":0,"player_choice":"Offered Common","damage_taken":0,"max_hp_gain":0,"max_hp_loss":0,"event_name":"Bonfire Elementals","floor":19,"gold_loss":0},{"cards_removed":["Anger"],"damage_healed":5,"gold_gain":0,"player_choice":"Offered Special","damage_taken":0,"max_hp_gain":0,"max_hp_loss":0,"event_name":"Bonfire Elementals","floor":19,"gold_loss":0}],"is_beta":false,"boss_relics":[{"not_picked":["Sozu","Black Blood"],"picked":"Snecko Eye"}],"items_purged_floors":[],"is_endless":false,"potions_floor_spawned":[1,4,14,16,18,21,23,29,30,31],"killed_by":"Champ","ascension_level":20}}