{"host":"7krnriczr1b2ou5r","time":1607806791,"event":{"mods":["BaseMod","Keyboard Shortcuts","Minty Spire (QoL Compilation)","Relic Stats","StSLib","The Poker Player"],"gold_per_floor":[13,28,39,198,216,249,249,577,577,604,529,547,547,558,558,629,629,645,661,661,679,13,13,39,39,39,55,84,84,84,116,116,190,190,210,224,224,235,235,266,266,281,281,281,293,319,319,332,332,332,332,332,332,30,63,63],"floor_reached":57,"playtime":2133,"items_purged":["Strike_P","Strike_P","Strike_P+1"],"score":3459,"play_id":"49ebab14-dfe9-41ac-8009-151a3916ae30","local_time":"20201213055951","is_ascension_mode":true,"campfire_choices":[{"data":"Ragnarok","floor":7,"key":"SMITH"},{"data":"CrushJoints","floor":13,"key":"SMITH"},{"data":"WreathOfFlame","floor":15,"key":"SMITH"},{"data":"LessonLearned","floor":23,"key":"SMITH"},{"data":"DeusExMachina","floor":25,"key":"SMITH"},{"data":"Wallop","floor":29,"key":"SMITH"},{"data":"Ragnarok","floor":32,"key":"SMITH"},{"floor":41,"key":"RECALL"},{"data":"TalkToTheHand","floor":44,"key":"SMITH"}],"circlet_count":0,"master_deck":["AscendersBane","Defend_P+1","Defend_P+1","Defend_P+1","Eruption+1","Vigilance+1","DeusExMachina+1","Meditate+1","Ragnarok+1","Adaptation+1","LessonLearned+1","CrushJoints+1","WreathOfFlame+1","MentalFortress+1","Brilliance+1","Worship+1","Fasting2+1","Vault+1","Wallop+1","Ragnarok+1","DevaForm+1","TalkToTheHand+1"],"relics":["PureWater","Snecko Eye","Black Star","Membership Card","The Courier","Vajra","Mercury Hourglass","Old Coin","MealTicket","Lizard Tail","Pocketwatch","Bronze Scales","Philosopher\u0027s Stone","Pantograph","Tiny Chest","Frozen Eye","Yang","TeardropLocket","Bottled Tornado","Blood Vial","Ginger","Kunai","InkBottle","StrikeDummy","Pear","Bottled Lightning","Coffee Dripper","Gremlin Horn","Mummified Hand","Dream Catcher","Eternal Feather","Sundial","HornCleat","Shuriken","ClockworkSouvenir","Bag of Preparation","Ornamental Fan","Thread and Needle"],"acts_visited":["Exordium","TheCity","TheBeyond","TheEnding"],"potions_floor_usage":[18,24,38,40,55,56],"damage_taken":[{"damage":0,"enemies":"Jaw Worm","floor":1,"turns":3},{"damage":6,"enemies":"2 Louse","floor":2,"turns":2},{"damage":0,"enemies":"Cultist","floor":3,"turns":2},{"damage":0,"enemies":"Red Slaver","floor":5,"turns":2},{"damage":17,"enemies":"3 Sentries","floor":6,"turns":4},{"damage":0,"enemies":"Gremlin Nob","floor":8,"turns":2},{"damage":20,"enemies":"3 Sentries","floor":10,"turns":6},{"damage":0,"enemies":"3 Louse","floor":12,"turns":2},{"damage":1,"enemies":"Exordium Thugs","floor":14,"turns":2},{"damage":3,"enemies":"The Guardian","floor":16,"turns":8},{"damage":0,"enemies":"3 Byrds","floor":18,"turns":2},{"damage":0,"enemies":"Spheric Guardian","floor":19,"turns":1},{"damage":6,"enemies":"Chosen and Byrds","floor":21,"turns":3},{"damage":9,"enemies":"Slavers","floor":24,"turns":3},{"damage":0,"enemies":"Cultist and Chosen","floor":27,"turns":2},{"damage":9,"enemies":"Gremlin Leader","floor":28,"turns":3},{"damage":0,"enemies":"Book of Stabbing","floor":31,"turns":3},{"damage":0,"enemies":"Champ","floor":33,"turns":3},{"damage":0,"enemies":"3 Shapes","floor":35,"turns":6},{"damage":0,"enemies":"3 Darklings","floor":36,"turns":2},{"damage":0,"enemies":"Jaw Worm Horde","floor":38,"turns":2},{"damage":0,"enemies":"Reptomancer","floor":40,"turns":2},{"damage":0,"enemies":"Sphere and 2 Shapes","floor":42,"turns":2},{"damage":1,"enemies":"Maw","floor":45,"turns":5},{"damage":0,"enemies":"Giant Head","floor":46,"turns":3},{"damage":0,"enemies":"Transient","floor":48,"turns":4},{"damage":0,"enemies":"Donu and Deca","floor":50,"turns":3},{"damage":0,"enemies":"Time Eater","floor":51,"turns":5},{"damage":1,"enemies":"Shield and Spear","floor":55,"turns":2},{"damage":62,"enemies":"The Heart","floor":56,"turns":7}],"seed_played":"-213151813396368288","potions_obtained":[{"floor":3,"key":"EssenceOfSteel"},{"floor":8,"key":"AttackPotion"},{"floor":12,"key":"SteroidPotion"},{"floor":19,"key":"BlessingOfTheForge"},{"floor":24,"key":"Block Potion"},{"floor":27,"key":"DistilledChaos"},{"floor":38,"key":"Swift Potion"},{"floor":46,"key":"DistilledChaos"}],"is_trial":false,"path_per_floor":["M","M","M","$","M","E","R","E","T","E","?","M","R","M","R","B",null,"M","M","?","M","$","R","E","R","T","M","E","R","?","E","R","B",null,"M","M","T","M","T","E","R","M","T","R","M","E","R","M","R","B","B",null,"R","$","E","B",null],"character_chosen":"WATCHER","items_purchased":["Ragnarok","Vault","Pantograph","Tiny Chest","Frozen Eye","Yang","TeardropLocket","Bottled Tornado","Shuriken","ClockworkSouvenir","Bag of Preparation"],"campfire_rested":0,"item_purchase_floors":[4,22,22,22,22,22,22,22,54,54,54],"current_hp_per_floor":[61,55,55,55,55,38,38,38,38,18,18,18,18,17,17,14,55,55,55,55,49,64,64,55,55,55,57,50,50,50,62,62,78,78,78,78,78,78,78,78,78,78,78,78,77,78,78,78,78,78,78,78,78,78,77,16],"gold":63,"neow_bonus":"THREE_RARE_CARDS","is_daily":false,"chose_seed":false,"campfire_upgraded":8,"win_rate":0.0,"timestamp":1607806791,"path_taken":["M","M","M","$","M","E","R","E","T","E","?","M","R","M","R","BOSS","M","M","?","M","$","R","E","R","T","M","E","R","?","E","R","BOSS","M","?","?","M","?","E","R","?","T","R","M","E","R","M","R","BOSS","BOSS","R","$","E","BOSS"],"items_purchased_type":["Card","Card","Relic","Relic","Relic","Relic","Relic","Relic","Relic","Relic","Relic"],"build_version":"2020-11-30","purchased_purges":3,"victory":true,"max_hp_per_floor":[68,68,68,68,68,68,68,68,68,68,68,68,68,68,68,68,68,68,68,68,68,68,68,68,68,68,68,68,68,68,78,78,78,78,78,78,78,78,78,78,78,78,78,78,78,78,78,78,78,78,78,78,78,78,78,78],"relic_stats":{"Gremlin Horn":[7,7],"counters":[30,93],"Yang":[120],"Eternal Feather":0,"Bag of Preparation":[0],"Ginger":[7],"Mercury Hourglass":[332],"Blood Vial":10,"Lizard Tail":0,"Dream Catcher":0,"Mummified Hand":[75],"Sundial":[4],"Shuriken":[5],"Ornamental Fan":[12],"Bronze Scales":[153],"Pantograph":14,"Snecko Eye":[163,149,182,155],"MealTicket":15,"Tiny Chest":1,"Black Star":9,"Kunai":[24],"obtain_stats":[{"Gremlin Horn":37,"Vajra":6,"Yang":22,"Bag of Preparation":54,"TeardropLocket":22,"Ginger":24,"Bottled Tornado":22,"Old Coin":8,"ClockworkSouvenir":54,"Blood Vial":24,"Frozen Eye":22,"Lizard Tail":9,"Dream Catcher":40,"HornCleat":46,"Mummified Hand":39,"Sundial":46,"Pantograph":22,"MealTicket":8,"Philosopher\u0027s Stone":17,"Tiny Chest":22,"Kunai":26,"InkBottle":28,"Pear":31,"Circlet":4,"Eternal Feather":40,"Thread and Needle":55,"The Courier":4,"Mercury Hourglass":6,"Shuriken":54,"Ornamental Fan":55,"Bronze Scales":10,"Snecko Eye":0,"Black Star":0,"Coffee Dripper":34,"Membership Card":4,"Bottled Lightning":31,"PureWater":0,"StrikeDummy":28,"Pocketwatch":10},{"Gremlin Horn":20,"Vajra":5,"Yang":13,"Bag of Preparation":28,"TeardropLocket":13,"Ginger":14,"Bottled Tornado":13,"Old Coin":6,"ClockworkSouvenir":28,"Blood Vial":14,"Frozen Eye":13,"Lizard Tail":6,"Dream Catcher":22,"HornCleat":25,"Mummified Hand":21,"Sundial":25,"Pantograph":13,"MealTicket":6,"Philosopher\u0027s Stone":10,"Tiny Chest":13,"Kunai":14,"InkBottle":16,"Pear":17,"Circlet":3,"Eternal Feather":22,"Thread and Needle":29,"The Courier":3,"Mercury Hourglass":5,"Shuriken":28,"Ornamental Fan":29,"Bronze Scales":7,"Snecko Eye":0,"Black Star":0,"Coffee Dripper":18,"Membership Card":3,"Bottled Lightning":17,"PureWater":0,"StrikeDummy":16,"Pocketwatch":7},{"Gremlin Horn":58,"Vajra":13,"Yang":38,"Bag of Preparation":84,"TeardropLocket":38,"Ginger":41,"Bottled Tornado":38,"Old Coin":15,"ClockworkSouvenir":84,"Blood Vial":41,"Frozen Eye":38,"Lizard Tail":15,"Dream Catcher":62,"HornCleat":72,"Mummified Hand":60,"Sundial":72,"Pantograph":38,"MealTicket":15,"Philosopher\u0027s Stone":32,"Tiny Chest":38,"Kunai":41,"InkBottle":45,"Pear":48,"Circlet":7,"Eternal Feather":62,"Thread and Needle":86,"The Courier":7,"Mercury Hourglass":13,"Shuriken":84,"Ornamental Fan":86,"Bronze Scales":20,"Snecko Eye":0,"Black Star":0,"Coffee Dripper":51,"Membership Card":7,"Bottled Lightning":48,"PureWater":0,"StrikeDummy":45,"Pocketwatch":20}],"InkBottle":[25],"Pocketwatch":[18]},"card_choices":[{"not_picked":["Devotion","ConjureBlade"],"picked":"DeusExMachina","floor":0},{"not_picked":["Protect","Conclude"],"picked":"Meditate","floor":1},{"not_picked":["ThirdEye","JustLucky","Protect"],"picked":"SKIP","floor":2},{"not_picked":["Evaluate","SashWhip","ClearTheMind"],"picked":"SKIP","floor":3},{"not_picked":["FlurryOfBlows","Consecrate"],"picked":"Adaptation","floor":5},{"not_picked":["JustLucky","CutThroughFate","Collect"],"picked":"SKIP","floor":6},{"not_picked":["PathToVictory","Alpha"],"picked":"LessonLearned","floor":8},{"not_picked":["CrushJoints","EmptyFist","Halt"],"picked":"SKIP","floor":10},{"not_picked":["ReachHeaven","CrushJoints","Nirvana"],"picked":"SKIP","floor":12},{"not_picked":["ReachHeaven","Nirvana"],"picked":"CrushJoints","floor":12},{"not_picked":["JustLucky","Weave"],"picked":"WreathOfFlame","floor":14},{"not_picked":["Scrawl","Establishment"],"picked":"Brilliance","floor":16},{"not_picked":["FollowUp","Indignation","Collect"],"picked":"SKIP","floor":18},{"not_picked":["CrushJoints","Crescendo"],"picked":"Worship","floor":19},{"not_picked":["Prostrate","Evaluate","Halt"],"picked":"SKIP","floor":21},{"not_picked":["LikeWater","WaveOfTheHand","Consecrate"],"picked":"SKIP","floor":24},{"not_picked":["Adaptation","Prostrate","Perseverance"],"picked":"SKIP","floor":27},{"not_picked":["Omniscience","Evaluate"],"picked":"Wallop","floor":28},{"not_picked":["Evaluate","EmptyFist"],"picked":"Ragnarok","floor":31},{"not_picked":["Ragnarok","Alpha"],"picked":"DevaForm","floor":33},{"not_picked":["Wallop","EmptyFist+1","ClearTheMind"],"picked":"SKIP","floor":35},{"not_picked":["EmptyFist","FollowUp","CutThroughFate"],"picked":"SKIP","floor":36},{"not_picked":["ClearTheMind+1","FearNoEvil","Evaluate"],"picked":"SKIP","floor":38},{"not_picked":["CutThroughFate+1","Prostrate+1"],"picked":"TalkToTheHand","floor":40},{"not_picked":["EmptyFist","EmptyMind","FlyingSleeves+1"],"picked":"SKIP","floor":42},{"not_picked":["TalkToTheHand+1","Protect","Establishment"],"picked":"SKIP","floor":45},{"not_picked":["Wireheading+1","BattleHymn+1","FlyingSleeves+1"],"picked":"SKIP","floor":46},{"not_picked":["FlurryOfBlows+1","Protect","Wireheading"],"picked":"SKIP","floor":48},{"not_picked":["CutThroughFate","Wireheading+1","EmptyFist"],"picked":"SKIP","floor":55}],"player_experience":1086738,"relics_obtained":[{"floor":6,"key":"Vajra"},{"floor":6,"key":"Mercury Hourglass"},{"floor":8,"key":"Old Coin"},{"floor":8,"key":"MealTicket"},{"floor":9,"key":"Lizard Tail"},{"floor":10,"key":"Pocketwatch"},{"floor":10,"key":"Bronze Scales"},{"floor":24,"key":"Blood Vial"},{"floor":24,"key":"Ginger"},{"floor":26,"key":"Kunai"},{"floor":28,"key":"InkBottle"},{"floor":28,"key":"StrikeDummy"},{"floor":31,"key":"Pear"},{"floor":31,"key":"Bottled Lightning"},{"floor":37,"key":"Gremlin Horn"},{"floor":39,"key":"Mummified Hand"},{"floor":40,"key":"Dream Catcher"},{"floor":40,"key":"Eternal Feather"},{"floor":46,"key":"Sundial"},{"floor":46,"key":"HornCleat"},{"floor":55,"key":"Ornamental Fan"},{"floor":55,"key":"Thread and Needle"}],"event_choices":[{"cards_removed":["Defend_P"],"damage_healed":0,"gold_gain":0,"player_choice":"Card Removal","damage_taken":0,"max_hp_gain":0,"max_hp_loss":0,"event_name":"The Cleric","floor":11,"gold_loss":75},{"damage_healed":0,"gold_gain":0,"player_choice":"Read","damage_taken":0,"max_hp_gain":0,"max_hp_loss":0,"event_name":"The Library","floor":20,"gold_loss":0,"cards_obtained":["Fasting2"]},{"cards_removed":["Strike_P"],"damage_healed":0,"gold_gain":0,"player_choice":"Offered Basic","damage_taken":0,"max_hp_gain":0,"max_hp_loss":0,"event_name":"Bonfire Elementals","floor":30,"gold_loss":0}],"is_beta":false,"boss_relics":[{"not_picked":["Tiny House","Snecko Eye"],"picked":"Philosopher\u0027s Stone"},{"not_picked":["SlaversCollar","Pandora\u0027s Box"],"picked":"Coffee Dripper"}],"items_purged_floors":[4,22,54],"is_endless":false,"potions_floor_spawned":[3,8,12,16,19,24,27,31,38,46,48],"ascension_level":20}}