{"host":"i9wanet4r0ff4t9y","time":1607796734,"event":{"mods":["2.2 Compatiblity","Act Like it!","BaseMod","Better Altar","Better Match","Better Note","Better Sensory Stone","Better Skull","Better Third Choice","Better Vampires","BetterRewards","CapriCore","Downfall","Minty Spire (QoL Compilation)","READ ME - Guardian Mod","READ ME - Snecko Mod","Relic Stats","Replay The Spire","Spicy Shops","StSLib","The Disciple","Waifu the Spire"],"gold_per_floor":[110,0,0,19,31,59,123,123,146,176,192,192,192,206,206,303,303,317,317,334,358,375,375,408,422,422,439,439,439],"floor_reached":28,"playtime":1031,"items_purged":[],"score":375,"play_id":"bca25f05-0d66-4b54-9086-96bc310fb4a1","local_time":"20201212191214","is_ascension_mode":false,"campfire_choices":[{"floor":8.0,"key":"REST"},{"floor":12.0,"key":"REST"},{"floor":15.0,"key":"REST"},{"floor":23.0,"key":"REST"}],"circlet_count":0,"master_deck":["Strike_P","Strike_P","Strike_P","Strike_P+1","Defend_P+1","Defend_P","Defend_P+1","Defend_P","Eruption","Vigilance","The Bomb","Replay:ManipulateFuture","Enlightenment","Consecrate+1","ForeignInfluence","WreathOfFlame","WindmillStrike","CrushJoints","PathToVictory","Ragnarok","ConjureBlade","Prostrate","WaveOfTheHand","Pot Of Greed","Pot Of Greed","Replay:AtTheReady","Pot Of Greed","Weave","SandsOfTime+1","DevaForm"],"relics":["PureWater","Ring of Fury","Ring of Panic","War Paint","Whetstone","Tiny Chest","PreservedInsect","ReplayTheSpireMod:DimensionalGlitch","Grinning Jar","Gremlin Food","ReplayTheSpireMod:Shallot"],"acts_visited":["Exordium","TheCity"],"potions_floor_usage":[28],"damage_taken":[{"damage":3.0,"enemies":"2 Louse","floor":1.0,"turns":2.0},{"damage":10.0,"enemies":"Small Slimes","floor":4.0,"turns":3.0},{"damage":0.0,"enemies":"Jaw Worm","floor":5.0,"turns":3.0},{"damage":28.0,"enemies":"Lagavulin","floor":6.0,"turns":7.0},{"damage":22.0,"enemies":"Gremlin Nob","floor":7.0,"turns":4.0},{"damage":7.0,"enemies":"3 Sentries","floor":10.0,"turns":3.0},{"damage":9.0,"enemies":"Looter","floor":11.0,"turns":3.0},{"damage":6.0,"enemies":"Red Slaver","floor":14.0,"turns":2.0},{"damage":10.0,"enemies":"Fading Forest","floor":16.0,"turns":11.0},{"damage":0.0,"enemies":"3 Byrds","floor":18.0,"turns":3.0},{"damage":0.0,"enemies":"Spheric Guardian","floor":20.0,"turns":3.0},{"damage":42.0,"enemies":"Cultist and Chosen","floor":22.0,"turns":7.0},{"damage":0.0,"enemies":"Gremlin Leader","floor":24.0,"turns":3.0},{"damage":0.0,"enemies":"Snake Plant","floor":25.0,"turns":1.0},{"damage":18.0,"enemies":"Snecko","floor":27.0,"turns":4.0},{"damage":46,"enemies":"Shelled Parasite and Fungi","floor":28,"turns":4}],"seed_played":"-590472695469884766","potions_obtained":[{"floor":6.0,"key":"Adrenaline Potion"},{"floor":7.0,"key":"BlessingOfTheForge"},{"floor":10.0,"key":"Explosive Potion"},{"floor":11.0,"key":"Weak Potion"},{"floor":18.0,"key":"sneckomod:MuddlingPotion"},{"floor":22.0,"key":"EntropicBrew"},{"floor":27.0,"key":"Venom Potion"}],"is_trial":false,"path_per_floor":["M","?","?","M","M","E","?","R","T","E","M","R","?","M","R","B",null,"M","?","M","T","M","R","E","M","T","M","M"],"character_chosen":"WATCHER","items_purchased":["The Bomb"],"campfire_rested":4,"item_purchase_floors":[0],"current_hp_per_floor":[64,70,70,60,60,32,10,33,33,26,17,40,33,27,50,62,78,78,78,78,78,36,59,59,59,59,41,0,0],"gold":439,"neow_bonus":"","is_daily":false,"chose_seed":false,"campfire_upgraded":0,"win_rate":0.0,"timestamp":1607796734,"path_taken":["M","?","?","M","M","E","?","R","T","E","M","R","?","M","R","BOSS","M","?","?","?","M","R","E","M","T","M","?"],"items_purchased_type":["Card"],"build_version":"2020-11-30","purchased_purges":0,"victory":false,"max_hp_per_floor":[72,78,78,78,78,78,78,78,78,78,78,78,78,78,78,78,78,78,78,78,78,78,78,78,78,78,78,78,78],"relic_stats":{"counters":[32,139],"Tiny Chest":1,"PreservedInsect":42,"Whetstone":["Consecrate","Strike_P"],"War Paint":["Defend_Br","SecondHand","Defend_P","Defend_P"],"obtain_stats":[{"Gremlin Food":28,"PreservedInsect":10,"Whetstone":7,"War Paint":14,"Boot":7,"CaptainsWheel":26,"ReplayTheSpireMod:Shallot":26,"Chronometer":0,"Ornamental Fan":23,"Toolbox":12,"Pandora\u0027s Box":17,"Ring of Fury":3,"Tiny Chest":9,"Ring of Panic":3,"Grinning Jar":21,"PureWater":0,"ReplayTheSpireMod:DimensionalGlitch":17,"InkBottle":9},{"Gremlin Food":15,"PreservedInsect":22,"Whetstone":21,"War Paint":8,"Boot":6,"CaptainsWheel":14,"ReplayTheSpireMod:Shallot":30,"Chronometer":0,"Ornamental Fan":13,"Toolbox":7,"Pandora\u0027s Box":9,"Ring of Fury":17,"Tiny Chest":21,"Ring of Panic":17,"Grinning Jar":27,"PureWater":0,"ReplayTheSpireMod:DimensionalGlitch":25,"InkBottle":6},{"Gremlin Food":74,"PreservedInsect":98,"Whetstone":95,"War Paint":30,"Boot":22,"CaptainsWheel":63,"ReplayTheSpireMod:Shallot":131,"Chronometer":0,"Ornamental Fan":58,"Toolbox":25,"Pandora\u0027s Box":40,"Ring of Fury":78,"Tiny Chest":95,"Ring of Panic":78,"Grinning Jar":120,"PureWater":0,"ReplayTheSpireMod:DimensionalGlitch":114,"InkBottle":22}]},"card_choices":[{"not_picked":["ClearTheMind","Wireheading"],"picked":"Replay:ManipulateFuture","floor":1.0},{"not_picked":["BowlingBash","Pray"],"picked":"Consecrate","floor":4.0},{"not_picked":["InnerPeace","BowlingBash"],"picked":"ForeignInfluence","floor":5.0},{"not_picked":["SashWhip","EmptyBody"],"picked":"WreathOfFlame","floor":6.0},{"not_picked":["Crescendo","Vengeance"],"picked":"WindmillStrike","floor":7.0},{"not_picked":["ThirdEye","Halt"],"picked":"CrushJoints","floor":10.0},{"not_picked":["InnerPeace","Replay:ManipulateFuture"],"picked":"PathToVictory","floor":11.0},{"not_picked":["FollowUp","Halt"],"picked":"Ragnarok","floor":14.0},{"not_picked":["DeusExMachina","Establishment"],"picked":"ConjureBlade","floor":16.0},{"not_picked":["FlurryOfBlows","Replay:Cycle"],"picked":"Prostrate","floor":18.0},{"not_picked":["Tantrum","ThirdEye"],"picked":"WaveOfTheHand","floor":20.0},{"not_picked":["MentalFortress","CutThroughFate"],"picked":"Replay:AtTheReady","floor":22.0},{"not_picked":["DeceiveReality","Halt"],"picked":"Weave","floor":24.0},{"not_picked":["Replay:Cycle","Crescendo"],"picked":"SandsOfTime+1","floor":25.0},{"not_picked":["Protect+1","ThirdEye+1"],"picked":"DevaForm","floor":27.0}],"player_experience":333002,"relics_obtained":[{"floor":3.0,"key":"Ring of Fury"},{"floor":3.0,"key":"Ring of Panic"},{"floor":6.0,"key":"War Paint"},{"floor":7.0,"key":"Whetstone"},{"floor":9.0,"key":"Tiny Chest"},{"floor":10.0,"key":"PreservedInsect"},{"floor":21.0,"key":"Grinning Jar"},{"floor":24.0,"key":"Gremlin Food"},{"floor":26.0,"key":"ReplayTheSpireMod:Shallot"}],"event_choices":[{"damage_healed":0.0,"max_hp_gain":0.0,"max_hp_loss":0.0,"gold_gain":0.0,"event_name":"betterThird:BetterSerpent","player_choice":"RENOUNCE","floor":2.0,"gold_loss":110.0,"damage_taken":110.0,"cards_obtained":["Enlightenment"]},{"damage_healed":0.0,"max_hp_gain":0.0,"max_hp_loss":0.0,"gold_gain":0.0,"event_name":"Dead Adventurer","player_choice":"Searched \u00271\u0027 times","floor":7.0,"gold_loss":0.0,"damage_taken":0.0},{"cards_removed":["Delirium"],"damage_healed":0.0,"max_hp_gain":0.0,"max_hp_loss":0.0,"gold_gain":0.0,"event_name":"Golden Wing","player_choice":"Card Removal","floor":13.0,"gold_loss":0.0,"damage_taken":7.0},{"damage_healed":0.0,"max_hp_gain":0.0,"max_hp_loss":0.0,"gold_gain":0.0,"event_name":"Purifier","player_choice":"Ignored","floor":19.0,"gold_loss":0.0,"damage_taken":0.0}],"is_beta":false,"boss_relics":[{"not_picked":["Empty Cage","Runic Pyramid"],"picked":"ReplayTheSpireMod:DimensionalGlitch"}],"items_purged_floors":[],"is_endless":false,"potions_floor_spawned":[6,7,10,11,18,22,27],"killed_by":"Shelled Parasite and Fungi","ascension_level":0}}