{"host":"vh33hu3wddwn6yt6","time":1607789492,"event":{"mods":["AchievementEnabler","Act Like it!","Aspiration","BaseMod","Better Altar","Better Match","Better Note","Better Sensory Stone","Better Skull","Better Third Choice","BetterRewards","Hubris","Infinite Spire","Minty Spire (QoL Compilation)","Permanent Neow","Replay The Spire","Shop Mod","Spicy Shops","StSLib","SuperFastMode","The Necromancer","The Poker Player","The Servant 0.9.4"],"gold_per_floor":[211,211,222,222,222,253,253,286,286,317,337,337,347,359,359,459,459,473,473,473,483,501,501,528,528,597,304,304,304,304,6,98,197,197,211,211,211,231,231,231,24,71,71,110,177,177,220,220,220,262],"floor_reached":51,"playtime":1561,"items_purged":["Strike_S"],"score":1085,"play_id":"271a4c31-3e65-43d5-8953-1cd2cbd8e51e","local_time":"20201212171132","is_ascension_mode":true,"campfire_choices":[{"data":"Inflame","floor":7.0,"key":"SMITH"},{"floor":15.0,"key":"REST"},{"floor":23,"key":"REST"},{"floor":28,"key":"REST"},{"data":"Hightail","floor":30,"key":"SMITH"},{"floor":40,"key":"REST"},{"floor":46,"key":"REST"},{"floor":49,"key":"DIG"}],"circlet_count":0,"master_deck":["Strike_S+1","Strike_S","Strike_S","Defend_S","Defend_S","Defend_S","Defend_S","KidneyShot","Exchange","Spin","GearUp","Inflame+1","Gouge+1","Hightail+1","Demon Form","DoubleEdge+1","DoubleEdge+1","Inflame","DoubleEdge","CurseOfTheBell","Master of Strategy","Unruled","DoubleEdge+1","MurderousAura","FlawlessForm"],"relics":["hubris:Towel","m_ScarletBlood","hubris:Icosahedron","RomanBracelet","hubris:FunFungus","hubris:64BitClover","Red Skull","aspiration:PoetsPen_weak","Nloth\u0027s Gift","hubris:BundleOfHerbs","Bronze Scales","MysterySword","Medical Kit","HornCleat","Membership Card","infinitespire:BottledMercury","BargainBundle","Whetstone","aspiration:Nostalgia","Vampire_Amulet","Toy Ornithopter","Calling Bell","hubris:TenFootPole","hubris:MobiusCoin","hubris:TerracottaHorce","ReplayTheSpireMod:ShopPack","hubris:EvacipatedBox","Gremlin Horn","aspiration:Lifesprig","Replay:Bandana","BranchBurnRelic","hubris:PeanutButter","DollysMirror","aspiration:ChemicalBlood","Pear","infinitespire:Midas Blood","hubris:SlimyHat","Eternal Feather","Turnip"],"acts_visited":["Exordium","TheCity","TheBeyond"],"potions_floor_usage":[22,38,45,45,50],"damage_taken":[{"damage":1.0,"enemies":"Jaw Worm","floor":1.0,"turns":4.0},{"damage":0.0,"enemies":"Small Slimes","floor":3.0,"turns":2.0},{"damage":21.0,"enemies":"Lagavulin","floor":6.0,"turns":11.0},{"damage":27.0,"enemies":"Gremlin Nob","floor":8.0,"turns":4.0},{"damage":0.0,"enemies":"Lagavulin","floor":10.0,"turns":5.0},{"damage":0.0,"enemies":"2 Louse","floor":11.0,"turns":2.0},{"damage":0.0,"enemies":"Looter","floor":13.0,"turns":3.0},{"damage":0.0,"enemies":"Lots of Slimes","floor":14.0,"turns":1.0},{"damage":0.0,"enemies":"Fading Forest","floor":16.0,"turns":11.0},{"damage":22.0,"enemies":"3 Byrds","floor":18.0,"turns":5.0},{"damage":14,"enemies":"Shell Parasite","floor":21,"turns":6},{"damage":4,"enemies":"Cultist and Chosen","floor":22,"turns":7},{"damage":23,"enemies":"Replay:Snechameleon","floor":24,"turns":4},{"damage":31,"enemies":"Automaton","floor":33,"turns":8},{"damage":5,"enemies":"Orb Walker","floor":35,"turns":3},{"damage":0,"enemies":"3 Darklings","floor":38,"turns":4},{"damage":0,"enemies":"R_Hoarder","floor":42,"turns":5},{"damage":31,"enemies":"Writhing Mass","floor":44,"turns":3},{"damage":41,"enemies":"Nightmare","floor":45,"turns":7},{"damage":0,"enemies":"R_Hoarder","floor":47,"turns":6},{"damage":14,"enemies":"Awakened One","floor":50,"turns":8}],"seed_played":"1585200403911773276","potions_obtained":[{"floor":6.0,"key":"Elixir"},{"floor":11.0,"key":"CultistPotion"},{"floor":14.0,"key":"Weak Potion"},{"floor":21,"key":"Swift Potion"},{"floor":24,"key":"Energy Potion"},{"floor":38,"key":"SteroidPotion"}],"is_trial":false,"path_per_floor":["M","?","M","?","?","E","R","E","T","E","M","T","M","M","R","B",null,"M","?","?","M","M","R","E","AVR","T","$","R","?","R","$","R","B",null,"M","AVR","?","M","$","R","$","E","T","M","NM","R","E","?","R","B",null],"character_chosen":"THE_SERVANT","items_purchased":["Membership Card","infinitespire:BottledMercury","DoubleEdge","BargainBundle","Whetstone","aspiration:Nostalgia","PowerPotion","Toy Ornithopter","hubris:EvacipatedBox","Gremlin Horn","aspiration:Lifesprig","Replay:Bandana","hubris:PeanutButter","DollysMirror","aspiration:ChemicalBlood"],"campfire_rested":5,"item_purchase_floors":[27,27,27,31,31,31,31,31,39,39,39,39,41,41,41],"current_hp_per_floor":[64,64,64,64,64,43,43,30,30,30,30,30,30,30,53,79,79,57,57,57,44,42,65,42,42,42,42,65,65,65,65,65,41,79,76,76,79,79,24,47,47,77,77,48,24,50,69,78,89,89],"gold":362,"neow_bonus":"HUNDRED_GOLD","is_daily":false,"chose_seed":false,"campfire_upgraded":2,"win_rate":0.0,"timestamp":1607789492,"path_taken":["M","?","M","?","?","E","R","E","T","E","M","?","?","M","R","BOSS","M","?","?","M","M","R","E","AVR","T","$","R","?","R","$","R","BOSS","M","AVR","?","M","?","R","$","E","T","?","NM","R","E","?","R","BOSS"],"items_purchased_type":["Relic","Relic","Card","Relic","Relic","Relic","Potion","Relic","Relic","Relic","Relic","Relic","Relic","Relic","Relic"],"build_version":"2020-11-30","purchased_purges":1,"victory":true,"max_hp_per_floor":[65,65,65,65,65,65,65,79,79,79,79,79,79,79,79,79,79,79,79,79,79,79,79,79,79,79,79,79,79,79,79,79,79,79,79,79,79,79,79,79,79,89,89,89,89,89,89,89,89,89],"card_choices":[{"not_picked":["ReturningBlade","Comet"],"picked":"Spin","floor":1.0},{"not_picked":["Moondial","Potential"],"picked":"GearUp","floor":3.0},{"not_picked":["Replace","Potential","Rewind"],"picked":"SKIP","floor":6.0},{"not_picked":["Ricochet","FastForward","BottledTime"],"picked":"SKIP","floor":8.0},{"not_picked":["TheWorld","Reset","FanOfKnives"],"picked":"SKIP","floor":10.0},{"not_picked":["Read","ShiftingGears","Rewind"],"picked":"SKIP","floor":11.0},{"not_picked":["Defy","Starlight"],"picked":"Gouge","floor":13.0},{"not_picked":["DancingSilver","FastForward"],"picked":"Hightail","floor":14.0},{"not_picked":["KillingDoll","FloweringNight"],"picked":"Demon Form","floor":16.0},{"not_picked":["Alleviate","BottledTime+1","Replace+1"],"picked":"SKIP","floor":18.0},{"not_picked":["TimeWarp","Alleviate+1"],"picked":"DoubleEdge+1","floor":21},{"not_picked":["FloweringNight","Advance"],"picked":"DoubleEdge+1","floor":22},{"not_picked":["Double Tap","TimeWarp"],"picked":"Inflame","floor":24},{"not_picked":["Alleviate+1","FastForward","Rewind"],"picked":"SKIP","floor":35},{"not_picked":["HandOfGreed","Poisoned Strike"],"picked":"Master of Strategy","floor":36},{"not_picked":["Sabotage","Manipulate+1"],"picked":"Unruled","floor":38},{"not_picked":["Gouge","Replace"],"picked":"MurderousAura","floor":42},{"not_picked":["Revamp+1","Snipe","Alleviate+1"],"picked":"SKIP","floor":44},{"not_picked":["Spin+1","Misdirection+1"],"picked":"FlawlessForm","floor":45},{"not_picked":["Shuttle+1","Revamp","Solidify"],"picked":"SKIP","floor":47}],"player_experience":370006,"relics_obtained":[{"floor":6.0,"key":"RomanBracelet"},{"floor":8.0,"key":"Mango"},{"floor":9.0,"key":"hubris:FunFungus"},{"floor":10.0,"key":"hubris:64BitClover"},{"floor":12.0,"key":"Red Skull"},{"floor":22,"key":"hubris:BundleOfHerbs"},{"floor":24,"key":"Bronze Scales"},{"floor":26,"key":"HornCleat"},{"floor":34,"key":"hubris:TenFootPole"},{"floor":34,"key":"hubris:MobiusCoin"},{"floor":34,"key":"Dead Branch"},{"floor":42,"key":"Pear"},{"floor":43,"key":"infinitespire:Midas Blood"},{"floor":45,"key":"hubris:SlimyHat"},{"floor":47,"key":"Eternal Feather"},{"floor":49,"key":"Turnip"}],"event_choices":[{"damage_healed":0.0,"max_hp_gain":0.0,"max_hp_loss":0.0,"gold_gain":0.0,"event_name":"N\u0027loth","player_choice":"Traded Relic","floor":19.0,"relics_lost":["Mango"],"gold_loss":0.0,"damage_taken":0.0,"relics_obtained":["Nloth\u0027s Gift"]},{"cards_removed":["Strike_S"],"damage_healed":0,"gold_gain":0,"player_choice":"Give","damage_taken":0,"max_hp_gain":0,"max_hp_loss":0,"event_name":"betterNote:BetterNote","floor":20,"gold_loss":0,"cards_obtained":["None"]},{"damage_healed":4,"gold_gain":0,"player_choice":"LEAVE ","damage_taken":0,"relics_obtained":[],"max_hp_gain":0,"max_hp_loss":0,"event_name":"betterSkull:BetterSkull","floor":37,"gold_loss":0,"cards_upgraded":[]}],"is_beta":false,"boss_relics":[{"not_picked":["hubris:HollowSoul","SacredBark"],"picked":"aspiration:PoetsPen_weak"},{"not_picked":["Cursed Key","hubris:BlackHole"],"picked":"Calling Bell"}],"items_purged_floors":[25],"is_endless":true,"potions_floor_spawned":[6,11,14,21,24,38,44],"ascension_level":1}}