{"host":"zksvs3x2ysy9npnz","time":1607738127,"event":{"mods":["Aspiration","BaseMod","Beaked The Cultist","BetterRewards","Colored Map","Conspire","Duelist Mod","Halation","Highlight Path","Hubris","Infinite Spire","Jedi Mod","Minty Spire (QoL Compilation)","Permanent Neow","Quick Restart","Relic Stats","Replay The Spire","Retaliation","Shop Mod","StSLib"],"gold_per_floor":[140,140,40,40,52,52,137,137,137,5,155,155,169,201,201,274,274,338,338,8,23,33,33,58,58,83,83,83,101,116,129,129,214,214,214,214],"floor_reached":35,"playtime":1946,"items_purged":["theDuelist:Sparks","theDuelist:Sparks","theDuelist:NaturiaBeast"],"score":1032,"play_id":"86e3b9cd-969c-4057-922e-1c63d40085d0","local_time":"20201212025527","is_ascension_mode":true,"campfire_choices":[{"data":"theDuelist:NaturiaEggplant","floor":6,"key":"SMITH"},{"data":"theDuelist:SummoningSwarm","floor":12,"key":"SMITH"},{"data":"Ghostly","floor":15,"key":"SMITH"},{"floor":23,"key":"REST"},{"data":"theDuelist:NaturiaSunflower","floor":25,"key":"SMITH"},{"data":"Blind","floor":28,"key":"SMITH"},{"floor":32,"key":"DIG"}],"circlet_count":0,"master_deck":["theDuelist:CastleWalls","theDuelist:CastleWalls","theDuelist:CastleWalls","AscendersBane","theDuelist:GoldenSparks","theDuelist:NaturiaCliff","theDuelist:NaturiaRock","theDuelist:NaturiaTulip","theDuelist:NaturiaEggplant+1","Ghostly+1","theDuelist:NaturiaPumpkin","theDuelist:SummoningSwarm+1","theDuelist:NaturiaTulip","theDuelist:NaturiaHorneedle","Sickly","theDuelist:HeartUnderdog","Blind+1","hubris:Fate","theDuelist:ImperialOrder","theDuelist:NaturiaMarron","theDuelist:NaturiaSacredTree","theDuelist:NaturiaRosewhip","theDuelist:NaturiaEggplant","theDuelist:NaturiaSunflower+1","theDuelist:NaturiaGuardian","theDuelist:NaturiaLeodrake","theDuelist:NaturiaStagBeetle","theDuelist:NaturiaBarkion"],"relics":["theDuelist:MillenniumPuzzle","theDuelist:CardPoolRelic","theDuelist:CardPoolBasicRelic","theDuelist:BoosterPackPoolRelic","theDuelist:CardPoolAddRelic","theDuelist:CardPoolMinusRelic","theDuelist:CardPoolSaveRelic","theDuelist:CardPoolOptionsRelic","aspiration:EmptySkull","infinitespire:CheckeredPen","hubris:BallOfYels","Carrot","infinitespire:Beetle Shell","ReplayTheSpireMod:SealedPack","Orichalcum","Kunai","Sozu","Vajra","infinitespire:EvilPickle","halation:LoveArrow"],"acts_visited":["Exordium","TheCity","TheBeyond"],"potions_floor_usage":[16,16,33],"damage_taken":[{"damage":0,"enemies":"conspire:RoseBush","floor":1,"turns":4},{"damage":0,"enemies":"2 Louse","floor":5,"turns":3},{"damage":2,"enemies":"3 Sentries","floor":7,"turns":6},{"damage":0,"enemies":"Small Slimes","floor":13,"turns":3},{"damage":7,"enemies":"Lagavulin","floor":14,"turns":9},{"damage":9,"enemies":"Hexaghost","floor":16,"turns":10},{"damage":11,"enemies":"Chosen","floor":18,"turns":5},{"damage":3,"enemies":"2 Thieves","floor":21,"turns":4},{"damage":30,"enemies":"Snake Plant","floor":22,"turns":5},{"damage":3,"enemies":"conspire:Head Lice","floor":24,"turns":7},{"damage":23,"enemies":"Cultist and Chosen","floor":29,"turns":6},{"damage":0,"enemies":"Centurion and Healer","floor":30,"turns":6},{"damage":0,"enemies":"Snecko","floor":31,"turns":4},{"damage":14,"enemies":"Pondfish","floor":33,"turns":9},{"damage":77,"enemies":"3 Darklings","floor":35,"turns":5}],"seed_played":"5632169350271189631","potions_obtained":[{"floor":5,"key":"theDuelist:DebuffFuryPotion"},{"floor":13,"key":"theDuelist:FreezingPotion"},{"floor":14,"key":"theDuelist:FireBottle"},{"floor":16,"key":"theDuelist:DebuffFuryPotion"},{"floor":21,"key":"LifebloodPotion"}],"is_trial":false,"path_per_floor":["M","?","?","?","M","R","E","?","T","$","?","R","M","E","R","B",null,"M","?","$","M","M","R","E","R","T","AVR","R","M","M","M","R_BF","B",null,"M"],"character_chosen":"THE_DUELIST","items_purchased":["theDuelist:NaturiaTulip","theDuelist:NaturiaMarron","theDuelist:NaturiaSacredTree","theDuelist:NaturiaRosewhip","theDuelist:NaturiaEggplant"],"campfire_rested":1,"item_purchase_floors":[10,20,20,20,20],"current_hp_per_floor":[63,63,63,63,63,63,61,61,61,61,61,61,61,54,54,45,64,53,53,53,50,35,56,53,53,53,53,53,30,30,30,30,16,57,0,0],"gold":214,"neow_bonus":"RANDOM_COMMON_RELIC","is_daily":false,"chose_seed":false,"campfire_upgraded":5,"win_rate":0.0,"timestamp":1607738127,"path_taken":["M","?","?","?","M","R","E","?","T","?","?","R","M","E","R","BOSS","M","?","$","M","?","R","E","R","T","AVR","R","M","M","M","R_BF","BOSS","M"],"items_purchased_type":["Card","Card","Card","Card","Card"],"build_version":"2020-11-30","purchased_purges":3,"victory":false,"max_hp_per_floor":[70,70,70,70,70,70,70,70,70,70,70,70,70,70,70,70,70,70,70,70,70,70,70,70,70,70,70,70,70,70,70,70,70,70,70,70],"relic_stats":{"Sozu":2,"counters":[15,86],"Kunai":[1],"Orichalcum":[18],"obtain_stats":[{"hubris:BallOfYels":7,"Carrot":9,"Vajra":32,"infinitespire:Beetle Shell":14,"ReplayTheSpireMod:SealedPack":17,"theDuelist:MillenniumPuzzle":0,"theDuelist:CardPoolSaveRelic":0,"infinitespire:CheckeredPen":2,"Orichalcum":24,"Sozu":27,"infinitespire:EvilPickle":33,"halation:LoveArrow":34,"theDuelist:BoosterPackPoolRelic":0,"theDuelist:CardPoolMinusRelic":0,"aspiration:EmptySkull":0,"theDuelist:CardPoolBasicRelic":0,"theDuelist:CardPoolAddRelic":0,"theDuelist:CardPoolOptionsRelic":0,"Kunai":27,"theDuelist:CardPoolRelic":0},{"hubris:BallOfYels":3,"Carrot":3,"Vajra":13,"infinitespire:Beetle Shell":5,"ReplayTheSpireMod:SealedPack":6,"theDuelist:MillenniumPuzzle":0,"theDuelist:CardPoolSaveRelic":0,"infinitespire:CheckeredPen":1,"Orichalcum":10,"Sozu":10,"infinitespire:EvilPickle":14,"halation:LoveArrow":14,"theDuelist:BoosterPackPoolRelic":0,"theDuelist:CardPoolMinusRelic":0,"aspiration:EmptySkull":0,"theDuelist:CardPoolBasicRelic":0,"theDuelist:CardPoolAddRelic":0,"theDuelist:CardPoolOptionsRelic":0,"Kunai":10,"theDuelist:CardPoolRelic":0},{"hubris:BallOfYels":13,"Carrot":13,"Vajra":72,"infinitespire:Beetle Shell":25,"ReplayTheSpireMod:SealedPack":35,"theDuelist:MillenniumPuzzle":0,"theDuelist:CardPoolSaveRelic":0,"infinitespire:CheckeredPen":4,"Orichalcum":56,"Sozu":56,"infinitespire:EvilPickle":81,"halation:LoveArrow":81,"theDuelist:BoosterPackPoolRelic":0,"theDuelist:CardPoolMinusRelic":0,"aspiration:EmptySkull":0,"theDuelist:CardPoolBasicRelic":0,"theDuelist:CardPoolAddRelic":0,"theDuelist:CardPoolOptionsRelic":0,"Kunai":56,"theDuelist:CardPoolRelic":0}]},"card_choices":[{"not_picked":["theDuelist:NaturiaHydrangea","theDuelist:NaturiaRagweed","theDuelist:NaturiaMantis","theDuelist:DigitalBug"],"picked":"theDuelist:NaturiaEggplant","floor":1},{"not_picked":["theDuelist:NaturiaHydrangea","theDuelist:NaturiaCliff","theDuelist:DigitalBug","theDuelist:NaturiaMantis"],"picked":"theDuelist:NaturiaPumpkin","floor":5},{"not_picked":["theDuelist:NaturiaDragonfly","theDuelist:NaturiaCliff","theDuelist:NaturiaAntjaw","theDuelist:LairWire"],"picked":"theDuelist:SummoningSwarm","floor":7},{"not_picked":["theDuelist:MudragonSwamp","theDuelist:HeavyStorm","theDuelist:WeepingIdol","theDuelist:FutureFusion","theDuelist:RockSunrise"],"picked":"SKIP","floor":13},{"not_picked":["theDuelist:Sangan","theDuelist:Blockman","theDuelist:HammerShot","theDuelist:MudGolem"],"picked":"SKIP","floor":14},{"not_picked":["theDuelist:NaturiaForest","theDuelist:SeismicShockwave","theDuelist:NaturiaBarkion","theDuelist:HeartUnderdog"],"picked":"theDuelist:NaturiaHorneedle","floor":16},{"not_picked":["theDuelist:NaturiaVein","theDuelist:NaturiaForest"],"picked":"theDuelist:HeartUnderdog","floor":17},{"not_picked":["theDuelist:ChangeHeart","Impatience"],"picked":"Blind","floor":17},{"not_picked":["infinitespire:FutureSight","infinitespire:TheBestDefense"],"picked":"hubris:Fate","floor":17},{"not_picked":["theDuelist:BigFire","theDuelist:MudGolem","theDuelist:PotDichotomy","theDuelist:PowerWall"],"picked":"theDuelist:ImperialOrder","floor":18},{"not_picked":["theDuelist:NaturiaEggplant","theDuelist:Spore","theDuelist:NaturiaHydrangea","theDuelist:WildNatureRelease"],"picked":"theDuelist:NaturiaSunflower","floor":21},{"not_picked":["theDuelist:Alpacaribou","theDuelist:NaturiaStrawberry"],"picked":"theDuelist:NaturiaGuardian","floor":22},{"not_picked":["theDuelist:DemiseLand+1","theDuelist:NaturiaVein","theDuelist:ClosedForest","theDuelist:MultiplicationOfAnts","theDuelist:HeartUnderdog"],"picked":"SKIP","floor":24},{"not_picked":["theDuelist:NaturiaHydrangea","theDuelist:NaturiaCliff","theDuelist:FuryFire","theDuelist:NaturiaParadizo","theDuelist:NaturiaGuardian"],"picked":"SKIP","floor":29},{"not_picked":["theDuelist:LeodrakeMane","theDuelist:LairWire","theDuelist:NaturiaSacredTree"],"picked":"theDuelist:NaturiaLeodrake","floor":30},{"not_picked":["theDuelist:CrystalRose","theDuelist:AfterGenocide","theDuelist:NaturiaPineapple","theDuelist:NaturiaHorneedle"],"picked":"theDuelist:NaturiaStagBeetle","floor":31},{"not_picked":["theDuelist:NaturiaForest","theDuelist:SeismicShockwave","theDuelist:MultiplicationOfAnts","theDuelist:HeartUnderdog+1"],"picked":"theDuelist:NaturiaBarkion","floor":33}],"player_experience":1170779,"relics_obtained":[{"floor":2,"key":"infinitespire:CheckeredPen"},{"floor":7,"key":"hubris:BallOfYels"},{"floor":9,"key":"Carrot"},{"floor":14,"key":"infinitespire:Beetle Shell"},{"floor":24,"key":"Orichalcum"},{"floor":32,"key":"Vajra"}],"event_choices":[{"damage_healed":0,"gold_gain":0,"player_choice":"Argue","damage_taken":0,"max_hp_gain":0,"max_hp_loss":0,"event_name":"conspire:LoneGhost","floor":3,"gold_loss":0},{"damage_healed":0,"gold_gain":0,"player_choice":"Leave","duelist":true,"damage_taken":0,"max_hp_gain":0,"max_hp_loss":0,"event_name":"Millennium Items","floor":4,"gold_loss":0},{"damage_healed":0,"gold_gain":0,"player_choice":"Leave","duelist":true,"damage_taken":0,"max_hp_gain":0,"max_hp_loss":0,"event_name":"Relic Duplicator","floor":8,"gold_loss":0},{"damage_healed":0,"gold_gain":150,"player_choice":"AGREE","damage_taken":0,"max_hp_gain":0,"max_hp_loss":0,"event_name":"Liars Game","floor":11,"gold_loss":0,"cards_obtained":["Doubt"]},{"cards_removed":["Doubt"],"damage_healed":0,"gold_gain":0,"player_choice":"Purged","damage_taken":0,"max_hp_gain":0,"max_hp_loss":0,"event_name":"Purifier","floor":19,"gold_loss":0}],"is_beta":false,"boss_relics":[{"not_picked":["conspire:RunicOctahedron","Replay:Wanted Poster"],"picked":"ReplayTheSpireMod:SealedPack"},{"not_picked":["Ring of Chaos","Replay:Ancient Bell"],"picked":"halation:LoveArrow"}],"items_purged_floors":[10,20,27],"is_endless":false,"potions_floor_spawned":[5,13,14,16,21,29,31],"killed_by":"3 Darklings","ascension_level":17}}