{"host":"turdyikuxcak11ni","time":1607771641,"event":{"mods":["AchievementEnabler","BaseMod","Colored Map","Minty Spire (QoL Compilation)","Spicy Shops","StSLib","SuperFastMode"],"gold_per_floor":[11,11,11,86,9,40,40,52,75,12,187,4,34,49,49,147,147,157,10,10,10,27,27,27,27],"floor_reached":24,"playtime":933,"items_purged":["Doubt"],"score":263,"play_id":"780dc8a8-a020-4cf2-b951-f72a2e89b889","local_time":"20201212031401","is_ascension_mode":true,"campfire_choices":[{"floor":7,"key":"REST"},{"data":"Eruption","floor":15,"key":"SMITH"},{"floor":23,"key":"REST"}],"circlet_count":0,"master_deck":["Strike_P","Strike_P","Strike_P","Strike_P","Defend_P","Defend_P","Defend_P","Eruption+1","Vigilance","DeusExMachina","Fasting2+1","Evaluate","EmptyFist","JustLucky","Consecrate","Protect","ConjureBlade"],"relics":["PureWater","Unceasing Top","MawBank","Sling","Gambling Chip","VioletLotus","Anchor","FaceOfCleric"],"acts_visited":["Exordium","TheCity"],"potions_floor_usage":[6,13,22],"damage_taken":[{"damage":0,"enemies":"Small Slimes","floor":1,"turns":2},{"damage":0,"enemies":"Gremlin Nob","floor":6,"turns":2},{"damage":0,"enemies":"2 Louse","floor":8,"turns":2},{"damage":0,"enemies":"Lagavulin","floor":13,"turns":3},{"damage":0,"enemies":"Cultist","floor":14,"turns":2},{"damage":18,"enemies":"The Guardian","floor":16,"turns":11},{"damage":18,"enemies":"Spheric Guardian","floor":18,"turns":3},{"damage":23,"enemies":"Shell Parasite","floor":22,"turns":7},{"damage":58,"enemies":"Book of Stabbing","floor":24,"turns":7}],"seed_played":"-3748440828381553254","potions_obtained":[{"floor":13,"key":"BlessingOfTheForge"}],"is_trial":false,"path_per_floor":["M","?","?","?","$","E","R","M","T","$","?","$","E","M","R","B",null,"M","$","?","$","M","R","E"],"character_chosen":"WATCHER","items_purchased":["Evaluate","ColorlessPotion","Fire Potion","Sling","Consecrate","Anchor"],"campfire_rested":2,"item_purchase_floors":[5,5,10,12,12,19],"current_hp_per_floor":[72,72,65,54,54,54,72,72,72,72,72,72,72,72,72,54,72,54,54,54,54,32,53,0,0],"gold":27,"neow_bonus":"THREE_RARE_CARDS","is_daily":false,"chose_seed":false,"campfire_upgraded":1,"win_rate":0.0,"timestamp":1607771641,"path_taken":["M","?","?","?","$","E","R","M","T","$","?","?","E","M","R","BOSS","M","?","?","$","M","R","E"],"items_purchased_type":["Card","Potion","Potion","Relic","Card","Relic"],"build_version":"2020-11-30","purchased_purges":1,"victory":false,"max_hp_per_floor":[72,72,72,72,72,72,72,72,72,72,72,72,72,72,72,72,72,72,72,72,72,73,73,73,73],"card_choices":[{"not_picked":["Omniscience","DevaForm"],"picked":"DeusExMachina","floor":0},{"not_picked":["Prostrate","Adaptation"],"picked":"Fasting2","floor":1},{"not_picked":["Ragnarok","FollowUp"],"picked":"EmptyFist","floor":6},{"not_picked":["EmptyFist","Weave"],"picked":"JustLucky","floor":8},{"not_picked":["SpiritShield","BattleHymn","EmptyFist"],"picked":"SKIP","floor":13},{"not_picked":["Study","BowlingBash"],"picked":"Protect","floor":14},{"not_picked":["Ragnarok","Blasphemy"],"picked":"ConjureBlade","floor":16},{"not_picked":["Evaluate","Wireheading","Crescendo"],"picked":"SKIP","floor":18},{"not_picked":["Wireheading","BattleHymn","Protect+1"],"picked":"SKIP","floor":22}],"player_experience":208003,"relics_obtained":[{"floor":6,"key":"Unceasing Top"},{"floor":9,"key":"MawBank"},{"floor":13,"key":"Gambling Chip"}],"event_choices":[{"damage_healed":0,"gold_gain":0,"player_choice":"Grow","damage_taken":0,"max_hp_gain":0,"max_hp_loss":0,"event_name":"Living Wall","floor":2,"gold_loss":0,"cards_upgraded":["Fasting2"]},{"cards_removed":["Defend_P"],"damage_healed":0,"gold_gain":0,"player_choice":"Card Removal","damage_taken":7,"max_hp_gain":0,"max_hp_loss":0,"event_name":"Golden Wing","floor":3,"gold_loss":0},{"damage_healed":0,"gold_gain":75,"player_choice":"Gather Gold","damage_taken":11,"max_hp_gain":0,"max_hp_loss":0,"event_name":"World of Goop","floor":4,"gold_loss":0},{"damage_healed":0,"gold_gain":175,"player_choice":"AGREE","damage_taken":0,"max_hp_gain":0,"max_hp_loss":0,"event_name":"Liars Game","floor":11,"gold_loss":0,"cards_obtained":["Doubt"]},{"damage_healed":0,"gold_gain":0,"player_choice":"Trade","damage_taken":0,"relics_obtained":["FaceOfCleric"],"max_hp_gain":0,"max_hp_loss":0,"event_name":"FaceTrader","floor":20,"gold_loss":0}],"is_beta":false,"boss_relics":[{"not_picked":["Sozu","Ectoplasm"],"picked":"VioletLotus"}],"items_purged_floors":[12],"is_endless":false,"potions_floor_spawned":[13],"killed_by":"Book of Stabbing","ascension_level":1}}