{"host":"s5i48q09v0un9rqc","time":1607772197,"event":{"mods":["BaseMod","BetterRewards","Highlight Path","Minty Spire (QoL Compilation)","Rare Cards Sparkle","Shop Mod"],"gold_per_floor":[116,116,136,136,156,156,191,209,209,224,124,157,167,167,167,265,265,276,290,309,309,324,339,339,373,373,373,401,401,182,182,182,182,182,194,74,124,137,149,178,178,209,209,221,221,252,252,252,252,252,252,252,21,46,46],"floor_reached":56,"playtime":3834,"items_purged":["Strike_R","Strike_R","Strike_R","Strike_R"],"score":1442,"play_id":"1410a874-39e1-4656-891e-f8ea5c1dd33c","local_time":"20201212192317","is_ascension_mode":true,"campfire_choices":[{"data":"Armaments","floor":6.0,"key":"SMITH"},{"data":"Offering","floor":15.0,"key":"SMITH"},{"data":"Thinking Ahead","floor":24.0,"key":"SMITH"},{"data":"Berserk","floor":27.0,"key":"SMITH"},{"data":"Whirlwind","floor":29.0,"key":"SMITH"},{"data":"Rupture","floor":32.0,"key":"SMITH"},{"floor":41.0,"key":"RECALL"},{"floor":45.0,"key":"REST"},{"floor":49,"key":"REST"},{"floor":52,"key":"REST"}],"circlet_count":0,"master_deck":["Strike_R","Defend_R","Defend_R","Defend_R","Defend_R","Bash","Whirlwind+1","Thinking Ahead+1","Armaments+1","Bloodletting","Offering+1","Dark Embrace+1","Sword Boomerang","Reaper","Spot Weakness","Rupture+1","Berserk+1","Pommel Strike+1","Power Through","Shrug It Off+1","Feel No Pain+1"],"relics":["Burning Blood","Chemical X","Ice Cream","FossilizedHelix","Anchor","The Courier","Philosopher\u0027s Stone","Juzu Bracelet","Sundial","Red Mask","Omamori","Fusion Hammer","Pocketwatch","Frozen Egg 2","Mummified Hand","Boot","Mango","Medical Kit","Happy Flower","Vajra"],"acts_visited":["Exordium","TheCity","TheBeyond","TheEnding"],"potions_floor_usage":[55,55,55],"damage_taken":[{"damage":0.0,"enemies":"2 Louse","floor":1.0,"turns":2.0},{"damage":0.0,"enemies":"Cultist","floor":3.0,"turns":2.0},{"damage":0.0,"enemies":"Small Slimes","floor":5.0,"turns":1.0},{"damage":10.0,"enemies":"Gremlin Nob","floor":7.0,"turns":4.0},{"damage":0.0,"enemies":"Red Slaver","floor":8.0,"turns":3.0},{"damage":3.0,"enemies":"Gremlin Gang","floor":10.0,"turns":2.0},{"damage":6.0,"enemies":"Lagavulin","floor":12.0,"turns":5.0},{"damage":0.0,"enemies":"Exordium Wildlife","floor":13.0,"turns":2.0},{"damage":50.0,"enemies":"Hexaghost","floor":16.0,"turns":8.0},{"damage":10.0,"enemies":"2 Thieves","floor":18.0,"turns":3.0},{"damage":6.0,"enemies":"Chosen","floor":19.0,"turns":4.0},{"damage":14.0,"enemies":"Snake Plant","floor":20.0,"turns":4.0},{"damage":35.0,"enemies":"Centurion and Healer","floor":22.0,"turns":5.0},{"damage":19.0,"enemies":"Shelled Parasite and Fungi","floor":23.0,"turns":3.0},{"damage":23.0,"enemies":"Gremlin Leader","floor":25.0,"turns":3.0},{"damage":0.0,"enemies":"Masked Bandits","floor":28.0,"turns":1.0},{"damage":12.0,"enemies":"Collector","floor":33.0,"turns":6.0},{"damage":0.0,"enemies":"3 Shapes","floor":35.0,"turns":2.0},{"damage":33.0,"enemies":"2 Orb Walkers","floor":37.0,"turns":3.0},{"damage":22.0,"enemies":"3 Darklings","floor":38.0,"turns":3.0},{"damage":3.0,"enemies":"Sphere and 2 Shapes","floor":39.0,"turns":2.0},{"damage":20.0,"enemies":"Reptomancer","floor":40.0,"turns":3.0},{"damage":32.0,"enemies":"Nemesis","floor":42.0,"turns":7.0},{"damage":9.0,"enemies":"4 Shapes","floor":44.0,"turns":1.0},{"damage":6.0,"enemies":"Reptomancer","floor":46.0,"turns":2.0},{"damage":27,"enemies":"Donu and Deca","floor":50,"turns":3},{"damage":37,"enemies":"Shield and Spear","floor":54,"turns":4},{"damage":89,"enemies":"The Heart","floor":55,"turns":7}],"seed_played":"3903086099207470607","potions_obtained":[{"floor":3.0,"key":"FearPotion"},{"floor":7.0,"key":"SteroidPotion"},{"floor":12.0,"key":"SpeedPotion"},{"floor":23.0,"key":"PowerPotion"},{"floor":46.0,"key":"BloodPotion"}],"is_trial":false,"path_per_floor":["M","?","M","?","M","R","E","M","T","M","$","E","M","?","R","B",null,"M","M","M","?","M","M","R","E","T","R","?","R","$","?","R","B",null,"M","$","?","M","M","E","R","E","T","M","R","E","$","?","R","B",null,"R","$","E","B",null],"character_chosen":"IRONCLAD","items_purchased":["Chemical X","Ice Cream","Whirlwind","Omamori","Medical Kit","Happy Flower"],"campfire_rested":3,"item_purchase_floors":[0,0,0,30,53,53],"current_hp_per_floor":[50,50,56,56,62,62,58,64,64,67,67,67,73,73,73,29,80,76,76,76,76,73,60,60,75,75,75,80,80,80,80,80,74,80,80,80,53,58,80,80,80,80,80,77,80,94,94,94,94,73,94,94,94,63,22],"gold":46,"neow_bonus":"","is_daily":false,"chose_seed":false,"campfire_upgraded":6,"win_rate":0.0,"timestamp":1607772197,"path_taken":["M","?","M","?","M","R","E","M","T","M","$","E","?","?","R","BOSS","M","M","M","?","M","M","R","E","T","R","?","R","$","?","R","BOSS","M","$","?","M","M","E","R","E","T","M","R","E","$","?","R","BOSS","R","$","E","BOSS"],"items_purchased_type":["Relic","Relic","Card","Relic","Relic","Relic"],"build_version":"2020-11-30","purchased_purges":4,"victory":true,"max_hp_per_floor":[80,80,80,80,80,80,80,80,80,80,80,80,80,80,80,80,80,80,80,80,80,80,80,80,80,80,80,80,80,80,80,80,80,80,80,80,80,80,80,80,80,80,80,80,80,94,94,94,94,94,94,94,94,94,94],"card_choices":[{"not_picked":["Flex","Spot Weakness"],"picked":"Armaments","floor":1.0},{"not_picked":["Cleave","Flex"],"picked":"Bloodletting","floor":3.0},{"not_picked":["True Grit","Bloodletting","Anger"],"picked":"SKIP","floor":5.0},{"not_picked":["Seeing Red","Iron Wave"],"picked":"Dark Embrace","floor":7.0},{"not_picked":["Intimidate","Havoc"],"picked":"Sword Boomerang","floor":8.0},{"not_picked":["Dropkick","Clothesline","Pummel"],"picked":"SKIP","floor":10.0},{"not_picked":["Immolate","Cleave","Headbutt"],"picked":"SKIP","floor":12.0},{"not_picked":["Clothesline","Body Slam","Iron Wave"],"picked":"SKIP","floor":13.0},{"not_picked":["Corruption","Feed"],"picked":"Reaper","floor":16.0},{"not_picked":["Cleave+1","Flex","Wild Strike"],"picked":"SKIP","floor":18.0},{"not_picked":["Headbutt","Twin Strike"],"picked":"Spot Weakness","floor":19.0},{"not_picked":["Clash","Flex"],"picked":"Rupture","floor":20.0},{"not_picked":["Thunderclap","Infernal Blade","Sever Soul"],"picked":"SKIP","floor":22.0},{"not_picked":["Havoc","Sword Boomerang","Bludgeon"],"picked":"SKIP","floor":23.0},{"not_picked":["Havoc+1","Uppercut"],"picked":"Berserk","floor":25.0},{"not_picked":["Warcry+1","Searing Blow+1","Carnage+1"],"picked":"SKIP","floor":35.0},{"not_picked":["Inflame","Dual Wield"],"picked":"Pommel Strike+1","floor":37.0},{"not_picked":["Clash","Ghostly Armor","Perfected Strike"],"picked":"SKIP","floor":38.0},{"not_picked":["Anger","Battle Trance+1"],"picked":"Power Through","floor":39.0},{"not_picked":["Berserk+1","Heavy Blade","Combust+1"],"picked":"SKIP","floor":40.0},{"not_picked":["Flex+1","Cleave"],"picked":"Shrug It Off+1","floor":42.0},{"not_picked":["Clash+1","Whirlwind","Sentinel+1"],"picked":"SKIP","floor":44.0},{"not_picked":["Sword Boomerang","Blood for Blood+1"],"picked":"Feel No Pain+1","floor":46.0},{"not_picked":["Perfected Strike","Armaments+1","Clash"],"picked":"SKIP","floor":54}],"player_experience":632423,"relics_obtained":[{"floor":7.0,"key":"Anchor"},{"floor":12.0,"key":"The Courier"},{"floor":25.0,"key":"Juzu Bracelet"},{"floor":26.0,"key":"Sundial"},{"floor":28.0,"key":"Red Mask"},{"floor":37.0,"key":"Pocketwatch"},{"floor":40.0,"key":"Frozen Egg 2"},{"floor":42.0,"key":"Mummified Hand"},{"floor":43.0,"key":"Boot"},{"floor":46.0,"key":"Mango"},{"floor":54,"key":"Vajra"}],"event_choices":[{"damage_healed":0.0,"max_hp_gain":0.0,"max_hp_loss":0.0,"gold_gain":0.0,"event_name":"Shining Light","player_choice":"Ignored","floor":2.0,"gold_loss":0.0,"damage_taken":0.0},{"damage_healed":0.0,"max_hp_gain":0.0,"max_hp_loss":0.0,"gold_gain":0.0,"event_name":"Match and Keep!","player_choice":"1 cards matched","floor":4.0,"gold_loss":0.0,"damage_taken":0.0,"cards_obtained":["Offering"]},{"damage_healed":0.0,"max_hp_gain":0.0,"max_hp_loss":0.0,"gold_gain":0.0,"event_name":"Accursed Blacksmith","player_choice":"Forge","floor":14.0,"gold_loss":0.0,"damage_taken":0.0,"cards_upgraded":["Dark Embrace"]},{"damage_healed":0.0,"max_hp_gain":0.0,"max_hp_loss":0.0,"gold_gain":0.0,"event_name":"NoteForYourself","player_choice":"Ignored","floor":21.0,"gold_loss":0.0,"damage_taken":0.0},{"damage_healed":0.0,"max_hp_gain":0.0,"max_hp_loss":0.0,"gold_gain":0.0,"event_name":"Masked Bandits","player_choice":"Fought Bandits","floor":28.0,"gold_loss":0.0,"damage_taken":0.0},{"damage_healed":26.0,"max_hp_gain":0.0,"max_hp_loss":0.0,"gold_gain":0.0,"event_name":"The Library","player_choice":"Heal","floor":31.0,"gold_loss":0.0,"damage_taken":0.0},{"damage_healed":0.0,"max_hp_gain":0.0,"max_hp_loss":0.0,"gold_gain":0.0,"event_name":"Mysterious Sphere","player_choice":"Fight","floor":37.0,"gold_loss":0.0,"damage_taken":0.0},{"damage_healed":0,"gold_gain":0,"player_choice":"Memory 1","damage_taken":0,"max_hp_gain":0,"max_hp_loss":0,"event_name":"SensoryStone","floor":48,"gold_loss":0}],"is_beta":false,"boss_relics":[{"not_picked":["SacredBark","Runic Cube"],"picked":"Philosopher\u0027s Stone"},{"not_picked":["Black Star","Runic Dome"],"picked":"Fusion Hammer"}],"items_purged_floors":[0,11,30,36],"is_endless":false,"potions_floor_spawned":[3,7,12,13,18,23,25,28,33,35,40,46],"ascension_level":1}}