{"host":"m1ntkrf87179kmo6","time":1607790431,"event":{"mods":["BaseMod","Better Third Choice","Minty Spire (QoL Compilation)","Shade Mod","StSLib"],"gold_per_floor":[109,109,127,202,19,19,19,36,36,36,50,64,77,108,108,207,257,270,369,380,380,380,380,380],"floor_reached":23,"playtime":1710,"items_purged":[],"score":266,"play_id":"1008a8c3-5825-44f5-9028-c2288acd20d1","local_time":"20201212112711","is_ascension_mode":false,"campfire_choices":[{"floor":6,"key":"RECALL"},{"data":"Shade:AnimateDead","floor":10,"key":"SMITH"},{"floor":15,"key":"REST"}],"circlet_count":0,"master_deck":["Shade:Strike_Shade+1","Shade:Strike_Shade","Shade:Strike_Shade","Shade:Strike_Shade","Shade:Defend_Shade","Shade:Defend_Shade+1","Shade:Defend_Shade","Shade:Defend_Shade","Shade:AnimateDead+1","Shade:CarefulCut","Shade:ClawBack","Shade:SensePrey+1","Shade:StitchTogether","Shade:ExtraLimbs","Shade:Brains","Shade:GreyBargain","Shade:Putrefaction","Shade:Brains","Shade:FeralStrike","Shade:OpenGraves"],"relics":["Shade:YorickSkull","MealTicket","Ice Cream","War Paint","Tiny House","MutagenicStrength"],"acts_visited":["Exordium","TheCity"],"potions_floor_usage":[14,14,14,16,20],"damage_taken":[{"damage":0,"enemies":"Small Slimes","floor":1,"turns":3},{"damage":0,"enemies":"2 Louse","floor":3,"turns":3},{"damage":0,"enemies":"Cultist","floor":8,"turns":3},{"damage":6,"enemies":"Looter","floor":11,"turns":3},{"damage":4,"enemies":"Large Slime","floor":12,"turns":5},{"damage":0,"enemies":"Lots of Slimes","floor":13,"turns":3},{"damage":16,"enemies":"Lagavulin","floor":14,"turns":5},{"damage":0,"enemies":"The Guardian","floor":16,"turns":12},{"damage":19,"enemies":"2 Thieves","floor":18,"turns":4},{"damage":3,"enemies":"3 Byrds","floor":20,"turns":4},{"damage":70,"enemies":"Book of Stabbing","floor":23,"turns":9}],"seed_played":"-5066684546341165589","potions_obtained":[{"floor":1,"key":"Swift Potion"},{"floor":12,"key":"Dexterity Potion"},{"floor":13,"key":"LiquidMemories"},{"floor":14,"key":"DistilledChaos"},{"floor":17,"key":"Dexterity Potion"}],"is_trial":false,"path_per_floor":["M","?","M","?","$","R","$","M","T","R","M","M","M","E","R","B",null,"M","?","M","?","?","E"],"character_chosen":"SHADE","items_purchased":["MealTicket","Shade:StitchTogether"],"campfire_rested":1,"item_purchase_floors":[5,5],"current_hp_per_floor":[77,70,70,63,63,63,77,77,77,77,71,67,67,51,74,74,82,63,63,60,60,60,0,0],"gold":380,"neow_bonus":"TWENTY_PERCENT_HP_BONUS","is_daily":false,"chose_seed":false,"campfire_upgraded":1,"win_rate":0.0,"timestamp":1607790431,"path_taken":["M","?","M","?","$","R","$","M","T","R","M","M","?","E","R","BOSS","M","?","M","?","?","E"],"items_purchased_type":["Relic","Card"],"build_version":"2020-11-30","purchased_purges":0,"victory":false,"max_hp_per_floor":[77,77,77,77,77,77,77,77,77,77,77,77,77,77,77,77,82,82,82,82,82,82,82,82],"card_choices":[{"not_picked":["Shade:LyeBath","Shade:Bonestorm"],"picked":"Shade:ClawBack","floor":1},{"not_picked":["Shade:RitualOffering","Shade:FreshBones"],"picked":"Shade:SensePrey","floor":3},{"not_picked":["Shade:RavenousHorde","Shade:AncientSpear"],"picked":"Shade:ExtraLimbs","floor":8},{"not_picked":["Shade:AuraOfUnlife","Shade:CoffinDance","Shade:RitualOffering"],"picked":"SKIP","floor":11},{"not_picked":["Shade:ClawBack","Shade:SkeletonHug","Shade:FreshBones"],"picked":"SKIP","floor":12},{"not_picked":["Shade:WallOfFlesh","Shade:Premonition"],"picked":"Shade:Brains","floor":13},{"not_picked":["Shade:Awaken","Shade:FuneraryArmor"],"picked":"Shade:GreyBargain","floor":14},{"not_picked":["Shade:Tombstone","Shade:Coordination"],"picked":"Shade:Putrefaction","floor":16},{"not_picked":["Shade:ExtraLimbs","Shade:FingerOfDeath"],"picked":"Shade:Brains","floor":17},{"not_picked":["Shade:CoffinDance","Shade:Asphyxiate+1"],"picked":"Shade:FeralStrike","floor":18},{"not_picked":["Shade:FleshOffering+1","Shade:PoundOfFlesh+1"],"picked":"Shade:OpenGraves","floor":20}],"player_experience":972083,"relics_obtained":[{"floor":9,"key":"Ice Cream"},{"floor":14,"key":"War Paint"}],"event_choices":[{"cards_removed":["Clumsy"],"damage_healed":0,"gold_gain":0,"player_choice":"Card Removal","damage_taken":7,"max_hp_gain":0,"max_hp_loss":0,"event_name":"Golden Wing","floor":2,"gold_loss":0},{"damage_healed":0,"gold_gain":75,"player_choice":"Touch","damage_taken":7,"max_hp_gain":0,"max_hp_loss":0,"event_name":"FaceTrader","floor":4,"gold_loss":0},{"damage_healed":0,"gold_gain":99,"player_choice":"Steal","damage_taken":0,"max_hp_gain":0,"max_hp_loss":0,"event_name":"betterThird:BetterNest","floor":19,"gold_loss":0},{"damage_healed":0,"gold_gain":0,"player_choice":"Inject Mutagens","damage_taken":0,"relics_obtained":["MutagenicStrength"],"max_hp_gain":0,"max_hp_loss":0,"event_name":"Drug Dealer","floor":21,"gold_loss":0},{"damage_healed":0,"gold_gain":0,"player_choice":"Ignored","damage_taken":0,"max_hp_gain":0,"max_hp_loss":0,"event_name":"Transmorgrifier","floor":22,"gold_loss":0}],"is_beta":false,"boss_relics":[{"not_picked":["Philosopher\u0027s Stone","Velvet Choker"],"picked":"Tiny House"}],"items_purged_floors":[],"is_endless":false,"potions_floor_spawned":[1,12,13,14],"killed_by":"Book of Stabbing","ascension_level":0}}