{"host":"ye7dkdlypz0ka1od","time":1607736166,"event":{"mods":["Act Like it!","Aspiration","BaseMod","Gensokyo","Hallownest","Hermit","Hubris","Infinite Spire","Minty Spire (QoL Compilation)","Replay The Spire","StSLib","The Blackbeard","The Bug Knight","The Forsaken"],"gold_per_floor":[118,118,118,129,140,140,172,172,172,200,98,98,98,131,131,258,258,299,299,70,70,115,115,171,171,216,216,63,100,25,68,68,189,189,227,250,0,38,38,78,119,175,175,175,175,175,229,272,272,403,403,419,419,419,419,420,425,425,425],"floor_reached":57,"playtime":3043,"items_purged":["blackbeard:BlackbeardDefend","blackbeard:BlackbeardDefend","blackbeard:BlackbeardStrike","blackbeard:BlackbeardStrike"],"score":611,"play_id":"04377249-d16a-4dd4-94ab-b2f4789ecb0a","local_time":"20201211202246","is_ascension_mode":false,"campfire_choices":[{"data":"blackbeard:Rum","floor":6.0,"key":"SMITH"},{"data":"blackbeard:GoldenStrike","floor":8.0,"key":"SMITH"},{"data":"blackbeard:WiseDefense","floor":13.0,"key":"SMITH"},{"data":"blackbeard:BlackbeardStrike","floor":15.0,"key":"PURGE"},{"data":"Secret Technique","floor":23,"key":"SMITH"},{"floor":25,"key":"REST"},{"floor":32,"key":"REST"},{"data":"blackbeard:CaptainsHat","floor":44,"key":"SMITH"},{"floor":46,"key":"REST"}],"circlet_count":0,"master_deck":["blackbeard:BlackbeardStrike","blackbeard:IntimidatingStrike","blackbeard:BlackbeardDefend+1","blackbeard:BlackbeardDefend+1","blackbeard:Cutlass+1","blackbeard:CloakAndCannonball","blackbeard:GoldenStrike+1","blackbeard:Rum+1","blackbeard:Bandana+1","blackbeard:WiseDefense+1","blackbeard:BrownPants","blackbeard:PowerHungry+1","CurseOfTheBell","Secret Technique+1","blackbeard:Sharpening+1","blackbeard:PirateEarring+1","blackbeard:RearmingStrike","blackbeard:InfiniteBarrage+1","blackbeard:ChaoticDefense","blackbeard:CaptainsHat+1","AbeCurse","blackbeard:Anchor+1","blackbeard:GoldenStrike+1","blackbeard:WeaponProficiency","blackbeard:Rum+1","blackbeard:GoldenRain","blackbeard:ReapersScythe","blackbeard:RemoveScurvy","blackbeard:TacticalRetreat","blackbeard:Sword"],"relics":["blackbeard:LoadTheCannons","aspiration:Nostalgia","theForsaken:JudgementScales","Blue Doll","The Courier","Replay:Baseball","Calling Bell","Replay:Mystery Machine","hubris:DeckOfHolding","Pocketwatch","infinitespire:EmpoweringShard","Lantern","Akabeko","hubris:FruitBowl","Abe\u0027s Treasure","Red Mask","blackbeard:PoorMathSkills","Mummified Hand","hubris:MedicalManual","Frozen Egg 2","Replay:Bronze Core","SlaversCollar","hubris:MobiusCoin"],"acts_visited":["Exordium","TheCity","TheBeyond","Exordium"],"potions_floor_usage":[24,33,33,42,50,57],"damage_taken":[{"damage":6.0,"enemies":"Jaw Worm","floor":1.0,"turns":3.0},{"damage":0.0,"enemies":"Small Slimes","floor":4.0,"turns":3.0},{"damage":0.0,"enemies":"2 Louse","floor":5.0,"turns":2.0},{"damage":7.0,"enemies":"3 Sentries","floor":7.0,"turns":8.0},{"damage":0.0,"enemies":"Red Slaver","floor":10.0,"turns":3.0},{"damage":5.0,"enemies":"3 Louse","floor":14.0,"turns":3.0},{"damage":5.0,"enemies":"Slime Boss","floor":16.0,"turns":17.0},{"damage":0.0,"enemies":"Shell Parasite","floor":18.0,"turns":6.0},{"damage":0,"enemies":"Spheric Guardian","floor":22,"turns":4},{"damage":25,"enemies":"Nightmare","floor":24,"turns":10},{"damage":2,"enemies":"3 Cultists","floor":29,"turns":5},{"damage":0,"enemies":"Chosen and Byrds","floor":31,"turns":5},{"damage":29,"enemies":"Champ","floor":33,"turns":13},{"damage":1,"enemies":"3 Darklings","floor":35,"turns":7},{"damage":0,"enemies":"3 Shapes","floor":36,"turns":5},{"damage":10,"enemies":"Maw","floor":38,"turns":8},{"damage":3,"enemies":"3 Darklings","floor":40,"turns":6},{"damage":1,"enemies":"4 Shapes","floor":41,"turns":8},{"damage":17,"enemies":"Reptomancer","floor":42,"turns":6},{"damage":1,"enemies":"Nightmare","floor":47,"turns":9},{"damage":0,"enemies":"Writhing Mass","floor":48,"turns":8},{"damage":13,"enemies":"Replay:Hell Engine","floor":50,"turns":8},{"damage":0,"enemies":"Small Slimes","floor":52,"turns":2},{"damage":0,"enemies":"Cultist","floor":55,"turns":2},{"damage":0,"enemies":"Jaw Worm","floor":56,"turns":1},{"damage":100,"enemies":"Nightmare","floor":57,"turns":4}],"seed_played":"-7144355540058732023","potions_obtained":[{"floor":1.0,"key":"BlessingOfTheForge"},{"floor":4.0,"key":"Venom Potion"},{"floor":14.0,"key":"PowerPotion"},{"floor":16.0,"key":"SteroidPotion"},{"floor":31,"key":"Reflective Coating"},{"floor":33,"key":"blackbeard:OrangeJuicePotion"},{"floor":40,"key":"Dexterity Potion"},{"floor":42,"key":"Swift Potion"},{"floor":47,"key":"Death Potion"},{"floor":48,"key":"SneckoOil"},{"floor":55,"key":"ColorlessPotion"}],"is_trial":false,"path_per_floor":["M","?","?","M","M","R","E","R","T","M","$","?","R","M","R","B",null,"M","?","$","?","M","R","NM","R","T","$","$","M","?","M","R","B",null,"M","M","?","M","?","M","M","E","T","R","?","R","NM","M","R","B",null,"M","?","AVR","M","M","NM"],"character_chosen":"BLACKBEARD_CLASS","items_purchased":["blackbeard:WiseDefense","Secret Technique","Akabeko","hubris:FruitBowl","blackbeard:PirateEarring+1","blackbeard:RearmingStrike"],"campfire_rested":3,"item_purchase_floors":[11,20,27,27,28,28],"current_hp_per_floor":[69,69,54,54,54,54,47,47,47,47,47,44,44,39,39,34,75,75,75,75,58,58,58,33,55,55,26,26,24,24,24,46,17,75,74,74,74,64,64,61,60,43,43,43,43,65,64,64,75,62,75,75,75,75,75,75,0,0,0],"gold":425,"neow_bonus":"NOSTALGIA","is_daily":false,"chose_seed":false,"campfire_upgraded":5,"win_rate":0.0,"timestamp":1607736166,"path_taken":["M","?","?","M","M","R","E","R","T","M","$","?","R","M","R","BOSS","M","?","?","?","M","R","NM","R","T","?","$","?","?","M","R","BOSS","M","M","?","M","?","M","?","E","T","R","?","R","NM","M","R","BOSS","M","?","AVR","M","?","NM"],"items_purchased_type":["Card","Card","Relic","Relic","Card","Card"],"build_version":"2020-11-30","purchased_purges":4,"victory":false,"max_hp_per_floor":[75,75,75,75,75,75,75,75,75,75,75,75,75,75,75,75,75,75,75,75,75,75,75,75,75,75,75,75,75,75,75,75,75,75,75,75,75,75,75,75,75,75,75,75,75,75,75,75,75,75,75,75,75,75,75,75,75,75,75],"card_choices":[{"not_picked":["blackbeard:BeatUp","blackbeard:DeadlyArsenal"],"picked":"blackbeard:CloakAndCannonball","floor":1.0},{"not_picked":["blackbeard:PiratesWill","blackbeard:PirateHook"],"picked":"blackbeard:GoldenStrike","floor":4.0},{"not_picked":["blackbeard:CloakAndCannonball","blackbeard:GoldenDefense"],"picked":"blackbeard:Rum","floor":5.0},{"not_picked":["blackbeard:Dagger","blackbeard:Spear"],"picked":"blackbeard:Bandana","floor":7.0},{"not_picked":["blackbeard:BeatUp","blackbeard:CannonBarrage","blackbeard:DangerousBlow"],"picked":"SKIP","floor":10.0},{"not_picked":["blackbeard:JollyRoger","blackbeard:BlindAttacks"],"picked":"blackbeard:BrownPants","floor":14.0},{"not_picked":["blackbeard:UndeadForm","blackbeard:TheDrunkenSailor"],"picked":"blackbeard:PowerHungry","floor":16.0},{"not_picked":["blackbeard:AgileStrike","blackbeard:BeatUp","blackbeard:FishingNets"],"picked":"SKIP","floor":18.0},{"not_picked":["ReplayTheSpireMod:Haul","ReplayTheSpireMod:??????????????????????"],"picked":"Replay:Fractal Strike","floor":21},{"not_picked":["blackbeard:WiseDefense","blackbeard:Sword"],"picked":"blackbeard:Sharpening+1","floor":22},{"not_picked":["blackbeard:Dagger","blackbeard:Recklessness","blackbeard:Upgrade"],"picked":"SKIP","floor":24},{"not_picked":["blackbeard:Shrapnel+1","blackbeard:SwordDance"],"picked":"blackbeard:InfiniteBarrage+1","floor":29},{"not_picked":["blackbeard:PowderKeg","blackbeard:Shrapnel"],"picked":"blackbeard:ChaoticDefense","floor":31},{"not_picked":["blackbeard:MegaUpgrade","blackbeard:PowerHungry"],"picked":"blackbeard:CaptainsHat","floor":33},{"not_picked":["blackbeard:Sharpening","blackbeard:BeatUp"],"picked":"blackbeard:Anchor+1","floor":35},{"not_picked":["blackbeard:DelayedPain+1","blackbeard:BeatUp"],"picked":"blackbeard:GoldenStrike+1","floor":36},{"not_picked":["blackbeard:Spear+1","blackbeard:CaptainsCabin"],"picked":"blackbeard:WeaponProficiency","floor":38},{"not_picked":["blackbeard:Upgrade","blackbeard:BeatUp+1"],"picked":"blackbeard:Rum+1","floor":40},{"not_picked":["blackbeard:SwordDance","blackbeard:Scrap+1","blackbeard:Dagger"],"picked":"SKIP","floor":41},{"not_picked":["blackbeard:Spear","blackbeard:PirateHook+1","blackbeard:WoodenLeg"],"picked":"SKIP","floor":42},{"not_picked":["blackbeard:CannonballSupply","blackbeard:CloakAndCannonball","blackbeard:Revenge"],"picked":"SKIP","floor":47},{"not_picked":["blackbeard:PirateEarring+1","blackbeard:FieryDefense+1"],"picked":"blackbeard:GoldenRain","floor":48},{"not_picked":["blackbeard:UndeadForm+1","blackbeard:TheDrunkenSailor+1"],"picked":"blackbeard:ReapersScythe","floor":50},{"not_picked":["blackbeard:BrownPants+1","blackbeard:DoubleCannonball"],"picked":"blackbeard:RemoveScurvy","floor":52},{"not_picked":["blackbeard:RearmingStrike","blackbeard:Boarding"],"picked":"blackbeard:TacticalRetreat","floor":55},{"not_picked":["blackbeard:DangerousBlow","blackbeard:Sharpening"],"picked":"blackbeard:Sword","floor":56}],"player_experience":1256785,"relics_obtained":[{"floor":7.0,"key":"Blue Doll"},{"floor":9.0,"key":"The Courier"},{"floor":17.0,"key":"Replay:Mystery Machine"},{"floor":17.0,"key":"hubris:DeckOfHolding"},{"floor":17.0,"key":"Pocketwatch"},{"floor":24,"key":"infinitespire:EmpoweringShard"},{"floor":26,"key":"Lantern"},{"floor":42,"key":"Mummified Hand"},{"floor":43,"key":"hubris:MedicalManual"},{"floor":47,"key":"Frozen Egg 2"}],"event_choices":[{"damage_healed":0.0,"max_hp_gain":0.0,"max_hp_loss":0.0,"gold_gain":0.0,"event_name":"Shining Light","player_choice":"Entered Light","floor":3.0,"gold_loss":0.0,"damage_taken":15.0,"cards_upgraded":["blackbeard:BlackbeardDefend","blackbeard:BlackbeardDefend"]},{"damage_healed":0.0,"max_hp_gain":0.0,"max_hp_loss":0.0,"gold_gain":0.0,"event_name":"Scrap Ooze","player_choice":"Success","floor":12.0,"gold_loss":0.0,"damage_taken":3.0,"relics_obtained":["Replay:Baseball"]},{"damage_healed":0.0,"max_hp_gain":0.0,"max_hp_loss":0.0,"gold_gain":0.0,"event_name":"Upgrade Shrine","player_choice":"Upgraded","floor":19.0,"gold_loss":0.0,"damage_taken":0.0,"cards_upgraded":["blackbeard:PowerHungry"]},{"cards_removed":["Replay:Fractal Strike"],"damage_healed":0,"gold_gain":0,"player_choice":"Gave Gold","damage_taken":0,"max_hp_gain":0,"max_hp_loss":0,"event_name":"Beggar","floor":30,"gold_loss":75},{"damage_healed":0,"gold_gain":0,"player_choice":"Paid","damage_taken":0,"relics_obtained":["Red Mask"],"max_hp_gain":0,"max_hp_loss":0,"event_name":"Tomb of Lord Red Mask","floor":37,"gold_loss":250},{"damage_healed":0,"gold_gain":0,"player_choice":"Gave Potion","damage_taken":0,"relics_obtained":["blackbeard:PoorMathSkills"],"max_hp_gain":0,"max_hp_loss":0,"event_name":"WeMeetAgain","floor":39,"gold_loss":0},{"damage_healed":0,"gold_gain":0,"player_choice":"Ignored","damage_taken":0,"max_hp_gain":0,"max_hp_loss":0,"event_name":"SecretPortal","floor":45,"gold_loss":0},{"damage_healed":0,"gold_gain":0,"player_choice":"Ignored","damage_taken":0,"max_hp_gain":0,"max_hp_loss":0,"event_name":"NoteForYourself","floor":53,"gold_loss":0}],"is_beta":false,"boss_relics":[{"not_picked":["hubris:CrackedHourglass","aspiration:RunicSpoon"],"picked":"Calling Bell"},{"not_picked":["hubris:GrandSneckoEye","SacredBark"],"picked":"Abe\u0027s Treasure"},{"not_picked":["hubris:RunicObelisk","ReplayTheSpireMod:DimensionalGlitch"],"picked":"Replay:Bronze Core"}],"items_purged_floors":[11,20,28,54],"is_endless":true,"potions_floor_spawned":[1,4,14,16,31,33,40,42,47,48,55],"killed_by":"Nightmare","ascension_level":0}}