{"host":"zyn2zcp8fez1ptuq","time":1607811447,"event":{"mods":["BaseMod","BetterRewards","Downfall","Hermit","Hubris","Infinite Spire","Minty Spire (QoL Compilation)","Replay The Spire","Robot Space Explorer","Shade Mod","Shop Mod","StSLib","The Animator","The Cursed","The Jungle","The Necromancer"],"gold_per_floor":[112,122,10,26,44,76,76,90,90,101,101,112,138,138,138,237,237,247,264,264,264,264,264,297,297,297,327,327,344,107,22,22,119,119,33,49,65,65,83,83,100,129,129,179,209,209,229,246,246,246],"floor_reached":51,"playtime":4095,"items_purged":["RobotSpaceExplorer:Strike"],"score":1034,"play_id":"099b05b4-ccb4-4b59-a914-be790dc4b534","local_time":"20201212171727","is_ascension_mode":false,"campfire_choices":[{"data":"expansioncontent:CaCaw","floor":7,"key":"SMITH"},{"floor":11,"key":"REST"},{"data":"RobotSpaceExplorer:Blitz","floor":15,"key":"SMITH"},{"data":"RobotSpaceExplorer:DroneSwarm","floor":23,"key":"SMITH"},{"data":"RobotSpaceExplorer:Pulsar","floor":25,"key":"SMITH"},{"data":"RobotSpaceExplorer:DroneSwarm","floor":46,"key":"SMITH"},{"data":"Replay:SS_forest_6","floor":49,"key":"SMITH"}],"circlet_count":0,"master_deck":["RobotSpaceExplorer:Strike","RobotSpaceExplorer:Defend","RobotSpaceExplorer:Defend","RobotSpaceExplorer:Defend","RobotSpaceExplorer:Defend","RobotSpaceExplorer:Scan","RobotSpaceExplorer:MiniLasers","RobotSpaceExplorer:ScrapMissile","RobotSpaceExplorer:Pulsar","RobotSpaceExplorer:LaserBurst+1","RobotSpaceExplorer:FreezeRay","RobotSpaceExplorer:DoubleBlock","RobotSpaceExplorer:ShockKick","RobotSpaceExplorer:SurgingShield","expansioncontent:CaCaw+1","RobotSpaceExplorer:ImprovisedAttack","RobotSpaceExplorer:MiniDrones","RobotSpaceExplorer:ShockKick","RobotSpaceExplorer:BlastShield","RobotSpaceExplorer:Blitz+1","RobotSpaceExplorer:SlimeMissile","RobotSpaceExplorer:FreezeRay","RobotSpaceExplorer:Pulsar+1","RobotSpaceExplorer:DroneSwarm+1","RobotSpaceExplorer:SurgingShield+1","RobotSpaceExplorer:PlasmaMissile+1","RobotSpaceExplorer:PlasmaMissile","RobotSpaceExplorer:PowerGlove","RobotSpaceExplorer:BigMissile","Dark Shackles","Replay:SS_forest_6+1","RobotSpaceExplorer:DroneSwarm+1","RobotSpaceExplorer:DualCore","RobotSpaceExplorer:Electropulse+1","RobotSpaceExplorer:StunGrenade+1","RobotSpaceExplorer:Fix","RobotSpaceExplorer:Pulsar+1","RobotSpaceExplorer:SelfCleaning"],"relics":["RobotSpaceExplorer:RoboCore","Shuriken","ReplayTheSpireMod:Lightbulb","Anchor","hubris:CrystalStatue","Sozu","hubris:Towel","Singing Bowl","RobotSpaceExplorer:PlasmaHourglass","Replay:Wax Seal","PreservedInsect","infinitespire:WardingShard","infinitespire:Cupcake","Centennial Puzzle","PreservedInsect","hubris:PeanutButter","Replay:Multitool","hubris:BottledRain"],"acts_visited":["Exordium","Exordium","TheBeyond"],"potions_floor_usage":[5,6,12,13,16,18],"damage_taken":[{"damage":6,"enemies":"Jaw Worm","floor":1,"turns":2},{"damage":0,"enemies":"Small Slimes","floor":2,"turns":1},{"damage":0,"enemies":"2 Louse","floor":4,"turns":2},{"damage":1,"enemies":"Exordium Thugs","floor":5,"turns":3},{"damage":16,"enemies":"Lagavulin","floor":6,"turns":8},{"damage":13,"enemies":"Lots of Slimes","floor":8,"turns":5},{"damage":1,"enemies":"Large Slime","floor":10,"turns":4},{"damage":0,"enemies":"Blue Slaver","floor":12,"turns":3},{"damage":9,"enemies":"3 Sentries","floor":13,"turns":6},{"damage":13,"enemies":"The Guardian","floor":16,"turns":8},{"damage":0,"enemies":"theJungle:MUSHROOMGANG","floor":18,"turns":4},{"damage":0,"enemies":"theJungle:GiantWrat","floor":19,"turns":5},{"damage":0,"enemies":"theJungle:2_Phrogs","floor":24,"turns":6},{"damage":0,"enemies":"theJungle:Cassacara","floor":27,"turns":5},{"damage":0,"enemies":"theJungle:Lyon","floor":29,"turns":4},{"damage":0,"enemies":"theJungle:FunGuy","floor":33,"turns":9},{"damage":0,"enemies":"3 Shapes","floor":35,"turns":3},{"damage":0,"enemies":"3 Darklings","floor":36,"turns":3},{"damage":0,"enemies":"Sphere and 2 Shapes","floor":37,"turns":3},{"damage":0,"enemies":"Spire Growth","floor":39,"turns":5},{"damage":5,"enemies":"4 Shapes","floor":41,"turns":3},{"damage":12,"enemies":"Nemesis","floor":42,"turns":5},{"damage":0,"enemies":"Mind Bloom Boss Battle","floor":44,"turns":7},{"damage":8,"enemies":"Giant Head","floor":45,"turns":9},{"damage":0,"enemies":"Transient","floor":47,"turns":5},{"damage":20,"enemies":"Jaw Worm Horde","floor":48,"turns":4},{"damage":31,"enemies":"Donu and Deca","floor":50,"turns":9}],"seed_played":"-4705305010811905062","potions_obtained":[{"floor":4,"key":"Slimebound:ThreeZeroPotion"},{"floor":5,"key":"DuplicationPotion"},{"floor":8,"key":"Block Potion"},{"floor":12,"key":"AttackPotion"},{"floor":13,"key":"Ancient Potion"},{"floor":16,"key":"AttackPotion"}],"is_trial":false,"path_per_floor":["M","M","$","M","M","E","R","M","T","M","R","M","E","?","R","B",null,"M","M","?","?","?","R","E","R","T","E","AVR","M","$","$","R","B",null,"M","M","M","AVR","M","?","M","E","T","?","E","R","M","M","R","B",null],"character_chosen":"RobotSpaceExplorer","items_purchased":["Shuriken","RobotSpaceExplorer:ScrapMissile","RobotSpaceExplorer:Pulsar","RobotSpaceExplorer:LaserBurst+1","RobotSpaceExplorer:FreezeRay","RobotSpaceExplorer:DoubleBlock","expansioncontent:CaCaw","RobotSpaceExplorer:ImprovisedAttack","infinitespire:WardingShard","Dark Shackles","Replay:SS_forest_6"],"campfire_rested":1,"item_purchase_floors":[0,0,0,0,0,0,3,3,30,30,31],"current_hp_per_floor":[69,69,69,69,68,52,52,39,39,38,60,60,51,44,44,31,75,75,75,75,75,75,75,75,75,75,75,75,75,75,75,75,75,75,77,79,79,79,81,81,76,69,69,71,71,71,75,63,63,48],"gold":246,"neow_bonus":"","is_daily":false,"chose_seed":false,"campfire_upgraded":6,"win_rate":0.0,"timestamp":1607811447,"path_taken":["M","M","$","M","M","E","R","M","T","M","R","M","E","?","R","BOSS","M","M","?","?","?","R","E","R","T","E","AVR","M","?","$","R","BOSS","M","M","M","AVR","M","?","?","E","T","?","E","R","M","M","R","BOSS"],"items_purchased_type":["Relic","Card","Card","Card","Card","Card","Card","Card","Relic","Card","Card"],"build_version":"2020-11-30","purchased_purges":1,"victory":true,"max_hp_per_floor":[75,75,75,75,75,75,75,75,75,75,75,75,75,75,75,75,75,75,75,75,75,75,75,75,75,75,75,75,75,75,75,75,75,75,77,79,79,79,81,81,81,81,81,83,83,83,83,83,83,83],"card_choices":[{"not_picked":["RobotSpaceExplorer:DoubleBlock","RobotSpaceExplorer:FranticSearch"],"picked":"RobotSpaceExplorer:ShockKick","floor":1},{"not_picked":["RobotSpaceExplorer:SelfCleaning","RobotSpaceExplorer:FranticSearch"],"picked":"RobotSpaceExplorer:SurgingShield","floor":2},{"not_picked":["RobotSpaceExplorer:ScrapShield","RobotSpaceExplorer:GearShield"],"picked":"RobotSpaceExplorer:MiniDrones","floor":4},{"not_picked":["RobotSpaceExplorer:GlueShot","RobotSpaceExplorer:Counterblock"],"picked":"RobotSpaceExplorer:ShockKick","floor":5},{"not_picked":["RobotSpaceExplorer:SurgingShield","RobotSpaceExplorer:Ammunition"],"picked":"RobotSpaceExplorer:BlastShield","floor":6},{"not_picked":["RobotSpaceExplorer:TurboDodge","RobotSpaceExplorer:MiniDrones"],"picked":"RobotSpaceExplorer:Blitz","floor":8},{"not_picked":["RobotSpaceExplorer:Probe","RobotSpaceExplorer:MetalStrike"],"picked":"RobotSpaceExplorer:SlimeMissile","floor":10},{"not_picked":["RobotSpaceExplorer:ScrapToss","RobotSpaceExplorer:BlastShield"],"picked":"RobotSpaceExplorer:FreezeRay","floor":12},{"not_picked":["RobotSpaceExplorer:SlimeMissile","RobotSpaceExplorer:GlueShot"],"picked":"RobotSpaceExplorer:Pulsar","floor":13},{"not_picked":["RobotSpaceExplorer:BlastShield","RobotSpaceExplorer:Blaster"],"picked":"RobotSpaceExplorer:DroneSwarm","floor":16},{"not_picked":["RobotSpaceExplorer:ShovelStrike+1","RobotSpaceExplorer:MiniDrones+1"],"picked":"RobotSpaceExplorer:SurgingShield+1","floor":18},{"not_picked":["RobotSpaceExplorer:SurgingShield","RobotSpaceExplorer:SlimeMissile"],"picked":"RobotSpaceExplorer:PlasmaMissile","floor":19},{"not_picked":["RobotSpaceExplorer:FranticSearch","RobotSpaceExplorer:SlimeMissile+1"],"picked":"RobotSpaceExplorer:PlasmaMissile","floor":24},{"not_picked":["RobotSpaceExplorer:FreezingShield","RobotSpaceExplorer:SlimeMissile"],"picked":"RobotSpaceExplorer:PowerGlove","floor":27},{"not_picked":["RobotSpaceExplorer:Counterblock","RobotSpaceExplorer:ImprovisedAttack"],"picked":"RobotSpaceExplorer:BigMissile","floor":29},{"not_picked":["RobotSpaceExplorer:Exploration","RobotSpaceExplorer:Explosion"],"picked":"RobotSpaceExplorer:DroneSwarm","floor":33},{"not_picked":["RobotSpaceExplorer:Ammunition+1","RobotSpaceExplorer:SlimeMissile","RobotSpaceExplorer:ImprovisedAttack"],"picked":"Singing Bowl","floor":35},{"not_picked":["RobotSpaceExplorer:SurgingStrike+1","RobotSpaceExplorer:Pulsar+1","RobotSpaceExplorer:ScrapToss+1"],"picked":"Singing Bowl","floor":36},{"not_picked":["RobotSpaceExplorer:StunGrenade","RobotSpaceExplorer:MetalStrike"],"picked":"RobotSpaceExplorer:DualCore","floor":37},{"not_picked":["RobotSpaceExplorer:GlueShot","RobotSpaceExplorer:GearShield","RobotSpaceExplorer:MetalStrike+1"],"picked":"Singing Bowl","floor":39},{"not_picked":["RobotSpaceExplorer:ImprovisedAttack+1","RobotSpaceExplorer:ShockKick+1"],"picked":"RobotSpaceExplorer:Electropulse+1","floor":41},{"not_picked":["RobotSpaceExplorer:ExhaustFan","RobotSpaceExplorer:Pulsar+1"],"picked":"RobotSpaceExplorer:StunGrenade+1","floor":42},{"not_picked":["RobotSpaceExplorer:LuckyStrike","RobotSpaceExplorer:Probe+1","RobotSpaceExplorer:SurgingStrike+1"],"picked":"Singing Bowl","floor":44},{"not_picked":["RobotSpaceExplorer:SwiftStep","RobotSpaceExplorer:RigExplosive"],"picked":"RobotSpaceExplorer:Fix","floor":45},{"not_picked":["RobotSpaceExplorer:ImprovisedAttack","RobotSpaceExplorer:FrostMissile"],"picked":"RobotSpaceExplorer:Pulsar+1","floor":47},{"not_picked":["RobotSpaceExplorer:ShockKick+1","RobotSpaceExplorer:FranticSearch"],"picked":"RobotSpaceExplorer:SelfCleaning","floor":48}],"player_experience":472500,"relics_obtained":[{"floor":6,"key":"ReplayTheSpireMod:Lightbulb"},{"floor":9,"key":"Anchor"},{"floor":13,"key":"hubris:CrystalStatue"},{"floor":24,"key":"Singing Bowl"},{"floor":26,"key":"RobotSpaceExplorer:PlasmaHourglass"},{"floor":27,"key":"Replay:Wax Seal"},{"floor":42,"key":"PreservedInsect"},{"floor":43,"key":"hubris:PeanutButter"},{"floor":44,"key":"Replay:Multitool"},{"floor":45,"key":"hubris:BottledRain"}],"event_choices":[{"cards_removed":["RobotSpaceExplorer:Strike"],"damage_healed":0,"gold_gain":0,"player_choice":"Card Removal","damage_taken":7,"max_hp_gain":0,"max_hp_loss":0,"event_name":"Golden Wing","floor":14,"gold_loss":0},{"cards_removed":["RobotSpaceExplorer:Strike"],"damage_healed":0,"gold_gain":0,"player_choice":"Card Removal","damage_taken":0,"max_hp_gain":0,"max_hp_loss":0,"event_name":"Wheel of Change","floor":40,"gold_loss":0},{"damage_healed":0,"gold_gain":0,"player_choice":"Fight","damage_taken":0,"max_hp_gain":0,"max_hp_loss":0,"event_name":"MindBloom","floor":44,"gold_loss":0}],"is_beta":false,"boss_relics":[{"not_picked":["Replay:Fungal Core","SacredBark"],"picked":"Sozu"},{"not_picked":["Ring of Chaos","Coffee Dripper"],"picked":"infinitespire:Cupcake"}],"items_purged_floors":[28],"is_endless":false,"potions_floor_spawned":[4,5,8,12,13,16,18,29,33,35,41,44,45,47],"ascension_level":0}}