{"host":"0i8dz4ityulxi1rd","time":1607778374,"event":{"mods":["BaseMod","Colored Map","Colored Powertips","Custom Start","Highlight Path","Keyboard Shortcuts","Minty Spire (QoL Compilation)","StSLib","SuperFastMode","The Dragon Tamer"],"gold_per_floor":[115,115,40,52,70,70,70,84,110,110,122,122,122,22,22,151,151,175,191,215,50,50,84,9,9,34,34,52,79,16,44,44,178,178,207,216,64,77,49,49,49,49,49],"floor_reached":41,"playtime":1811,"items_purged":["DTMod:TargetDefense","DTMod:Strike","DTMod:Strike+1","DTMod:Harmonize"],"score":496,"play_id":"d906c5eb-6c5f-4a51-9e9d-4e96cf6b6a73","local_time":"20201212220614","is_ascension_mode":true,"metric_token":671,"campfire_choices":[{"data":"DTMod:DragonDance","floor":6.0,"key":"SMITH"},{"data":"DTMod:MagiciansMark","floor":10.0,"key":"SMITH"},{"data":"DTMod:DoubleHit","floor":13.0,"key":"SMITH"},{"data":"DTMod:MagicField","floor":15.0,"key":"SMITH"},{"floor":25.0,"key":"REST"},{"floor":32.0,"key":"REST"},{"data":"Reboot","floor":40,"key":"SMITH"}],"dtmod_dragon_data":[0,56,0,2,0,4],"circlet_count":0,"master_deck":["DTMod:Strike+1","DTMod:DoubleHit+1","DTMod:TargetDefense+1","DTMod:TargetDefense+1","DTMod:SwitchingTactic","DTMod:Shift","DTMod:DragonDance+1","DTMod:MagicField+1","DTMod:MagiciansMark+1","DTMod:Safeguard","CurseOfTheBell","DTMod:DragonDance+1","DTMod:Hide","DTMod:Cover","Leap","Reboot+1","Bludgeon","Force Field","DTMod:Hide","DTMod:InvisibleFlame"],"relics":["Snecko Eye","Pen Nib","Golden Idol","Calling Bell","Strawberry","Darkstone Periapt","Bird Faced Urn","Membership Card","Whetstone","PrismaticShard","CeramicFish","Nilry\u0027s Codex","Velvet Choker","Toolbox"],"acts_visited":["Exordium","TheCity","TheBeyond"],"potions_floor_usage":[],"damage_taken":[{"damage":0.0,"enemies":"2 Louse","floor":1.0,"turns":4.0},{"damage":0.0,"enemies":"Cultist","floor":4.0,"turns":3.0},{"damage":6.0,"enemies":"Small Slimes","floor":5.0,"turns":4.0},{"damage":0.0,"enemies":"3 Louse","floor":8.0,"turns":3.0},{"damage":6.0,"enemies":"Looter","floor":11.0,"turns":3.0},{"damage":0.0,"enemies":"The Guardian","floor":16.0,"turns":11.0},{"damage":0.0,"enemies":"2 Thieves","floor":18.0,"turns":3.0},{"damage":5.0,"enemies":"Spheric Guardian","floor":19.0,"turns":5.0},{"damage":0.0,"enemies":"Centurion and Healer","floor":20.0,"turns":8.0},{"damage":23.0,"enemies":"Book of Stabbing","floor":23.0,"turns":8.0},{"damage":0.0,"enemies":"Snake Plant","floor":28.0,"turns":4.0},{"damage":22.0,"enemies":"Sentry and Sphere","floor":29.0,"turns":7.0},{"damage":0.0,"enemies":"Shelled Parasite and Fungi","floor":31.0,"turns":15.0},{"damage":39.0,"enemies":"Automaton","floor":33.0,"turns":8.0},{"damage":1.0,"enemies":"3 Shapes","floor":35.0,"turns":6.0},{"damage":0,"enemies":"3 Darklings","floor":38,"turns":4},{"damage":0,"enemies":"Reptomancer","floor":41,"turns":2}],"seed_played":"-405129940429315034","potions_obtained":[{"floor":1.0,"key":"FearPotion"},{"floor":5.0,"key":"DistilledChaos"},{"floor":16.0,"key":"SneckoOil"},{"floor":29.0,"key":"BlessingOfTheForge"},{"floor":31.0,"key":"LiquidMemories"},{"floor":33.0,"key":"FearPotion"},{"floor":35.0,"key":"Strength Potion"}],"is_trial":false,"path_per_floor":["M","?","$","M","M","R","$","M","T","R","M","?","R","$","R","B",null,"M","M","M","$","?","E","$","R","T","?","M","M","$","M","R","B",null,"M","?","$","M","$","R","E"],"character_chosen":"THE_DT","items_purchased":["Membership Card","DTMod:Hide","PrismaticShard","Toolbox","DTMod:Hide","DTMod:InvisibleFlame"],"campfire_rested":2,"item_purchase_floors":[21,21,24,37,39,39],"current_hp_per_floor":[45,45,45,45,39,39,39,39,39,39,33,33,33,33,33,33,49,49,44,48,48,48,30,30,44,44,28,32,16,16,24,38,9,49,48,48,48,49,49,49,49,49,49],"gold":49,"neow_bonus":"BOSS_RELIC","is_daily":false,"chose_seed":false,"campfire_upgraded":5,"win_rate":0.0,"timestamp":1607778374,"path_taken":["M","?","$","M","?","R","?","M","T","R","M","?","R","$","R","BOSS","M","M","M","$","?","E","$","R","T","?","M","M","$","M","R","BOSS","M","?","$","M","$","R","E"],"items_purchased_type":["Relic","Card","Relic","Relic","Card","Card"],"build_version":"2020-11-30","purchased_purges":4,"victory":false,"max_hp_per_floor":[45,45,45,45,45,45,45,45,45,45,45,42,42,42,42,42,49,49,49,49,49,49,49,49,49,49,49,49,49,49,49,49,49,49,49,49,49,49,49,49,49,49,49],"card_choices":[{"not_picked":["DTMod:DarkBreath","DTMod:BreakAttack","DTMod:TagTeam"],"picked":"SKIP","floor":1.0},{"not_picked":["DTMod:Haste","DTMod:BizarreTactic"],"picked":"DTMod:DragonDance","floor":4.0},{"not_picked":["DTMod:BlazingStrike","DTMod:DeepFocus"],"picked":"DTMod:MagicField","floor":5.0},{"not_picked":["DTMod:QuickFly","DTMod:MasterPlan"],"picked":"DTMod:MagiciansMark","floor":8.0},{"not_picked":["DTMod:QuickFly","DTMod:BizarreTactic","DTMod:Training"],"picked":"SKIP","floor":11.0},{"not_picked":["DTMod:ShadowImage","DTMod:LightShield"],"picked":"DTMod:Safeguard","floor":16.0},{"not_picked":["DTMod:Weaken","DTMod:RunningTactic","DTMod:Punisher"],"picked":"SKIP","floor":18.0},{"not_picked":["DTMod:BurningEnergy","DTMod:Punisher","DTMod:Haste"],"picked":"SKIP","floor":19.0},{"not_picked":["DTMod:Shift","DTMod:ComboAttack"],"picked":"DTMod:DragonDance+1","floor":20.0},{"not_picked":["DTMod:SneakAttack","DTMod:Punisher"],"picked":"DTMod:Cover","floor":23.0},{"not_picked":["DTMod:MasterPlan+1","DTMod:BurningEnergy","Heavy Blade"],"picked":"SKIP","floor":28.0},{"not_picked":["DTMod:Dissolve","Heavy Blade"],"picked":"Leap","floor":29.0},{"not_picked":["Consume","Shrug It Off"],"picked":"Reboot","floor":31.0},{"not_picked":["Magnetism","The Bomb"],"picked":"Bludgeon","floor":33.0},{"not_picked":["Thunderclap+1","DTMod:BuildUp"],"picked":"Force Field","floor":35.0},{"not_picked":["Nirvana","FlyingSleeves","Wild Strike"],"picked":"SKIP","floor":38}],"player_experience":1262536,"relics_obtained":[{"floor":9.0,"key":"Pen Nib"},{"floor":17.0,"key":"Strawberry"},{"floor":17.0,"key":"Darkstone Periapt"},{"floor":17.0,"key":"Bird Faced Urn"},{"floor":23.0,"key":"Whetstone"},{"floor":26.0,"key":"CeramicFish"},{"floor":27.0,"key":"Nilry\u0027s Codex"}],"event_choices":[{"damage_healed":0.0,"max_hp_gain":0.0,"max_hp_loss":0.0,"gold_gain":0.0,"cards_transformed":["DTMod:Strike"],"event_name":"Transmorgrifier","player_choice":"Transformed","floor":2.0,"gold_loss":0.0,"damage_taken":0.0,"cards_obtained":["DTMod:Shift"]},{"damage_healed":0.0,"max_hp_gain":0.0,"max_hp_loss":3.0,"gold_gain":0.0,"event_name":"Golden Idol","player_choice":"Lose Max HP","floor":12.0,"gold_loss":0.0,"damage_taken":0.0,"relics_obtained":["Golden Idol"]},{"damage_healed":0.0,"max_hp_gain":0.0,"max_hp_loss":0.0,"gold_gain":0.0,"event_name":"Back to Basics","player_choice":"Simplicity","floor":22.0,"gold_loss":0.0,"damage_taken":0.0,"cards_upgraded":["DTMod:Strike","DTMod:Strike","DTMod:TargetDefense","DTMod:TargetDefense","DTMod:TargetDefense"]},{"damage_healed":0.0,"max_hp_gain":0.0,"max_hp_loss":0.0,"gold_gain":0.0,"event_name":"Cursed Tome","player_choice":"Obtained Book","floor":27.0,"gold_loss":0.0,"damage_taken":16.0},{"damage_healed":0.0,"max_hp_gain":0.0,"max_hp_loss":0.0,"gold_gain":0.0,"cards_transformed":["DTMod:TargetDefense"],"event_name":"Transmorgrifier","player_choice":"Transformed","floor":36.0,"gold_loss":0.0,"damage_taken":0.0,"cards_obtained":["DTMod:Harmonize"]}],"is_beta":false,"boss_relics":[{"not_picked":["Pandora\u0027s Box","Cursed Key"],"picked":"Calling Bell"},{"not_picked":["Coffee Dripper","SlaversCollar"],"picked":"Velvet Choker"}],"items_purged_floors":[3,14,30,37],"is_endless":false,"potions_floor_spawned":[1,5,16,29,31,33,35],"killed_by":"Reptomancer","ascension_level":2}}