{"host":"qqjv58wfhopf6ysa","time":1607755288,"event":{"mods":["AchievementEnabler","Aspiration","BaseMod","Conspire","Hubris","Infinite Spire","Minty Spire (QoL Compilation)","Quick Restart","Replay The Spire","StSLib","SuperFastMode","vexMod"],"gold_per_floor":[119,219,230,109,59,59,9,9,36,68,18,18,31,49,49,147,147,165,165,178,178,178],"floor_reached":21,"playtime":672,"items_purged":["Strike_B","Defend_B","Strike_B","Hyperbeam+1"],"score":177,"play_id":"52092210-02be-4115-b583-d11c6129c2ac","local_time":"20201212154128","is_ascension_mode":false,"campfire_choices":[{"data":"Hologram","floor":6,"key":"SMITH"},{"data":"Loop","floor":8,"key":"SMITH"},{"data":"Zap","floor":15,"key":"SMITH"}],"circlet_count":0,"master_deck":["Strike_B+1","Zap+1","Dualcast","Hologram+1","Loop+1","FTL","Echo Form","Lockon+1","Double Energy+1","conspire:SharedLibrary+1"],"relics":["Cracked Core","Smiling Mask","Replay:Antivirus Software","Whetstone","Astrolabe","infinitespire:Golems Mask"],"acts_visited":["Exordium","TheCity"],"potions_floor_usage":[21,21],"damage_taken":[{"damage":0,"enemies":"Cultist","floor":1,"turns":3},{"damage":1,"enemies":"Jaw Worm","floor":3,"turns":4},{"damage":24,"enemies":"Lagavulin","floor":10,"turns":7},{"damage":12,"enemies":"Small Slimes","floor":13,"turns":3},{"damage":7,"enemies":"2 Fungi Beasts","floor":14,"turns":3},{"damage":22,"enemies":"The Guardian","floor":16,"turns":10},{"damage":10,"enemies":"Chosen","floor":18,"turns":2},{"damage":25,"enemies":"2 Thieves","floor":20,"turns":3},{"damage":44,"enemies":"Masked Bandits","floor":21,"turns":3}],"seed_played":"7075248406164560039","potions_obtained":[{"floor":3,"key":"Energy Potion"},{"floor":10,"key":"SkillPotion"},{"floor":12,"key":"BlessingOfTheForge"},{"floor":18,"key":"FocusPotion"}],"is_trial":false,"path_per_floor":["M","?","M","$","?","R","$","R","T","E","$","?","M","M","R","B",null,"M","AVR","M","?"],"character_chosen":"DEFECT","items_purchased":["Loop"],"campfire_rested":0,"item_purchase_floors":[4],"current_hp_per_floor":[75,75,74,74,74,74,74,74,74,50,50,50,38,31,31,9,75,65,65,40,0,0],"gold":178,"neow_bonus":"RANDOM_COMMON_RELIC","is_daily":false,"chose_seed":false,"campfire_upgraded":3,"win_rate":0.0,"timestamp":1607755288,"path_taken":["M","?","?","$","?","R","?","R","T","E","$","?","M","M","R","BOSS","M","AVR","?","?"],"items_purchased_type":["Card"],"build_version":"2020-11-30","purchased_purges":4,"victory":false,"max_hp_per_floor":[75,75,75,75,75,75,75,75,75,75,75,75,75,75,75,75,75,75,75,75,75,75],"card_choices":[{"not_picked":["Fusion","Go for the Eyes","Undo"],"picked":"SKIP","floor":1},{"not_picked":["Turbo","Doom and Gloom"],"picked":"Hologram","floor":3},{"not_picked":["Beam Cell","Steam","Compile Driver"],"picked":"SKIP","floor":10},{"not_picked":["Recycle","Leap","Turbo"],"picked":"SKIP","floor":13},{"not_picked":["Hyperbeam","Barrage"],"picked":"FTL","floor":14},{"not_picked":["ReplayRNGCard","Reboot"],"picked":"Echo Form","floor":16},{"not_picked":["Steam Power","Go for the Eyes"],"picked":"conspire:SharedLibrary+1","floor":18},{"not_picked":["Barrage+1","Self Repair+1","Gash+1"],"picked":"SKIP","floor":20}],"player_experience":315764,"relics_obtained":[{"floor":9,"key":"Replay:Antivirus Software"},{"floor":10,"key":"Whetstone"}],"event_choices":[{"damage_healed":0,"gold_gain":100,"player_choice":"Pray","damage_taken":0,"max_hp_gain":0,"max_hp_loss":0,"event_name":"Golden Shrine","floor":2,"gold_loss":0},{"cards_removed":["Defend_B"],"damage_healed":0,"gold_gain":0,"player_choice":"Card Removal","damage_taken":0,"max_hp_gain":0,"max_hp_loss":0,"event_name":"The Cleric","floor":5,"gold_loss":50},{"damage_healed":0,"gold_gain":0,"player_choice":"Got Potions","damage_taken":0,"max_hp_gain":0,"max_hp_loss":0,"event_name":"Lab","floor":12,"gold_loss":0},{"damage_healed":0,"gold_gain":0,"player_choice":"Fought Bandits","damage_taken":0,"max_hp_gain":0,"max_hp_loss":0,"event_name":"Masked Bandits","floor":21,"gold_loss":0}],"is_beta":false,"boss_relics":[{"not_picked":["hubris:BlackHole","ChewingGum"],"picked":"Astrolabe"}],"items_purged_floors":[4,7,11,19],"is_endless":false,"potions_floor_spawned":[3,10,13,18],"killed_by":"Masked Bandits","ascension_level":0}}