{"host":"j1scnswqkwb5ezp5","time":1607777493,"event":{"mods":["Act Like it!","BaseMod","Hallownest","Minty Spire (QoL Compilation)","StSLib","The Bug Knight"],"gold_per_floor":[119,119,136,101,116,148,148,182,182,182,195,229,240,87,87,188,188,188,188,188,188,188,188,188,33,33,33,33,33,33,33,33,33,33,33,33,33,33,33,33,33,33,33,33,33,33,33,33,33,33],"floor_reached":51,"playtime":2610,"items_purged":[],"score":1097,"play_id":"4f5c0ce0-5d15-42b9-aa60-837d3f20a727","local_time":"20201212205133","is_ascension_mode":true,"campfire_choices":[{"data":"SashWhip","floor":7.0,"key":"SMITH"},{"floor":10.0,"key":"DIG"},{"floor":15.0,"key":"DIG"},{"data":"Wish","floor":24,"key":"SMITH"},{"data":"Crescendo","floor":28,"key":"SMITH"},{"data":"Blasphemy","floor":32,"key":"SMITH"},{"data":"ForeignInfluence","floor":40,"key":"SMITH"},{"floor":42,"key":"DIG"},{"floor":47,"key":"DIG"},{"floor":49,"key":"REST"}],"circlet_count":0,"master_deck":["Strike_P+1","Strike_P","Strike_P+1","Defend_P","Defend_P+1","Defend_P","Defend_P","Eruption+1","Vigilance","Consecrate","BowlingBash+1","SashWhip+1","Consecrate+1","Ragnarok+1","JustLucky+1","Crescendo+1","CutThroughFate+1","Wish+1","FollowUp+1","Evaluate","SashWhip+1","CrushJoints+1","WindmillStrike+1","FearNoEvil+1","EmptyFist+1","FearNoEvil+1","Blasphemy+1","LessonLearned+1","FollowUp+1","CarveReality+1","ForeignInfluence+1","SandsOfTime+1","CutThroughFate+1","FlurryOfBlows+1","Panacea"],"relics":["PureWater","Bird Faced Urn","Molten Egg 2","Shovel","Thread and Needle","Blood Vial","Whetstone","Boot","Potion Belt","Ectoplasm","Dead Branch","Pen Nib","Orichalcum","Bottled Lightning","Sozu","Centennial Puzzle","Ancient Tea Set","Old Coin","Bottled Flame"],"acts_visited":["Exordium","TheCity","TheBeyond"],"potions_floor_usage":[29,35,39,50,50],"damage_taken":[{"damage":1.0,"enemies":"2 Louse","floor":1.0,"turns":3.0},{"damage":6.0,"enemies":"Jaw Worm","floor":3.0,"turns":4.0},{"damage":0.0,"enemies":"Small Slimes","floor":5.0,"turns":3.0},{"damage":5.0,"enemies":"HollowMod:MossKnight","floor":6.0,"turns":4.0},{"damage":10.0,"enemies":"Gremlin Nob","floor":8.0,"turns":4.0},{"damage":0.0,"enemies":"Gremlin Gang","floor":11.0,"turns":1.0},{"damage":0.0,"enemies":"Lagavulin","floor":12.0,"turns":3.0},{"damage":0.0,"enemies":"Red Slaver","floor":13.0,"turns":3.0},{"damage":33.0,"enemies":"The Guardian","floor":16.0,"turns":6.0},{"damage":3.0,"enemies":"Shell Parasite","floor":18.0,"turns":4.0},{"damage":0.0,"enemies":"Snecko","floor":19.0,"turns":3.0},{"damage":12.0,"enemies":"Snake Plant","floor":21.0,"turns":4.0},{"damage":0,"enemies":"3 Cultists","floor":22,"turns":2},{"damage":0,"enemies":"Cultist and Chosen","floor":23,"turns":3},{"damage":3,"enemies":"Centurion and Healer","floor":27,"turns":4},{"damage":1,"enemies":"3 Cultists","floor":29,"turns":4},{"damage":1,"enemies":"Gremlin Leader","floor":30,"turns":4},{"damage":5,"enemies":"Snake Plant","floor":31,"turns":4},{"damage":0,"enemies":"Champ","floor":33,"turns":8},{"damage":2,"enemies":"3 Darklings","floor":35,"turns":3},{"damage":19,"enemies":"3 Shapes","floor":36,"turns":4},{"damage":0,"enemies":"Writhing Mass","floor":39,"turns":2},{"damage":0,"enemies":"Transient","floor":41,"turns":5},{"damage":0,"enemies":"Sphere and 2 Shapes","floor":44,"turns":3},{"damage":16,"enemies":"Reptomancer","floor":45,"turns":3},{"damage":3,"enemies":"Writhing Mass","floor":46,"turns":4},{"damage":9,"enemies":"Time Eater","floor":50,"turns":5}],"seed_played":"4961917772412473004","potions_obtained":[{"floor":1.0,"key":"Fire Potion"},{"floor":8.0,"key":"PowerPotion"},{"floor":12.0,"key":"DuplicationPotion"},{"floor":13.0,"key":"SpeedPotion"},{"floor":21.0,"key":"DistilledChaos"},{"floor":23,"key":"LiquidBronze"},{"floor":27,"key":"Block Potion"},{"floor":29,"key":"Fruit Juice"},{"floor":30,"key":"FearPotion"}],"is_trial":false,"path_per_floor":["M","?","M","?","M","E","R","E","T","R","M","E","M","$","R","B",null,"M","M","?","M","M","M","R","$","T","M","R","M","E","M","R","B",null,"M","M","?","?","M","R","M","R","T","M","E","M","R","?","R","B",null],"character_chosen":"WATCHER","items_purchased":["Boot","Pen Nib"],"campfire_rested":1,"item_purchase_floors":[14,25],"current_hp_per_floor":[50,50,44,62,62,57,57,47,47,47,49,51,53,53,53,22,72,69,71,71,60,62,66,66,66,66,65,65,71,72,69,69,73,77,75,58,58,58,60,60,62,62,62,66,52,51,51,51,72,64],"gold":33,"neow_bonus":"ONE_RARE_RELIC","is_daily":false,"chose_seed":false,"campfire_upgraded":5,"win_rate":0.0,"timestamp":1607777493,"path_taken":["M","?","M","?","M","E","R","E","T","R","M","E","M","?","R","BOSS","M","M","?","?","?","M","R","?","T","M","R","M","E","M","R","BOSS","M","?","?","?","M","R","M","R","T","?","E","M","R","?","R","BOSS"],"items_purchased_type":["Relic","Relic"],"build_version":"2020-11-30","purchased_purges":0,"victory":true,"max_hp_per_floor":[72,72,72,72,72,72,72,72,72,72,72,72,72,72,72,72,72,72,72,72,72,72,72,72,72,72,72,72,77,77,77,77,77,77,77,77,73,73,73,73,73,73,73,73,73,73,73,73,73,73],"card_choices":[{"not_picked":["Indignation","SignatureMove"],"picked":"Consecrate","floor":1.0},{"not_picked":["PathToVictory","Prostrate"],"picked":"BowlingBash","floor":3.0},{"not_picked":["PathToVictory","SignatureMove"],"picked":"SashWhip","floor":5.0},{"not_picked":["Indignation","ThirdEye"],"picked":"Consecrate+1","floor":6.0},{"not_picked":["ThirdEye","Protect"],"picked":"Ragnarok+1","floor":8.0},{"not_picked":["ThirdEye","Crescendo"],"picked":"JustLucky+1","floor":11.0},{"not_picked":["Prostrate","Perseverance"],"picked":"Crescendo","floor":12.0},{"not_picked":["SashWhip+1","Adaptation"],"picked":"CutThroughFate+1","floor":13.0},{"not_picked":["MasterReality","Vault"],"picked":"Wish","floor":16.0},{"not_picked":["Protect","BowlingBash+1"],"picked":"FollowUp+1","floor":18.0},{"not_picked":["Nirvana","Halt"],"picked":"Evaluate","floor":19.0},{"not_picked":["PathToVictory","Swivel"],"picked":"SashWhip+1","floor":21.0},{"not_picked":["SignatureMove+1","ForeignInfluence+1"],"picked":"CrushJoints+1","floor":22},{"not_picked":["Consecrate+1","Indignation"],"picked":"WindmillStrike+1","floor":23},{"not_picked":["Conclude+1","Indignation+1"],"picked":"FearNoEvil+1","floor":27},{"not_picked":["ThirdEye","WheelKick+1"],"picked":"EmptyFist+1","floor":29},{"not_picked":["EmptyMind","ClearTheMind"],"picked":"FearNoEvil+1","floor":30},{"not_picked":["BowlingBash+1","Protect"],"picked":"Blasphemy","floor":31},{"not_picked":["Alpha","Vault"],"picked":"LessonLearned+1","floor":33},{"not_picked":["ThirdEye+1","TalkToTheHand+1"],"picked":"FollowUp+1","floor":35},{"not_picked":["Protect","Halt"],"picked":"CarveReality+1","floor":36},{"not_picked":["Prostrate","JustLucky+1","BattleHymn+1"],"picked":"SKIP","floor":39},{"not_picked":["Vengeance+1","ReachHeaven+1"],"picked":"SandsOfTime+1","floor":41},{"not_picked":["Fasting2+1","Crescendo+1"],"picked":"CutThroughFate+1","floor":44},{"not_picked":["Prostrate","InnerPeace","MentalFortress+1"],"picked":"SKIP","floor":45},{"not_picked":["TalkToTheHand+1","EmptyBody"],"picked":"FlurryOfBlows+1","floor":46},{"not_picked":["Impatience","Discovery"],"picked":"Panacea","floor":48}],"player_experience":282364,"relics_obtained":[{"floor":6.0,"key":"Molten Egg 2"},{"floor":8.0,"key":"Shovel"},{"floor":9.0,"key":"Thread and Needle"},{"floor":10.0,"key":"Blood Vial"},{"floor":12.0,"key":"Whetstone"},{"floor":15.0,"key":"Potion Belt"},{"floor":26,"key":"Orichalcum"},{"floor":30,"key":"Bottled Lightning"},{"floor":42,"key":"Centennial Puzzle"},{"floor":43,"key":"Ancient Tea Set"},{"floor":45,"key":"Old Coin"},{"floor":47,"key":"Bottled Flame"}],"event_choices":[{"damage_healed":0.0,"max_hp_gain":0.0,"max_hp_loss":0.0,"gold_gain":0.0,"event_name":"Living Wall","player_choice":"Grow","floor":2.0,"gold_loss":0.0,"damage_taken":0.0,"cards_upgraded":["Eruption"]},{"damage_healed":18.0,"max_hp_gain":0.0,"max_hp_loss":0.0,"gold_gain":0.0,"event_name":"The Cleric","player_choice":"Healed","floor":4.0,"gold_loss":35.0,"damage_taken":0.0},{"damage_healed":0.0,"max_hp_gain":0.0,"max_hp_loss":0.0,"gold_gain":0.0,"event_name":"WeMeetAgain","player_choice":"Gave Potion","floor":20.0,"gold_loss":0.0,"damage_taken":0.0,"relics_obtained":["Dead Branch"]},{"damage_healed":0,"gold_gain":0,"player_choice":"Max HP","damage_taken":0,"max_hp_gain":0,"max_hp_loss":4,"event_name":"Winding Halls","floor":37,"gold_loss":0},{"damage_healed":0,"gold_gain":0,"cards_transformed":["Strike_P"],"player_choice":"Transformed","damage_taken":0,"max_hp_gain":0,"max_hp_loss":0,"event_name":"Transmorgrifier","floor":38,"gold_loss":0,"cards_obtained":["ForeignInfluence"]},{"damage_healed":0,"gold_gain":0,"player_choice":"Memory 1","damage_taken":0,"max_hp_gain":0,"max_hp_loss":0,"event_name":"SensoryStone","floor":48,"gold_loss":0}],"is_beta":false,"boss_relics":[{"not_picked":["Cursed Key","Calling Bell"],"picked":"Ectoplasm"},{"not_picked":["Astrolabe","Pandora\u0027s Box"],"picked":"Sozu"}],"items_purged_floors":[],"is_endless":false,"potions_floor_spawned":[1,8,12,13,21,23,27,29,30,33,35,44,45],"ascension_level":1}}