{"host":"3asmp5aovk69ekg9","time":1607817135,"event":{"mods":["BaseMod","BetterRewards","Colored Powertips","Hermit","Koishi","Magitek Elite","Minty Spire (QoL Compilation)","Permanent Neow","Remove Card Discount Mod","Shade Mod","StSLib","The Alterego","The Cursed","The Death Knight","The Fake Hero","The IronCluck","The Senshi","The Wild Card"],"gold_per_floor":[117,117,132,148,148,176,176,207,231,263,274,16,29,49,49,147,147,161,161,57,57,72,102,102,127,127,153,153,153,179,194,194,298,298,317,363,383,398,398,398,424,424,447,499,528,547,547,575,575,575,575,575,126,159,159],"floor_reached":56,"playtime":5844,"items_purged":["alterego_mod:Strike","alterego_mod:Strike","alterego_mod:Defend","alterego_mod:Strike","alterego_mod:Strike","alterego_mod:BrynhildrsRune","alterego_mod:Impale","alterego_mod:Defend","alterego_mod:Defend","alterego_mod:Defend","alterego_mod:ClassAdvantage","Writhe","alterego_mod:Rip+1","alterego_mod:Bounce","alterego_mod:Bounce+1"],"score":1754,"play_id":"667713b4-9532-44ba-ab72-5951b8b7b7fe","local_time":"20201212155215","is_ascension_mode":true,"campfire_choices":[{"data":"alterego_mod:ChallengeComplete","floor":7,"key":"SMITH"},{"data":"alterego_mod:DiscoLights","floor":15,"key":"SMITH"},{"data":"alterego_mod:Belts","floor":24,"key":"SMITH"},{"data":"alterego_mod:MagicResistance","floor":32,"key":"SMITH"},{"floor":40,"key":"RECALL"},{"data":"alterego_mod:BiFurious","floor":42,"key":"SMITH"},{"floor":49,"key":"REST"},{"data":"Flash of Steel","floor":52,"key":"SMITH"}],"circlet_count":0,"master_deck":["alterego_mod:BigMeatyClaws+1","Flash of Steel+1","alterego_mod:BiFurious+1","alterego_mod:RocketPunch+1","alterego_mod:MagicResistance+1","alterego_mod:ChallengeComplete+1","alterego_mod:DiscoLights+1","alterego_mod:Belts+1","alterego_mod:Bloomers+1","alterego_mod:DiscoLights+1","alterego_mod:Punishment+1","alterego_mod:GachaTicket+1","alterego_mod:DiscoLights+1"],"relics":["alterego_mod:MasochisticConstitution","Chemical X","Mythril_Glove","Kunai","Tiny Chest","DeathKnight:PutricidesVial","Potion Belt","Shuriken","Ornamental Fan","Runic Pyramid","MutagenicStrength","Angel_Ring","Pear","Bag of Marbles","Molten Egg 2","Oddly Smooth Stone","Frozen Egg 2","Golden_Hairpin","Pocketwatch","Letter Opener","Orichalcum","Nunchaku","Mummified Hand","InkBottle","Pen Nib","Bottled Lightning"],"acts_visited":["Exordium","TheCity","TheBeyond","TheEnding"],"potions_floor_usage":[8,20,22,23,25,25,25,41,54,55,55,55],"damage_taken":[{"damage":1,"enemies":"Jaw Worm","floor":1,"turns":3},{"damage":2,"enemies":"Small Slimes","floor":3,"turns":2},{"damage":0,"enemies":"2 Louse","floor":4,"turns":2},{"damage":9,"enemies":"Gremlin Nob","floor":6,"turns":4},{"damage":0,"enemies":"Lagavulin","floor":8,"turns":3},{"damage":2,"enemies":"Gremlin Nob","floor":10,"turns":3},{"damage":0,"enemies":"Large Slime","floor":11,"turns":3},{"damage":0,"enemies":"3 Louse","floor":13,"turns":2},{"damage":0,"enemies":"Blue Slaver","floor":14,"turns":1},{"damage":0,"enemies":"Slime Boss","floor":16,"turns":3},{"damage":0,"enemies":"Shell Parasite","floor":18,"turns":2},{"damage":0,"enemies":"Chosen","floor":22,"turns":2},{"damage":0,"enemies":"Book of Stabbing","floor":23,"turns":3},{"damage":0,"enemies":"Slavers","floor":25,"turns":3},{"damage":0,"enemies":"Book of Stabbing","floor":27,"turns":3},{"damage":0,"enemies":"Gremlin Leader","floor":30,"turns":2},{"damage":0,"enemies":"Snake Plant","floor":31,"turns":1},{"damage":8,"enemies":"Champ","floor":33,"turns":4},{"damage":0,"enemies":"3 Darklings","floor":35,"turns":2},{"damage":0,"enemies":"2 Orb Walkers","floor":36,"turns":3},{"damage":0,"enemies":"Orb Walker","floor":37,"turns":2},{"damage":10,"enemies":"Jaw Worm Horde","floor":38,"turns":3},{"damage":2,"enemies":"Reptomancer","floor":41,"turns":3},{"damage":0,"enemies":"Nemesis","floor":45,"turns":1},{"damage":0,"enemies":"3 Darklings","floor":46,"turns":3},{"damage":7,"enemies":"Giant Head","floor":48,"turns":3},{"damage":11,"enemies":"Time Eater","floor":50,"turns":6},{"damage":12,"enemies":"Shield and Spear","floor":54,"turns":2},{"damage":7,"enemies":"The Heart","floor":55,"turns":4}],"seed_played":"-4531006424973924189","potions_obtained":[{"floor":3,"key":"Explosive Potion"},{"floor":8,"key":"GamblersBrew"},{"floor":13,"key":"DistilledChaos"},{"floor":14,"key":"Explosive Potion"},{"floor":16,"key":"EntropicBrew"},{"floor":23,"key":"Block Potion"},{"floor":27,"key":"AttackPotion"},{"floor":30,"key":"ColorlessPotion"},{"floor":45,"key":"Strength Potion"}],"is_trial":false,"path_per_floor":["M","?","M","M","?","E","R","E","T","E","M","$","M","M","R","B",null,"M","?","$","?","M","E","R","E","T","E","T","?","E","M","R","B",null,"M","?","M","M","?","R","E","R","T","T","E","M","?","E","R","B",null,"R","$","E","B",null],"character_chosen":"The_Alterego","items_purchased":["Chemical X","Mythril_Glove","Kunai","Flash of Steel","alterego_mod:BiFurious","alterego_mod:RocketPunch","alterego_mod:MagicResistance","alterego_mod:Bounce","Strength Potion","LiquidMemories","Ornamental Fan","Fruit Juice","InkBottle","Pen Nib","PowerPotion"],"campfire_rested":1,"item_purchase_floors":[0,0,0,0,0,0,0,0,0,0,12,20,53,53,53],"current_hp_per_floor":[31,31,30,30,35,27,27,27,27,26,26,26,26,26,26,26,79,79,79,84,84,84,84,84,84,94,94,94,94,94,94,94,87,95,95,95,95,86,86,86,85,85,85,85,85,85,56,50,79,69,99,99,99,88,82],"gold":159,"neow_bonus":"","is_daily":false,"chose_seed":false,"campfire_upgraded":6,"win_rate":0.0,"timestamp":1607817135,"path_taken":["M","?","M","M","?","E","R","E","T","E","M","?","M","M","R","BOSS","M","?","$","?","M","E","R","E","T","E","?","?","E","M","R","BOSS","M","?","M","M","?","R","E","R","T","?","E","M","?","E","R","BOSS","R","$","E","BOSS"],"items_purchased_type":["Relic","Relic","Relic","Card","Card","Card","Card","Card","Potion","Potion","Relic","Potion","Relic","Relic","Potion"],"build_version":"2020-11-30","purchased_purges":15,"victory":true,"max_hp_per_floor":[71,71,72,72,77,78,78,78,78,79,79,79,79,79,79,79,79,79,79,84,84,84,84,84,84,94,94,94,94,94,94,94,95,95,95,95,95,96,96,96,97,97,97,97,97,97,97,98,98,99,99,99,99,100,101],"card_choices":[{"not_picked":["alterego_mod:1TonWallop","alterego_mod:Skirt","alterego_mod:Bloomers"],"picked":"SKIP","floor":1},{"not_picked":["alterego_mod:BusterCard","alterego_mod:Punishment"],"picked":"alterego_mod:ChallengeComplete","floor":3},{"not_picked":["alterego_mod:Skirt","alterego_mod:TrashNCrash"],"picked":"alterego_mod:ClassAdvantage","floor":4},{"not_picked":["alterego_mod:Cooking","alterego_mod:HighServant"],"picked":"alterego_mod:Rip","floor":6},{"not_picked":["alterego_mod:1TonWallop","alterego_mod:Cushion"],"picked":"alterego_mod:Bounce","floor":8},{"not_picked":["alterego_mod:Swimsuit","alterego_mod:Mirror","alterego_mod:IndependentAction"],"picked":"SKIP","floor":10},{"not_picked":["alterego_mod:GoddessCore","alterego_mod:Maid","alterego_mod:Rip"],"picked":"SKIP","floor":11},{"not_picked":["alterego_mod:Support","alterego_mod:PainIsPleasure","alterego_mod:Cycle"],"picked":"SKIP","floor":13},{"not_picked":["alterego_mod:Exercise","alterego_mod:Bounce"],"picked":"alterego_mod:DiscoLights","floor":14},{"not_picked":["alterego_mod:Stockings+1","alterego_mod:Jiggle+1","alterego_mod:Bunnysuit"],"picked":"SKIP","floor":18},{"not_picked":["alterego_mod:HighServant","alterego_mod:IndependentAction"],"picked":"alterego_mod:Belts","floor":22},{"not_picked":["alterego_mod:PerceptionDisorder","alterego_mod:Stockings","alterego_mod:DeftHands"],"picked":"SKIP","floor":23},{"not_picked":["alterego_mod:1TonWallop","alterego_mod:Stockings+1"],"picked":"alterego_mod:Bloomers","floor":25},{"not_picked":["alterego_mod:Clap","alterego_mod:MagicResistance","alterego_mod:Schoolgirl"],"picked":"SKIP","floor":27},{"not_picked":["alterego_mod:Vow","alterego_mod:SakuraFive+1","alterego_mod:Rip"],"picked":"SKIP","floor":30},{"not_picked":["alterego_mod:SakuraFive+1","alterego_mod:Skirt+1"],"picked":"alterego_mod:DiscoLights+1","floor":31},{"not_picked":["alterego_mod:Rip","alterego_mod:Skirt+1"],"picked":"alterego_mod:Punishment+1","floor":35},{"not_picked":["alterego_mod:Pet","alterego_mod:Skirt+1"],"picked":"alterego_mod:GachaTicket+1","floor":37},{"not_picked":["alterego_mod:TrashNCrash","alterego_mod:SakuraPetals+1"],"picked":"alterego_mod:Bounce+1","floor":38},{"not_picked":["alterego_mod:Cooking","alterego_mod:Undulate","alterego_mod:Bunnysuit"],"picked":"SKIP","floor":41},{"not_picked":["alterego_mod:PainIsPleasure+1","alterego_mod:MaintainEyeContact","alterego_mod:Swimsuit+1"],"picked":"SKIP","floor":45},{"not_picked":["alterego_mod:DeftHands+1","alterego_mod:Support+1","alterego_mod:HighServant"],"picked":"SKIP","floor":46},{"not_picked":["alterego_mod:Pet","alterego_mod:Swimsuit+1"],"picked":"alterego_mod:DiscoLights+1","floor":48},{"not_picked":["alterego_mod:MagicResistance","alterego_mod:Santa","alterego_mod:MaintainEyeContact+1"],"picked":"SKIP","floor":54}],"player_experience":1032564,"relics_obtained":[{"floor":6,"key":"Tiny Chest"},{"floor":8,"key":"DeathKnight:PutricidesVial"},{"floor":9,"key":"Potion Belt"},{"floor":10,"key":"Shuriken"},{"floor":23,"key":"Angel_Ring"},{"floor":26,"key":"Pear"},{"floor":27,"key":"Bag of Marbles"},{"floor":28,"key":"Molten Egg 2"},{"floor":30,"key":"Frozen Egg 2"},{"floor":36,"key":"Pocketwatch"},{"floor":41,"key":"Letter Opener"},{"floor":44,"key":"Orichalcum"},{"floor":45,"key":"Nunchaku"},{"floor":48,"key":"Mummified Hand"},{"floor":54,"key":"Bottled Lightning"}],"event_choices":[{"damage_healed":0,"gold_gain":0,"player_choice":"Grow","damage_taken":0,"max_hp_gain":0,"max_hp_loss":0,"event_name":"Living Wall","floor":2,"gold_loss":0,"cards_upgraded":["alterego_mod:BigMeatyClaws"]},{"damage_healed":0,"gold_gain":0,"player_choice":"Donut","damage_taken":0,"max_hp_gain":5,"max_hp_loss":0,"event_name":"Big Fish","floor":5,"gold_loss":0},{"damage_healed":0,"gold_gain":0,"player_choice":"Ignored","damage_taken":0,"max_hp_gain":0,"max_hp_loss":0,"event_name":"Vampires","floor":19,"gold_loss":0},{"damage_healed":0,"gold_gain":0,"player_choice":"Inject Mutagens","damage_taken":0,"relics_obtained":["MutagenicStrength"],"max_hp_gain":0,"max_hp_loss":0,"event_name":"Drug Dealer","floor":21,"gold_loss":0},{"damage_healed":0,"gold_gain":0,"player_choice":"Opened","damage_taken":0,"relics_obtained":["Oddly Smooth Stone"],"max_hp_gain":0,"max_hp_loss":0,"event_name":"The Mausoleum","floor":29,"gold_loss":0,"cards_obtained":["Writhe"]},{"damage_healed":0,"gold_gain":0,"player_choice":"Fight","damage_taken":0,"max_hp_gain":0,"max_hp_loss":0,"event_name":"Mysterious Sphere","floor":36,"gold_loss":0},{"cards_removed":["alterego_mod:Bounce"],"damage_healed":0,"gold_gain":0,"player_choice":"Removed Attack","damage_taken":0,"max_hp_gain":0,"max_hp_loss":0,"event_name":"Falling","floor":39,"gold_loss":0}],"is_beta":false,"boss_relics":[{"not_picked":["Pandora\u0027s Box","Empty Cage"],"picked":"Runic Pyramid"},{"not_picked":["Fusion Hammer","Coffee Dripper"],"picked":"Golden_Hairpin"}],"items_purged_floors":[0,0,0,0,0,0,0,12,12,12,12,53,53,53,53],"is_endless":false,"potions_floor_spawned":[3,8,13,14,16,23,25,27,30,33,36,45,48],"ascension_level":2}}