{"host":"pgqkv8mh62pnrbci","time":1607748120,"event":{"mods":["AchievementEnabler","BaseMod","Custom Start","Minty Spire (QoL Compilation)","Replay The Spire","StSLib","SuperFastMode","¡¼?Úª?ø«¡½REMEMod"],"gold_per_floor":[364,69,83,93,110,137,154,154,178,208,220,232,263,206,218,230,230],"floor_reached":16,"playtime":463,"items_purged":[],"score":203,"play_id":"3f58ae5c-1ad9-44c9-acbc-e69d6ac4e6fe","local_time":"20201212134200","is_ascension_mode":true,"campfire_choices":[{"data":"REME_Scribble","floor":12.0,"key":"SMITH"},{"data":"Anger","floor":15.0,"key":"SMITH"}],"circlet_count":0,"master_deck":["AscendersBane","Strike_R","Strike_R","Strike_R","Strike_R","Strike_R","Defend_R","Defend_R+1","Defend_R","Defend_R","Bash+1","Judgement","Anger+1","Evolve","Armaments+1","Eclipse","Seeing Red","REME_SingleHolding","Eclipse","REME_Scribble+1","Wild Strike"],"relics":["Burning Blood","REME_ComplimentaryCards","Thread and Needle","MawBank"],"acts_visited":["Exordium"],"potions_floor_usage":[16,16],"damage_taken":[{"damage":7.0,"enemies":"Jaw Worm","floor":1.0,"turns":3.0},{"damage":9.0,"enemies":"2 Louse","floor":3.0,"turns":4.0},{"damage":0.0,"enemies":"Cultist","floor":4.0,"turns":2.0},{"damage":12.0,"enemies":"Exordium Wildlife","floor":5.0,"turns":3.0},{"damage":14.0,"enemies":"Gremlin Nob","floor":6.0,"turns":3.0},{"damage":9.0,"enemies":"Large Slime","floor":7.0,"turns":5.0},{"damage":8.0,"enemies":"3 Louse","floor":10.0,"turns":3.0},{"damage":21.0,"enemies":"Exordium Wildlife","floor":13.0,"turns":5.0},{"damage":20,"enemies":"Hexaghost","floor":16,"turns":7}],"seed_played":"-474092858734587944","potions_obtained":[{"floor":3.0,"key":"ColorlessPotion"},{"floor":4.0,"key":"ElixirPotion"},{"floor":10.0,"key":"DuplicationPotion"}],"is_trial":false,"path_per_floor":["M","$","M","M","M","E","M","?","T","M","?","R","M","?","R","B"],"character_chosen":"IRONCLAD","items_purchased":["Evolve","Armaments","Eclipse"],"campfire_rested":0,"item_purchase_floors":[2,2,2],"current_hp_per_floor":[67,67,64,68,62,54,51,31,31,29,29,29,17,17,17,0,0],"gold":230,"neow_bonus":"TWO_FIFTY_GOLD","is_daily":false,"chose_seed":false,"campfire_upgraded":2,"win_rate":0.0,"timestamp":1607748120,"path_taken":["M","$","M","M","M","E","M","?","T","M","?","R","?","?","R","BOSS"],"items_purchased_type":["Card","Card","Card"],"build_version":"2020-11-30","purchased_purges":0,"victory":false,"max_hp_per_floor":[68,68,68,68,68,68,68,68,68,68,68,68,71,71,71,74,74],"card_choices":[{"not_picked":["Entrench","Massacre"],"picked":"Anger","floor":1.0},{"not_picked":["Replay:Undeath\u0027s Touch","Cleave"],"picked":"Seeing Red","floor":3.0},{"not_picked":["Replay:Undeath\u0027s Touch","Thunderclap"],"picked":"REME_SingleHolding","floor":4.0},{"not_picked":["Twin Strike","Body Slam","Combust"],"picked":"SKIP","floor":5.0},{"not_picked":["Sentinel","Perfected Strike"],"picked":"Eclipse","floor":6.0},{"not_picked":["ReplayTheSpireMod:Strike From Hell","Warcry"],"picked":"REME_Scribble","floor":7.0},{"not_picked":["Cleave","Replay:Undeath\u0027s Touch"],"picked":"Wild Strike","floor":10.0},{"not_picked":["Heavy Blade","Perfected Strike","Headbutt"],"picked":"SKIP","floor":13.0}],"player_experience":541410,"relics_obtained":[{"floor":6.0,"key":"Thread and Needle"},{"floor":9.0,"key":"MawBank"}],"event_choices":[{"damage_healed":0.0,"max_hp_gain":0.0,"max_hp_loss":0.0,"gold_gain":0.0,"event_name":"Shining Light","player_choice":"Entered Light","floor":8.0,"gold_loss":0.0,"damage_taken":20.0,"cards_upgraded":["Defend_R","Bash"]},{"damage_healed":0.0,"max_hp_gain":0.0,"max_hp_loss":0.0,"gold_gain":0.0,"event_name":"Upgrade Shrine","player_choice":"Upgraded","floor":11.0,"gold_loss":0.0,"damage_taken":0.0,"cards_upgraded":["Armaments"]},{"damage_healed":0.0,"max_hp_gain":0.0,"max_hp_loss":0.0,"gold_gain":0.0,"event_name":"World of Goop","player_choice":"Left Gold","floor":14.0,"gold_loss":69.0,"damage_taken":0.0}],"is_beta":false,"boss_relics":[],"items_purged_floors":[],"is_endless":false,"potions_floor_spawned":[3,4,10],"killed_by":"Hexaghost","ascension_level":19}}