{"host":"rmsq46plbpwfbxcc","time":1607760555,"event":{"mods":["AchievementEnabler","BaseMod","Colored Map","DeckTracker","Minty Spire (QoL Compilation)","Permanent Neow","SuperFastMode"],"gold_per_floor":[112,132,132,407,93,121,121,82,82,82,95,95,108,141,141,219,219,238,238,257,274,290,324,324,349,349,368,368,381,306,306,306,306,306],"floor_reached":33,"playtime":810,"items_purged":["Regret"],"score":576,"play_id":"27957778-6d1a-4833-bf53-816eec0f2ff2","local_time":"20201212170915","is_ascension_mode":true,"campfire_choices":[{"data":"Neutralize","floor":7.0,"key":"SMITH"},{"data":"Accuracy","floor":10.0,"key":"SMITH"},{"data":"Infinite Blades","floor":12.0,"key":"SMITH"},{"data":"Cloak And Dagger","floor":15.0,"key":"SMITH"},{"floor":24.0,"key":"REST"},{"floor":28.0,"key":"REST"},{"floor":32.0,"key":"REST"}],"circlet_count":0,"master_deck":["AscendersBane","Strike_G","Strike_G","Strike_G","Strike_G","Defend_G","Defend_G","Defend_G","Defend_G","Defend_G","Survivor","Neutralize+1","Dagger Spray","Accuracy+1","Dash","Infinite Blades+1","Cloak And Dagger+1","Finisher","Burst","Slice","Choke","PiercingWail","Backstab","Bullet Time","Terror"],"relics":["Ring of the Snake","NeowsBlessing","Sling","Question Card","Shuriken","PreservedInsect","WristBlade","Lizard Tail","Happy Flower","Frozen Egg 2"],"acts_visited":["Exordium","TheCity"],"potions_floor_usage":[33],"damage_taken":[{"damage":0.0,"enemies":"Jaw Worm","floor":1.0,"turns":1.0},{"damage":0.0,"enemies":"Small Slimes","floor":2.0,"turns":1.0},{"damage":0.0,"enemies":"Gremlin Nob","floor":6.0,"turns":1.0},{"damage":2.0,"enemies":"Cultist","floor":11.0,"turns":4.0},{"damage":20.0,"enemies":"Exordium Thugs","floor":13.0,"turns":5.0},{"damage":5.0,"enemies":"3 Sentries","floor":14.0,"turns":5.0},{"damage":15.0,"enemies":"Slime Boss","floor":16.0,"turns":7.0},{"damage":1.0,"enemies":"Chosen","floor":18.0,"turns":4.0},{"damage":2.0,"enemies":"Shell Parasite","floor":20.0,"turns":4.0},{"damage":17.0,"enemies":"Sentry and Sphere","floor":21.0,"turns":4.0},{"damage":10.0,"enemies":"3 Cultists","floor":22.0,"turns":6.0},{"damage":34.0,"enemies":"Book of Stabbing","floor":23.0,"turns":5.0},{"damage":22.0,"enemies":"Slavers","floor":25.0,"turns":4.0},{"damage":0.0,"enemies":"Centurion and Healer","floor":27.0,"turns":4.0},{"damage":21.0,"enemies":"Shelled Parasite and Fungi","floor":29.0,"turns":6.0},{"damage":67,"enemies":"Collector","floor":33,"turns":5}],"seed_played":"5498490714396899556","potions_obtained":[{"floor":2.0,"key":"PowerPotion"},{"floor":11.0,"key":"GamblersBrew"},{"floor":14.0,"key":"LiquidBronze"},{"floor":18.0,"key":"Regen Potion"},{"floor":19.0,"key":"EntropicBrew"},{"floor":23.0,"key":"Weak Potion"},{"floor":27.0,"key":"Weak Potion"},{"floor":29.0,"key":"Ancient Potion"}],"is_trial":false,"path_per_floor":["M","M","?","?","$","E","R","$","T","R","M","R","M","E","R","B",null,"M","?","M","M","M","E","R","E","T","M","R","M","?","?","R","B"],"character_chosen":"THE_SILENT","items_purchased":["Sling","Accuracy","Infinite Blades"],"campfire_rested":3,"item_purchase_floors":[5,5,8],"current_hp_per_floor":[59,59,64,64,64,64,64,64,64,64,62,62,42,37,37,22,59,58,58,56,39,44,10,31,9,9,9,30,9,9,9,30,0,0],"gold":306,"neow_bonus":"THREE_ENEMY_KILL","is_daily":false,"chose_seed":false,"campfire_upgraded":4,"win_rate":0.0,"timestamp":1607760555,"path_taken":["M","M","?","?","$","E","R","$","T","R","?","R","M","E","R","BOSS","M","?","?","M","M","E","R","E","T","M","R","M","?","?","R","BOSS"],"items_purchased_type":["Relic","Card","Card"],"build_version":"2020-11-30","purchased_purges":1,"victory":false,"max_hp_per_floor":[66,66,71,71,71,71,71,71,71,71,71,71,71,71,71,71,71,71,71,71,71,71,71,71,71,71,71,71,71,71,71,71,71,71],"card_choices":[{"not_picked":["Deflect","Leg Sweep","Bane"],"picked":"SKIP","floor":1.0},{"not_picked":["Noxious Fumes","All Out Attack"],"picked":"Dagger Spray","floor":2.0},{"not_picked":["Bouncing Flask","Caltrops"],"picked":"Dash","floor":6.0},{"not_picked":["Dodge and Roll","Underhanded Strike","Acrobatics","Doppelganger"],"picked":"SKIP","floor":11.0},{"not_picked":["Leg Sweep","Poisoned Stab","Setup"],"picked":"Cloak And Dagger","floor":13.0},{"not_picked":["Cloak And Dagger","Backflip","Flying Knee"],"picked":"Finisher","floor":14.0},{"not_picked":["Grand Finale","Unload","Tools of the Trade"],"picked":"Burst","floor":16.0},{"not_picked":["Catalyst","Dodge and Roll","Underhanded Strike"],"picked":"Slice","floor":18.0},{"not_picked":["Footwork","Sucker Punch","Crippling Poison","Prepared"],"picked":"SKIP","floor":20.0},{"not_picked":["Cloak And Dagger","Leg Sweep","Flying Knee"],"picked":"Choke","floor":21.0},{"not_picked":["Acrobatics","All Out Attack","Deflect"],"picked":"PiercingWail","floor":22.0},{"not_picked":["Corpse Explosion","Dagger Spray","Underhanded Strike"],"picked":"Backstab","floor":23.0},{"not_picked":["Tactician","Setup","Adrenaline"],"picked":"Bullet Time","floor":25.0},{"not_picked":["Outmaneuver","Crippling Poison","Bane","Slice"],"picked":"SKIP","floor":27.0},{"not_picked":["Expertise","Heel Hook","Cloak And Dagger"],"picked":"Terror","floor":29.0}],"player_experience":1323435,"relics_obtained":[{"floor":6.0,"key":"Question Card"},{"floor":9.0,"key":"Shuriken"},{"floor":14.0,"key":"PreservedInsect"},{"floor":23.0,"key":"Lizard Tail"},{"floor":25.0,"key":"Happy Flower"},{"floor":26.0,"key":"Frozen Egg 2"}],"event_choices":[{"damage_healed":0.0,"max_hp_gain":5.0,"max_hp_loss":0.0,"gold_gain":0.0,"event_name":"Big Fish","player_choice":"Donut","floor":3.0,"gold_loss":0.0,"damage_taken":0.0},{"damage_healed":0.0,"max_hp_gain":0.0,"max_hp_loss":0.0,"gold_gain":275.0,"event_name":"Golden Shrine","player_choice":"Desecrate","floor":4.0,"gold_loss":0.0,"damage_taken":0.0,"cards_obtained":["Regret"]},{"damage_healed":0.0,"max_hp_gain":0.0,"max_hp_loss":0.0,"gold_gain":0.0,"event_name":"Lab","player_choice":"Got Potions","floor":19.0,"gold_loss":0.0,"damage_taken":0.0},{"cards_removed":["Strike_G"],"damage_healed":0.0,"max_hp_gain":0.0,"max_hp_loss":0.0,"gold_gain":0.0,"event_name":"Beggar","player_choice":"Gave Gold","floor":30.0,"gold_loss":75.0,"damage_taken":0.0},{"damage_healed":0.0,"max_hp_gain":0.0,"max_hp_loss":0.0,"gold_gain":0.0,"event_name":"Ghosts","player_choice":"Ignored","floor":31.0,"gold_loss":0.0,"damage_taken":0.0}],"is_beta":false,"boss_relics":[{"not_picked":["SlaversCollar","SacredBark"],"picked":"WristBlade"}],"items_purged_floors":[5],"is_endless":false,"potions_floor_spawned":[2,11,14,18,23,27,29],"killed_by":"Collector","ascension_level":16}}