{"host":"ow9msrs9p2ctkx99","time":1607810198,"event":{"mods":["AchievementEnabler","BaseMod","Colored Map","Colored Powertips","Minty Spire (QoL Compilation)","Permanent Neow","Quick Restart","SuperFastMode"],"gold_per_floor":[115,135,66,66,216,248,248,5,5,17,29,29,45,45,45,119,119,134,59,59,59,75,75,87,98,98,98,98,132,142,155,155,155,155],"floor_reached":33,"playtime":2209,"items_purged":["Doubt"],"score":511,"play_id":"4b0146dc-f99f-48c5-a2be-48b100c17fb1","local_time":"20201212225638","is_ascension_mode":true,"campfire_choices":[{"data":"Neutralize","floor":7.0,"key":"SMITH"},{"data":"Cloak And Dagger","floor":15.0,"key":"SMITH"},{"data":"Storm of Steel","floor":23.0,"key":"SMITH"},{"data":"Bouncing Flask","floor":27.0,"key":"SMITH"},{"floor":32,"key":"REST"}],"circlet_count":0,"master_deck":["AscendersBane","Strike_G","Strike_G","Strike_G","Strike_G","Defend_G","Defend_G","Defend_G","Defend_G","Defend_G","Survivor","Neutralize+1","Blade Dance","Catalyst","Choke","Escape Plan","Dagger Spray","Cloak And Dagger+1","Caltrops","Storm of Steel+1","Deadly Poison+1","Backflip","Bouncing Flask+1","Acrobatics","Finisher","Dagger Throw"],"relics":["Ring of the Snake","NeowsBlessing","Vajra","Letter Opener","Ninja Scroll","WristBlade","Enchiridion","Happy Flower","Omamori"],"acts_visited":["Exordium","TheCity"],"potions_floor_usage":[33,33],"damage_taken":[{"damage":0.0,"enemies":"Cultist","floor":1.0,"turns":1.0},{"damage":0.0,"enemies":"2 Louse","floor":2.0,"turns":1.0},{"damage":0.0,"enemies":"3 Sentries","floor":6.0,"turns":1.0},{"damage":0.0,"enemies":"Jaw Worm","floor":10.0,"turns":1.0},{"damage":0.0,"enemies":"Looter","floor":11.0,"turns":1.0},{"damage":6.0,"enemies":"3 Louse","floor":13.0,"turns":2.0},{"damage":20.0,"enemies":"Hexaghost","floor":16.0,"turns":6.0},{"damage":0.0,"enemies":"Chosen","floor":18.0,"turns":1.0},{"damage":0.0,"enemies":"Spheric Guardian","floor":22.0,"turns":1.0},{"damage":1.0,"enemies":"Chosen and Byrds","floor":24.0,"turns":3.0},{"damage":3.0,"enemies":"Cultist and Chosen","floor":25.0,"turns":3.0},{"damage":17.0,"enemies":"Slavers","floor":29.0,"turns":4.0},{"damage":0.0,"enemies":"Snecko","floor":30.0,"turns":2.0},{"damage":0,"enemies":"Chosen and Byrds","floor":31,"turns":4},{"damage":61,"enemies":"Automaton","floor":33,"turns":6}],"seed_played":"-5600268058180081532","potions_obtained":[{"floor":6.0,"key":"SkillPotion"},{"floor":10.0,"key":"PowerPotion"},{"floor":16.0,"key":"PowerPotion"},{"floor":24.0,"key":"EssenceOfSteel"},{"floor":29.0,"key":"Swift Potion"}],"is_trial":false,"path_per_floor":["M","M","$","?","?","E","R","$","T","M","M","$","M","?","R","B",null,"M","$","?","?","M","R","M","M","T","R","T","E","M","M","R","B"],"character_chosen":"THE_SILENT","items_purchased":["Choke","Letter Opener"],"campfire_rested":1,"item_purchase_floors":[3,8],"current_hp_per_floor":[59,59,59,59,59,59,59,59,59,59,59,59,53,53,53,33,58,58,58,37,37,37,37,36,33,33,33,33,16,16,16,35,0,0],"gold":155,"neow_bonus":"THREE_ENEMY_KILL","is_daily":false,"chose_seed":false,"campfire_upgraded":4,"win_rate":0.0,"timestamp":1607810198,"path_taken":["M","M","$","?","?","E","R","?","T","M","M","$","M","?","R","BOSS","M","$","?","?","M","R","M","M","T","R","?","E","M","M","R","BOSS"],"items_purchased_type":["Card","Relic"],"build_version":"2020-11-30","purchased_purges":1,"victory":false,"max_hp_per_floor":[66,66,66,66,66,66,66,66,66,66,66,66,66,66,66,66,66,66,66,66,66,66,66,66,66,66,66,66,66,66,66,66,66,66],"card_choices":[{"not_picked":["Outmaneuver","Acrobatics"],"picked":"Blade Dance","floor":1.0},{"not_picked":["Acrobatics","Poisoned Stab"],"picked":"Catalyst","floor":2.0},{"not_picked":["Finisher","Poisoned Stab"],"picked":"Escape Plan","floor":6.0},{"not_picked":["Finisher","Outmaneuver"],"picked":"Dagger Spray","floor":10.0},{"not_picked":["All Out Attack","Setup"],"picked":"Cloak And Dagger","floor":11.0},{"not_picked":["Deadly Poison","Slice"],"picked":"Caltrops","floor":13.0},{"not_picked":["A Thousand Cuts","Tools of the Trade"],"picked":"Storm of Steel","floor":16.0},{"not_picked":["Caltrops","Calculated Gamble"],"picked":"Deadly Poison+1","floor":18.0},{"not_picked":["Cloak And Dagger","Blur"],"picked":"Backflip","floor":22.0},{"not_picked":["Deadly Poison","All Out Attack"],"picked":"Bouncing Flask","floor":24.0},{"not_picked":["Riddle With Holes","Poisoned Stab"],"picked":"Acrobatics","floor":25.0},{"not_picked":["Calculated Gamble","Quick Slash"],"picked":"Finisher","floor":29.0},{"not_picked":["Deadly Poison","Slice"],"picked":"Dagger Throw","floor":30.0},{"not_picked":["Sucker Punch","Expertise","Flechettes"],"picked":"SKIP","floor":31}],"player_experience":962666,"relics_obtained":[{"floor":6.0,"key":"Vajra"},{"floor":9.0,"key":"Ninja Scroll"},{"floor":20.0,"key":"Enchiridion"},{"floor":26.0,"key":"Happy Flower"},{"floor":29.0,"key":"Omamori"}],"event_choices":[{"cards_removed":["Strike_G"],"damage_healed":0.0,"max_hp_gain":0.0,"max_hp_loss":0.0,"gold_gain":0.0,"event_name":"Living Wall","player_choice":"Forget","floor":4.0,"gold_loss":0.0,"damage_taken":0.0},{"damage_healed":0.0,"max_hp_gain":0.0,"max_hp_loss":0.0,"gold_gain":150.0,"event_name":"Liars Game","player_choice":"AGREE","floor":5.0,"gold_loss":0.0,"damage_taken":0.0,"cards_obtained":["Doubt"]},{"damage_healed":0.0,"max_hp_gain":0.0,"max_hp_loss":0.0,"gold_gain":0.0,"event_name":"The Cleric","player_choice":"Leave","floor":14.0,"gold_loss":0.0,"damage_taken":0.0},{"damage_healed":0.0,"max_hp_gain":0.0,"max_hp_loss":0.0,"gold_gain":0.0,"event_name":"Cursed Tome","player_choice":"Obtained Book","floor":20.0,"gold_loss":0.0,"damage_taken":21.0},{"damage_healed":0.0,"max_hp_gain":0.0,"max_hp_loss":0.0,"gold_gain":0.0,"event_name":"Vampires","player_choice":"Ignored","floor":21.0,"gold_loss":0.0,"damage_taken":0.0}],"is_beta":false,"boss_relics":[{"not_picked":["Astrolabe","Tiny House"],"picked":"WristBlade"}],"items_purged_floors":[19],"is_endless":false,"potions_floor_spawned":[6,10,11,16,24,29,30],"killed_by":"Automaton","ascension_level":15}}