{"host":"szp1d6dso4pv7ddl","time":1607757946,"event":{"mods":["AchievementEnabler","Alarm Clock","BaseMod","Bestiary","Block Reminder","Colored Map","Colored Powertips","Curses Come First","Displayed Cursed Tome","Highlight Path","Minty Spire (QoL Compilation)","Permanent Neow","Quick Restart","Relic Stats","StSLib"],"gold_per_floor":[116,66,66,141,141,172,189,189,259,278,295,295,295,313,313,413,413,432,82,95,95,95],"floor_reached":21,"playtime":728,"items_purged":["Strike_B"],"score":215,"play_id":"9179d3e1-3d54-4b41-a273-2bdf61893a34","local_time":"20201211232546","is_ascension_mode":true,"campfire_choices":[{"floor":8,"key":"REST"},{"floor":12,"key":"REST"},{"floor":15,"key":"REST"}],"circlet_count":0,"master_deck":["Defend_B","Defend_B","Zap","Dualcast","Lockon+1","Sunder+1","Hologram","Redo","Sweeping Beam+1","Machine Learning","Stack","Stack","Rip and Tear+1","Loop"],"relics":["Cracked Core","Sundial","Turnip","Molten Egg 2","Nuclear Battery","Whetstone"],"acts_visited":["Exordium","TheCity"],"potions_floor_usage":[21,21],"damage_taken":[{"damage":3,"enemies":"2 Louse","floor":1,"turns":2},{"damage":30,"enemies":"Lagavulin","floor":6,"turns":5},{"damage":12,"enemies":"Small Slimes","floor":7,"turns":2},{"damage":7,"enemies":"Jaw Worm","floor":10,"turns":2},{"damage":0,"enemies":"3 Louse","floor":11,"turns":2},{"damage":12,"enemies":"Gremlin Gang","floor":14,"turns":2},{"damage":49,"enemies":"Hexaghost","floor":16,"turns":9},{"damage":49,"enemies":"3 Byrds","floor":18,"turns":4},{"damage":4,"enemies":"Chosen","floor":20,"turns":3},{"damage":24,"enemies":"Centurion and Healer","floor":21,"turns":4}],"seed_played":"3356971728857193632","potions_obtained":[{"floor":1,"key":"Fire Potion"},{"floor":7,"key":"Swift Potion"},{"floor":10,"key":"Ancient Potion"}],"is_trial":false,"path_per_floor":["M","?","?","?","T","E","M","R","T","M","M","R","?","M","R","B",null,"M","$","M","M"],"character_chosen":"DEFECT","items_purchased":["Stack","Whetstone","Rip and Tear+1"],"campfire_rested":3,"item_purchase_floors":[19,19,19],"current_hp_per_floor":[65,65,65,54,54,24,12,32,32,25,25,45,45,33,53,4,68,19,19,15,0,0],"gold":95,"neow_bonus":"REMOVE_TWO","is_daily":false,"chose_seed":false,"campfire_upgraded":0,"win_rate":0.0,"timestamp":1607757946,"path_taken":["M","?","?","?","?","E","M","R","T","?","M","R","?","M","R","BOSS","M","$","M","?"],"items_purchased_type":["Card","Relic","Card"],"build_version":"2020-11-30","purchased_purges":1,"victory":false,"max_hp_per_floor":[68,68,68,68,68,68,68,68,68,68,68,68,68,68,68,68,68,68,68,68,68,68],"relic_stats":{"counters":[10,35],"Sundial":[10],"Turnip":[0],"Whetstone":["Lockon","Sunder"],"obtain_stats":[{"Sundial":5,"Molten Egg 2":9,"Turnip":6,"Whetstone":19,"Cracked Core":0,"Nuclear Battery":17},{"Sundial":1,"Molten Egg 2":3,"Turnip":2,"Whetstone":8,"Cracked Core":0,"Nuclear Battery":7},{"Sundial":2,"Molten Egg 2":9,"Turnip":7,"Whetstone":28,"Cracked Core":0,"Nuclear Battery":24}]},"card_choices":[{"not_picked":["Blizzard","Ball Lightning"],"picked":"Lockon","floor":1},{"not_picked":["Recycle","White Noise","Cold Snap"],"picked":"SKIP","floor":6},{"not_picked":["Darkness","Leap"],"picked":"Hologram","floor":7},{"not_picked":["Ball Lightning+1","Sweeping Beam+1","Conserve Battery"],"picked":"SKIP","floor":10},{"not_picked":["Capacitor","Compile Driver+1"],"picked":"Redo","floor":11},{"not_picked":["Turbo","Hyperbeam+1","Glacier"],"picked":"SKIP","floor":14},{"not_picked":["Reboot","All For One+1"],"picked":"Machine Learning","floor":16},{"not_picked":["Compile Driver+1","Sweeping Beam+1"],"picked":"Stack","floor":18},{"not_picked":["Reinforced Body+1","Barrage+1"],"picked":"Loop","floor":20}],"player_experience":925340,"relics_obtained":[{"floor":5,"key":"Sundial"},{"floor":6,"key":"Turnip"},{"floor":9,"key":"Molten Egg 2"}],"event_choices":[{"cards_removed":["Defend_B"],"damage_healed":0,"gold_gain":0,"player_choice":"Card Removal","damage_taken":0,"max_hp_gain":0,"max_hp_loss":0,"event_name":"The Cleric","floor":2,"gold_loss":50},{"damage_healed":0,"gold_gain":0,"cards_transformed":["Strike_B"],"player_choice":"Change","damage_taken":0,"max_hp_gain":0,"max_hp_loss":0,"event_name":"Living Wall","floor":3,"gold_loss":0,"cards_obtained":["Sunder"]},{"damage_healed":0,"gold_gain":75,"player_choice":"Gather Gold","damage_taken":11,"max_hp_gain":0,"max_hp_loss":0,"event_name":"World of Goop","floor":4,"gold_loss":0},{"damage_healed":0,"gold_gain":0,"cards_transformed":["Strike_B"],"player_choice":"Transformed","damage_taken":0,"max_hp_gain":0,"max_hp_loss":0,"event_name":"Transmorgrifier","floor":13,"gold_loss":0,"cards_obtained":["Sweeping Beam"]}],"is_beta":false,"boss_relics":[{"not_picked":["Runic Dome","Black Star"],"picked":"Nuclear Battery"}],"items_purged_floors":[19],"is_endless":false,"potions_floor_spawned":[1,7,10,18],"killed_by":"Centurion and Healer","ascension_level":4}}