{"host":"x0ovlu53kkkog8rv","time":1607800852,"event":{"mods":["BaseMod","Colored Map","Minty Spire (QoL Compilation)","Quick Restart","SuperFastMode"],"gold_per_floor":[115,115,115,62,73,108,126,126,126,155,155,166,166,182,182,284,284,303,303,318,329,329,329,349,349,418,434,282,292,304,321,321,423,473,484,252,176,191,191,191,225,280,304,337,337,357,0,16,16,16,16],"floor_reached":50,"playtime":1371,"items_purged":["Defend_R"],"score":617,"play_id":"a0f59a3d-eeb6-4503-9d36-1a68a6147f2c","local_time":"20201213042052","is_ascension_mode":true,"campfire_choices":[{"data":"Pommel Strike","floor":8,"key":"SMITH"},{"data":"Offering","floor":11,"key":"SMITH"},{"data":"Perfected Strike","floor":13,"key":"SMITH"},{"floor":15,"key":"REST"},{"data":"Offering","floor":23,"key":"SMITH"},{"floor":25,"key":"REST"},{"floor":32,"key":"REST"},{"floor":40,"key":"REST"},{"floor":45,"key":"REST"},{"floor":49,"key":"REST"}],"circlet_count":0,"master_deck":["Strike_R","Strike_R","Strike_R","Strike_R","Strike_R","Defend_R","Defend_R","Bash","Perfected Strike+1","Pommel Strike+1","Offering+1","Flex","Perfected Strike+1","Offering+1","Brutality+1","CurseOfTheBell","Disarm+1","Flex","Twin Strike","Twin Strike+1","Rampage+1","Wild Strike+1","Wild Strike+1","Rupture","Double Tap","Twin Strike","Pommel Strike","Reaper","Inflame","Twin Strike","Perfected Strike","Inflame+1","Wild Strike","Rupture+1"],"relics":["Burning Blood","NeowsBlessing","Charon\u0027s Ashes","Prayer Wheel","Darkstone Periapt","Calling Bell","Pen Nib","Gremlin Horn","FossilizedHelix","Pantograph","Tiny House","Red Skull","Blood Vial","Unceasing Top","Regal Pillow","Dead Branch","Red Mask"],"acts_visited":["Exordium","TheCity","TheBeyond"],"potions_floor_usage":[16,18,33,33,41,41,44,50,50,50],"damage_taken":[{"damage":0,"enemies":"2 Louse","floor":1,"turns":1},{"damage":0,"enemies":"Small Slimes","floor":5,"turns":1},{"damage":0,"enemies":"Lagavulin","floor":6,"turns":1},{"damage":6,"enemies":"Cultist","floor":7,"turns":2},{"damage":28,"enemies":"Gremlin Nob","floor":10,"turns":4},{"damage":14,"enemies":"Gremlin Gang","floor":12,"turns":3},{"damage":6,"enemies":"Exordium Thugs","floor":14,"turns":2},{"damage":52,"enemies":"Hexaghost","floor":16,"turns":5},{"damage":10,"enemies":"2 Thieves","floor":18,"turns":3},{"damage":8,"enemies":"3 Byrds","floor":20,"turns":3},{"damage":7,"enemies":"Snecko","floor":21,"turns":2},{"damage":27,"enemies":"Centurion and Healer","floor":24,"turns":2},{"damage":35,"enemies":"Shelled Parasite and Fungi","floor":27,"turns":3},{"damage":0,"enemies":"Snake Plant","floor":29,"turns":1},{"damage":7,"enemies":"Centurion and Healer","floor":30,"turns":3},{"damage":13,"enemies":"Chosen and Byrds","floor":31,"turns":3},{"damage":39,"enemies":"Collector","floor":33,"turns":3},{"damage":44,"enemies":"3 Shapes","floor":35,"turns":3},{"damage":15,"enemies":"Orb Walker","floor":38,"turns":3},{"damage":20,"enemies":"Reptomancer","floor":41,"turns":3},{"damage":25,"enemies":"2 Orb Walkers","floor":42,"turns":3},{"damage":66,"enemies":"Nemesis","floor":44,"turns":5},{"damage":18,"enemies":"Transient","floor":46,"turns":5},{"damage":21,"enemies":"Jaw Worm Horde","floor":48,"turns":3},{"damage":124,"enemies":"Awakened One","floor":50,"turns":5}],"seed_played":"-288399283227081825","potions_obtained":[{"floor":1,"key":"SpeedPotion"},{"floor":6,"key":"Explosive Potion"},{"floor":10,"key":"Energy Potion"},{"floor":14,"key":"SkillPotion"},{"floor":18,"key":"SkillPotion"},{"floor":21,"key":"ElixirPotion"},{"floor":22,"key":"LiquidMemories"},{"floor":34,"key":"FairyPotion"},{"floor":42,"key":"Weak Potion"},{"floor":44,"key":"Block Potion"},{"floor":46,"key":"FearPotion"},{"floor":48,"key":"Swift Potion"}],"is_trial":false,"path_per_floor":["M","?","?","$","M","E","M","R","T","E","R","M","R","M","R","B",null,"M","?","M","M","?","R","M","R","T","M","$","M","M","M","R","B",null,"M","$","$","M","?","R","E","?","T","E","R","M","?","M","R","B"],"character_chosen":"IRONCLAD","items_purchased":["Pommel Strike","Rupture","Inflame","Red Skull","Twin Strike","BloodPotion"],"campfire_rested":6,"item_purchase_floors":[4,28,36,36,37,37],"current_hp_per_floor":[80,80,80,80,80,80,80,80,80,58,58,50,50,50,74,28,86,82,82,80,79,79,79,58,83,83,54,54,60,59,52,77,53,91,56,56,56,53,53,78,81,64,64,31,71,61,61,52,86,0,0],"gold":16,"neow_bonus":"THREE_ENEMY_KILL","is_daily":false,"chose_seed":false,"campfire_upgraded":4,"win_rate":0.0,"timestamp":1607800852,"path_taken":["M","?","?","$","?","E","?","R","T","E","R","M","R","M","R","BOSS","M","?","M","?","?","R","M","R","T","M","$","M","M","M","R","BOSS","M","?","$","?","?","R","E","?","T","E","R","M","?","M","R","BOSS"],"items_purchased_type":["Card","Card","Card","Relic","Card","Potion"],"build_version":"2020-11-30","purchased_purges":1,"victory":false,"max_hp_per_floor":[80,80,80,80,80,80,80,80,80,80,80,80,80,80,80,80,86,86,86,86,86,86,86,86,86,86,86,86,86,86,86,86,86,91,91,91,91,91,86,86,86,86,86,86,86,86,86,86,86,86,86],"card_choices":[{"not_picked":["Dark Embrace","Intimidate"],"picked":"Perfected Strike","floor":1},{"not_picked":["Clothesline","Feel No Pain","Ghostly Armor"],"picked":"SKIP","floor":5},{"not_picked":["Anger","Rupture"],"picked":"Offering","floor":6},{"not_picked":["Anger","Havoc","Dark Embrace"],"picked":"SKIP","floor":7},{"not_picked":["Warcry","Havoc"],"picked":"Flex","floor":10},{"not_picked":["Blood for Blood","Iron Wave"],"picked":"Perfected Strike","floor":12},{"not_picked":["Armaments","Whirlwind","Thunderclap"],"picked":"SKIP","floor":12},{"not_picked":["Bloodletting","Feel No Pain"],"picked":"Offering","floor":14},{"not_picked":["Rupture","Sword Boomerang","Shrug It Off"],"picked":"SKIP","floor":14},{"not_picked":["Juggernaut","Barricade"],"picked":"Brutality","floor":16},{"not_picked":["Fire Breathing","Armaments"],"picked":"Disarm+1","floor":18},{"not_picked":["Cleave","Dark Embrace","Body Slam"],"picked":"SKIP","floor":18},{"not_picked":["Sword Boomerang","Carnage"],"picked":"Flex","floor":20},{"not_picked":["Dropkick","Clash"],"picked":"Twin Strike","floor":20},{"not_picked":["Thunderclap","Infernal Blade"],"picked":"Twin Strike","floor":21},{"not_picked":["Disarm","Dual Wield","Sentinel"],"picked":"SKIP","floor":21},{"not_picked":["Clash","Uppercut"],"picked":"Rampage+1","floor":24},{"not_picked":["Burning Pact+1","Double Tap"],"picked":"Wild Strike+1","floor":24},{"not_picked":["Flame Barrier","Sever Soul"],"picked":"Wild Strike+1","floor":27},{"not_picked":["Armaments+1","Shrug It Off","Searing Blow+1"],"picked":"SKIP","floor":27},{"not_picked":["True Grit","Uppercut"],"picked":"Double Tap","floor":29},{"not_picked":["Thunderclap","Ghostly Armor+1","Flex"],"picked":"SKIP","floor":29},{"not_picked":["Second Wind","Flex","Hemokinesis+1"],"picked":"SKIP","floor":30},{"not_picked":["Bloodletting","Combust","Clash+1"],"picked":"SKIP","floor":30},{"not_picked":["Havoc+1","Wild Strike+1"],"picked":"Twin Strike","floor":31},{"not_picked":["Dual Wield","Anger+1"],"picked":"Pommel Strike","floor":31},{"not_picked":["Offering","Corruption"],"picked":"Reaper","floor":33},{"not_picked":["Dropkick+1","Evolve","Dual Wield"],"picked":"SKIP","floor":35},{"not_picked":["Clothesline","Dropkick","Cleave"],"picked":"SKIP","floor":35},{"not_picked":["Warcry+1","Twin Strike+1"],"picked":"Perfected Strike","floor":38},{"not_picked":["Thunderclap","Wild Strike"],"picked":"Inflame+1","floor":38},{"not_picked":["Havoc","Reaper","Cleave"],"picked":"SKIP","floor":41},{"not_picked":["Headbutt+1","Warcry+1"],"picked":"Wild Strike","floor":42},{"not_picked":["Searing Blow+1","Thunderclap"],"picked":"Rupture+1","floor":44},{"not_picked":["Heavy Blade","Shrug It Off+1","Warcry"],"picked":"SKIP","floor":46},{"not_picked":["Rampage+1","Infernal Blade","Body Slam+1"],"picked":"SKIP","floor":46},{"not_picked":["Body Slam","Carnage+1","Flex+1"],"picked":"SKIP","floor":48},{"not_picked":["Infernal Blade","Warcry","Body Slam+1"],"picked":"SKIP","floor":48}],"player_experience":179410,"relics_obtained":[{"floor":6,"key":"Charon\u0027s Ashes"},{"floor":9,"key":"Prayer Wheel"},{"floor":10,"key":"Darkstone Periapt"},{"floor":17,"key":"Pen Nib"},{"floor":17,"key":"Gremlin Horn"},{"floor":17,"key":"FossilizedHelix"},{"floor":26,"key":"Pantograph"},{"floor":41,"key":"Blood Vial"},{"floor":42,"key":"Unceasing Top"},{"floor":43,"key":"Regal Pillow"},{"floor":44,"key":"Dead Branch"}],"event_choices":[{"damage_healed":0,"gold_gain":0,"player_choice":"Grow","damage_taken":0,"max_hp_gain":0,"max_hp_loss":0,"event_name":"Living Wall","floor":2,"gold_loss":0,"cards_upgraded":["Perfected Strike"]},{"cards_removed":["Defend_R"],"damage_healed":0,"gold_gain":0,"player_choice":"Offered Basic","damage_taken":0,"max_hp_gain":0,"max_hp_loss":0,"event_name":"Bonfire Elementals","floor":3,"gold_loss":0},{"damage_healed":0,"gold_gain":0,"player_choice":"Forge","damage_taken":0,"max_hp_gain":0,"max_hp_loss":0,"event_name":"Accursed Blacksmith","floor":19,"gold_loss":0,"cards_upgraded":["Brutality"]},{"damage_healed":0,"gold_gain":0,"player_choice":"Got Potions","damage_taken":0,"max_hp_gain":0,"max_hp_loss":0,"event_name":"Lab","floor":22,"gold_loss":0},{"damage_healed":0,"gold_gain":0,"player_choice":"Max HP","damage_taken":0,"max_hp_gain":0,"max_hp_loss":5,"event_name":"Winding Halls","floor":39,"gold_loss":0},{"damage_healed":0,"gold_gain":0,"player_choice":"Fight","damage_taken":0,"max_hp_gain":0,"max_hp_loss":0,"event_name":"Mysterious Sphere","floor":42,"gold_loss":0},{"damage_healed":0,"gold_gain":0,"player_choice":"Paid","damage_taken":0,"relics_obtained":["Red Mask"],"max_hp_gain":0,"max_hp_loss":0,"event_name":"Tomb of Lord Red Mask","floor":47,"gold_loss":357}],"is_beta":false,"boss_relics":[{"not_picked":["Pandora\u0027s Box","SlaversCollar"],"picked":"Calling Bell"},{"not_picked":["Runic Dome","Black Blood"],"picked":"Tiny House"}],"items_purged_floors":[28],"is_endless":false,"potions_floor_spawned":[1,6,10,14,18,21,38,42,44,46,48],"killed_by":"Awakened One","ascension_level":1}}