{"host":"8eddgt5t5e8es31j","time":1607807994,"event":{"mods":["2.2 Compatiblity","AchievementEnabler","BaseMod","Downfall","Hermit","Hubris","Infinite Spire","Minty Spire (QoL Compilation)","Quick Restart","Replay The Spire","StSLib"],"gold_per_floor":[119,119,135,109,128,158,158,172,172,187,199,199,199,219,219,219,219],"floor_reached":16,"playtime":528,"items_purged":[],"score":109,"play_id":"4ef375bc-79d9-42f3-bd53-bdf60c28402e","local_time":"20201212151954","is_ascension_mode":true,"campfire_choices":[{"floor":7,"key":"REST"},{"data":"Flex","floor":13,"key":"SMITH"},{"floor":15,"key":"REST"}],"circlet_count":0,"master_deck":["Strike_R","Strike_R","Strike_R","Strike_R","Strike_R","Defend_R","Defend_R","Defend_R","Defend_R","Bash","Defend_R","hermit:Covet","Thunderclap","Sword Boomerang","Flex+1","Intimidate","Twin Strike","Twin Strike","Decay","Infernal Blade"],"relics":["Burning Blood","Bird Faced Urn","infinitespire:Beetle Shell","Iron Hammer"],"acts_visited":["Exordium"],"potions_floor_usage":[16,16,16],"damage_taken":[{"damage":13,"enemies":"Small Slimes","floor":1,"turns":6},{"damage":1,"enemies":"Cultist","floor":3,"turns":3},{"damage":17,"enemies":"infinitespire:Voidling","floor":5,"turns":3},{"damage":58,"enemies":"Lagavulin","floor":6,"turns":7},{"damage":9,"enemies":"3 Louse","floor":8,"turns":3},{"damage":10,"enemies":"Red Slaver","floor":10,"turns":3},{"damage":0,"enemies":"Large Slime","floor":11,"turns":5},{"damage":15,"enemies":"Gremlin Gang","floor":14,"turns":3},{"damage":71,"enemies":"Fading Forest","floor":16,"turns":7}],"seed_played":"5139136174590417723","potions_obtained":[{"floor":6,"key":"SpeedPotion"},{"floor":10,"key":"Adrenaline Potion"},{"floor":14,"key":"sneckomod:MuddlingPotion"}],"is_trial":false,"path_per_floor":["M","?","M","$","M","E","R","M","T","M","M","?","R","M","R","B"],"character_chosen":"IRONCLAD","items_purchased":["Flex"],"campfire_rested":2,"item_purchase_floors":[4],"current_hp_per_floor":[73,73,78,78,71,19,43,40,40,36,42,42,42,33,57,0,0],"gold":219,"neow_bonus":"ONE_RARE_RELIC","is_daily":false,"chose_seed":false,"campfire_upgraded":1,"win_rate":0.0,"timestamp":1607807994,"path_taken":["M","?","?","?","M","E","R","M","T","M","?","?","R","?","R","BOSS"],"items_purchased_type":["Card"],"build_version":"2020-11-30","purchased_purges":0,"victory":false,"max_hp_per_floor":[80,80,80,80,80,80,80,80,80,80,80,80,80,80,80,80,80],"card_choices":[{"not_picked":["Sword Boomerang","Iron Wave"],"picked":"Thunderclap","floor":1},{"not_picked":["Flame Barrier","Rupture"],"picked":"Sword Boomerang","floor":3},{"not_picked":["Shockwave","Dropkick"],"picked":"Intimidate","floor":5},{"not_picked":["ReplayTheSpireMod:LeadingStrike","Impervious","ReplayTheSpireMod:Limb From Limb"],"picked":"SKIP","floor":6},{"not_picked":["Clothesline","Evolve"],"picked":"Twin Strike","floor":8},{"not_picked":["Body Slam","Armaments"],"picked":"Twin Strike","floor":10},{"not_picked":["Carnage","Warcry","Wild Strike"],"picked":"SKIP","floor":11},{"not_picked":["ReplayTheSpireMod:Strike From Hell","Second Wind"],"picked":"Infernal Blade","floor":14}],"player_experience":39556,"relics_obtained":[{"floor":6,"key":"infinitespire:Beetle Shell"},{"floor":9,"key":"Iron Hammer"}],"event_choices":[{"damage_healed":0,"gold_gain":0,"player_choice":"Bought 0 Potions","damage_taken":0,"max_hp_gain":0,"max_hp_loss":0,"event_name":"The Woman in Blue","floor":2,"gold_loss":0},{"damage_healed":0,"gold_gain":0,"player_choice":"Cursed","damage_taken":0,"max_hp_gain":0,"max_hp_loss":0,"event_name":"Wheel of Change","floor":12,"gold_loss":0,"cards_obtained":["Decay"]}],"is_beta":false,"boss_relics":[],"items_purged_floors":[],"is_endless":false,"potions_floor_spawned":[6,10,14],"killed_by":"Fading Forest","ascension_level":1}}