{"host":"p7j7o00jacnw7qzt","time":1607799281,"event":{"mods":["BaseMod","Colored Map","Colored Powertips","DeckTracker","Highlight Path","Minty Spire (QoL Compilation)","Relic Stats"],"gold_per_floor":[109,109,109,127,127,159,159,192,192,211,239,250,175,194,194,273,273,273,273],"floor_reached":18,"playtime":2210,"items_purged":["Strike_R"],"score":460,"play_id":"f8ff741a-4978-4331-9afb-ed2fd904cb7b","local_time":"20201212135441","is_ascension_mode":true,"campfire_choices":[{"data":"Fiend Fire","floor":7.0,"key":"SMITH"},{"floor":15.0,"key":"RECALL"}],"circlet_count":0,"master_deck":["AscendersBane","Strike_R","Strike_R+1","Strike_R+1","Defend_R","Defend_R","Defend_R","Defend_R","Bash","Fiend Fire+1","Second Wind","Fiend Fire"],"relics":["Burning Blood","NeowsBlessing","Frozen Egg 2","Ancient Tea Set","Lizard Tail","Lantern","Whetstone","SlaversCollar"],"acts_visited":["Exordium","TheCity"],"potions_floor_usage":[],"damage_taken":[{"damage":0.0,"enemies":"Jaw Worm","floor":1.0,"turns":1.0},{"damage":0.0,"enemies":"Small Slimes","floor":4.0,"turns":1.0},{"damage":0.0,"enemies":"Gremlin Nob","floor":6.0,"turns":1.0},{"damage":25.0,"enemies":"3 Sentries","floor":8.0,"turns":9.0},{"damage":0.0,"enemies":"Cultist","floor":10.0,"turns":2.0},{"damage":0.0,"enemies":"Lagavulin","floor":11.0,"turns":3.0},{"damage":6.0,"enemies":"3 Louse","floor":12.0,"turns":4.0},{"damage":16.0,"enemies":"2 Fungi Beasts","floor":14.0,"turns":3.0},{"damage":24.0,"enemies":"Slime Boss","floor":16.0,"turns":9.0},{"damage":0,"enemies":"3 Byrds","floor":18,"turns":1}],"seed_played":"8841002993203916150","potions_obtained":[{"floor":4.0,"key":"Strength Potion"},{"floor":8.0,"key":"SneckoOil"},{"floor":11.0,"key":"BlessingOfTheForge"},{"floor":14.0,"key":"SpeedPotion"},{"floor":16.0,"key":"Fire Potion"}],"is_trial":false,"path_per_floor":["M","?","?","M","?","E","R","E","T","M","E","M","$","M","R","B",null,"M"],"character_chosen":"IRONCLAD","items_purchased":[],"campfire_rested":0,"item_purchase_floors":[],"current_hp_per_floor":[74,67,62,68,57,63,63,44,44,50,56,56,56,46,46,28,63,63,63],"gold":273,"neow_bonus":"THREE_ENEMY_KILL","is_daily":false,"chose_seed":false,"campfire_upgraded":1,"win_rate":0.0,"timestamp":1607799281,"path_taken":["M","?","?","M","?","E","R","E","T","M","E","M","$","?","R","BOSS","M"],"items_purchased_type":[],"build_version":"2020-11-30","purchased_purges":1,"victory":false,"max_hp_per_floor":[75,75,75,75,75,75,75,75,75,75,75,75,75,75,75,75,75,75,75],"relic_stats":{"Lizard Tail":0,"counters":[10,34],"Whetstone":["Strike_R","Strike_R"],"obtain_stats":[{"SlaversCollar":17,"Lizard Tail":8,"Lantern":9,"NeowsBlessing":0,"Whetstone":11,"Frozen Egg 2":3,"Ancient Tea Set":6,"Burning Blood":0},{"SlaversCollar":9,"Lizard Tail":4,"Lantern":4,"NeowsBlessing":0,"Whetstone":6,"Frozen Egg 2":1,"Ancient Tea Set":3,"Burning Blood":0},{"SlaversCollar":33,"Lizard Tail":12,"Lantern":12,"NeowsBlessing":0,"Whetstone":17,"Frozen Egg 2":1,"Ancient Tea Set":3,"Burning Blood":0}],"Burning Blood":54},"card_choices":[{"not_picked":["True Grit","Perfected Strike","Metallicize"],"picked":"SKIP","floor":1.0},{"not_picked":["Clothesline","Searing Blow","Dropkick"],"picked":"SKIP","floor":4.0},{"not_picked":["Bloodletting","Flex"],"picked":"Fiend Fire","floor":6.0},{"not_picked":["Dual Wield","Thunderclap","Clothesline"],"picked":"SKIP","floor":8.0},{"not_picked":["Twin Strike","Warcry"],"picked":"Second Wind","floor":10.0},{"not_picked":["Wild Strike","Twin Strike","Spot Weakness"],"picked":"SKIP","floor":11.0},{"not_picked":["Disarm","Perfected Strike","Clothesline"],"picked":"SKIP","floor":12.0},{"not_picked":["Twin Strike","Pummel","Armaments"],"picked":"SKIP","floor":14.0},{"not_picked":["Limit Break","Exhume"],"picked":"Fiend Fire","floor":16.0}],"player_experience":808604,"relics_obtained":[{"floor":6.0,"key":"Ancient Tea Set"},{"floor":8.0,"key":"Lizard Tail"},{"floor":9.0,"key":"Lantern"},{"floor":11.0,"key":"Whetstone"}],"event_choices":[{"cards_removed":["Strike_R"],"damage_healed":0.0,"max_hp_gain":0.0,"max_hp_loss":0.0,"gold_gain":0.0,"event_name":"Golden Wing","player_choice":"Card Removal","floor":2.0,"gold_loss":0.0,"damage_taken":7.0},{"damage_healed":0.0,"max_hp_gain":0.0,"max_hp_loss":0.0,"gold_gain":0.0,"event_name":"Scrap Ooze","player_choice":"Success","floor":3.0,"gold_loss":0.0,"damage_taken":5.0,"relics_obtained":["Frozen Egg 2"]},{"damage_healed":0.0,"max_hp_gain":0.0,"max_hp_loss":0.0,"gold_gain":0.0,"event_name":"Wheel of Change","player_choice":"Damaged","floor":5.0,"gold_loss":0.0,"damage_taken":11.0}],"is_beta":false,"boss_relics":[{"not_picked":["SacredBark","Runic Dome"],"picked":"SlaversCollar"}],"items_purged_floors":[13],"is_endless":false,"potions_floor_spawned":[4,8,11,14,16],"killed_by":"3 Byrds","ascension_level":20}}