{"host":"se2kry7a7ac49ar7","time":1607745375,"event":{"mods":["BaseMod","Bestiary","Googly Eyes","Hubris","Minty Spire (QoL Compilation)","Replay The Spire","StSLib"],"gold_per_floor":[114,114,130,130,130,130,157,157,157,183,203,203,214,214,214],"floor_reached":14,"playtime":913,"items_purged":[],"score":160,"play_id":"5e975db9-e98b-4254-830c-f1c8ace14e21","local_time":"20201211195615","is_ascension_mode":true,"campfire_choices":[{"data":"Zap","floor":6,"key":"SMITH"},{"data":"Time Bomb","floor":8,"key":"SMITH"},{"data":"Streamline","floor":12,"key":"SMITH"}],"circlet_count":0,"master_deck":["Strike_B","Strike_B","Strike_B","Strike_B","Defend_B","Defend_B","Defend_B","Defend_B","Zap+1","Dualcast","Conserve Battery","Time Bomb+1","Streamline+1","Panic Button","Aggregate","Glacier"],"relics":["Cracked Core","NeowsBlessing","ReplayTheSpireMod:TigerMarble","Peace Pipe","Pantograph","Geode","Potion Belt"],"acts_visited":["Exordium"],"potions_floor_usage":[7,13],"damage_taken":[{"damage":0,"enemies":"Small Slimes","floor":1,"turns":1},{"damage":0,"enemies":"Cultist","floor":3,"turns":1},{"damage":0,"enemies":"Gremlin Nob","floor":7,"turns":1},{"damage":41,"enemies":"3 Sentries","floor":10,"turns":10},{"damage":0,"enemies":"Jaw Worm","floor":11,"turns":2},{"damage":11,"enemies":"Exordium Wildlife","floor":13,"turns":5},{"damage":28,"enemies":"Gremlin Nob","floor":14,"turns":4}],"seed_played":"4010754340463052937","potions_obtained":[{"floor":1,"key":"DuplicationPotion"},{"floor":10,"key":"FearPotion"},{"floor":13,"key":"Fire Potion"}],"is_trial":false,"path_per_floor":["M","?","M","?","T","R","E","R","T","E","M","R","M","E"],"character_chosen":"DEFECT","items_purchased":[],"campfire_rested":0,"item_purchase_floors":[],"current_hp_per_floor":[68,68,68,65,65,65,65,65,65,24,24,24,13,0,0],"gold":214,"neow_bonus":"THREE_ENEMY_KILL","is_daily":false,"chose_seed":false,"campfire_upgraded":3,"win_rate":0.0,"timestamp":1607745375,"path_taken":["M","?","?","?","?","R","E","R","T","E","?","R","M","E"],"items_purchased_type":[],"build_version":"2020-11-30","purchased_purges":0,"victory":false,"max_hp_per_floor":[75,75,75,75,75,75,75,75,75,75,75,75,75,75,75],"card_choices":[{"not_picked":["Capacitor","Ball Lightning"],"picked":"Conserve Battery","floor":1},{"not_picked":["Ball Lightning","Compile Driver"],"picked":"Time Bomb","floor":3},{"not_picked":["Beam Cell","Barrage"],"picked":"Streamline","floor":7},{"not_picked":["Rip and Tear","Compile Driver"],"picked":"Panic Button","floor":10},{"not_picked":["Turbo","Crystallizer"],"picked":"Aggregate","floor":11},{"not_picked":["Conserve Battery","Sweeping Beam"],"picked":"Glacier","floor":13}],"player_experience":612385,"relics_obtained":[{"floor":5,"key":"Peace Pipe"},{"floor":7,"key":"Pantograph"},{"floor":9,"key":"Geode"},{"floor":10,"key":"Potion Belt"}],"event_choices":[{"damage_healed":0,"gold_gain":0,"player_choice":"0 cards matched","damage_taken":0,"max_hp_gain":0,"max_hp_loss":0,"event_name":"Match and Keep!","floor":2,"gold_loss":0,"cards_obtained":[]},{"damage_healed":0,"gold_gain":0,"player_choice":"Success","damage_taken":3,"relics_obtained":["ReplayTheSpireMod:TigerMarble"],"max_hp_gain":0,"max_hp_loss":0,"event_name":"Scrap Ooze","floor":4,"gold_loss":0}],"is_beta":false,"boss_relics":[],"items_purged_floors":[],"is_endless":false,"potions_floor_spawned":[1,10,13],"killed_by":"Gremlin Nob","ascension_level":6}}