{"host":"07ljfmttuzqopd7f","time":1607767430,"event":{"mods":["2.2 Compatiblity","BaseMod","Bestiary","Block Reminder","Colored Map","Colored Powertips","Curses Come First","Hermit","Minty Spire (QoL Compilation)","Quick Restart","Random Character Button","Rare Cards Sparkle","Relic Stats","StSLib","The Cursed","UnlockEverythingMod"],"gold_per_floor":[365,365,377,452,24,57,57,84,107,118,146,160,160,171,171,171,171],"floor_reached":16,"playtime":795,"items_purged":["hermit:Strike_Hermit"],"score":150,"play_id":"35af1763-d0d9-4192-b5d8-59b14aaaf659","local_time":"20201212050350","is_ascension_mode":true,"campfire_choices":[{"floor":13,"key":"REST"},{"floor":15,"key":"REST"}],"circlet_count":0,"master_deck":["hermit:Strike_Hermit","hermit:Strike_Hermit","hermit:Strike_Hermit","hermit:Defend_Hermit","hermit:Defend_Hermit","hermit:Defend_Hermit","hermit:Defend_Hermit","hermit:Snapshot","hermit:Covet","hermit:Determination+1","hermit:LuckOfTheDraw","hermit:Deadeye","hermit:Malice","Deep Breath","hermit:RoundhouseKick","Parasite","hermit:Spite","hermit:Misfire","hermit:Virtue","hermit:FlashPowder"],"relics":["hermit:Momento","Akabeko","Ancient Tea Set","Torii","Art of War","Ice Cream"],"acts_visited":["Exordium"],"potions_floor_usage":[8,8,11],"damage_taken":[{"damage":12,"enemies":"Small Slimes","floor":1,"turns":4},{"damage":0,"enemies":"2 Louse","floor":3,"turns":3},{"damage":20,"enemies":"3 Sentries","floor":6,"turns":9},{"damage":13,"enemies":"Gremlin Nob","floor":8,"turns":3},{"damage":0,"enemies":"Cultist","floor":10,"turns":3},{"damage":25,"enemies":"Lagavulin","floor":11,"turns":7},{"damage":2,"enemies":"Gremlin Gang","floor":12,"turns":4},{"damage":9,"enemies":"Blue Slaver","floor":14,"turns":3},{"damage":35,"enemies":"Hexaghost","floor":16,"turns":12}],"seed_played":"-3940760506716492098","potions_obtained":[{"floor":1,"key":"SteroidPotion"},{"floor":3,"key":"Explosive Potion"},{"floor":10,"key":"Strength Potion"}],"is_trial":false,"path_per_floor":["M","?","M","?","$","E","?","E","T","M","E","M","R","M","R","B"],"character_chosen":"HERMIT","items_purchased":["hermit:Deadeye","Akabeko","hermit:Malice","Deep Breath"],"campfire_rested":2,"item_purchase_floors":[5,5,5,5],"current_hp_per_floor":[56,56,56,45,45,25,42,29,29,29,4,2,22,13,33,0,0],"gold":171,"neow_bonus":"TWO_FIFTY_GOLD","is_daily":false,"chose_seed":false,"campfire_upgraded":0,"win_rate":0.0,"timestamp":1607767430,"path_taken":["M","?","M","?","$","E","?","E","T","M","E","M","R","M","R","BOSS"],"items_purchased_type":["Card","Relic","Card","Card"],"build_version":"2020-11-30","purchased_purges":1,"victory":false,"max_hp_per_floor":[68,68,68,68,68,68,68,68,68,68,68,68,68,68,68,68,68],"relic_stats":{"Torii":42,"counters":[9,48],"Art of War":[3],"obtain_stats":[{"Ice Cream":11,"Torii":8,"Art of War":9,"Ancient Tea Set":6,"hermit:Momento":0,"Akabeko":5},{"Ice Cream":6,"Torii":4,"Art of War":4,"Ancient Tea Set":3,"hermit:Momento":0,"Akabeko":2},{"Ice Cream":29,"Torii":19,"Art of War":19,"Ancient Tea Set":16,"hermit:Momento":0,"Akabeko":7}]},"card_choices":[{"not_picked":["hermit:LuckOfTheDraw","hermit:HighCaliber"],"picked":"hermit:Determination","floor":1},{"not_picked":["hermit:BodyArmor","hermit:Scavenge"],"picked":"hermit:LuckOfTheDraw","floor":3},{"not_picked":["hermit:Glare","hermit:Roulette"],"picked":"hermit:RoundhouseKick","floor":6},{"not_picked":["hermit:CursedWeapon","hermit:Ricochet"],"picked":"hermit:Spite","floor":8},{"not_picked":["hermit:Scavenge","hermit:Spite"],"picked":"hermit:Misfire","floor":10},{"not_picked":["hermit:Enervate","hermit:Gestalt"],"picked":"hermit:Virtue","floor":11},{"not_picked":["hermit:Spite","hermit:Misfire","hermit:LuckOfTheDraw"],"picked":"SKIP","floor":12},{"not_picked":["hermit:Vantage","hermit:Spite"],"picked":"hermit:FlashPowder","floor":14}],"player_experience":391839,"relics_obtained":[{"floor":6,"key":"Ancient Tea Set"},{"floor":8,"key":"Torii"},{"floor":9,"key":"Art of War"},{"floor":11,"key":"Ice Cream"}],"event_choices":[{"damage_healed":0,"gold_gain":0,"player_choice":"Grow","damage_taken":0,"max_hp_gain":0,"max_hp_loss":0,"event_name":"Living Wall","floor":2,"gold_loss":0,"cards_upgraded":["hermit:Determination"]},{"damage_healed":0,"gold_gain":75,"player_choice":"Gather Gold","damage_taken":11,"max_hp_gain":0,"max_hp_loss":0,"event_name":"World of Goop","floor":4,"gold_loss":0},{"damage_healed":17,"gold_gain":0,"player_choice":"Healed and dodged fight","damage_taken":0,"max_hp_gain":0,"max_hp_loss":0,"event_name":"Mushrooms","floor":7,"gold_loss":0,"cards_obtained":["Parasite"]}],"is_beta":false,"boss_relics":[],"items_purged_floors":[5],"is_endless":false,"potions_floor_spawned":[1,3,10],"killed_by":"Hexaghost","ascension_level":5}}