{"host":"cglr1m0d8tytrlaz","time":1607759365,"event":{"mods":["2.2 Compatiblity","Alarm Clock","BaseMod","Bestiary","Block Reminder","Colored Powertips","Curses Come First","Hermit","Highlight Path","Jorbs\u0027s Wanderer Trilogy","Minty Spire (QoL Compilation)","Quick Restart","Relic Sorter","Relic Stats","StSLib","The Necromancer","The Runesmith"],"gold_per_floor":[111,126,139,139,119,147,175,187,199,211,234,266,310,322,334,346,346],"floor_reached":16,"playtime":1035,"items_purged":[],"score":114,"play_id":"a055daf6-f65d-4e60-ae15-9faeabf92af0","local_time":"20201212014925","is_ascension_mode":false,"campfire_choices":[{"data":"Blood_Whip","floor":8,"key":"SMITH"},{"data":"Bones_to_Steel","floor":10,"key":"SMITH"},{"floor":15,"key":"REST"}],"circlet_count":0,"master_deck":["Strike_W","Strike_W","Strike_W","Strike_W","Defend_W","Defend_W","Defend_W","Defend_W","Negative_Energy_Arrows","Bone_Wall","Negative_Energy_Javelin","Bones_to_Steel+1","Blood_Whip+1","Blood_Wake","Negative_Energy_Sphere","Summon_Undead","Blood_Curse","Siphon_Strength"],"relics":["Vampire_Amulet","MawBank","Ancient Tea Set","Boot","Golden Idol"],"acts_visited":["Exordium"],"potions_floor_usage":[4,6,13,16],"damage_taken":[{"damage":5,"enemies":"Cultist","floor":1,"turns":5},{"damage":1,"enemies":"Jaw Worm","floor":2,"turns":4},{"damage":0,"enemies":"2 Louse","floor":3,"turns":4},{"damage":6,"enemies":"Gremlin Gang","floor":4,"turns":3},{"damage":38,"enemies":"Lagavulin","floor":6,"turns":9},{"damage":13,"enemies":"Large Slime","floor":7,"turns":6},{"damage":9,"enemies":"Red Slaver","floor":11,"turns":4},{"damage":10,"enemies":"Exordium Wildlife","floor":12,"turns":5},{"damage":15,"enemies":"3 Sentries","floor":13,"turns":7},{"damage":32,"enemies":"Slime Boss","floor":16,"turns":3}],"seed_played":"-7259749254390234735","potions_obtained":[{"floor":2,"key":"SmokeBomb"},{"floor":5,"key":"Strength Potion"},{"floor":6,"key":"Explosive Potion"},{"floor":7,"key":"Swift Potion"}],"is_trial":false,"path_per_floor":["M","M","M","M","?","E","M","R","T","R","M","M","E","?","R","B"],"character_chosen":"NECROMANCER","items_purchased":[],"campfire_rested":1,"item_purchase_floors":[],"current_hp_per_floor":[79,80,82,78,78,42,33,33,33,33,26,20,23,3,27,0,0],"gold":346,"neow_bonus":"TEN_PERCENT_HP_BONUS","is_daily":false,"chose_seed":false,"campfire_upgraded":2,"win_rate":0.0,"timestamp":1607759365,"path_taken":["M","M","M","M","?","E","M","R","T","R","M","?","E","?","R","BOSS"],"items_purchased_type":[],"build_version":"2020-11-30","purchased_purges":0,"victory":false,"max_hp_per_floor":[82,82,82,82,82,82,82,82,82,82,82,82,82,82,82,82,82],"relic_stats":{"counters":[10,50],"Golden Idol":0,"MawBank":120,"Boot":[1],"obtain_stats":[{"Golden Idol":14,"Vampire_Amulet":0,"MawBank":6,"Ancient Tea Set":9,"Boot":13},{"Golden Idol":9,"Vampire_Amulet":0,"MawBank":5,"Ancient Tea Set":6,"Boot":9},{"Golden Idol":47,"Vampire_Amulet":0,"MawBank":25,"Ancient Tea Set":31,"Boot":47}]},"card_choices":[{"not_picked":["Chill_Blood","Bone_Armor"],"picked":"Negative_Energy_Javelin","floor":1},{"not_picked":["Vampiric_Strike","Life_Drain"],"picked":"Bones_to_Steel","floor":2},{"not_picked":["Slay_Living","Death_Coil"],"picked":"Blood_Whip","floor":3},{"not_picked":["Death_March_Dance","Bone_Bullets"],"picked":"Blood_Wake","floor":6},{"not_picked":["Whirlwind_of_Bones","Consume_Illness"],"picked":"Negative_Energy_Sphere","floor":7},{"not_picked":["Bones_to_Steel","Shackles_Of_Pain"],"picked":"Summon_Undead","floor":11},{"not_picked":["Slay_Living","Flesh_Made_Foul"],"picked":"Blood_Curse","floor":12},{"not_picked":["Spectral_Armor","Bone_Shift"],"picked":"Siphon_Strength","floor":13}],"player_experience":1214063,"relics_obtained":[{"floor":6,"key":"MawBank"},{"floor":9,"key":"Ancient Tea Set"},{"floor":13,"key":"Boot"}],"event_choices":[{"damage_healed":0,"gold_gain":0,"player_choice":"Bought 1 Potion","damage_taken":0,"max_hp_gain":0,"max_hp_loss":0,"event_name":"The Woman in Blue","floor":5,"gold_loss":0},{"damage_healed":0,"gold_gain":0,"player_choice":"Take Damage","damage_taken":20,"relics_obtained":["Golden Idol"],"max_hp_gain":0,"max_hp_loss":0,"event_name":"Golden Idol","floor":14,"gold_loss":0}],"is_beta":false,"boss_relics":[],"items_purged_floors":[],"is_endless":false,"potions_floor_spawned":[2,4,6,7],"killed_by":"Slime Boss","ascension_level":0}}