{"host":"njruw0b0uprlitpx","time":1607773795,"event":{"mods":["2.2 Compatiblity","AchievementEnabler","Aspiration","BaseMod","Block Reminder","Colored Map","Colored Powertips","Jedi Mod","Keyboard Shortcuts","Minty Spire (QoL Compilation)","Replay The Spire","Spicy Shops","StSLib","SuperFastMode","The Construct","The Kombatant","The Problem Sleuth","The Spell Scribe"],"gold_per_floor":[368,382,3,178,28,28,62,79,79,79,2,2,20,40,40,164,164,177,201,250,271,25,25,39,53,53,53,53],"floor_reached":27,"playtime":2168,"items_purged":["Languid"],"score":215,"play_id":"8c1c34f2-8e7d-48ee-8210-48629ecce280","local_time":"20201212054955","is_ascension_mode":false,"campfire_choices":[{"floor":6,"key":"REST"},{"data":"construct:QuickAttack","floor":10,"key":"SMITH"},{"data":"construct:ClockworkEgg","floor":23,"key":"SMITH"}],"circlet_count":0,"master_deck":["construct:Strike_Gold","construct:Strike_Gold","construct:Strike_Gold","construct:Strike_Gold","construct:Strike_Gold","construct:Defend_Gold","construct:Defend_Gold","construct:Defend_Gold","construct:Defend_Gold","construct:Defend_Gold","construct:AttackMode","construct:DefenseMode","construct:FierceBash","construct:ShiftGuard+1","construct:MemoryTap+1","construct:ChargeShot+1","Doubt","construct:QuickAttack+1","construct:Disrupt","construct:Isolate","construct:ClusterMines","construct:SweepLaser","construct:Multistage","construct:SuppressiveFire","construct:SaveState","construct:Hazardproof+1","construct:Reserves","construct:ClockworkEgg+1","construct:CriticalHit"],"relics":["construct:ClockworkPhoenix","ReplayTheSpireMod:CursedCoin","jedi:crownofsimplicity","Orichalcum","Golden Idol","Philosopher\u0027s Stone","Replay:PocketPolymizer","Golden Egg"],"acts_visited":["Exordium","TheCity"],"potions_floor_usage":[16,16,21,24],"damage_taken":[{"damage":6,"enemies":"Cultist","floor":1,"turns":3},{"damage":5,"enemies":"Jaw Worm","floor":2,"turns":5},{"damage":13,"enemies":"Gremlin Nob","floor":7,"turns":3},{"damage":0,"enemies":"Small Slimes","floor":8,"turns":3},{"damage":2,"enemies":"Exordium Thugs","floor":13,"turns":3},{"damage":7,"enemies":"Lots of Slimes","floor":14,"turns":4},{"damage":45,"enemies":"The Guardian","floor":16,"turns":12},{"damage":0,"enemies":"Shell Parasite","floor":18,"turns":4},{"damage":0,"enemies":"3 Byrds","floor":19,"turns":2},{"damage":8,"enemies":"Sentry and Sphere","floor":21,"turns":3},{"damage":8,"enemies":"Centurion and Healer","floor":24,"turns":3},{"damage":3,"enemies":"Snecko","floor":25,"turns":3},{"damage":0,"enemies":"Sentry and Sphere","floor":27,"turns":2}],"seed_played":"-7775457623910169359","potions_obtained":[{"floor":2,"key":"Ancient Potion"},{"floor":8,"key":"PowerPotion"},{"floor":16,"key":"AttackPotion"},{"floor":19,"key":"FearPotion"},{"floor":24,"key":"Block Potion"},{"floor":25,"key":"SkillPotion"}],"is_trial":false,"path_per_floor":["M","M","$","?","$","R","E","M","T","R","$","?","M","M","R_BF","B",null,"M","M","?","M","$","R","M","M","T","M"],"character_chosen":"THE_CONSTRUCT_MOD","items_purchased":["ReplayTheSpireMod:CursedCoin","construct:MemoryTap+1","construct:ChargeShot","FearPotion","construct:QuickAttack","PowerPotion","construct:Isolate","construct:ClockworkEgg"],"campfire_rested":1,"item_purchase_floors":[3,3,3,3,5,5,11,22],"current_hp_per_floor":[55,50,50,50,50,75,62,62,62,62,62,41,39,32,57,12,85,85,85,51,43,43,43,35,32,32,32,32],"gold":53,"neow_bonus":"TWO_FIFTY_GOLD","is_daily":false,"chose_seed":false,"campfire_upgraded":2,"win_rate":0.0,"timestamp":1607773795,"path_taken":["M","M","?","?","$","R","E","M","T","R","$","?","M","?","R_BF","BOSS","M","M","?","M","$","R","M","?","T","?"],"items_purchased_type":["Relic","Card","Card","Potion","Card","Potion","Card","Card"],"build_version":"2020-11-30","purchased_purges":1,"victory":false,"max_hp_per_floor":[85,85,85,85,85,85,85,85,85,85,85,85,85,85,85,85,85,85,85,85,85,85,85,85,85,85,85,85],"card_choices":[{"not_picked":["construct:Accumulate","construct:ChargeShot"],"picked":"construct:FierceBash","floor":1},{"not_picked":["construct:ShiftStrike","construct:OmegaCannon"],"picked":"construct:ShiftGuard","floor":2},{"not_picked":["construct:Stasis","construct:Overcharge","construct:Analyze"],"picked":"SKIP","floor":7},{"not_picked":["construct:ModeShift","construct:FlameCore"],"picked":"construct:Disrupt","floor":8},{"not_picked":["construct:Forcefield","construct:Backfire"],"picked":"construct:ClusterMines","floor":13},{"not_picked":["construct:Reinforce","construct:Dampening"],"picked":"construct:SweepLaser","floor":14},{"not_picked":["construct:ShieldBurst","construct:MassProduction"],"picked":"construct:Multistage","floor":16},{"not_picked":["construct:ModeShift","construct:Anticipate+1"],"picked":"construct:SuppressiveFire","floor":18},{"not_picked":["construct:FlameCore","construct:PointDefense"],"picked":"construct:SaveState","floor":19},{"not_picked":["construct:FocusedBeam","construct:Reinforce"],"picked":"construct:Hazardproof+1","floor":20},{"not_picked":["construct:HeavyBolt","construct:HardReboot"],"picked":"construct:Reserves","floor":21},{"not_picked":["construct:Forcefield+1","construct:ModeShift"],"picked":"construct:CriticalHit","floor":24},{"not_picked":["construct:Backfire","construct:Boost","construct:PointDefense"],"picked":"SKIP","floor":25}],"player_experience":1255742,"relics_obtained":[{"floor":7,"key":"jedi:crownofsimplicity"},{"floor":9,"key":"Orichalcum"},{"floor":20,"key":"Replay:PocketPolymizer"},{"floor":26,"key":"Golden Egg"}],"event_choices":[{"damage_healed":0,"gold_gain":175,"player_choice":"AGREE","damage_taken":0,"max_hp_gain":0,"max_hp_loss":0,"event_name":"Liars Game","floor":4,"gold_loss":0,"cards_obtained":["Doubt"]},{"damage_healed":0,"gold_gain":0,"player_choice":"Take Damage","damage_taken":21,"relics_obtained":["Golden Idol"],"max_hp_gain":0,"max_hp_loss":0,"event_name":"Golden Idol","floor":12,"gold_loss":0}],"is_beta":false,"boss_relics":[{"not_picked":["Replay:Ancient Bell","Runic Pyramid"],"picked":"Philosopher\u0027s Stone"}],"items_purged_floors":[3],"is_endless":false,"potions_floor_spawned":[2,8,16,19,24,25],"killed_by":"Sentry and Sphere","ascension_level":0}}