{"host":"f1miojwxaupu79sp","time":1607739041,"event":{"mods":["BaseMod","Better Vampires","Minty Spire (QoL Compilation)","Shop Mod","StSLib"],"gold_per_floor":[113,188,37,37,37,64,64,76,76,104,104,124,124,24,24,127,127,137,12,25,25,40,65,65,83,83,1,1,36,36,50,50,155,155,172,227,227,241,21,52,52,63,63,0,0,14,14,27,27,27],"floor_reached":51,"playtime":2278,"items_purged":["Strike_G","Strike_G","Strike_G","Strike_G"],"score":755,"play_id":"8d0fcd11-1c79-43c9-ba6e-2eb60b01e8d4","local_time":"20201211211041","is_ascension_mode":true,"campfire_choices":[{"data":"Infinite Blades","floor":7,"key":"SMITH"},{"data":"Bouncing Flask","floor":13,"key":"SMITH"},{"data":"Infinite Blades","floor":15,"key":"SMITH"},{"data":"A Thousand Cuts","floor":24,"key":"SMITH"},{"data":"Accuracy","floor":30,"key":"SMITH"},{"data":"J.A.X.","floor":32,"key":"SMITH"},{"floor":41,"key":"REST"},{"data":"After Image","floor":45,"key":"SMITH"},{"floor":47,"key":"REST"},{"floor":49,"key":"REST"}],"circlet_count":0,"master_deck":["Defend_G","Defend_G","Defend_G","Defend_G","Survivor","Neutralize","Infinite Blades+1","Crippling Poison","Infinite Blades+1","Dash","Bouncing Flask+1","Dash","A Thousand Cuts+1","Dash","Accuracy+1","J.A.X.+1","Crippling Poison","After Image+1","Dodge and Roll+1","Footwork","Footwork","Parasite"],"relics":["Ring of the Serpent","Ornamental Fan","MealTicket","Sundial","Matryoshka","Busted Crown","Bottled Flame","Paper Crane","Question Card","Gremlin Horn","Torii","Vajra","Toy Ornithopter","Nunchaku","Red Mask"],"acts_visited":["Exordium","TheCity","TheBeyond"],"potions_floor_usage":[6,23,29,29,31,33,36,40,50],"damage_taken":[{"damage":0,"enemies":"2 Louse","floor":1,"turns":3},{"damage":21,"enemies":"Gremlin Nob","floor":6,"turns":6},{"damage":6,"enemies":"Jaw Worm","floor":8,"turns":4},{"damage":1,"enemies":"Lagavulin","floor":10,"turns":8},{"damage":2,"enemies":"Small Slimes","floor":12,"turns":4},{"damage":32,"enemies":"The Guardian","floor":16,"turns":10},{"damage":3,"enemies":"Spheric Guardian","floor":18,"turns":4},{"damage":0,"enemies":"Chosen","floor":20,"turns":4},{"damage":0,"enemies":"Centurion and Healer","floor":22,"turns":5},{"damage":7,"enemies":"Gremlin Leader","floor":23,"turns":7},{"damage":8,"enemies":"Chosen and Byrds","floor":25,"turns":5},{"damage":7,"enemies":"Book of Stabbing","floor":29,"turns":5},{"damage":15,"enemies":"Snake Plant","floor":31,"turns":3},{"damage":40,"enemies":"Champ","floor":33,"turns":8},{"damage":4,"enemies":"3 Darklings","floor":35,"turns":5},{"damage":46,"enemies":"2 Orb Walkers","floor":36,"turns":6},{"damage":0,"enemies":"Orb Walker","floor":38,"turns":4},{"damage":33,"enemies":"Reptomancer","floor":40,"turns":8},{"damage":0,"enemies":"Writhing Mass","floor":42,"turns":8},{"damage":15,"enemies":"4 Shapes","floor":46,"turns":7},{"damage":0,"enemies":"Spire Growth","floor":48,"turns":8},{"damage":22,"enemies":"Donu and Deca","floor":50,"turns":9}],"seed_played":"7993316300945492591","potions_obtained":[{"floor":1,"key":"SkillPotion"},{"floor":12,"key":"Explosive Potion"},{"floor":16,"key":"SmokeBomb"},{"floor":22,"key":"Energy Potion"},{"floor":23,"key":"Energy Potion"},{"floor":25,"key":"PowerPotion"},{"floor":31,"key":"Poison Potion"},{"floor":35,"key":"Poison Potion"},{"floor":38,"key":"GamblersBrew"},{"floor":46,"key":"Weak Potion"}],"is_trial":false,"path_per_floor":["M","?","$","?","?","E","R","M","T","E","?","M","R","$","R","B",null,"M","$","M","?","M","E","R","M","T","$","?","E","R","M","R","B",null,"M","?","?","M","$","E","R","M","T","?","R","M","R","M","R","B",null],"character_chosen":"THE_SILENT","items_purchased":["Infinite Blades","Accuracy","Footwork"],"campfire_rested":3,"item_purchase_floors":[3,27,39],"current_hp_per_floor":[70,59,59,52,52,31,31,25,25,24,47,45,45,60,60,28,70,67,70,70,70,70,63,63,55,55,70,70,63,63,48,48,8,70,66,20,20,20,35,2,23,23,23,23,23,8,29,29,50,33],"gold":27,"neow_bonus":"TRANSFORM_CARD","is_daily":false,"chose_seed":false,"campfire_upgraded":7,"win_rate":0.0,"timestamp":1607739041,"path_taken":["M","?","$","?","?","E","R","M","T","E","?","M","R","?","R","BOSS","M","$","M","?","M","E","R","M","T","$","?","E","R","M","R","BOSS","M","?","?","M","$","E","R","M","T","?","R","M","R","M","R","BOSS"],"items_purchased_type":["Card","Card","Card"],"build_version":"2020-11-30","purchased_purges":4,"victory":true,"max_hp_per_floor":[70,70,70,70,70,70,70,70,70,70,70,70,70,70,70,70,70,70,70,70,70,70,70,70,70,70,70,70,70,70,70,70,70,70,70,70,70,70,70,70,70,70,70,70,70,70,70,70,70,70],"card_choices":[{"not_picked":["Escape Plan","Flying Knee"],"picked":"Crippling Poison","floor":1},{"not_picked":["Poisoned Stab","Dagger Spray","Backflip"],"picked":"SKIP","floor":6},{"not_picked":["Backflip","Deadly Poison"],"picked":"Dash","floor":8},{"not_picked":["Eviscerate","Bullet Time"],"picked":"Bouncing Flask","floor":10},{"not_picked":["Deadly Poison","Quick Slash"],"picked":"Dash","floor":12},{"not_picked":["Die Die Die","Unload"],"picked":"A Thousand Cuts","floor":16},{"not_picked":["Concentrate"],"picked":"SKIP","floor":18},{"not_picked":[],"picked":"Dash","floor":20},{"not_picked":["Dodge and Roll"],"picked":"SKIP","floor":22},{"not_picked":["Quick Slash+1"],"picked":"SKIP","floor":23},{"not_picked":["Slice"],"picked":"SKIP","floor":25},{"not_picked":["Slice"],"picked":"Crippling Poison","floor":29},{"not_picked":["Distraction","Sucker Punch"],"picked":"SKIP","floor":31},{"not_picked":["Bullet Time"],"picked":"After Image","floor":33},{"not_picked":["Deadly Poison","Riddle With Holes"],"picked":"SKIP","floor":35},{"not_picked":["Deadly Poison"],"picked":"Dodge and Roll+1","floor":38},{"not_picked":["Outmaneuver+1"],"picked":"Footwork","floor":40},{"not_picked":["Slice+1","Poisoned Stab"],"picked":"SKIP","floor":42},{"not_picked":["Dagger Spray+1","Underhanded Strike+1"],"picked":"SKIP","floor":46},{"not_picked":["Acrobatics","Slice+1"],"picked":"SKIP","floor":48}],"player_experience":383056,"relics_obtained":[{"floor":6,"key":"MealTicket"},{"floor":9,"key":"Sundial"},{"floor":10,"key":"Matryoshka"},{"floor":23,"key":"Bottled Flame"},{"floor":26,"key":"Paper Crane"},{"floor":26,"key":"Question Card"},{"floor":29,"key":"Gremlin Horn"},{"floor":36,"key":"Torii"},{"floor":40,"key":"Vajra"},{"floor":43,"key":"Toy Ornithopter"},{"floor":43,"key":"Nunchaku"}],"event_choices":[{"damage_healed":0,"gold_gain":75,"player_choice":"Gather Gold","damage_taken":11,"max_hp_gain":0,"max_hp_loss":0,"event_name":"World of Goop","floor":2,"gold_loss":0},{"damage_healed":0,"gold_gain":0,"player_choice":"Success","damage_taken":7,"relics_obtained":["Ornamental Fan"],"max_hp_gain":0,"max_hp_loss":0,"event_name":"Scrap Ooze","floor":4,"gold_loss":0},{"damage_healed":0,"gold_gain":0,"player_choice":"Ignored","damage_taken":0,"max_hp_gain":0,"max_hp_loss":0,"event_name":"Liars Game","floor":5,"gold_loss":0},{"damage_healed":23,"gold_gain":0,"player_choice":"Banana","damage_taken":0,"max_hp_gain":0,"max_hp_loss":0,"event_name":"Big Fish","floor":11,"gold_loss":0},{"damage_healed":0,"gold_gain":0,"player_choice":"Obtain J.A.X.","damage_taken":0,"max_hp_gain":0,"max_hp_loss":0,"event_name":"Drug Dealer","floor":28,"gold_loss":0,"cards_obtained":["J.A.X."]},{"damage_healed":0,"gold_gain":0,"player_choice":"Fight","damage_taken":0,"max_hp_gain":0,"max_hp_loss":0,"event_name":"Mysterious Sphere","floor":36,"gold_loss":0},{"cards_removed":["Defend_G"],"damage_healed":0,"gold_gain":0,"player_choice":"Removed Skill","damage_taken":0,"max_hp_gain":0,"max_hp_loss":0,"event_name":"Falling","floor":37,"gold_loss":0},{"damage_healed":0,"gold_gain":0,"player_choice":"Paid","damage_taken":0,"relics_obtained":["Red Mask"],"max_hp_gain":0,"max_hp_loss":0,"event_name":"Tomb of Lord Red Mask","floor":44,"gold_loss":63}],"is_beta":false,"boss_relics":[{"not_picked":["Ectoplasm","Tiny House"],"picked":"Busted Crown"},{"not_picked":["Snecko Eye","Fusion Hammer"],"picked":"Ring of the Serpent"}],"items_purged_floors":[3,14,19,39],"is_endless":false,"potions_floor_spawned":[1,12,16,22,23,25,31,35,38,46],"ascension_level":1}}