{"host":"85dtmvttrcbdj5h5","time":1607760792,"event":{"mods":["AchievementEnabler","BaseMod","Bestiary","Colored Map","Colored Powertips","Filter the Spire","Minty Spire (QoL Compilation)","RNG Fix","Relic Stats"],"gold_per_floor":[109,126,138,213,213,245,245,256,329,329,354,371,404,418,418,515,515,533,4,14,33,50,81,101,126,126,126,152,170,204,223,223,322,322,333,38,38,51,51,51,77,77,77,91,125,125,150,161,161,161],"floor_reached":51,"playtime":4977,"items_purged":["Strike_G","Defend_G"],"score":904,"play_id":"9bcd39e3-2c04-4444-83fa-468f92dfded3","local_time":"20201212031312","is_ascension_mode":false,"campfire_choices":[{"data":"Bouncing Flask","floor":7,"key":"SMITH"},{"data":"Deadly Poison","floor":10,"key":"SMITH"},{"data":"Malaise","floor":15,"key":"SMITH"},{"data":"Adrenaline","floor":27,"key":"SMITH"},{"data":"Leg Sweep","floor":32,"key":"SMITH"},{"data":"Well Laid Plans","floor":40,"key":"SMITH"},{"data":"Dark Shackles","floor":46,"key":"SMITH"},{"data":"Footwork","floor":49,"key":"SMITH"}],"circlet_count":0,"master_deck":["Strike_G","Strike_G","Strike_G+1","Strike_G","Defend_G","Defend_G","Defend_G","Defend_G","Survivor","Neutralize","Malaise+1","Poisoned Stab","Bouncing Flask+1","Well Laid Plans+1","Deadly Poison+1","Die Die Die","Skewer","Footwork+1","Dagger Spray+1","Adrenaline+1","Deadly Poison+1","Dark Shackles+1","Blur","Predator","PiercingWail","Leg Sweep+1","Noxious Fumes+1","PiercingWail+1","Tools of the Trade","Escape Plan","Burst+1","Sadistic Nature","Violence","Flash of Steel","Discovery","Acrobatics"],"relics":["Ring of the Snake","Anchor","Matryoshka","Odd Mushroom","Pantograph","Coffee Dripper","Lantern","Vajra","Eternal Feather","Snake Skull","Regal Pillow","Ancient Tea Set","CaptainsWheel","Paper Crane","SlaversCollar","Pen Nib","Happy Flower","Whetstone","Sundial","Orichalcum"],"acts_visited":["Exordium","TheCity","TheBeyond"],"potions_floor_usage":[6,8,11,20,21,23,24,25,25,30,47,47,50],"damage_taken":[{"damage":0,"enemies":"2 Louse","floor":1,"turns":2},{"damage":0,"enemies":"Jaw Worm","floor":2,"turns":4},{"damage":6,"enemies":"Small Slimes","floor":3,"turns":3},{"damage":10,"enemies":"Lagavulin","floor":6,"turns":7},{"damage":2,"enemies":"Exordium Thugs","floor":8,"turns":4},{"damage":6,"enemies":"The Mushroom Lair","floor":11,"turns":5},{"damage":0,"enemies":"3 Louse","floor":12,"turns":2},{"damage":20,"enemies":"Gremlin Nob","floor":13,"turns":4},{"damage":0,"enemies":"Large Slime","floor":14,"turns":6},{"damage":7,"enemies":"Hexaghost","floor":16,"turns":10},{"damage":0,"enemies":"Shell Parasite","floor":18,"turns":5},{"damage":2,"enemies":"2 Thieves","floor":20,"turns":4},{"damage":8,"enemies":"3 Cultists","floor":21,"turns":5},{"damage":4,"enemies":"Snake Plant","floor":22,"turns":3},{"damage":2,"enemies":"Gremlin Leader","floor":23,"turns":4},{"damage":5,"enemies":"Shelled Parasite and Fungi","floor":24,"turns":6},{"damage":0,"enemies":"Slavers","floor":25,"turns":4},{"damage":12,"enemies":"Gremlin Leader","floor":28,"turns":6},{"damage":0,"enemies":"Snecko","floor":29,"turns":5},{"damage":0,"enemies":"Slavers","floor":30,"turns":5},{"damage":0,"enemies":"Sentry and Sphere","floor":31,"turns":4},{"damage":15,"enemies":"Automaton","floor":33,"turns":9},{"damage":0,"enemies":"Orb Walker","floor":35,"turns":4},{"damage":0,"enemies":"3 Shapes","floor":38,"turns":3},{"damage":0,"enemies":"Reptomancer","floor":41,"turns":8},{"damage":0,"enemies":"3 Darklings","floor":44,"turns":5},{"damage":0,"enemies":"Giant Head","floor":45,"turns":8},{"damage":1,"enemies":"Nemesis","floor":47,"turns":5},{"damage":5,"enemies":"Spire Growth","floor":48,"turns":3},{"damage":4,"enemies":"Donu and Deca","floor":50,"turns":8}],"seed_played":"-5463296485213967164","potions_obtained":[{"floor":3,"key":"PowerPotion"},{"floor":6,"key":"Poison Potion"},{"floor":8,"key":"ColorlessPotion"},{"floor":16,"key":"DistilledChaos"},{"floor":21,"key":"Ancient Potion"},{"floor":22,"key":"Strength Potion"},{"floor":23,"key":"LiquidBronze"},{"floor":24,"key":"Dexterity Potion"},{"floor":28,"key":"LiquidMemories"},{"floor":33,"key":"DuplicationPotion"},{"floor":38,"key":"Block Potion"},{"floor":45,"key":"ColorlessPotion"},{"floor":47,"key":"Energy Potion"}],"is_trial":false,"path_per_floor":["M","M","M","?","?","E","R","M","T","R","?","M","E","M","R","B",null,"M","$","M","M","M","E","M","E","T","R","E","M","E","M","R","B",null,"M","$","?","M","?","R","E","?","T","M","E","R","E","M","R","B",null],"character_chosen":"THE_SILENT","items_purchased":["Lantern","Vajra","Dark Shackles","AttackPotion","Sadistic Nature"],"campfire_rested":0,"item_purchase_floors":[19,19,19,19,36],"current_hp_per_floor":[70,70,64,53,70,60,60,58,58,58,52,52,32,32,32,50,70,70,70,68,60,56,54,49,49,49,64,52,52,52,52,70,55,70,70,70,70,70,60,70,70,70,70,70,70,70,69,64,70,66],"gold":161,"neow_bonus":"ONE_RANDOM_RARE_CARD","is_daily":false,"chose_seed":false,"campfire_upgraded":8,"win_rate":0.0,"timestamp":1607760792,"path_taken":["M","M","M","?","?","E","R","M","T","R","?","M","E","M","R","BOSS","M","$","M","M","M","E","M","E","T","R","E","M","E","M","R","BOSS","M","$","?","?","?","R","E","?","T","M","E","R","E","M","R","BOSS"],"items_purchased_type":["Relic","Relic","Card","Potion","Card"],"build_version":"2020-11-30","purchased_purges":2,"victory":true,"max_hp_per_floor":[70,70,70,70,70,70,70,70,70,70,70,70,70,70,70,70,70,70,70,70,70,70,70,70,70,70,70,70,70,70,70,70,70,70,70,70,70,70,70,70,70,70,70,70,70,70,70,70,70,70],"relic_stats":{"Regal Pillow":0,"Happy Flower":[9],"counters":[30,151],"Sundial":[0],"Pantograph":25,"Eternal Feather":49,"Snake Skull":[161],"Pen Nib":[4],"Whetstone":["Dagger Spray","Strike_G"],"Orichalcum":[12],"obtain_stats":[{"Lantern":19,"Regal Pillow":26,"Happy Flower":43,"Vajra":19,"Eternal Feather":23,"Snake Skull":25,"Pen Nib":41,"Whetstone":43,"Odd Mushroom":11,"Paper Crane":30,"Orichalcum":47,"Ancient Tea Set":26,"SlaversCollar":34,"Anchor":6,"CaptainsWheel":28,"Matryoshka":9,"Sundial":45,"Pantograph":13,"Coffee Dripper":17,"Ring of the Snake":0},{"Lantern":11,"Regal Pillow":17,"Happy Flower":25,"Vajra":11,"Eternal Feather":15,"Snake Skull":17,"Pen Nib":25,"Whetstone":25,"Odd Mushroom":6,"Paper Crane":20,"Orichalcum":28,"Ancient Tea Set":17,"SlaversCollar":22,"Anchor":4,"CaptainsWheel":18,"Matryoshka":5,"Sundial":27,"Pantograph":8,"Coffee Dripper":10,"Ring of the Snake":0},{"Lantern":52,"Regal Pillow":78,"Happy Flower":122,"Vajra":52,"Eternal Feather":68,"Snake Skull":78,"Pen Nib":122,"Whetstone":122,"Odd Mushroom":25,"Paper Crane":94,"Orichalcum":140,"Ancient Tea Set":78,"SlaversCollar":107,"Anchor":16,"CaptainsWheel":84,"Matryoshka":20,"Sundial":135,"Pantograph":31,"Coffee Dripper":47,"Ring of the Snake":0}],"Ring of the Snake":[60]},"card_choices":[{"not_picked":["Eviscerate","Quick Slash"],"picked":"Poisoned Stab","floor":1},{"not_picked":["Expertise","Deflect"],"picked":"Flying Knee","floor":2},{"not_picked":["Quick Slash","Endless Agony"],"picked":"Bouncing Flask","floor":3},{"not_picked":["Dodge and Roll","Deflect"],"picked":"Well Laid Plans","floor":6},{"not_picked":["Outmaneuver","Deflect"],"picked":"Deadly Poison","floor":8},{"not_picked":["Outmaneuver","All Out Attack"],"picked":"Die Die Die","floor":11},{"not_picked":["Poisoned Stab","Underhanded Strike"],"picked":"Skewer","floor":12},{"not_picked":["Poisoned Stab","A Thousand Cuts"],"picked":"Footwork","floor":13},{"not_picked":["Flechettes","Flying Knee"],"picked":"Dagger Spray","floor":14},{"not_picked":["Envenom","A Thousand Cuts"],"picked":"Adrenaline","floor":16},{"not_picked":["Riddle With Holes","Skewer"],"picked":"Deadly Poison+1","floor":18},{"not_picked":["Predator","Dagger Spray"],"picked":"Blur","floor":20},{"not_picked":["Flying Knee","Deflect+1"],"picked":"Predator","floor":21},{"not_picked":["Escape Plan","Blade Dance"],"picked":"PiercingWail","floor":22},{"not_picked":["Terror","Dodge and Roll"],"picked":"Leg Sweep","floor":23},{"not_picked":["Endless Agony","PiercingWail","All Out Attack"],"picked":"SKIP","floor":24},{"not_picked":["Sucker Punch","Prepared"],"picked":"Noxious Fumes+1","floor":25},{"not_picked":["Blade Dance","Dagger Throw"],"picked":"PiercingWail+1","floor":28},{"not_picked":["Blade Dance","Dagger Throw","Deflect"],"picked":"SKIP","floor":29},{"not_picked":["Sucker Punch","Prepared"],"picked":"Tools of the Trade","floor":30},{"not_picked":["Flying Knee+1","Sucker Punch"],"picked":"Escape Plan","floor":31},{"not_picked":["Malaise","Glass Knife"],"picked":"Burst","floor":33},{"not_picked":["Deadly Poison+1","Dagger Throw","Poisoned Stab+1"],"picked":"SKIP","floor":35},{"not_picked":["Eviscerate+1","Deflect","Skewer"],"picked":"SKIP","floor":38},{"not_picked":["Enlightenment","Flash of Steel"],"picked":"Violence","floor":39},{"not_picked":["Mind Blast","Trip"],"picked":"Flash of Steel","floor":39},{"not_picked":["Enlightenment","HandOfGreed"],"picked":"Discovery","floor":39},{"not_picked":["Dagger Throw","Sucker Punch","Noxious Fumes"],"picked":"SKIP","floor":41},{"not_picked":["Dagger Spray","Slice"],"picked":"Acrobatics","floor":44},{"not_picked":["Dodge and Roll","PiercingWail+1","Backflip"],"picked":"SKIP","floor":45},{"not_picked":["Sucker Punch+1","Infinite Blades","Deflect"],"picked":"SKIP","floor":47},{"not_picked":["Flying Knee","Flechettes","Unload"],"picked":"SKIP","floor":48}],"player_experience":4682,"relics_obtained":[{"floor":6,"key":"Anchor"},{"floor":9,"key":"Matryoshka"},{"floor":11,"key":"Odd Mushroom"},{"floor":13,"key":"Pantograph"},{"floor":23,"key":"Eternal Feather"},{"floor":25,"key":"Snake Skull"},{"floor":26,"key":"Regal Pillow"},{"floor":26,"key":"Ancient Tea Set"},{"floor":28,"key":"CaptainsWheel"},{"floor":30,"key":"Paper Crane"},{"floor":41,"key":"Pen Nib"},{"floor":43,"key":"Happy Flower"},{"floor":43,"key":"Whetstone"},{"floor":45,"key":"Sundial"},{"floor":47,"key":"Orichalcum"}],"event_choices":[{"damage_healed":0,"gold_gain":75,"player_choice":"Gather Gold","damage_taken":11,"max_hp_gain":0,"max_hp_loss":0,"event_name":"World of Goop","floor":4,"gold_loss":0},{"damage_healed":23,"gold_gain":0,"player_choice":"Banana","damage_taken":0,"max_hp_gain":0,"max_hp_loss":0,"event_name":"Big Fish","floor":5,"gold_loss":0},{"damage_healed":0,"gold_gain":0,"player_choice":"Fought Mushrooms","damage_taken":0,"max_hp_gain":0,"max_hp_loss":0,"event_name":"Mushrooms","floor":11,"gold_loss":0},{"damage_healed":0,"gold_gain":0,"player_choice":"Forge","damage_taken":0,"max_hp_gain":0,"max_hp_loss":0,"event_name":"Accursed Blacksmith","floor":37,"gold_loss":0,"cards_upgraded":["Burst"]},{"damage_healed":0,"gold_gain":0,"player_choice":"Memory 3","damage_taken":10,"max_hp_gain":0,"max_hp_loss":0,"event_name":"SensoryStone","floor":39,"gold_loss":0},{"cards_removed":["Flying Knee"],"damage_healed":0,"gold_gain":0,"player_choice":"Removed Attack","damage_taken":0,"max_hp_gain":0,"max_hp_loss":0,"event_name":"Falling","floor":42,"gold_loss":0}],"is_beta":false,"boss_relics":[{"not_picked":["Sozu","Ectoplasm"],"picked":"Coffee Dripper"},{"not_picked":["WristBlade","Runic Pyramid"],"picked":"SlaversCollar"}],"items_purged_floors":[19,36],"is_endless":false,"potions_floor_spawned":[3,6,8,16,21,22,23,24,28,33,38,45,47],"ascension_level":0}}