{"host":"u5hfrceatticevdm","time":1607751312,"event":{"mods":["2.2 Compatiblity","Act Like it!","Alarm Clock","Aspiration","BaseMod","Better Synergies","Conspire","Downfall","Energized Spire","Friendly Minions","GifTheSpireLib","Halation","HexUI Lib","Hubris","Humility","Hyrulean Relics","Magineer Mod","Minty Spire (QoL Compilation)","Replay The Spire","Small Relic Pack","Spicy Shops","Spikes Relics","StSLib","Stuff the Spire","The Construct","Unceasing Turn Reminder","Useless Jewels Mod","Waifu the Spire","vexMod"],"gold_per_floor":[114,114,114,114,126,157,157,157,157],"floor_reached":8,"playtime":309,"items_purged":[],"score":54,"play_id":"fb7eaca7-bb03-4600-bad3-8969f7ce609a","local_time":"20201212003512","is_ascension_mode":false,"campfire_choices":[{"floor":7,"key":"REST"}],"circlet_count":0,"master_deck":["Strike_B+1","Strike_B","Strike_B","Strike_B","Defend_B","Defend_B","Defend_B","Defend_B","Zap+1","Dualcast+1","Redo","Double Energy","Double Energy"],"relics":["Cracked Core","relicPack:AllForOne","StuffTheSpire:Experiment12"],"acts_visited":["Exordium"],"potions_floor_usage":[],"damage_taken":[{"damage":0,"enemies":"Small Slimes","floor":1,"turns":2},{"damage":0,"enemies":"2 Louse","floor":5,"turns":2},{"damage":31,"enemies":"Lagavulin","floor":6,"turns":6},{"damage":51,"enemies":"3 Sentries","floor":8,"turns":5}],"seed_played":"-4729520617886259396","potions_obtained":[{"floor":5,"key":"SteroidPotion"}],"is_trial":false,"path_per_floor":["M","?","?","?","M","E","R","E"],"character_chosen":"DEFECT","items_purchased":[],"campfire_rested":1,"item_purchase_floors":[],"current_hp_per_floor":[75,60,60,60,60,29,51,0,0],"gold":157,"neow_bonus":"RANDOM_EVENT","is_daily":false,"chose_seed":false,"campfire_upgraded":0,"win_rate":0.0,"timestamp":1607751312,"path_taken":["M","?","?","?","M","E","R","E"],"items_purchased_type":[],"build_version":"2020-11-30","purchased_purges":0,"victory":false,"max_hp_per_floor":[75,75,75,75,75,75,75,75,75],"card_choices":[{"not_picked":["BasicCrystalCard","ReplayTheSpireMod:Repulse"],"picked":"Redo","floor":1},{"not_picked":["Barrage","Gash"],"picked":"Double Energy","floor":5},{"not_picked":["Barrage","ReplayTheSpireMod:Omega Cannon"],"picked":"Double Energy","floor":6}],"player_experience":757357,"relics_obtained":[{"floor":6,"key":"StuffTheSpire:Experiment12"}],"event_choices":[{"damage_healed":0,"gold_gain":0,"player_choice":"Grow","damage_taken":0,"max_hp_gain":0,"max_hp_loss":0,"event_name":"Living Wall","floor":0,"gold_loss":0,"cards_upgraded":["Zap"]},{"damage_healed":0,"gold_gain":0,"player_choice":"Entered Light","damage_taken":15,"max_hp_gain":0,"max_hp_loss":0,"event_name":"Shining Light","floor":2,"gold_loss":0,"cards_upgraded":["Strike_B","Dualcast"]},{"damage_healed":0,"gold_gain":0,"player_choice":"Leave","damage_taken":0,"max_hp_gain":0,"max_hp_loss":0,"event_name":"The Cleric","floor":3,"gold_loss":0}],"is_beta":false,"boss_relics":[],"items_purged_floors":[],"is_endless":false,"potions_floor_spawned":[5],"killed_by":"3 Sentries","ascension_level":0}}