{"host":"mytek2nu1hrzdnew","time":1607744632,"event":{"mods":["Aspiration","BaseMod","Conspire","GifTheSpireLib","Gold Saver","Hubris","Infinite Spire","Minty Spire (QoL Compilation)","Replay The Spire","StSLib","Stuff the Spire","The Animator"],"gold_per_floor":[376,396,406,429,440,440,460,460,460,460,486,486,500,525,535,554,554,671,671,687,554,564,51,68,68,68,83,83,83,83,101,101,116,116,221,221,239,252,252,252],"floor_reached":39,"playtime":4177,"items_purged":[],"score":429,"play_id":"e6375299-da1b-4ecb-8401-87dba040f52e","local_time":"20201211224352","is_ascension_mode":false,"campfire_choices":[{"floor":6,"key":"REST"},{"floor":10,"key":"REST"},{"floor":17,"key":"REST"},{"floor":25,"key":"REST"},{"data":"animator:Aisha","floor":30,"key":"SMITH"},{"data":"animator:Millim+1","floor":32,"key":"SMITH"},{"data":"animator:Strike","floor":34,"key":"PURGE"}],"circlet_count":0,"master_deck":["animator:Strike_MadokaMagica","animator:Defend_MadokaMagica","animator:Strike+1","animator:Strike","animator:Defend","animator:Defend","animator:Defend+1","animator:IrohaTamaki","animator:YuiTsuruno","animator:Zero","animator:PandorasActor","animator:Aisha+1","animator:IrohaTamaki","animator:NagisaMomoe","animator:YuiTsuruno","animator:PandorasActor","infinitespire:FutureSight","animator:Millim+2","animator:Bozes","animator:MamiTomoe","animator:Rena","animator:HigakiRinne","animator:Konayuki","animator:RoryMercury","animator:TukaLunaMarceau","animator:TukaLunaMarceau","animator:YachiyoNanami","animator:NagisaMomoe","animator:PandorasActor","animator:Shuna+1","animator:Eve","animator:PandorasActor","animator:Rena+1"],"relics":["animator:LivingPicture","animator:TheMissingPiece","Pet Ghost","Odd Mushroom","aspiration:FutureDiary","Ornamental Fan","animator:CerealBox","Tiny Chest","Simple Rune","StuffTheSpire:Tea","Philosopher\u0027s Stone"],"acts_visited":["Exordium","TheCity","TheBeyond"],"potions_floor_usage":[18,18,18,27,38,39],"damage_taken":[{"damage":2,"enemies":"2 Louse","floor":1,"turns":3},{"damage":0,"enemies":"Small Slimes","floor":2,"turns":3},{"damage":5,"enemies":"Cultist","floor":3,"turns":4},{"damage":7,"enemies":"Blue Slaver","floor":4,"turns":4},{"damage":20,"enemies":"3 Louse","floor":5,"turns":6},{"damage":6,"enemies":"2 Fungi Beasts","floor":7,"turns":4},{"damage":4,"enemies":"Large Slime","floor":13,"turns":7},{"damage":15,"enemies":"The Mushroom Lair","floor":14,"turns":5},{"damage":9,"enemies":"Blue Slaver","floor":15,"turns":5},{"damage":6,"enemies":"Looter","floor":16,"turns":3},{"damage":27,"enemies":"Fading Forest","floor":18,"turns":11},{"damage":13,"enemies":"Spheric Guardian","floor":20,"turns":4},{"damage":7,"enemies":"3 Byrds","floor":22,"turns":7},{"damage":13,"enemies":"Snake Plant","floor":24,"turns":6},{"damage":38,"enemies":"Cultist and Chosen","floor":27,"turns":11},{"damage":2,"enemies":"Centurion and Healer","floor":31,"turns":8},{"damage":24,"enemies":"Snake Plant","floor":33,"turns":5},{"damage":32,"enemies":"Champ","floor":35,"turns":12},{"damage":46,"enemies":"3 Shapes","floor":37,"turns":3},{"damage":13,"enemies":"3 Darklings","floor":38,"turns":4},{"damage":21,"enemies":"Writhing Mass","floor":39,"turns":3}],"seed_played":"7688120516403903919","potions_obtained":[{"floor":1,"key":"Strength Potion"},{"floor":4,"key":"Dexterity Potion"},{"floor":5,"key":"conspire:TimeTravelPotion"},{"floor":16,"key":"BlessingOfTheForge"},{"floor":24,"key":"animator:FalseLifePotion"},{"floor":27,"key":"Explosive Potion"},{"floor":35,"key":"Doom Potion"}],"is_trial":false,"path_per_floor":["M","M","M","M","M","R","M","PTL","PTL","R","T","?","M","?","M","M","R","B",null,"M","?","M","$","M","R","$","M","T","?","R","M","R","M","R","B",null,"M","M","M"],"character_chosen":"THE_ANIMATOR","items_purchased":["animator:CerealBox","animator:TukaLunaMarceau","animator:YachiyoNanami","Tiny Chest","Simple Rune"],"campfire_rested":4,"item_purchase_floors":[23,23,23,23,23],"current_hp_per_floor":[64,64,59,52,32,51,45,45,45,64,64,48,44,29,21,15,35,18,67,55,55,48,48,47,67,67,29,29,51,51,49,49,25,25,5,68,22,13,0,0],"gold":252,"neow_bonus":"RANDOM_COLORLESS","is_daily":false,"chose_seed":false,"campfire_upgraded":2,"win_rate":0.0,"timestamp":1607744632,"path_taken":["M","M","M","M","M","R","M","PTL","PTL","R","T","?","M","?","M","M","R","BOSS","M","?","M","$","M","R","?","M","T","?","R","M","R","M","R","BOSS","M","M","M"],"items_purchased_type":["Relic","Card","Card","Relic","Relic"],"build_version":"2020-11-30","purchased_purges":0,"victory":false,"max_hp_per_floor":[66,66,66,66,66,66,66,66,66,66,66,66,66,66,67,67,67,67,67,68,68,68,68,68,68,68,68,68,68,68,68,68,68,68,68,68,68,68,68,68],"card_choices":[{"not_picked":["animator:Kagari","animator:NononJakuzure"],"picked":"animator:Zero","floor":0},{"not_picked":["animator:Elsword","animator:Bozes"],"picked":"animator:PandorasActor","floor":1},{"not_picked":["animator:Hitei","animator:Kuribayashi"],"picked":"animator:Aisha","floor":2},{"not_picked":["animator:Nanami","animator:Azekura"],"picked":"animator:IrohaTamaki","floor":3},{"not_picked":["animator:YachiyoNanami","animator:YuiTsuruno"],"picked":"animator:NagisaMomoe","floor":4},{"not_picked":["animator:Ain","animator:Azekura"],"picked":"animator:YuiTsuruno","floor":5},{"not_picked":["animator:IzunaHatsuse","animator:Ain"],"picked":"animator:PandorasActor","floor":7},{"not_picked":["ReplayTheSpireMod:Black Plague","infinitespire:FinalStrike"],"picked":"infinitespire:FutureSight","floor":12},{"not_picked":["animator:Shion","animator:Lu"],"picked":"animator:Millim","floor":13},{"not_picked":["animator:Raven","animator:Add"],"picked":"animator:Bozes","floor":14},{"not_picked":["animator:KyokoSakura","animator:OrikoMikuni"],"picked":"animator:MamiTomoe","floor":15},{"not_picked":["animator:Tet","animator:Demiurge"],"picked":"animator:Rena","floor":16},{"not_picked":["animator:Biyorigo","animator:Elesis"],"picked":"animator:HigakiRinne","floor":18},{"not_picked":["animator:Emonzaemon","animator:YachiyoNanami"],"picked":"animator:Konayuki","floor":20},{"not_picked":["animator:Tet","animator:ZankiKiguchi"],"picked":"animator:RoryMercury","floor":22},{"not_picked":["animator:OrikoMikuni","animator:SayakaMiki"],"picked":"animator:NagisaMomoe","floor":24},{"not_picked":["animator:IrohaTamaki+1","animator:Kuribayashi"],"picked":"animator:PandorasActor","floor":27},{"not_picked":["animator:TukaLunaMarceau","animator:OrikoMikuni"],"picked":"animator:Millim","floor":31},{"not_picked":["animator:YachiyoNanami+1","animator:DolaSchwi"],"picked":"animator:Shuna+1","floor":33},{"not_picked":["animator:ItamiYouji","animator:Kyubey"],"picked":"animator:Eve","floor":35},{"not_picked":["animator:NarberalGamma","animator:Cocytus"],"picked":"animator:PandorasActor","floor":37},{"not_picked":["animator:Demiurge","animator:Vesta"],"picked":"animator:Rena+1","floor":38}],"player_experience":1079521,"relics_obtained":[{"floor":11,"key":"Pet Ghost"},{"floor":14,"key":"Odd Mushroom"},{"floor":28,"key":"StuffTheSpire:Tea"}],"event_choices":[{"damage_healed":0,"gold_gain":0,"player_choice":"Fought Mushrooms","damage_taken":0,"max_hp_gain":0,"max_hp_loss":0,"event_name":"Mushrooms","floor":14,"gold_loss":0},{"damage_healed":0,"gold_gain":0,"player_choice":"Paid Gold","damage_taken":0,"relics_obtained":["Ornamental Fan"],"max_hp_gain":0,"max_hp_loss":0,"event_name":"WeMeetAgain","floor":21,"gold_loss":133},{"damage_healed":22,"gold_gain":0,"player_choice":"Heal","damage_taken":0,"max_hp_gain":0,"max_hp_loss":0,"event_name":"The Library","floor":29,"gold_loss":0}],"is_beta":false,"boss_relics":[{"not_picked":["animator:CursedBlade","StuffTheSpire:RunicHypercube"],"picked":"aspiration:FutureDiary"},{"not_picked":["Coffee Dripper","ChewingGum"],"picked":"Philosopher\u0027s Stone"}],"items_purged_floors":[],"is_endless":false,"potions_floor_spawned":[1,4,5,16,24,27,35],"killed_by":"Writhing Mass","ascension_level":0}}