{"host":"rjmu5g8hpiele53d","time":1607805021,"event":{"mods":["2.2 Compatiblity","BaseMod","Downfall","GifTheSpireLib","Minty Spire (QoL Compilation)","StSLib"],"gold_per_floor":[0,150,169,189,189,200,200,200,220,247,259,12,24,24,42,42,42],"floor_reached":16,"playtime":1269,"items_purged":["Pain"],"score":104,"play_id":"bc21f872-031f-4052-b9c6-748c7c3fcf16","local_time":"20201212203021","is_ascension_mode":false,"campfire_choices":[{"data":"hexamod:Float","floor":1,"key":"SMITH"},{"data":"hexamod:RainOfEmbers","floor":5,"key":"SMITH"}],"circlet_count":0,"master_deck":["hexamod:Strike","hexamod:Strike","hexamod:Strike","hexamod:Strike","hexamod:Defend","hexamod:Defend","hexamod:Defend","hexamod:Defend","hexamod:Sear","hexamod:Float+1","Slimebound:Icky","hexamod:RainOfEmbers+1","hexamod:PhantomCloak","hexamod:DynamicBlow","hexamod:SearingWound","hexamod:SoulSteal","hexamod:Firestarter","hexamod:InspiringFlames","expansioncontent:LastStand","hexamod:SpectersWail","hexamod:FirstSeal","hexamod:FastForward"],"relics":["hexamod:SpiritBrand","TungstenRod","Gremlin Horn","WarpedTongs","StrikeDummy"],"acts_visited":["Exordium"],"potions_floor_usage":[16],"damage_taken":[{"damage":0,"enemies":"2 Louse","floor":3,"turns":3},{"damage":8,"enemies":"Small Slimes","floor":4,"turns":3},{"damage":0,"enemies":"Cultist","floor":6,"turns":3},{"damage":0,"enemies":"Blue Slaver","floor":9,"turns":3},{"damage":9,"enemies":"3 Sentries","floor":10,"turns":9},{"damage":12,"enemies":"Red Slaver","floor":11,"turns":3},{"damage":5,"enemies":"downfall:FleeingMerchant","floor":12,"turns":4},{"damage":2,"enemies":"2 Fungi Beasts","floor":13,"turns":3},{"damage":0,"enemies":"Exordium Wildlife","floor":15,"turns":3},{"damage":36,"enemies":"downfall:CharBossDefect","floor":16,"turns":5}],"seed_played":"967733454303204803","potions_obtained":[{"floor":3,"key":"hexamod:EctoCoolerPotion"},{"floor":9,"key":"CultistPotion"},{"floor":13,"key":"BlessingOfTheForge"},{"floor":15,"key":"Swift Potion"}],"is_trial":false,"path_per_floor":["R","?","M","M","R","M","T","?","M","E","M","$","M","?","M","B"],"character_chosen":"THE_SPIRIT","items_purchased":["hexamod:Firestarter","hexamod:InspiringFlames","expansioncontent:LastStand"],"campfire_rested":0,"item_purchase_floors":[12,12,12],"current_hp_per_floor":[70,70,70,62,62,62,62,62,62,53,41,36,34,28,35,0,0],"gold":42,"neow_bonus":"ONE_RARE_RELIC","is_daily":false,"chose_seed":false,"campfire_upgraded":2,"win_rate":0.0,"timestamp":1607805021,"path_taken":["R","?","M","M","R","M","T","?","?","E","M","$","M","?","M","BOSS"],"items_purchased_type":["Card","Card","Card"],"build_version":"2020-11-30","purchased_purges":1,"victory":false,"max_hp_per_floor":[70,70,70,70,70,70,70,70,70,70,70,70,70,70,70,70,70],"card_choices":[{"not_picked":["hexamod:BacktrackSmack","hexamod:BurningTouch"],"picked":"hexamod:RainOfEmbers","floor":3},{"not_picked":["hexamod:RainOfEmbers","hexamod:SwordOfDarkness"],"picked":"hexamod:PhantomCloak","floor":4},{"not_picked":["hexamod:ThermalTransfer","hexamod:AdvancingGuard"],"picked":"hexamod:DynamicBlow","floor":6},{"not_picked":["hexamod:CatchUp","hexamod:FirstSeal"],"picked":"hexamod:SearingWound","floor":9},{"not_picked":["hexamod:SwordOfDarkness","hexamod:DynamicBlow"],"picked":"hexamod:SoulSteal","floor":10},{"not_picked":["hexamod:GhostShield","hexamod:NightmareStrike","hexamod:GhostLash"],"picked":"SKIP","floor":11},{"not_picked":["hexamod:HauntingEcho","hexamod:GhostflameBarrier"],"picked":"hexamod:SpectersWail","floor":13},{"not_picked":["hexamod:SpectersWail","hexamod:InspiringFlames"],"picked":"hexamod:FastForward","floor":15}],"player_experience":1519185,"relics_obtained":[{"floor":7,"key":"Gremlin Horn"},{"floor":10,"key":"StrikeDummy"}],"event_choices":[{"damage_healed":0,"gold_gain":0,"player_choice":"Rummage","damage_taken":0,"relics_obtained":["WarpedTongs"],"max_hp_gain":0,"max_hp_loss":0,"event_name":"Accursed Blacksmith","floor":8,"gold_loss":0,"cards_obtained":["Pain"]}],"is_beta":false,"boss_relics":[],"items_purged_floors":[12],"is_endless":false,"potions_floor_spawned":[3,9,13,15],"killed_by":"downfall:CharBossDefect","ascension_level":0}}