{"host":"sct5htsgcw1q318k","time":1607807565,"event":{"mods":["BaseMod","Colored Map","Minty Spire (QoL Compilation)","Permanent Neow"],"gold_per_floor":[219,169,185,260,13,13,25,60,60,60,85,85,100,118,118,118,118],"floor_reached":16,"playtime":886,"items_purged":[],"score":223,"play_id":"bc676e85-089e-4759-87c4-9e8a32039e81","local_time":"20201212151245","is_ascension_mode":true,"campfire_choices":[{"data":"Whirlwind","floor":6,"key":"SMITH"},{"data":"Flex","floor":12,"key":"SMITH"},{"data":"Bash","floor":15,"key":"SMITH"}],"circlet_count":0,"master_deck":["AscendersBane","Strike_R","Strike_R","Strike_R","Strike_R","Defend_R","Defend_R","Defend_R","Defend_R","Bash+1","Twin Strike","Reaper","Whirlwind+1","Feed","Shrug It Off","Flex+1"],"relics":["Burning Blood","Champion Belt","TungstenRod","Bottled Flame","Bag of Preparation"],"acts_visited":["Exordium"],"potions_floor_usage":[11,16,16],"damage_taken":[{"damage":5,"enemies":"Small Slimes","floor":1,"turns":3},{"damage":2,"enemies":"Jaw Worm","floor":3,"turns":3},{"damage":1,"enemies":"Cultist","floor":7,"turns":4},{"damage":66,"enemies":"Lagavulin","floor":8,"turns":10},{"damage":0,"enemies":"3 Sentries","floor":11,"turns":1},{"damage":0,"enemies":"Exordium Thugs","floor":13,"turns":2},{"damage":16,"enemies":"Blue Slaver","floor":14,"turns":4},{"damage":36,"enemies":"Hexaghost","floor":16,"turns":10}],"seed_played":"2048003498098544630","potions_obtained":[{"floor":8,"key":"DuplicationPotion"},{"floor":11,"key":"Weak Potion"}],"is_trial":false,"path_per_floor":["M","?","M","?","$","R","M","E","T","T","E","R","M","M","R","B"],"character_chosen":"IRONCLAD","items_purchased":["Reaper","PowerPotion","Whirlwind"],"campfire_rested":0,"item_purchase_floors":[5,5,5],"current_hp_per_floor":[73,73,77,66,66,66,75,23,23,23,29,29,38,35,35,0,0],"gold":118,"neow_bonus":"HUNDRED_GOLD","is_daily":false,"chose_seed":false,"campfire_upgraded":3,"win_rate":0.0,"timestamp":1607807565,"path_taken":["M","?","M","?","$","R","M","E","T","?","E","R","M","M","R","BOSS"],"items_purchased_type":["Card","Potion","Card"],"build_version":"2020-11-30","purchased_purges":0,"victory":false,"max_hp_per_floor":[80,80,80,80,80,80,80,83,83,83,83,83,86,89,89,89,89],"card_choices":[{"not_picked":["Iron Wave","Shrug It Off"],"picked":"Twin Strike","floor":1},{"not_picked":["Dark Embrace","Burning Pact","Heavy Blade"],"picked":"SKIP","floor":3},{"not_picked":["Clothesline","Entrench"],"picked":"Feed","floor":7},{"not_picked":["Barricade","Havoc"],"picked":"Shrug It Off","floor":8},{"not_picked":["Double Tap","Cleave"],"picked":"Flex","floor":11},{"not_picked":["Rage","Rupture","Heavy Blade"],"picked":"SKIP","floor":13},{"not_picked":["Power Through","Pommel Strike","Heavy Blade"],"picked":"SKIP","floor":14}],"player_experience":742575,"relics_obtained":[{"floor":8,"key":"Champion Belt"},{"floor":9,"key":"TungstenRod"},{"floor":10,"key":"Bottled Flame"},{"floor":11,"key":"Bag of Preparation"}],"event_choices":[{"cards_removed":["Strike_R"],"damage_healed":0,"gold_gain":0,"player_choice":"Card Removal","damage_taken":0,"max_hp_gain":0,"max_hp_loss":0,"event_name":"The Cleric","floor":2,"gold_loss":50},{"damage_healed":0,"gold_gain":75,"player_choice":"Gather Gold","damage_taken":11,"max_hp_gain":0,"max_hp_loss":0,"event_name":"World of Goop","floor":4,"gold_loss":0}],"is_beta":false,"boss_relics":[],"items_purged_floors":[],"is_endless":false,"potions_floor_spawned":[8,11],"killed_by":"Hexaghost","ascension_level":13}}