{"host":"owp3md0algd3028i","time":1607743861,"event":{"mods":["AchievementEnabler","Aspiration","BaseMod","BetterRewards","Colored Map","Colored Powertips","Conspire","Custom Start","DeckTracker","Defuse TimeMaze Blight","Downfall","Energized Spire","GifTheSpireLib","Halation","Hermit","Highlight Path","Hubris","Infinite Spire","Marisa????????","Minty Spire (QoL Compilation)","Permanent Neow","Quick Restart","Replay The Spire","Reworked Bosses","Shop Mod","StSLib","Stuff the Spire","SuperFastMode","vexMod"],"gold_per_floor":[117,117,135,135,135,160,160,186,186,203,54,64,64,91,91,97,97],"floor_reached":16,"playtime":747,"items_purged":[],"score":108,"play_id":"cce09e8a-f052-4be9-a481-d38cb5fa3e67","local_time":"20201211213101","is_ascension_mode":false,"campfire_choices":[{"floor":7,"key":"REST"},{"floor":13,"key":"REST"},{"floor":15,"key":"REST"}],"circlet_count":0,"master_deck":["hermit:Strike_Hermit","hermit:Strike_Hermit","hermit:Strike_Hermit","hermit:Strike_Hermit","hermit:Defend_Hermit","hermit:Defend_Hermit","hermit:Defend_Hermit","hermit:Defend_Hermit","hermit:Snapshot","hermit:Covet","hermit:Reprieve","hermit:GhostlyPresence","Deep Breath","hermit:Roughhouse","hermit:GoldenBullet","hexamod:Haunted","Replay:Hysterical Blindness","infinitespire:Fortify","hermit:Horror","hermit:Maintenance","hermit:Maintenance","hermit:Cheat"],"relics":["hermit:Momento","Darkstone Periapt","Replay:Rubber Ducky","aspiration:HummingbirdHeart","Boot","Replay:Bandana"],"acts_visited":["Exordium"],"potions_floor_usage":[16,16],"damage_taken":[{"damage":1,"enemies":"2 Louse","floor":1,"turns":5},{"damage":9,"enemies":"infinitespire:Voidling","floor":3,"turns":5},{"damage":44,"enemies":"Lagavulin","floor":6,"turns":8},{"damage":32,"enemies":"Replay:BlueRogue","floor":8,"turns":7},{"damage":9,"enemies":"Cultist","floor":10,"turns":5},{"damage":14,"enemies":"2 Fungi Beasts","floor":12,"turns":7},{"damage":65,"enemies":"Slime Boss","floor":16,"turns":8}],"seed_played":"1087485763521004066","potions_obtained":[{"floor":1,"key":"FearPotion"},{"floor":10,"key":"AttackPotion"}],"is_trial":false,"path_per_floor":["M","?","M","$","?","E","R","E","T","M","$","M","R","T","R","B"],"character_chosen":"HERMIT","items_purchased":["Boot"],"campfire_rested":3,"item_purchase_floors":[11],"current_hp_per_floor":[74,74,65,65,65,25,47,27,27,22,22,16,38,38,60,0,0],"gold":97,"neow_bonus":"ONE_RANDOM_RARE_CARD","is_daily":false,"chose_seed":false,"campfire_upgraded":0,"win_rate":0.0,"timestamp":1607743861,"path_taken":["M","?","?","?","?","E","R","E","T","M","$","M","R","?","R","BOSS"],"items_purchased_type":["Relic"],"build_version":"2020-11-30","purchased_purges":0,"victory":false,"max_hp_per_floor":[75,75,75,75,75,75,75,75,75,75,75,75,75,75,75,75,75],"card_choices":[{"not_picked":["hermit:HoleUp","hermit:CalledShot"],"picked":"hermit:GhostlyPresence","floor":1},{"not_picked":["hermit:HighCaliber","hermit:WideOpen"],"picked":"hermit:GoldenBullet","floor":3},{"not_picked":["hubris:Rewind","ReplayTheSpireMod:??????????????????????"],"picked":"infinitespire:Fortify","floor":5},{"not_picked":["hermit:ItchyTrigger","hermit:HoleUp"],"picked":"hermit:Horror","floor":6},{"not_picked":["hermit:HighCaliber","hermit:Glare"],"picked":"hermit:Maintenance","floor":8},{"not_picked":["hermit:Roulette","hermit:Coalescence"],"picked":"hermit:Maintenance","floor":10},{"not_picked":["hermit:GhostlyPresence","hermit:ItchyTrigger"],"picked":"hermit:Cheat","floor":12}],"player_experience":40357,"relics_obtained":[{"floor":6,"key":"Darkstone Periapt"},{"floor":8,"key":"Replay:Rubber Ducky"},{"floor":9,"key":"aspiration:HummingbirdHeart"},{"floor":14,"key":"Replay:Bandana"}],"event_choices":[{"damage_healed":0,"gold_gain":0,"player_choice":"2 cards matched","damage_taken":0,"max_hp_gain":0,"max_hp_loss":0,"event_name":"Match and Keep!","floor":2,"gold_loss":0,"cards_obtained":["Deep Breath","hermit:Roughhouse"]}],"is_beta":false,"boss_relics":[],"items_purged_floors":[],"is_endless":false,"potions_floor_spawned":[1,10],"killed_by":"Slime Boss","ascension_level":0}}