{"host":"1","time":1607802299,"event":{"mods":["Act Like it!","BaseMod","Better Third Choice","Hubris","Jorbs\u0027s Wanderer Trilogy","Minty Spire (QoL Compilation)","Replay The Spire","Shade Mod","StSLib","The Cursed","The Mystic","Wandering Minibosses"],"gold_per_floor":[109,123,2,2,198,224,236,263,263,295,308,308,284,295,295,295,295],"floor_reached":16,"playtime":702,"items_purged":[],"score":135,"play_id":"1a18c14d-780e-42ae-95d7-898f7f2977e9","local_time":"20201212224459","is_ascension_mode":false,"campfire_choices":[{"data":"mysticmod:MagicMissile","floor":12,"key":"SMITH"},{"floor":15,"key":"REST"}],"circlet_count":0,"master_deck":["mysticmod:Strike_Mystic","mysticmod:Strike_Mystic","mysticmod:Strike_Mystic","mysticmod:Strike_Mystic","mysticmod:Defend_Mystic","mysticmod:Defend_Mystic","mysticmod:Defend_Mystic","mysticmod:Defend_Mystic","mysticmod:ArcaneDodge","mysticmod:ShockingGrasp","mysticmod:PowerSlash","mysticmod:MightyMagic","mysticmod:RapidCaster","mysticmod:LightningBolt","mysticmod:Riposte","mysticmod:MagicMissile+1","mysticmod:Disengage","mysticmod:ComponentsPouch","mysticmod:Snowball"],"relics":["mysticmod:SpellBook","NeowsBlessing","hubris:Icosahedron","hubris:MysteriousPyramids","Lantern","hubris:TenFootPole"],"acts_visited":["Exordium"],"potions_floor_usage":[16,16],"damage_taken":[{"damage":0,"enemies":"Jaw Worm","floor":1,"turns":1},{"damage":0,"enemies":"2 Louse","floor":2,"turns":1},{"damage":0,"enemies":"Replay:BlueRogue","floor":6,"turns":1},{"damage":12,"enemies":"Cultist","floor":7,"turns":4},{"damage":22,"enemies":"Lagavulin","floor":10,"turns":6},{"damage":34,"enemies":"Exordium Thugs","floor":11,"turns":5},{"damage":17,"enemies":"Blue Slaver","floor":14,"turns":4},{"damage":54,"enemies":"Slime Boss","floor":16,"turns":9}],"seed_played":"-1341493199923689737","potions_obtained":[{"floor":10,"key":"BlessingOfTheForge"},{"floor":11,"key":"Weak Potion"}],"is_trial":false,"path_per_floor":["M","M","$","?","?","E","M","T","T","E","M","R","?","M","R","B"],"character_chosen":"MYSTIC_CLASS","items_purchased":["mysticmod:RapidCaster","mysticmod:LightningBolt"],"campfire_rested":1,"item_purchase_floors":[3,3],"current_hp_per_floor":[77,77,77,77,47,47,35,35,35,13,43,43,43,26,49,0,0],"gold":295,"neow_bonus":"THREE_ENEMY_KILL","is_daily":false,"chose_seed":false,"campfire_upgraded":1,"win_rate":0.0,"timestamp":1607802299,"path_taken":["M","M","$","?","?","E","?","?","T","E","M","R","?","M","R","BOSS"],"items_purchased_type":["Card","Card"],"build_version":"2020-11-17","purchased_purges":0,"victory":false,"max_hp_per_floor":[77,77,77,77,77,77,77,77,77,77,77,77,77,77,77,77,77],"card_choices":[{"not_picked":["mysticmod:CorrosiveTouch","mysticmod:StyleChange"],"picked":"mysticmod:PowerSlash","floor":1},{"not_picked":["mysticmod:HeavyStrike","mysticmod:ComponentsPouch"],"picked":"mysticmod:MightyMagic","floor":2},{"not_picked":["mysticmod:ArcaneAccuracy","mysticmod:KeenEdge"],"picked":"mysticmod:Riposte","floor":5},{"not_picked":["mysticmod:ChargedParry","mysticmod:ObscuringMist"],"picked":"mysticmod:MagicMissile","floor":6},{"not_picked":["mysticmod:KeenEdge","mysticmod:ComponentsPouch"],"picked":"mysticmod:Disengage","floor":7},{"not_picked":["mysticmod:BulkUp","mysticmod:Sideswipe"],"picked":"mysticmod:ComponentsPouch","floor":10},{"not_picked":["mysticmod:Sideswipe","mysticmod:LightningBolt","mysticmod:IllusionOfCalm"],"picked":"SKIP","floor":11},{"not_picked":["mysticmod:Probe","mysticmod:BladeMaster"],"picked":"mysticmod:Snowball","floor":14}],"player_experience":47788,"relics_obtained":[{"floor":6,"key":"hubris:MysteriousPyramids"},{"floor":8,"key":"Lantern"},{"floor":10,"key":"hubris:TenFootPole"}],"event_choices":[{"damage_healed":0,"gold_gain":0,"player_choice":"Left","damage_taken":0,"max_hp_gain":0,"max_hp_loss":0,"event_name":"betterThird:BetterGoop","floor":13,"gold_loss":24}],"is_beta":true,"boss_relics":[],"items_purged_floors":[],"is_endless":false,"potions_floor_spawned":[10,11],"killed_by":"Slime Boss","ascension_level":0}}