{"host":"29mhc2ja7u6lu5r0","time":1607774223,"event":{"mods":["AchievementEnabler","BaseMod","Block Reminder","Colored Map","Colored Powertips","Highlight Path","Minty Spire (QoL Compilation)","Quick Restart","SuperFastMode","slay the spire mod where everything is the same but ironclad has a cowboy hat"],"gold_per_floor":[119,134,144,319,319,319,331,331,331,362,362,362,362,391,391,488,488,504,429,200,219,219,250,283,283,283,303,303,329,329,289,289,394,394,408,421,440,44,61,61,61,61,61,61,111,123,123,123,123,123],"floor_reached":51,"playtime":2323,"items_purged":["Strike_G","Strike_G+1"],"score":1097,"play_id":"dbaed54c-61f9-436a-b219-f752144486da","local_time":"20201212145703","is_ascension_mode":true,"campfire_choices":[{"data":"Bouncing Flask","floor":6,"key":"SMITH"},{"data":"Dagger Spray","floor":12,"key":"SMITH"},{"data":"Deflect","floor":15,"key":"SMITH"},{"floor":28,"key":"REST"},{"data":"Noxious Fumes","floor":30,"key":"SMITH"},{"floor":32,"key":"REST"},{"floor":40,"key":"REST"},{"floor":42,"key":"REST"},{"floor":49,"key":"REST"}],"circlet_count":0,"master_deck":["AscendersBane","Defend_G","Defend_G","Defend_G","Defend_G+1","Survivor","Neutralize+1","Bouncing Flask+1","Deflect+1","Backflip","Concentrate+1","Dagger Spray+1","Distraction+1","Corpse Explosion+1","Backstab+1","Caltrops+1","Noxious Fumes+1","Deadly Poison+1","Venomology+1","Deadly Poison+1","Dash+1","Bane+1"],"relics":["Ring of the Snake","NeowsBlessing","Juzu Bracelet","Pocketwatch","Toxic Egg 2","Prayer Wheel","Empty Cage","Bronze Scales","Tingsha","Unceasing Top","Red Mask","HornCleat","Toy Ornithopter","SlaversCollar","Torii","Darkstone Periapt","Peace Pipe","Turnip"],"acts_visited":["Exordium","TheCity","TheBeyond"],"potions_floor_usage":[10,10,14,16,35,36,37,37,45,45,50,50],"damage_taken":[{"damage":0,"enemies":"Jaw Worm","floor":1,"turns":1},{"damage":0,"enemies":"Cultist","floor":2,"turns":1},{"damage":0,"enemies":"2 Louse","floor":3,"turns":1},{"damage":0,"enemies":"2 Fungi Beasts","floor":7,"turns":4},{"damage":8,"enemies":"Gremlin Nob","floor":10,"turns":3},{"damage":1,"enemies":"Lagavulin","floor":14,"turns":5},{"damage":8,"enemies":"The Guardian","floor":16,"turns":10},{"damage":4,"enemies":"Chosen","floor":18,"turns":3},{"damage":11,"enemies":"2 Thieves","floor":21,"turns":3},{"damage":28,"enemies":"Gremlin Leader","floor":23,"turns":8},{"damage":0,"enemies":"Masked Bandits","floor":24,"turns":2},{"damage":2,"enemies":"3 Cultists","floor":27,"turns":3},{"damage":6,"enemies":"Slavers","floor":29,"turns":3},{"damage":35,"enemies":"Automaton","floor":33,"turns":8},{"damage":0,"enemies":"Orb Walker","floor":35,"turns":4},{"damage":9,"enemies":"3 Shapes","floor":36,"turns":2},{"damage":37,"enemies":"Transient","floor":37,"turns":5},{"damage":18,"enemies":"Maw","floor":39,"turns":7},{"damage":12,"enemies":"Mind Bloom Boss Battle","floor":45,"turns":5},{"damage":0,"enemies":"Writhing Mass","floor":46,"turns":6},{"damage":84,"enemies":"Time Eater","floor":50,"turns":10}],"seed_played":"790822540531884366","potions_obtained":[{"floor":2,"key":"DuplicationPotion"},{"floor":3,"key":"Swift Potion"},{"floor":10,"key":"EssenceOfSteel"},{"floor":14,"key":"BlessingOfTheForge"},{"floor":21,"key":"Ancient Potion"},{"floor":23,"key":"Dexterity Potion"},{"floor":45,"key":"FairyPotion"}],"is_trial":false,"path_per_floor":["M","M","M","?","?","R","M","T","T","E","?","R","?","E","R","B",null,"M","?","$","M","T","E","?","?","T","M","R","E","R","?","R","B",null,"M","M","M","$","M","R","T","R","T","?","?","M","?","?","R","B",null],"character_chosen":"THE_SILENT","items_purchased":["Bronze Scales","Torii"],"campfire_rested":5,"item_purchase_floors":[20,38],"current_hp_per_floor":[63,63,63,63,63,63,63,63,63,55,41,41,41,40,40,32,61,57,57,57,46,46,18,18,18,18,16,37,31,31,31,52,17,57,62,58,31,31,13,34,34,55,55,55,53,53,53,53,70,11],"gold":123,"neow_bonus":"THREE_ENEMY_KILL","is_daily":false,"chose_seed":false,"campfire_upgraded":4,"win_rate":0.0,"timestamp":1607774223,"path_taken":["M","M","M","?","?","R","?","?","T","E","?","R","?","E","R","BOSS","M","?","$","M","?","E","?","?","T","M","R","E","R","?","R","BOSS","M","M","M","?","M","R","?","R","T","?","?","M","?","?","R","BOSS"],"items_purchased_type":["Relic","Relic"],"build_version":"2020-11-30","purchased_purges":2,"victory":true,"max_hp_per_floor":[70,70,70,70,70,70,70,70,70,70,70,70,70,70,70,70,70,70,70,70,70,70,70,70,70,70,70,70,70,70,70,70,70,70,70,70,70,70,70,70,70,70,70,70,70,70,70,70,70,70],"card_choices":[{"not_picked":["Slice","Dagger Spray"],"picked":"Bouncing Flask","floor":1},{"not_picked":["Accuracy","Slice"],"picked":"Deflect","floor":2},{"not_picked":["Expertise","Reflex"],"picked":"Backflip","floor":3},{"not_picked":["Quick Slash","Infinite Blades"],"picked":"Dagger Spray","floor":7},{"not_picked":["Well Laid Plans","Heel Hook","Slice"],"picked":"SKIP","floor":10},{"not_picked":["Backflip+1","Eviscerate"],"picked":"Distraction+1","floor":14},{"not_picked":["A Thousand Cuts","After Image"],"picked":"Corpse Explosion+1","floor":16},{"not_picked":["Dagger Spray","PiercingWail+1","All Out Attack"],"picked":"SKIP","floor":18},{"not_picked":["Endless Agony+1","PiercingWail+1","Heel Hook"],"picked":"SKIP","floor":18},{"not_picked":["Dodge and Roll+1","Poisoned Stab"],"picked":"Backstab","floor":21},{"not_picked":["Dagger Throw","Prepared+1","All Out Attack"],"picked":"SKIP","floor":21},{"not_picked":["Doppelganger+1","Bouncing Flask+1"],"picked":"Caltrops+1","floor":23},{"not_picked":["Deflect+1","Setup+1"],"picked":"Noxious Fumes","floor":24},{"not_picked":["Riddle With Holes","Prepared+1"],"picked":"Deadly Poison+1","floor":27},{"not_picked":["Blur+1","Underhanded Strike","Backflip+1"],"picked":"SKIP","floor":27},{"not_picked":["Poisoned Stab","Finisher","Cloak And Dagger+1"],"picked":"SKIP","floor":29},{"not_picked":["Adrenaline+1","Glass Knife"],"picked":"Venomology+1","floor":33},{"not_picked":["Poisoned Stab","Slice"],"picked":"Deadly Poison+1","floor":35},{"not_picked":["Blade Dance+1","Dagger Spray","Cloak And Dagger+1"],"picked":"SKIP","floor":35},{"not_picked":["Sucker Punch+1","Poisoned Stab"],"picked":"Dash+1","floor":36},{"not_picked":["Deflect+1","Underhanded Strike","Bane"],"picked":"SKIP","floor":36},{"not_picked":["Dagger Throw","Caltrops"],"picked":"Bane+1","floor":37},{"not_picked":["Dash","Setup+1","Dodge and Roll+1"],"picked":"SKIP","floor":37},{"not_picked":["Well Laid Plans","Night Terror+1","Cloak And Dagger+1"],"picked":"SKIP","floor":39},{"not_picked":["Acrobatics+1","Outmaneuver+1","Riddle With Holes+1"],"picked":"SKIP","floor":39},{"not_picked":["Infinite Blades","Concentrate+1","Prepared+1"],"picked":"SKIP","floor":46},{"not_picked":["Backflip+1","Underhanded Strike","Storm of Steel+1"],"picked":"SKIP","floor":46}],"player_experience":962401,"relics_obtained":[{"floor":8,"key":"Juzu Bracelet"},{"floor":9,"key":"Pocketwatch"},{"floor":10,"key":"Toxic Egg 2"},{"floor":14,"key":"Prayer Wheel"},{"floor":22,"key":"Tingsha"},{"floor":23,"key":"Unceasing Top"},{"floor":24,"key":"Red Mask"},{"floor":26,"key":"HornCleat"},{"floor":29,"key":"Toy Ornithopter"},{"floor":41,"key":"Darkstone Periapt"},{"floor":43,"key":"Peace Pipe"},{"floor":45,"key":"Turnip"}],"event_choices":[{"damage_healed":0,"gold_gain":175,"player_choice":"AGREE","damage_taken":0,"max_hp_gain":0,"max_hp_loss":0,"event_name":"Liars Game","floor":4,"gold_loss":0,"cards_obtained":["Doubt"]},{"damage_healed":0,"gold_gain":0,"cards_transformed":["Strike_G"],"player_choice":"Transformed","damage_taken":0,"max_hp_gain":0,"max_hp_loss":0,"event_name":"Transmorgrifier","floor":5,"gold_loss":0,"cards_obtained":["Concentrate"]},{"damage_healed":0,"gold_gain":0,"player_choice":"Entered Light","damage_taken":14,"max_hp_gain":0,"max_hp_loss":0,"event_name":"Shining Light","floor":11,"gold_loss":0,"cards_upgraded":["Defend_G","Strike_G"]},{"damage_healed":0,"gold_gain":0,"player_choice":"Upgraded","damage_taken":0,"max_hp_gain":0,"max_hp_loss":0,"event_name":"Upgrade Shrine","floor":13,"gold_loss":0,"cards_upgraded":["Neutralize"]},{"cards_removed":["Strike_G"],"damage_healed":0,"gold_gain":0,"player_choice":"Gave Gold","damage_taken":0,"max_hp_gain":0,"max_hp_loss":0,"event_name":"Beggar","floor":19,"gold_loss":75},{"damage_healed":0,"gold_gain":0,"player_choice":"Fought Bandits","damage_taken":0,"max_hp_gain":0,"max_hp_loss":0,"event_name":"Masked Bandits","floor":24,"gold_loss":0},{"damage_healed":0,"gold_gain":0,"player_choice":"0 cards matched","damage_taken":0,"max_hp_gain":0,"max_hp_loss":0,"event_name":"Match and Keep!","floor":25,"gold_loss":0,"cards_obtained":[]},{"damage_healed":0,"gold_gain":0,"player_choice":"Upgrade","damage_taken":0,"max_hp_gain":0,"max_hp_loss":0,"event_name":"Designer","floor":31,"gold_loss":40,"cards_upgraded":["Backstab"]},{"damage_healed":0,"gold_gain":0,"player_choice":"Ignored","damage_taken":0,"max_hp_gain":0,"max_hp_loss":0,"event_name":"Mysterious Sphere","floor":44,"gold_loss":0},{"damage_healed":0,"gold_gain":0,"player_choice":"Fight","damage_taken":0,"max_hp_gain":0,"max_hp_loss":0,"event_name":"MindBloom","floor":45,"gold_loss":0},{"damage_healed":0,"gold_gain":0,"player_choice":"Forge","damage_taken":0,"max_hp_gain":0,"max_hp_loss":0,"event_name":"Accursed Blacksmith","floor":47,"gold_loss":0,"cards_upgraded":["Concentrate"]},{"cards_removed":["Defend_G"],"damage_healed":0,"gold_gain":0,"player_choice":"Removed Skill","damage_taken":0,"max_hp_gain":0,"max_hp_loss":0,"event_name":"Falling","floor":48,"gold_loss":0}],"is_beta":false,"boss_relics":[{"not_picked":["Sozu","Runic Dome"],"picked":"Empty Cage"},{"not_picked":["SacredBark","Coffee Dripper"],"picked":"SlaversCollar"}],"items_purged_floors":[20,38],"is_endless":false,"potions_floor_spawned":[2,3,10,14,21,23,27,29,35,45],"ascension_level":12}}