{"host":"9vk21r6l9dtkpvh9","time":1607787770,"event":{"mods":["2.2 Compatiblity","AchievementEnabler","Act Like it!","Astrologer","Bard","Bartender","BaseMod","Better Altar","Better Match","Better Note","Better Sensory Stone","Better Skull","Better Third Choice","CapriCore","CatGirl Mod","Colored Map","Colored Powertips","Conspire","DeckTracker","Downfall","Energized Spire","Fiend Mod","Gensokyo","GifTheSpireLib","Hermit","Hubris","Infinite Spire","Jorbs\u0027s Wanderer Trilogy","Koishi","Luminous","Mad Scientist","Marisa????????","Mimic Mod","Minty Spire (QoL Compilation)","Potionbrewer","Rare Cards Sparkle","Relic Stats","Replay The Spire","SOS???????","Shade Mod","Somnambulant","Spicy Shops","StSLib","SuperFastMode","Td1madao Mod","The Animator","The Construct","The Forsaken","The Gatherer","The Hierophant","The Immortal","The Jungle","The Mystic","The Necromancer","The Runesmith","The Senshi","The Servant 0.9.4","The Trickster","The Valiant","The Wild Card","TheBandit","TheSwordswoman","TheWitcher","WarShipGirlsR/????R mod","vexMod","???Mod??????Boss"],"gold_per_floor":[111,129,145,145,145,145,179,179,206,224,224,240,89,89,89,217,217,241,231,46,46,73,73,53,53,98,98,114,114,114,114],"floor_reached":30,"playtime":1293,"items_purged":[],"score":226,"play_id":"9b4e52fe-7119-48f8-84d0-0e86a54709e4","local_time":"20201212104250","is_ascension_mode":false,"campfire_choices":[{"data":"theCatGirl:PlayAround","floor":6,"key":"SMITH"},{"data":"theCatGirl:SmellFear","floor":8,"key":"SMITH"},{"floor":11,"key":"REST"},{"floor":15,"key":"DIG"},{"floor":23,"key":"RECALL"},{"data":"theCatGirl:RageClaws","floor":25,"key":"SMITH"}],"circlet_count":0,"master_deck":["theCatGirl:Strike","theCatGirl:Strike","theCatGirl:Strike+1","theCatGirl:Defend","theCatGirl:Defend","theCatGirl:Defend","theCatGirl:Defend","theCatGirl:ClawStrike","theCatGirl:Evasion","theCatGirl:RageClaws+1","theCatGirl:Claws","theCatGirl:PlayAround+1","theCatGirl:SmellFear+1","theCatGirl:AdventurersInsight","theCatGirl:Parry","theCatGirl:AdventurersInsight","theCatGirl:SearchBackpack","theCatGirl:SpinningStrike+1","theCatGirl:FumblingBlow","theCatGirl:PoisedStrike"],"relics":["theCatGirl:TrainedRelic","Golden Idol","Anchor","Gremlin Food","Sling","ReplayTheSpireMod:Shallot","energizedSpire:SpiderWeb","Vajra","hubris:ToyBattleship","Toxic Egg 2"],"acts_visited":["Exordium","TheCity"],"potions_floor_usage":[7,12,16,18,30,30],"damage_taken":[{"damage":5,"enemies":"Jaw Worm","floor":1,"turns":8},{"damage":0,"enemies":"Cultist","floor":2,"turns":4},{"damage":0,"enemies":"Small Slimes","floor":3,"turns":3},{"damage":18,"enemies":"Gremlin Nob","floor":7,"turns":4},{"damage":0,"enemies":"Exordium Wildlife","floor":10,"turns":3},{"damage":0,"enemies":"Large Slime","floor":12,"turns":4},{"damage":10,"enemies":"Fading Forest","floor":16,"turns":11},{"damage":0,"enemies":"Spheric Guardian","floor":18,"turns":3},{"damage":18,"enemies":"2 Thieves","floor":19,"turns":4},{"damage":34,"enemies":"Chosen and Byrds","floor":28,"turns":7},{"damage":25,"enemies":"Shelled Parasite and Fungi","floor":30,"turns":6}],"seed_played":"6295770510645065263","potions_obtained":[{"floor":1,"key":"Block Potion"},{"floor":2,"key":"hexamod:EctoCoolerPotion"},{"floor":7,"key":"potionbrewer:AcidPotion"},{"floor":12,"key":"PowerPotion"},{"floor":19,"key":"Dexterity Potion"},{"floor":24,"key":"Dexterity Potion"},{"floor":29,"key":"hexamod:EctoCoolerPotion"},{"floor":29,"key":"Block Potion"}],"is_trial":false,"path_per_floor":["M","M","M","?","?","R","E","R","T","M","R","M","$","?","R_BF","B",null,"M","M","$","?","T","R","?","R","T","AVR","M","?","M"],"character_chosen":"THE_CATGIRL","items_purchased":["Sling","Vajra","theCatGirl:FumblingBlow"],"campfire_rested":1,"item_purchase_floors":[13,20,20],"current_hp_per_floor":[72,72,72,53,57,57,39,39,39,39,62,62,62,62,62,62,77,77,59,59,59,59,59,59,59,59,59,25,25,0,0],"gold":114,"neow_bonus":"TEN_PERCENT_HP_BONUS","is_daily":false,"chose_seed":false,"campfire_upgraded":3,"win_rate":0.0,"timestamp":1607787770,"path_taken":["M","M","M","?","?","R","E","R","T","M","R","?","$","?","R_BF","BOSS","M","?","$","?","?","R","?","R","T","AVR","M","?","M"],"items_purchased_type":["Relic","Relic","Card"],"build_version":"2020-11-30","purchased_purges":0,"victory":false,"max_hp_per_floor":[77,77,77,77,77,77,77,77,77,77,77,77,77,77,77,77,77,77,77,77,77,77,77,77,77,77,77,77,77,77,77],"relic_stats":{"counters":[11,57],"Golden Idol":52,"obtain_stats":[{"Gremlin Food":9,"Anchor":7,"theCatGirl:TrainedRelic":0,"ReplayTheSpireMod:Shallot":15,"Golden Idol":4,"Vajra":20,"hubris:ToyBattleship":26,"energizedSpire:SpiderWeb":17,"Toxic Egg 2":27,"Sling":13},{"Gremlin Food":4,"Anchor":4,"theCatGirl:TrainedRelic":0,"ReplayTheSpireMod:Shallot":6,"Golden Idol":3,"Vajra":9,"hubris:ToyBattleship":9,"energizedSpire:SpiderWeb":7,"Toxic Egg 2":9,"Sling":6},{"Gremlin Food":19,"Anchor":19,"theCatGirl:TrainedRelic":0,"ReplayTheSpireMod:Shallot":26,"Golden Idol":15,"Vajra":44,"hubris:ToyBattleship":44,"energizedSpire:SpiderWeb":37,"Toxic Egg 2":44,"Sling":26}]},"card_choices":[{"not_picked":["theCatGirl:KeepAlert","theCatGirl:BloodScent"],"picked":"theCatGirl:RageClaws","floor":1},{"not_picked":["theCatGirl:Stalk","theCatGirl:FumblingBlow"],"picked":"theCatGirl:Claws","floor":2},{"not_picked":["theCatGirl:Claws","theCatGirl:FocusedStrike"],"picked":"theCatGirl:PlayAround","floor":3},{"not_picked":["theCatGirl:EmergencyParry","theCatGirl:FinishingMove"],"picked":"theCatGirl:SmellFear","floor":7},{"not_picked":["theCatGirl:AllIn","theCatGirl:EmergencyParry"],"picked":"theCatGirl:AdventurersInsight","floor":10},{"not_picked":["theCatGirl:RecoveryBlow","theCatGirl:ShockedWitness"],"picked":"theCatGirl:Parry","floor":12},{"not_picked":["theCatGirl:AngryForm","theCatGirl:PerfectBlock"],"picked":"theCatGirl:AdventurersInsight","floor":16},{"not_picked":["theCatGirl:ComboAttack+1","theCatGirl:TripLunge+1"],"picked":"theCatGirl:SearchBackpack","floor":18},{"not_picked":["theCatGirl:ClawScratch","theCatGirl:EmergencyParry+1"],"picked":"theCatGirl:SpinningStrike+1","floor":19},{"not_picked":["theCatGirl:ExtremeSpeed+1","theCatGirl:LostTrinket+1"],"picked":"theCatGirl:PoisedStrike","floor":28}],"player_experience":576546,"relics_obtained":[{"floor":7,"key":"Anchor"},{"floor":9,"key":"Gremlin Food"},{"floor":15,"key":"ReplayTheSpireMod:Shallot"},{"floor":26,"key":"hubris:ToyBattleship"}],"event_choices":[{"damage_healed":0,"gold_gain":0,"player_choice":"Take Damage","damage_taken":19,"relics_obtained":["Golden Idol"],"max_hp_gain":0,"max_hp_loss":0,"event_name":"Golden Idol","floor":4,"gold_loss":0},{"damage_healed":4,"gold_gain":0,"player_choice":"LEAVE ","damage_taken":0,"relics_obtained":[],"max_hp_gain":0,"max_hp_loss":0,"event_name":"betterSkull:BetterSkull","floor":5,"gold_loss":0,"cards_upgraded":[]},{"cards_removed":["theCatGirl:Strike"],"damage_healed":0,"gold_gain":0,"player_choice":"Offered Basic","damage_taken":0,"max_hp_gain":0,"max_hp_loss":0,"event_name":"Bonfire Elementals","floor":14,"gold_loss":0},{"damage_healed":0,"gold_gain":0,"player_choice":"Ignored","damage_taken":0,"max_hp_gain":0,"max_hp_loss":0,"event_name":"N\u0027loth","floor":21,"gold_loss":0},{"damage_healed":0,"gold_gain":0,"player_choice":"Bought 1 Potion","damage_taken":0,"max_hp_gain":0,"max_hp_loss":0,"event_name":"The Woman in Blue","floor":24,"gold_loss":0},{"damage_healed":0,"gold_gain":0,"player_choice":"Got Potions","damage_taken":0,"max_hp_gain":0,"max_hp_loss":0,"event_name":"Lab","floor":29,"gold_loss":0}],"is_beta":false,"boss_relics":[{"not_picked":["Philosopher\u0027s Stone","vexMod:ImprovementManual"],"picked":"energizedSpire:SpiderWeb"}],"items_purged_floors":[],"is_endless":false,"potions_floor_spawned":[1,2,7,12,19],"killed_by":"Shelled Parasite and Fungi","ascension_level":0}}