{"host":"sabve5zmqufxyc5o","time":1607746874,"event":{"mods":["2.2 Compatiblity","AchievementEnabler","Act Like it!","BaseMod","Block Reminder","Colored Map","Colored Powertips","DeckTracker","KOR Keyword Fix","Keyboard Shortcuts","Minty Spire (QoL Compilation)","Quick Restart","Rare Cards Sparkle","Relic Stats","StSLib","SuperFastMode"],"gold_per_floor":[109,122,122,142,154,189,189,205,230,291,118,130,143,161,161,235,235,249,69,86,101,115,115,127,127,173,193,193,193,193,204,204,283,283,297,317,332,45,61,61,0,0,0],"floor_reached":42,"playtime":1400,"items_purged":["Strike_B","Strike_B","Defend_B"],"score":893,"play_id":"e09c0da4-4e0f-4960-819e-3c06a328c94f","local_time":"20201212132114","is_ascension_mode":true,"campfire_choices":[{"data":"Sunder","floor":7.0,"key":"SMITH"},{"data":"Blind","floor":15.0,"key":"SMITH"},{"floor":23.0,"key":"REST"},{"data":"Coolheaded","floor":25.0,"key":"SMITH"},{"data":"Loop","floor":29.0,"key":"SMITH"},{"data":"Loop","floor":32.0,"key":"SMITH"},{"floor":40,"key":"REST"}],"circlet_count":0,"master_deck":["AscendersBane","Defend_B","Zap","Dualcast","Sunder+1","Go for the Eyes","Coolheaded+1","Ball Lightning","Turbo","Compile Driver","Blind+1","Loop+1","Glacier","Ball Lightning","Glacier","Conserve Battery","Cold Snap","Reboot","Beam Cell+1","Turbo","Self Repair","FTL","Reboot","Blizzard","Beam Cell+1","Loop","Melter","Turbo","Loop+1","All For One","Coolheaded","Heatsinks+1","Cold Snap+1"],"relics":["Cracked Core","Prayer Wheel","Orichalcum","Toy Ornithopter","Runic Pyramid","Whetstone","Empty Cage","ClockworkSouvenir","Red Mask"],"acts_visited":["Exordium","TheCity","TheBeyond"],"potions_floor_usage":[],"damage_taken":[{"damage":4.0,"enemies":"Small Slimes","floor":1.0,"turns":3.0},{"damage":7.0,"enemies":"Jaw Worm","floor":2.0,"turns":3.0},{"damage":0.0,"enemies":"Cultist","floor":4.0,"turns":3.0},{"damage":7.0,"enemies":"Blue Slaver","floor":5.0,"turns":4.0},{"damage":24.0,"enemies":"Lagavulin","floor":6.0,"turns":7.0},{"damage":0.0,"enemies":"Exordium Wildlife","floor":8.0,"turns":3.0},{"damage":22.0,"enemies":"3 Sentries","floor":10.0,"turns":6.0},{"damage":0.0,"enemies":"Gremlin Gang","floor":12.0,"turns":4.0},{"damage":5.0,"enemies":"Looter","floor":13.0,"turns":3.0},{"damage":0.0,"enemies":"Exordium Wildlife","floor":14.0,"turns":5.0},{"damage":0.0,"enemies":"Slime Boss","floor":16.0,"turns":8.0},{"damage":1.0,"enemies":"Chosen","floor":18.0,"turns":5.0},{"damage":22.0,"enemies":"Shell Parasite","floor":20.0,"turns":5.0},{"damage":7.0,"enemies":"Snecko","floor":21.0,"turns":6.0},{"damage":19.0,"enemies":"Sentry and Sphere","floor":22.0,"turns":6.0},{"damage":13.0,"enemies":"Centurion and Healer","floor":24.0,"turns":7.0},{"damage":8.0,"enemies":"Cultist and Chosen","floor":27.0,"turns":6.0},{"damage":23.0,"enemies":"Snecko","floor":31.0,"turns":7.0},{"damage":37.0,"enemies":"Champ","floor":33.0,"turns":13.0},{"damage":26.0,"enemies":"3 Darklings","floor":35.0,"turns":5.0},{"damage":0.0,"enemies":"3 Shapes","floor":36.0,"turns":8.0},{"damage":7.0,"enemies":"Writhing Mass","floor":37.0,"turns":15.0},{"damage":5,"enemies":"Maw","floor":39,"turns":7},{"damage":66,"enemies":"Transient","floor":42,"turns":5}],"seed_played":"-3998281396992052622","potions_obtained":[{"floor":2.0,"key":"DuplicationPotion"},{"floor":4.0,"key":"FairyPotion"},{"floor":6.0,"key":"Dexterity Potion"},{"floor":12.0,"key":"PowerPotion"},{"floor":21.0,"key":"SpeedPotion"},{"floor":22.0,"key":"Explosive Potion"},{"floor":24.0,"key":"CultistPotion"},{"floor":36.0,"key":"SkillPotion"}],"is_trial":false,"path_per_floor":["M","M","?","M","M","E","R","M","T","?","$","M","M","M","R","B",null,"M","$","M","M","M","R","M","R","T","M","?","R","?","M","R","B",null,"M","M","M","$","M","R","?","M"],"character_chosen":"DEFECT","items_purchased":["Blind","Self Repair","ClockworkSouvenir"],"campfire_rested":2,"item_purchase_floors":[11,19,38],"current_hp_per_floor":[67,60,60,60,53,29,29,29,29,7,7,7,2,2,2,7,60,59,59,37,37,25,48,42,42,42,34,34,34,34,18,18,30,66,40,40,45,45,40,63,63,0,0],"gold":0,"neow_bonus":"TEN_PERCENT_HP_BONUS","is_daily":false,"chose_seed":false,"campfire_upgraded":5,"win_rate":0.0,"timestamp":1607746874,"path_taken":["M","M","?","M","M","E","R","M","T","?","$","M","M","M","R","BOSS","M","$","M","M","M","R","M","R","T","M","?","R","?","M","R","BOSS","M","M","M","$","M","R","?","M"],"items_purchased_type":["Card","Card","Relic"],"build_version":"2020-11-30","purchased_purges":3,"victory":false,"max_hp_per_floor":[78,78,78,78,78,78,78,78,78,78,78,78,78,78,78,78,78,78,78,78,78,78,78,78,78,78,78,78,78,78,78,78,78,78,78,78,78,78,78,78,78,78,78],"relic_stats":{"counters":[24,143],"Prayer Wheel":15,"Whetstone":["Beam Cell","Beam Cell"],"Orichalcum":[174],"obtain_stats":[{"Prayer Wheel":6,"Red Mask":41,"Whetstone":26,"Orichalcum":9,"Cracked Core":0,"Empty Cage":34,"Toy Ornithopter":10,"Runic Pyramid":17,"ClockworkSouvenir":38},{"Prayer Wheel":5,"Red Mask":23,"Whetstone":16,"Orichalcum":6,"Cracked Core":0,"Empty Cage":19,"Toy Ornithopter":7,"Runic Pyramid":11,"ClockworkSouvenir":22},{"Prayer Wheel":20,"Red Mask":138,"Whetstone":78,"Orichalcum":23,"Cracked Core":0,"Empty Cage":104,"Toy Ornithopter":29,"Runic Pyramid":49,"ClockworkSouvenir":131}],"Toy Ornithopter":15},"card_choices":[{"not_picked":["Steam","Conserve Battery"],"picked":"Sunder","floor":1.0},{"not_picked":["Conserve Battery","Scrape"],"picked":"Go for the Eyes","floor":2.0},{"not_picked":["Undo","Steam"],"picked":"Coolheaded","floor":4.0},{"not_picked":["Doom and Gloom","Streamline"],"picked":"Ball Lightning","floor":5.0},{"not_picked":["Hologram","Fusion"],"picked":"Turbo","floor":6.0},{"not_picked":["Scrape","Doom and Gloom"],"picked":"Compile Driver","floor":8.0},{"not_picked":["Rebound","Doom and Gloom","Auto Shields"],"picked":"SKIP","floor":8.0},{"not_picked":["Double Energy","Leap"],"picked":"Loop","floor":12.0},{"not_picked":["Genetic Algorithm","Beam Cell"],"picked":"Glacier","floor":12.0},{"not_picked":["Static Discharge","Gash"],"picked":"Ball Lightning","floor":13.0},{"not_picked":["Leap","Streamline"],"picked":"Glacier","floor":13.0},{"not_picked":["Stack","Steam"],"picked":"Conserve Battery","floor":14.0},{"not_picked":["Steam","Hello World"],"picked":"Cold Snap","floor":14.0},{"not_picked":["Machine Learning","Rainbow"],"picked":"Reboot","floor":16.0},{"not_picked":["Leap","Sweeping Beam"],"picked":"Beam Cell","floor":18.0},{"not_picked":["Ball Lightning","Steam"],"picked":"Turbo","floor":18.0},{"not_picked":["Beam Cell","Auto Shields"],"picked":"FTL","floor":20.0},{"not_picked":["Rebound+1","Skim","Beam Cell"],"picked":"SKIP","floor":20.0},{"not_picked":["Storm+1","Sweeping Beam"],"picked":"Reboot","floor":21.0},{"not_picked":["Melter","Ball Lightning"],"picked":"Blizzard","floor":21.0},{"not_picked":["Streamline","Steam"],"picked":"Beam Cell","floor":22.0},{"not_picked":["Heatsinks","Sweeping Beam","Chaos"],"picked":"SKIP","floor":22.0},{"not_picked":["Undo","Double Energy"],"picked":"Loop","floor":24.0},{"not_picked":["Barrage","Hologram","Redo"],"picked":"SKIP","floor":24.0},{"not_picked":["Skim","Ball Lightning","Hologram"],"picked":"SKIP","floor":27.0},{"not_picked":["Genetic Algorithm","Turbo","Reprogram+1"],"picked":"SKIP","floor":27.0},{"not_picked":["Streamline","Steam"],"picked":"Loop","floor":31.0},{"not_picked":["Gash","White Noise","Sweeping Beam"],"picked":"SKIP","floor":31.0},{"not_picked":["Hyperbeam","Reboot"],"picked":"All For One","floor":33.0},{"not_picked":["Double Energy+1","Blizzard"],"picked":"Coolheaded","floor":35.0},{"not_picked":["Conserve Battery+1","Leap+1","Stack"],"picked":"SKIP","floor":35.0},{"not_picked":["Turbo+1","Darkness"],"picked":"Heatsinks+1","floor":36.0},{"not_picked":["Chaos+1","Aggregate","Rebound"],"picked":"SKIP","floor":36.0},{"not_picked":["Streamline","Auto Shields"],"picked":"Cold Snap+1","floor":37.0},{"not_picked":["Beam Cell+1","Recycle","Go for the Eyes"],"picked":"SKIP","floor":37.0},{"not_picked":["Thunder Strike","Streamline","Compile Driver"],"picked":"SKIP","floor":39},{"not_picked":["Sweeping Beam","Turbo","Reprogram"],"picked":"SKIP","floor":39}],"player_experience":761016,"relics_obtained":[{"floor":6.0,"key":"Prayer Wheel"},{"floor":9.0,"key":"Orichalcum"},{"floor":10.0,"key":"Toy Ornithopter"},{"floor":26.0,"key":"Whetstone"}],"event_choices":[{"damage_healed":0.0,"max_hp_gain":0.0,"max_hp_loss":0.0,"gold_gain":0.0,"event_name":"Liars Game","player_choice":"Ignored","floor":3.0,"gold_loss":0.0,"damage_taken":0.0},{"damage_healed":0.0,"max_hp_gain":0.0,"max_hp_loss":0.0,"gold_gain":0.0,"event_name":"Dead Adventurer","player_choice":"Searched \u00271\u0027 times","floor":10.0,"gold_loss":0.0,"damage_taken":0.0},{"damage_healed":0.0,"max_hp_gain":0.0,"max_hp_loss":0.0,"gold_gain":0.0,"event_name":"Cursed Tome","player_choice":"Ignored","floor":28.0,"gold_loss":0.0,"damage_taken":0.0},{"damage_healed":0.0,"max_hp_gain":0.0,"max_hp_loss":0.0,"gold_gain":0.0,"cards_transformed":["Strike_B","Strike_B"],"event_name":"Drug Dealer","player_choice":"Became Test Subject","floor":30.0,"gold_loss":0.0,"damage_taken":0.0,"cards_obtained":["Melter","Turbo"]},{"damage_healed":0,"gold_gain":0,"player_choice":"Paid","damage_taken":0,"relics_obtained":["Red Mask"],"max_hp_gain":0,"max_hp_loss":0,"event_name":"Tomb of Lord Red Mask","floor":41,"gold_loss":61}],"is_beta":false,"boss_relics":[{"not_picked":["Philosopher\u0027s Stone","Sozu"],"picked":"Runic Pyramid"},{"not_picked":["Tiny House","Busted Crown"],"picked":"Empty Cage"}],"items_purged_floors":[11,19,38],"is_endless":false,"potions_floor_spawned":[2,4,6,12,21,22,24,27,36],"killed_by":"Transient","ascension_level":19}}