{"host":"7l2t4psy44vpcd9q","time":1607773713,"event":{"mods":["AchievementEnabler","BaseMod","DeckTracker","Minty Spire (QoL Compilation)","SuperFastMode"],"gold_per_floor":[119,130,130,148,160,193,193,221,244,244,264,229,71,71,71,71,71],"floor_reached":16,"playtime":736,"items_purged":["Strike_B"],"score":209,"play_id":"96056dc3-1a1d-4749-9cf7-f6c3621c5f6a","local_time":"20201212204833","is_ascension_mode":true,"campfire_choices":[{"floor":7,"key":"REST"},{"floor":10,"key":"REST"},{"data":"Streamline","floor":15,"key":"SMITH"}],"circlet_count":0,"master_deck":["AscendersBane","Strike_B","Strike_B","Strike_B","Defend_B","Defend_B","Defend_B","Defend_B","Zap","Dualcast","Buffer","Chaos","Glacier","Coolheaded","Compile Driver","Streamline+1","Sweeping Beam","Hologram","Skim"],"relics":["Cracked Core","Question Card","PreservedInsect","Pen Nib","Juzu Bracelet"],"acts_visited":["Exordium"],"potions_floor_usage":[5,8,16,16],"damage_taken":[{"damage":15,"enemies":"Small Slimes","floor":1,"turns":5},{"damage":10,"enemies":"2 Louse","floor":2,"turns":3},{"damage":0,"enemies":"Cultist","floor":4,"turns":6},{"damage":8,"enemies":"Blue Slaver","floor":5,"turns":5},{"damage":45,"enemies":"3 Sentries","floor":6,"turns":14},{"damage":33,"enemies":"Gremlin Nob","floor":8,"turns":6},{"damage":7,"enemies":"Lots of Slimes","floor":11,"turns":4},{"damage":31,"enemies":"Slime Boss","floor":16,"turns":15}],"seed_played":"-1787247032961415871","potions_obtained":[{"floor":2,"key":"Regen Potion"},{"floor":5,"key":"Weak Potion"},{"floor":8,"key":"FearPotion"},{"floor":11,"key":"SkillPotion"}],"is_trial":false,"path_per_floor":["M","M","?","M","M","E","R","E","T","R","M","?","$","?","R","B"],"character_chosen":"DEFECT","items_purchased":["Skim"],"campfire_rested":2,"item_purchase_floors":[13],"current_hp_per_floor":[49,39,62,62,68,23,44,11,11,32,25,42,42,31,31,0,0],"gold":71,"neow_bonus":"ONE_RANDOM_RARE_CARD","is_daily":false,"chose_seed":false,"campfire_upgraded":1,"win_rate":0.0,"timestamp":1607773713,"path_taken":["M","M","?","M","M","E","R","E","T","R","M","?","$","?","R","BOSS"],"items_purchased_type":["Card"],"build_version":"2020-11-30","purchased_purges":1,"victory":false,"max_hp_per_floor":[71,71,71,71,71,71,71,71,71,71,71,71,71,71,71,71,71],"card_choices":[{"not_picked":["Rebound","Turbo"],"picked":"Chaos","floor":1},{"not_picked":["Beam Cell","Reinforced Body"],"picked":"Glacier","floor":2},{"not_picked":["Steam","Gash"],"picked":"Coolheaded","floor":4},{"not_picked":["Turbo","Capacitor"],"picked":"Compile Driver","floor":5},{"not_picked":["Stack","Heatsinks"],"picked":"Streamline","floor":6},{"not_picked":["Amplify","Lockon","Undo"],"picked":"Sweeping Beam","floor":8},{"not_picked":["Barrage","Genetic Algorithm","Cold Snap"],"picked":"Hologram","floor":11}],"player_experience":1088133,"relics_obtained":[{"floor":6,"key":"Question Card"},{"floor":8,"key":"PreservedInsect"},{"floor":9,"key":"Pen Nib"}],"event_choices":[{"damage_healed":23,"gold_gain":0,"player_choice":"Banana","damage_taken":0,"max_hp_gain":0,"max_hp_loss":0,"event_name":"Big Fish","floor":3,"gold_loss":0},{"damage_healed":17,"gold_gain":0,"player_choice":"Healed","damage_taken":0,"max_hp_gain":0,"max_hp_loss":0,"event_name":"The Cleric","floor":12,"gold_loss":35},{"damage_healed":0,"gold_gain":0,"player_choice":"Success","damage_taken":11,"relics_obtained":["Juzu Bracelet"],"max_hp_gain":0,"max_hp_loss":0,"event_name":"Scrap Ooze","floor":14,"gold_loss":0}],"is_beta":false,"boss_relics":[],"items_purged_floors":[13],"is_endless":false,"potions_floor_spawned":[2,5,8,11],"killed_by":"Slime Boss","ascension_level":18}}