{"host":"k8gerrcpv9xe1nxe","time":1607800319,"event":{"mods":["2.2 Compatiblity","AchievementEnabler","BaseMod","Bestiary","Minty Spire (QoL Compilation)","Relic Stats","StSLib"],"gold_per_floor":[168,168,180,200,216,216,241,257,257,257,54,81,97,172,172,270,270,288,468,480,16,16,46,46,70,70,89,58,88,99,99,99,194,194,207,225,242,242,242],"floor_reached":38,"playtime":1759,"items_purged":["Regret"],"score":544,"play_id":"0772c4be-7419-483e-bbb2-5e2942fe4253","local_time":"20201212141159","is_ascension_mode":true,"campfire_choices":[{"data":"Dash","floor":6,"key":"SMITH"},{"data":"Well Laid Plans","floor":15,"key":"SMITH"},{"floor":24,"key":"REST"},{"floor":32,"key":"REST"}],"circlet_count":0,"master_deck":["Strike_G","Strike_G","Strike_G","Strike_G","Strike_G","Defend_G","Defend_G","Defend_G","Defend_G","Defend_G","Survivor","Neutralize+1","Dagger Throw","Dash+1","Escape Plan","Corpse Explosion","Cloak And Dagger","Accuracy","Backflip","Blade Dance","PiercingWail","Well Laid Plans+1","Noxious Fumes","Burst","Catalyst","Bouncing Flask","Footwork","Night Terror","Calculated Gamble+1"],"relics":["Tiny House","Letter Opener","Ginger","The Courier","Orrery","Mango","Cursed Key","FossilizedHelix","Pantograph","Sundial","Bag of Preparation","Gremlin Horn","Smiling Mask","Runic Pyramid"],"acts_visited":["Exordium","TheCity","TheBeyond"],"potions_floor_usage":[5,5,7,8,12,12,16,18,18,38,38],"damage_taken":[{"damage":7,"enemies":"Jaw Worm","floor":1,"turns":5},{"damage":0,"enemies":"Cultist","floor":3,"turns":3},{"damage":3,"enemies":"2 Louse","floor":4,"turns":3},{"damage":2,"enemies":"2 Fungi Beasts","floor":5,"turns":3},{"damage":20,"enemies":"3 Sentries","floor":7,"turns":7},{"damage":0,"enemies":"Blue Slaver","floor":8,"turns":4},{"damage":16,"enemies":"Lagavulin","floor":12,"turns":6},{"damage":0,"enemies":"Exordium Thugs","floor":13,"turns":4},{"damage":19,"enemies":"Hexaghost","floor":16,"turns":8},{"damage":16,"enemies":"Chosen","floor":18,"turns":5},{"damage":26,"enemies":"Spheric Guardian","floor":20,"turns":6},{"damage":9,"enemies":"Slavers","floor":23,"turns":4},{"damage":0,"enemies":"Cultist and Chosen","floor":27,"turns":5},{"damage":23,"enemies":"Book of Stabbing","floor":29,"turns":6},{"damage":8,"enemies":"Centurion and Healer","floor":30,"turns":5},{"damage":17,"enemies":"Champ","floor":33,"turns":10},{"damage":12,"enemies":"3 Darklings","floor":35,"turns":7},{"damage":0,"enemies":"3 Shapes","floor":36,"turns":5},{"damage":30,"enemies":"3 Darklings","floor":37,"turns":4},{"damage":60,"enemies":"Spire Growth","floor":38,"turns":5}],"seed_played":"492886050512726848","potions_obtained":[{"floor":0,"key":"EntropicBrew"},{"floor":5,"key":"ColorlessPotion"},{"floor":8,"key":"PowerPotion"},{"floor":12,"key":"PowerPotion"},{"floor":13,"key":"DistilledChaos"},{"floor":16,"key":"Poison Potion"},{"floor":27,"key":"Fire Potion"},{"floor":35,"key":"EssenceOfSteel"}],"is_trial":false,"path_per_floor":["M","?","M","M","M","R","E","M","T","?","$","E","M","?","R","B",null,"M","?","M","$","?","E","R","T","T","M","$","E","M","?","R","B",null,"M","M","M","M"],"character_chosen":"THE_SILENT","items_purchased":["Orrery","Well Laid Plans","Catalyst","FossilizedHelix","Pantograph","Footwork"],"campfire_rested":2,"item_purchase_floors":[11,11,21,21,21,28],"current_hp_per_floor":[68,68,68,65,63,63,43,43,43,43,43,53,53,42,42,23,89,73,54,28,28,28,19,45,45,45,45,45,22,14,14,40,48,89,77,77,47,0,0],"gold":242,"neow_bonus":"BOSS_RELIC","is_daily":false,"chose_seed":false,"campfire_upgraded":2,"win_rate":0.0,"timestamp":1607800319,"path_taken":["M","?","M","?","M","R","E","M","T","?","$","E","M","?","R","BOSS","M","?","M","?","?","E","R","?","T","M","$","E","?","?","R","BOSS","M","M","M","?"],"items_purchased_type":["Relic","Card","Card","Relic","Relic","Card"],"build_version":"2020-11-30","purchased_purges":1,"victory":false,"max_hp_per_floor":[75,75,75,75,75,75,75,75,75,75,75,89,89,89,89,89,89,89,89,89,89,89,89,89,89,89,89,89,89,89,89,89,89,89,89,89,89,89,89],"relic_stats":{"Gremlin Horn":[4,4],"counters":[20,105],"Sundial":[4],"Pantograph":25,"Bag of Preparation":[16],"Letter Opener":[177],"Ginger":[8],"Cursed Key":2,"Smiling Mask":0,"obtain_stats":[{"Tiny House":0,"Gremlin Horn":26,"Mango":12,"The Courier":10,"Bag of Preparation":25,"Letter Opener":7,"Ginger":9,"Cursed Key":17,"Smiling Mask":29,"Sundial":23,"Pantograph":21,"Orrery":11,"FossilizedHelix":21,"Ring of the Snake":0,"Runic Pyramid":34},{"Tiny House":0,"Gremlin Horn":12,"Mango":7,"The Courier":6,"Bag of Preparation":12,"Letter Opener":5,"Ginger":6,"Cursed Key":9,"Smiling Mask":14,"Sundial":12,"Pantograph":11,"Orrery":6,"FossilizedHelix":11,"Ring of the Snake":0,"Runic Pyramid":16},{"Tiny House":0,"Gremlin Horn":58,"Mango":31,"The Courier":25,"Bag of Preparation":58,"Letter Opener":21,"Ginger":25,"Cursed Key":43,"Smiling Mask":69,"Sundial":58,"Pantograph":54,"Orrery":25,"FossilizedHelix":54,"Ring of the Snake":0,"Runic Pyramid":84}]},"card_choices":[{"not_picked":["Outmaneuver","Quick Slash"],"picked":"Dagger Throw","floor":0},{"not_picked":["Blur","Dodge and Roll","Acrobatics"],"picked":"SKIP","floor":1},{"not_picked":["Slice","Prepared"],"picked":"Dash","floor":3},{"not_picked":["Finisher","Underhanded Strike"],"picked":"Escape Plan","floor":4},{"not_picked":["Finisher","Escape Plan","Choke"],"picked":"SKIP","floor":5},{"not_picked":["Expertise","Flying Knee","Sucker Punch"],"picked":"SKIP","floor":7},{"not_picked":["Deadly Poison","Deflect"],"picked":"Corpse Explosion","floor":8},{"not_picked":["Quick Slash","Underhanded Strike"],"picked":"Cloak And Dagger","floor":11},{"not_picked":["PiercingWail","Backflip"],"picked":"Accuracy","floor":11},{"not_picked":["Underhanded Strike","Caltrops"],"picked":"Backflip","floor":11},{"not_picked":["Sucker Punch","Phantasmal Killer"],"picked":"Blade Dance","floor":11},{"not_picked":["Backflip","Outmaneuver"],"picked":"PiercingWail","floor":11},{"not_picked":["Dagger Spray","Dagger Throw","Underhanded Strike"],"picked":"SKIP","floor":12},{"not_picked":["Backflip","Die Die Die"],"picked":"Noxious Fumes","floor":13},{"not_picked":["Venomology","Envenom"],"picked":"Burst","floor":16},{"not_picked":["Dodge and Roll","Choke","Bane"],"picked":"SKIP","floor":18},{"not_picked":["Prepared","Accuracy","Flying Knee"],"picked":"SKIP","floor":20},{"not_picked":["Well Laid Plans","Masterful Stab","Dodge and Roll+1"],"picked":"SKIP","floor":23},{"not_picked":["Poisoned Stab","PiercingWail"],"picked":"Bouncing Flask","floor":27},{"not_picked":["Prepared","Reflex","Dash"],"picked":"SKIP","floor":29},{"not_picked":["Quick Slash","Outmaneuver","Well Laid Plans+1"],"picked":"SKIP","floor":30},{"not_picked":["Malaise","Burst"],"picked":"Night Terror","floor":33},{"not_picked":["Well Laid Plans+1","Flying Knee+1","Outmaneuver+1"],"picked":"SKIP","floor":35},{"not_picked":["Deflect+1","Quick Slash+1","Flying Knee"],"picked":"SKIP","floor":36},{"not_picked":["Expertise","Dagger Throw+1"],"picked":"Calculated Gamble+1","floor":37}],"player_experience":35866,"relics_obtained":[{"floor":7,"key":"Letter Opener"},{"floor":9,"key":"Ginger"},{"floor":12,"key":"Mango"},{"floor":23,"key":"Sundial"},{"floor":25,"key":"Bag of Preparation"},{"floor":26,"key":"Gremlin Horn"},{"floor":29,"key":"Smiling Mask"}],"event_choices":[{"damage_healed":0,"gold_gain":0,"player_choice":"Bought 0 Potions","damage_taken":0,"max_hp_gain":0,"max_hp_loss":0,"event_name":"The Woman in Blue","floor":2,"gold_loss":0},{"damage_healed":0,"gold_gain":0,"player_choice":"Box","damage_taken":0,"relics_obtained":["The Courier"],"max_hp_gain":0,"max_hp_loss":0,"event_name":"Big Fish","floor":10,"gold_loss":0,"cards_obtained":["Regret"]},{"damage_healed":0,"gold_gain":75,"player_choice":"Gather Gold","damage_taken":11,"max_hp_gain":0,"max_hp_loss":0,"event_name":"World of Goop","floor":14,"gold_loss":0},{"damage_healed":0,"gold_gain":180,"player_choice":"GOLD GOLD ","damage_taken":19,"max_hp_gain":0,"max_hp_loss":0,"event_name":"Knowing Skull","floor":19,"potions_obtained":[],"gold_loss":0,"cards_obtained":[]},{"damage_healed":0,"gold_gain":0,"player_choice":"Ignored","damage_taken":0,"max_hp_gain":0,"max_hp_loss":0,"event_name":"Cursed Tome","floor":22,"gold_loss":0},{"cards_removed":["Decay","Injury"],"damage_healed":0,"gold_gain":0,"player_choice":"Removed Curses","damage_taken":0,"max_hp_gain":0,"max_hp_loss":0,"event_name":"Fountain of Cleansing","floor":31,"gold_loss":0}],"is_beta":false,"boss_relics":[{"not_picked":["Sozu","Philosopher\u0027s Stone"],"picked":"Cursed Key"},{"not_picked":["Coffee Dripper","Busted Crown"],"picked":"Runic Pyramid"}],"items_purged_floors":[11],"is_endless":false,"potions_floor_spawned":[5,8,12,13,16,27,35],"killed_by":"Spire Growth","ascension_level":3}}