{"host":"3mdjmozz5rahgtdc","time":1607781847,"event":{"mods":["AchievementEnabler","BaseMod","Better Silent Start","Better-Laid Plans","Colored Map","Colored Powertips","Custom Start","DeckTracker","KOR Keyword Fix","Minty Spire (QoL Compilation)","Permanent Neow","StSLib","SuperFastMode"],"gold_per_floor":[135,310,326,44,87,87,104,104,104],"floor_reached":8,"playtime":299,"items_purged":["Doubt"],"score":55,"play_id":"1fb648c5-172b-4f2e-abc2-eecd3e3cd2fc","local_time":"20201212230407","is_ascension_mode":true,"campfire_choices":[{"data":"Eruption","floor":6,"key":"SMITH"}],"circlet_count":0,"master_deck":["Strike_P","Strike_P","Strike_P","Strike_P","Defend_P","Defend_P","Defend_P","Defend_P","Eruption+1","Vigilance","Wish","BattleHymn","Halt","EmptyFist","Protect"],"relics":["PureWater","TheAbacus"],"acts_visited":["Exordium"],"potions_floor_usage":[],"damage_taken":[{"damage":8,"enemies":"Small Slimes","floor":1,"turns":6},{"damage":1,"enemies":"2 Louse","floor":3,"turns":4},{"damage":1,"enemies":"Cultist","floor":5,"turns":4},{"damage":7,"enemies":"Gremlin Gang","floor":7,"turns":8},{"damage":63,"enemies":"Gremlin Nob","floor":8,"turns":5}],"seed_played":"-3301369402924200362","potions_obtained":[{"floor":1,"key":"CultistPotion"},{"floor":5,"key":"LiquidBronze"}],"is_trial":false,"path_per_floor":["M","?","M","$","M","R","M","E"],"character_chosen":"WATCHER","items_purchased":["EmptyFist","TheAbacus"],"campfire_rested":0,"item_purchase_floors":[4,4],"current_hp_per_floor":[64,64,63,63,62,62,55,0,0],"gold":104,"neow_bonus":"ONE_RANDOM_RARE_CARD","is_daily":false,"chose_seed":false,"campfire_upgraded":1,"win_rate":0.0,"timestamp":1607781847,"path_taken":["M","?","M","$","M","R","M","E"],"items_purchased_type":["Card","Relic"],"build_version":"2020-11-30","purchased_purges":1,"victory":false,"max_hp_per_floor":[72,72,72,72,72,72,72,72,72],"card_choices":[{"not_picked":["PathToVictory","Evaluate"],"picked":"BattleHymn","floor":1},{"not_picked":["Wireheading","Pray"],"picked":"Halt","floor":3},{"not_picked":["EmptyFist","FlyingSleeves","Consecrate"],"picked":"SKIP","floor":5},{"not_picked":["BowlingBash","PathToVictory"],"picked":"Protect","floor":7}],"player_experience":267453,"relics_obtained":[],"event_choices":[{"damage_healed":0,"gold_gain":175,"player_choice":"AGREE","damage_taken":0,"max_hp_gain":0,"max_hp_loss":0,"event_name":"Liars Game","floor":2,"gold_loss":0,"cards_obtained":["Doubt"]}],"is_beta":false,"boss_relics":[],"items_purged_floors":[4],"is_endless":false,"potions_floor_spawned":[1,5],"killed_by":"Gremlin Nob","ascension_level":3}}