{"host":"g5ctwwsvxeihc2vr","time":1607783246,"event":{"mods":["Act Like it!","BaseMod","Better Third Choice","Block Reminder","CapriCore","Dio Mod","Downfall","Hallownest","Hermit","Jorbs\u0027s Wanderer Trilogy","Koishi","Luminous","Marisa????????","Minty Spire (QoL Compilation)","Reimu??????","Remilia??????","StSLib","The Alterego","The Animator","The Bug Knight","The Cursed","The Hierophant","The Immortal","The Jungle","The Runesmith","The Servant 0.9.4","The Wild Card","Waifu the Spire"],"gold_per_floor":[117,117,131,141,141,171,186,82,164,175,208,208,208,173,173,272,272,292,255,255,275,275,275],"floor_reached":22,"playtime":1865,"items_purged":[],"score":194,"play_id":"9efe105c-02d7-4b93-a09d-a8539244312b","local_time":"20201212092726","is_ascension_mode":false,"campfire_choices":[{"floor":13,"key":"REST"},{"data":"hermit:Grudge","floor":15,"key":"SMITH"}],"circlet_count":0,"master_deck":["hermit:Strike_Hermit+1","hermit:Strike_Hermit+1","hermit:Strike_Hermit+1","hermit:Strike_Hermit+1","hermit:Defend_Hermit+1","hermit:Defend_Hermit+1","hermit:Defend_Hermit+1","hermit:Defend_Hermit+1","hermit:Snapshot","hermit:Covet","Bandage Up","hermit:Misfire","hermit:Cheat","hermit:Dive","hermit:CursedWeapon","hermit:Cheat","hermit:Grudge+1","hermit:Midnight","hermit:Feint","hermit:Adapt","hermit:SprayPray","hermit:Determination"],"relics":["hermit:ClaspedLocket","PureWhite:ReiMu","Pear","Blood Vial"],"acts_visited":["Exordium","TheCity"],"potions_floor_usage":[6,6,7,16,16,21],"damage_taken":[{"damage":0,"enemies":"2 Louse","floor":1,"turns":2},{"damage":1,"enemies":"Cultist","floor":3,"turns":4},{"damage":0,"enemies":"Small Slimes","floor":4,"turns":2},{"damage":20,"enemies":"3 Sentries","floor":6,"turns":10},{"damage":15,"enemies":"Exordium Thugs","floor":7,"turns":4},{"damage":2,"enemies":"Looter","floor":10,"turns":2},{"damage":37,"enemies":"Lagavulin","floor":11,"turns":8},{"damage":36,"enemies":"Slime Boss","floor":16,"turns":9},{"damage":66,"enemies":"3 Byrds","floor":18,"turns":11},{"damage":25,"enemies":"Shell Parasite","floor":21,"turns":7},{"damage":19,"enemies":"Centurion and Healer","floor":22,"turns":3}],"seed_played":"461500177752774282","potions_obtained":[{"floor":4,"key":"FearPotion"},{"floor":5,"key":"hexamod:EctoCoolerPotion"},{"floor":5,"key":"Slimebound:ThreeZeroPotion"},{"floor":7,"key":"LiquidBronze"},{"floor":10,"key":"SpeedPotion"},{"floor":11,"key":"hermit:Tonic"},{"floor":18,"key":"EssenceOfSteel"}],"is_trial":false,"path_per_floor":["M","?","M","M","?","E","M","$","T","M","E","?","R","?","R","B",null,"M","$","?","M","M"],"character_chosen":"HERMIT","items_purchased":["hermit:Grudge","hermit:Midnight","hermit:Determination"],"campfire_rested":1,"item_purchase_floors":[8,8,19],"current_hp_per_floor":[75,75,74,74,74,58,47,47,57,59,26,26,51,72,72,42,85,23,23,23,4,0,0],"gold":275,"neow_bonus":"RANDOM_COLORLESS","is_daily":false,"chose_seed":false,"campfire_upgraded":1,"win_rate":0.0,"timestamp":1607783246,"path_taken":["M","?","M","?","?","E","M","?","T","M","E","?","R","?","R","BOSS","M","$","?","M","M"],"items_purchased_type":["Card","Card","Card"],"build_version":"2020-11-30","purchased_purges":0,"victory":false,"max_hp_per_floor":[75,75,75,75,75,75,75,75,85,85,85,85,85,85,85,85,85,85,85,85,85,85,85],"card_choices":[{"not_picked":["Madness","expansioncontent:Chronoboost"],"picked":"Bandage Up","floor":0},{"not_picked":["hermit:NoHoldsBarred","hermit:Coalescence"],"picked":"hermit:Misfire","floor":1},{"not_picked":["hermit:PistolWhip","hermit:Glare"],"picked":"hermit:Cheat","floor":3},{"not_picked":["hermit:Snipe","hermit:CalledShot"],"picked":"hermit:Dive","floor":4},{"not_picked":["hermit:Roulette","hermit:Horror"],"picked":"hermit:CursedWeapon","floor":6},{"not_picked":["hermit:PistolWhip","hermit:BodyArmor"],"picked":"hermit:Cheat","floor":7},{"not_picked":["hermit:TrackingShot","hermit:HoleUp","hermit:Enervate"],"picked":"SKIP","floor":10},{"not_picked":["hermit:SprayPray","hermit:Horror"],"picked":"hermit:Feint","floor":11},{"not_picked":["hermit:EternalForm","hermit:FromBeyond"],"picked":"hermit:Adapt","floor":16},{"not_picked":["hermit:Quickdraw","hermit:HighCaliber+1"],"picked":"hermit:SprayPray","floor":18},{"not_picked":["hermit:Horror","hermit:Roulette","hermit:Misfire"],"picked":"SKIP","floor":21}],"player_experience":261627,"relics_obtained":[{"floor":6,"key":"PureWhite:ReiMu"},{"floor":9,"key":"Pear"},{"floor":11,"key":"Blood Vial"}],"event_choices":[{"damage_healed":0,"gold_gain":0,"player_choice":"Ignored","damage_taken":0,"max_hp_gain":0,"max_hp_loss":0,"event_name":"Transmorgrifier","floor":2,"gold_loss":0},{"damage_healed":0,"gold_gain":0,"player_choice":"Got Potions","damage_taken":0,"max_hp_gain":0,"max_hp_loss":0,"event_name":"Lab","floor":5,"gold_loss":0},{"damage_healed":21,"gold_gain":0,"player_choice":"Healed","damage_taken":0,"max_hp_gain":0,"max_hp_loss":0,"event_name":"The Cleric","floor":14,"gold_loss":35},{"damage_healed":0,"gold_gain":0,"player_choice":"Simplicity","damage_taken":0,"max_hp_gain":0,"max_hp_loss":8,"event_name":"betterThird:BetterWriting","floor":20,"gold_loss":0}],"is_beta":false,"boss_relics":[{"not_picked":["SlaversCollar","hermit:BartenderGlass"],"picked":"hermit:ClaspedLocket"}],"items_purged_floors":[],"is_endless":false,"potions_floor_spawned":[4,7,10,11,18],"killed_by":"Centurion and Healer","ascension_level":0}}