{"host":"sst22apzgpn07t8v","time":1607733495,"event":{"mods":["Act Like it!","BaseMod","Hallownest","HololiveMod","Lobotomy","LobotomyExtend","Minty Spire (QoL Compilation)","Replay The Spire","Shop Mod","StSLib"],"gold_per_floor":[109,109,109,109,36,36,55,69,69,34,34,34,79,119,119,154,154,275,275,293,113,134,134,134,134,152,152,178,197,197,197,222,222,253,278,278,402,402,421,421,246,246,122,122,137,137,437,450,783,783,783,783],"floor_reached":51,"playtime":2279,"items_purged":[],"score":569,"play_id":"ae96727b-bcc8-46c8-9463-d86f63665605","local_time":"20201212083815","is_ascension_mode":false,"campfire_choices":[{"data":"ReplayTheSpireMod:Scrap Shanks","floor":6.0,"key":"SMITH"},{"floor":17.0,"key":"REST"},{"floor":25,"key":"REST"},{"floor":27,"key":"REST"},{"floor":33,"key":"REST"},{"floor":36,"key":"REST"},{"floor":44,"key":"REST"},{"floor":46,"key":"REST"}],"circlet_count":0,"master_deck":["Strike_G","Strike_G","Strike_G","Strike_G","Strike_G","Defend_G","Defend_G","Defend_G","Defend_G","Defend_G","Survivor","Neutralize","Slice","ReplayTheSpireMod:Scrap Shanks+1","Underhanded Strike","Poisoned Stab","Bouncing Flask","Riddle With Holes","Adrenaline","Backflip","Atom Bomb","Bane+1","Catalyst+1","Metamorphosis","Panache","ReplayTheSpireMod:Necrogeddon","Prepared+1","Prepared+1","Blade Dance+1","Infinite Blades","Prepared+1","ReplayTheSpireMod:IOU","Bane+1","Slice","Catalyst","Envenom","Blade Dance+1","ReplayTheSpireMod:From All Sides","Poisoned Stab+1","Delirium","Bouncing Flask","Infinite Blades","Blade Dance","Bane+1","Deadly Poison+1","Catalyst","Doubt","Doppelganger","Madness","Madness"],"relics":["Philosopher\u0027s Stone","Replay:Bottled Flurry","Replay:Mystery Machine","Snack Pack","WarpedTongs","Dream Catcher","Cursed Key","ReplayTheSpireMod:ShopPack","Replay:Baseball","Blue Doll","Fusion Hammer","Ring of Hypnosis","ReplayTheSpireMod:Ring of Collecting","Lee\u0027s Waffle","Ring of Peace","Old Coin"],"acts_visited":["Exordium","TheCity","TheBeyond"],"potions_floor_usage":[22,22,26,34,51],"damage_taken":[{"damage":3.0,"enemies":"Cultist","floor":1.0,"turns":5.0},{"damage":0.0,"enemies":"Jaw Worm","floor":7.0,"turns":4.0},{"damage":1.0,"enemies":"Small Slimes","floor":8.0,"turns":3.0},{"damage":27.0,"enemies":"3 Sentries","floor":14.0,"turns":8.0},{"damage":8.0,"enemies":"Gremlin Nob","floor":16.0,"turns":3.0},{"damage":31.0,"enemies":"Hexaghost","floor":18.0,"turns":9.0},{"damage":2,"enemies":"Chosen","floor":20,"turns":2},{"damage":39,"enemies":"3 Byrds","floor":22,"turns":3},{"damage":0,"enemies":"Snake Plant","floor":26,"turns":3},{"damage":10,"enemies":"Centurion and Healer","floor":29,"turns":5},{"damage":18,"enemies":"Chosen and Byrds","floor":32,"turns":4},{"damage":28,"enemies":"Gremlin Leader","floor":34,"turns":4},{"damage":21,"enemies":"Snake Plant","floor":35,"turns":3},{"damage":33,"enemies":"Collector","floor":37,"turns":6},{"damage":55,"enemies":"3 Shapes","floor":39,"turns":5},{"damage":27,"enemies":"3 Darklings","floor":45,"turns":4},{"damage":51,"enemies":"Jaw Worm Horde","floor":48,"turns":4},{"damage":20,"enemies":"Sphere and 2 Shapes","floor":51,"turns":2}],"seed_played":"-551653080557741121","potions_obtained":[{"floor":7.0,"key":"Adrenaline Potion"},{"floor":8.0,"key":"Swift Potion"},{"floor":14.0,"key":"LifebloodPotion"},{"floor":18.0,"key":"Swift Potion"},{"floor":29,"key":"Swift Potion"},{"floor":34,"key":"Death Potion"},{"floor":35,"key":"Reflective Coating"},{"floor":39,"key":"AttackPotion"}],"is_trial":false,"path_per_floor":["M","?","?","?","$","R","M","M","T","$","PTL","PTL","T","E","?","E","R","B",null,"M","$","M","?","?","R","M","R","T","M","PTL","PTL","M","R","E","M","R","B",null,"M","?","$","?","$","R","M","R","T","M","?","?","M"],"character_chosen":"THE_SILENT","items_purchased":["ReplayTheSpireMod:Scrap Shanks","Bouncing Flask","Catalyst+1","ReplayTheSpireMod:ShopPack","Lee\u0027s Waffle","Bouncing Flask","Infinite Blades","Blade Dance"],"campfire_rested":7,"item_purchase_floors":[5,10,21,21,41,41,43,43],"current_hp_per_floor":[67,65,65,65,65,65,65,64,64,64,64,64,64,37,37,33,52,27,65,64,64,27,27,27,46,52,65,65,57,57,57,45,64,39,22,41,20,65,14,14,72,72,72,72,47,68,68,27,27,18,0,0],"gold":783,"neow_bonus":"BOSS_RELIC","is_daily":false,"chose_seed":false,"campfire_upgraded":1,"win_rate":0.0,"timestamp":1607733495,"path_taken":["M","?","?","?","?","R","?","M","T","$","PTL","PTL","?","E","?","E","R","BOSS","M","$","?","?","?","R","?","R","T","M","PTL","PTL","?","R","E","M","R","BOSS","M","?","$","?","$","R","M","R","T","M","?","?","M"],"items_purchased_type":["Card","Card","Card","Relic","Relic","Card","Card","Card"],"build_version":"2020-11-30","purchased_purges":0,"victory":false,"max_hp_per_floor":[70,65,65,65,65,65,65,65,65,65,65,65,65,65,65,65,65,65,65,65,65,65,65,65,65,65,65,65,65,65,65,65,65,65,65,65,65,65,65,65,72,72,72,72,72,72,72,72,72,72,72,72],"card_choices":[{"not_picked":["Poisoned Stab","Sucker Punch"],"picked":"Slice","floor":1.0},{"not_picked":["PiercingWail","Outmaneuver"],"picked":"Underhanded Strike","floor":7.0},{"not_picked":["Reflex","Dagger Spray"],"picked":"Poisoned Stab","floor":8.0},{"not_picked":["Flechettes","Hidden Blade"],"picked":"Riddle With Holes","floor":14.0},{"not_picked":["ReplayTheSpireMod:Tripwire","Dodge and Roll"],"picked":"Adrenaline","floor":16.0},{"not_picked":["Sucker Punch","Hidden Blade"],"picked":"Backflip","floor":17.0},{"not_picked":["Poison Darts","After Image"],"picked":"Atom Bomb","floor":18.0},{"not_picked":["Expertise","Footwork"],"picked":"Bane+1","floor":20},{"not_picked":["Magnetism","Panache"],"picked":"Metamorphosis","floor":21},{"not_picked":["Flash of Steel","Midas Touch"],"picked":"Panache","floor":21},{"not_picked":["Impatience","Forethought"],"picked":"ReplayTheSpireMod:Necrogeddon","floor":21},{"not_picked":["Dodge and Roll","Backflip"],"picked":"Prepared+1","floor":22},{"not_picked":["Hidden Blade+1","Backflip"],"picked":"Blade Dance+1","floor":25},{"not_picked":["Prepared+1","Blade Dance+1"],"picked":"Infinite Blades","floor":26},{"not_picked":["Deadly Poison","Acrobatics"],"picked":"Prepared+1","floor":27},{"not_picked":["Outmaneuver","PiercingWail"],"picked":"Bane+1","floor":29},{"not_picked":["Well Laid Plans","Fluid Movement"],"picked":"Slice","floor":32},{"not_picked":["Flying Knee","Dagger Spray+1"],"picked":"Catalyst","floor":33},{"not_picked":["Flechettes","Choke"],"picked":"Envenom","floor":34},{"not_picked":["Hidden Blade","Acrobatics"],"picked":"Blade Dance+1","floor":35},{"not_picked":["Malaise","Atom Bomb"],"picked":"ReplayTheSpireMod:From All Sides","floor":37},{"not_picked":["Riddle With Holes+1","Outmaneuver+1"],"picked":"Poisoned Stab+1","floor":39},{"not_picked":["PiercingWail","Blur"],"picked":"Bane+1","floor":44},{"not_picked":["Draining Mist","Terror+1"],"picked":"Deadly Poison+1","floor":45},{"not_picked":["Calculated Gamble","Dagger Spray"],"picked":"Catalyst","floor":46},{"not_picked":["Caltrops","Deadly Poison"],"picked":"Doppelganger","floor":48}],"player_experience":118825,"relics_obtained":[{"floor":9.0,"key":"Replay:Bottled Flurry"},{"floor":13.0,"key":"Replay:Mystery Machine"},{"floor":14.0,"key":"Snack Pack"},{"floor":16.0,"key":"Dream Catcher"},{"floor":28,"key":"Replay:Baseball"},{"floor":34,"key":"Blue Doll"},{"floor":40,"key":"Ring of Hypnosis"},{"floor":40,"key":"ReplayTheSpireMod:Ring of Collecting"},{"floor":47,"key":"Ring of Peace"},{"floor":47,"key":"Old Coin"}],"event_choices":[{"damage_healed":0.0,"max_hp_gain":0.0,"max_hp_loss":5.0,"gold_gain":0.0,"event_name":"Golden Idol","player_choice":"Lose Max HP","floor":2.0,"gold_loss":0.0,"damage_taken":0.0,"relics_obtained":["Golden Idol"]},{"damage_healed":0.0,"max_hp_gain":0.0,"max_hp_loss":0.0,"gold_gain":0.0,"event_name":"Accursed Blacksmith","player_choice":"Rummage","floor":15.0,"gold_loss":0.0,"damage_taken":0.0,"relics_obtained":["WarpedTongs"],"cards_obtained":["Pain"]},{"cards_removed":["Pain"],"damage_healed":0,"gold_gain":0,"player_choice":"Elegance","damage_taken":0,"max_hp_gain":0,"max_hp_loss":0,"event_name":"Back to Basics","floor":23,"gold_loss":0},{"damage_healed":0,"gold_gain":0,"player_choice":"Copied","damage_taken":0,"max_hp_gain":0,"max_hp_loss":0,"event_name":"Duplicator","floor":24,"gold_loss":0,"cards_obtained":["Prepared"]},{"damage_healed":0,"gold_gain":0,"player_choice":"Ignored","damage_taken":0,"max_hp_gain":0,"max_hp_loss":0,"event_name":"Mysterious Sphere","floor":42,"gold_loss":0},{"damage_healed":0,"gold_gain":333,"player_choice":"Gave Idol","damage_taken":0,"max_hp_gain":0,"max_hp_loss":0,"event_name":"The Moai Head","floor":49,"relics_lost":["Golden Idol"],"gold_loss":0},{"damage_healed":0,"gold_gain":0,"player_choice":"Embrace Madness","damage_taken":9,"max_hp_gain":0,"max_hp_loss":0,"event_name":"Winding Halls","floor":50,"gold_loss":0,"cards_obtained":["Madness","Madness"]}],"is_beta":false,"boss_relics":[{"not_picked":["SlaversCollar","Runic Dome"],"picked":"Cursed Key"},{"not_picked":["Painkiller Herb","Velvet Choker"],"picked":"Fusion Hammer"}],"items_purged_floors":[],"is_endless":false,"potions_floor_spawned":[7,8,14,18,20,29,34,35,39],"killed_by":"Sphere and 2 Shapes","ascension_level":0}}