{"host":"8xp52u5o8fcssvzz","time":1607758159,"event":{"mods":["2.2 Compatiblity","AchievementEnabler","Act Like it!","Aspiration","BaseMod","Better Altar","Better Match","Better Note","Better Sensory Stone","Better Skull","Better Third Choice","BetterRewards","Colored Map","Conspire","Downfall","GifTheSpireLib","Googly Eyes","Halation","Hallownest","Highlight Path","Hubris","Infinite Spire","Jorbs\u0027s Wanderer Trilogy","Marisa????????","Mimic Mod","Minty Spire (QoL Compilation)","Replay The Spire","Spicy Shops","StSLib","Stuff the Spire","The Blackbeard","The Gatherer","The Necromancer","The Runesmith","The Servant 0.9.4","Unceasing Turn Reminder","everything is the same but u backflip on backflip"],"gold_per_floor":[111,126,146,166,23,40,68,68,103,103,103,3,3,3,3,100,100,114,165,165,185,195,230,230,267,293,309,309,234,33,48,48,150,150,162,193,205,223,223,254,254,265,288,301,301,301,301],"floor_reached":46,"playtime":2433,"items_purged":["Defend_W","Regret","Strike_W","Strike_W"],"score":497,"play_id":"56cce052-2746-4eba-b6e3-cc0445e0b4d3","local_time":"20201211232919","is_ascension_mode":false,"campfire_choices":[{"data":"Summon_Undead_Army","floor":8,"key":"SMITH"},{"data":"Bone_Armory","floor":15,"key":"SMITH"},{"floor":24,"key":"REST"},{"floor":32,"key":"REST"},{"data":"infinitespire:Punishment","floor":41,"key":"SMITH"}],"circlet_count":0,"master_deck":["Defend_W","Defend_W","Negative_Energy_Arrows","Bone_Wall","Negative_Energy_Javelin","Negative_Energy_Javelin","Chill_Blood","Bone_Armory+1","Summon_Undead_Army+1","Summon_Lich","Bone_Armor+1","infinitespire:Punishment+1","Negative_Energy_Bomb","Deaths_Shadow+1","Summon_Undead+1","Bone_Prison","Bone_Prison","Summon_Lich+1","Summon_Lich+1","Summon_Vampire_Lady+1","Exploit","Negative_Energy_Mist","Summon_Death_Knight","Vampiric_Strike+1","Bone_Spikes+1","Bone_Bullets","Negative_Energy_Sphere","Blood_Whip","Summon_Undead_Army+1","Summon_Lich+1"],"relics":["Vampire_Amulet","PreservedInsect","Akabeko","StuffTheSpire:RedRose","Empty Cage","conspire:BottledYoYo","halation:NonexistentMirror","MealTicket","hubris:HollowSoul","halation:PrussianBluePaint","infinitespire:EmpoweringShard","infinitespire:Beetle Shell"],"acts_visited":["Exordium","Exordium","TheBeyond"],"potions_floor_usage":[7,16,21,21,22,31,37,46,46],"damage_taken":[{"damage":0,"enemies":"Cultist","floor":1,"turns":3},{"damage":0,"enemies":"Jaw Worm","floor":2,"turns":4},{"damage":6,"enemies":"2 Louse","floor":3,"turns":3},{"damage":3,"enemies":"Looter","floor":4,"turns":4},{"damage":3,"enemies":"Exordium Wildlife","floor":6,"turns":4},{"damage":10,"enemies":"Gremlin Nob","floor":7,"turns":4},{"damage":0,"enemies":"3 Louse","floor":9,"turns":6},{"damage":22,"enemies":"Slime Boss","floor":16,"turns":7},{"damage":10,"enemies":"Hallownest:2_Mistakes","floor":18,"turns":5},{"damage":19,"enemies":"Hallownest:Flukemon_and_Top","floor":21,"turns":4},{"damage":17,"enemies":"Hallownest:Master_and_Novice","floor":22,"turns":4},{"damage":12,"enemies":"Hallownest:Nosk","floor":23,"turns":5},{"damage":23,"enemies":"Hallownest:Glutton_and_Coward","floor":25,"turns":3},{"damage":12,"enemies":"Hallownest:monsterMisterMushroom","floor":27,"turns":5},{"damage":13,"enemies":"Hallownest:Warrior_and_Youth","floor":31,"turns":4},{"damage":41,"enemies":"Hallownest:BossSoulMaster","floor":33,"turns":9},{"damage":28,"enemies":"3 Darklings","floor":35,"turns":6},{"damage":24,"enemies":"conspire:MimicChest","floor":36,"turns":5},{"damage":0,"enemies":"Orb Walker","floor":37,"turns":3},{"damage":18,"enemies":"4 Shapes","floor":38,"turns":4},{"damage":71,"enemies":"Nemesis","floor":40,"turns":5},{"damage":0,"enemies":"Transient","floor":42,"turns":5},{"damage":16,"enemies":"Spire Growth","floor":44,"turns":4},{"damage":43,"enemies":"Giant Head","floor":46,"turns":7}],"seed_played":"-1687973248147978790","potions_obtained":[{"floor":1,"key":"Dexterity Potion"},{"floor":3,"key":"Block Potion"},{"floor":16,"key":"SpeedPotion"},{"floor":18,"key":"Block Potion"},{"floor":19,"key":"FairyPotion"},{"floor":21,"key":"Fruit Juice"},{"floor":27,"key":"Weak Potion"},{"floor":33,"key":"SpeedPotion"},{"floor":36,"key":"Regen Potion"},{"floor":37,"key":"Elixir"},{"floor":44,"key":"sneckomod:MuddlingPotion"}],"is_trial":false,"path_per_floor":["M","M","M","M","$","M","E","R","MIM","?","?","$","?","?","R","B",null,"M","?","AVR","M","M","E","R","M","T","M","?","?","$","M","R","B",null,"M","?","M","M","?","E","R","M","T","M","?","E"],"character_chosen":"NECROMANCER","items_purchased":["Bone_Armory","Exploit"],"campfire_rested":2,"item_purchase_floors":[5,30],"current_hp_per_floor":[82,82,78,77,77,78,70,70,72,72,72,72,72,53,53,37,82,74,42,42,30,17,7,33,14,14,4,4,4,19,22,48,24,87,67,47,58,48,48,25,25,35,35,30,30,0,0],"gold":301,"neow_bonus":"TEN_PERCENT_HP_BONUS","is_daily":false,"chose_seed":false,"campfire_upgraded":3,"win_rate":0.0,"timestamp":1607758159,"path_taken":["M","?","M","M","$","M","E","R","MIM","?","?","?","?","?","R","BOSS","M","?","AVR","M","M","E","R","M","T","M","?","?","$","M","R","BOSS","M","?","?","M","?","E","R","?","T","M","?","E"],"items_purchased_type":["Card","Card"],"build_version":"2020-11-30","purchased_purges":4,"victory":false,"max_hp_per_floor":[82,82,82,82,82,82,82,82,82,82,82,82,82,82,82,82,82,82,82,82,87,87,87,87,87,87,87,87,87,87,87,87,87,87,87,87,87,87,87,87,87,87,87,87,87,87,87],"card_choices":[{"not_picked":["Scare","Deaths_Shadow"],"picked":"Negative_Energy_Javelin","floor":1},{"not_picked":["Blood_Whip","Plague_Bolt"],"picked":"Negative_Energy_Javelin","floor":2},{"not_picked":["Scare","Bones_to_Steel"],"picked":"Chill_Blood","floor":3},{"not_picked":["Acid_Javelin","Shackles_Of_Pain","Consume_Illness"],"picked":"SKIP","floor":4},{"not_picked":["Negative_Energy_Burst","Shackles_Of_Pain"],"picked":"Summon_Undead_Army","floor":6},{"not_picked":["Blood_Magic","Scare"],"picked":"Summon_Lich","floor":7},{"not_picked":["Toxic_Smoke_Screen","Bone_Bullets"],"picked":"Bone_Spikes","floor":9},{"not_picked":["infinitespire:SealOfDarkness+","infinitespire:FutureSight"],"picked":"infinitespire:Punishment","floor":14},{"not_picked":["Cloudkill","Blood_Magic"],"picked":"Negative_Energy_Bomb","floor":16},{"not_picked":["Blood_Shield","Consume_Illness+1"],"picked":"Deaths_Shadow+1","floor":18},{"not_picked":["Life_Tap+1","Vampiric_Strike+1"],"picked":"Summon_Undead","floor":19},{"not_picked":["Death_March_Dance+1","Negative_Energy_Shield"],"picked":"Bone_Prison","floor":21},{"not_picked":["Scare","Death_March_Dance","Consume_Illness+1"],"picked":"SKIP","floor":22},{"not_picked":["Blood_Magic","Scare"],"picked":"Summon_Lich+1","floor":23},{"not_picked":["Strike_from_Beyond+1","Bone_Bullets","Life_Tap"],"picked":"SKIP","floor":25},{"not_picked":["Flesh_Made_Foul+1","Finger_Of_Death","Bone_Bullets"],"picked":"SKIP","floor":27},{"not_picked":["Skeleton_Dragon+1","Blood_Magic+1"],"picked":"Summon_Vampire_Lady+1","floor":29},{"not_picked":["Summon_Lich","Spectral_Armor"],"picked":"Negative_Energy_Mist","floor":31},{"not_picked":["Cloudkill","Requiem"],"picked":"Summon_Death_Knight","floor":33},{"not_picked":["Negative_Energy_Sphere","Bone_Armor+1"],"picked":"Vampiric_Strike+1","floor":35},{"not_picked":["Chill_Blood","Death_Knell+1"],"picked":"Bone_Spikes+1","floor":36},{"not_picked":["Blood_Whip+1","Blood_Curse"],"picked":"Bone_Bullets","floor":37},{"not_picked":["Scare+1","Bone_Armor+1"],"picked":"Negative_Energy_Sphere","floor":38},{"not_picked":["Bone_Armory+1","Reap_The_Weak"],"picked":"Summon_Undead_Army+1","floor":40},{"not_picked":["Bone_Armor","Shackles_Of_Pain+1"],"picked":"Summon_Lich+1","floor":42},{"not_picked":["Chill_Blood+1","Death_March_Dance","Vampiric_Strike"],"picked":"SKIP","floor":44}],"player_experience":402870,"relics_obtained":[{"floor":7,"key":"PreservedInsect"},{"floor":9,"key":"Akabeko"},{"floor":19,"key":"conspire:BottledYoYo"},{"floor":23,"key":"MealTicket"},{"floor":36,"key":"halation:PrussianBluePaint"},{"floor":40,"key":"infinitespire:EmpoweringShard"},{"floor":43,"key":"infinitespire:Beetle Shell"}],"event_choices":[{"damage_healed":0,"gold_gain":0,"player_choice":"2","damage_taken":0,"max_hp_gain":0,"max_hp_loss":0,"event_name":"betterMatch:BetterMatch","floor":29,"gold_loss":0,"cards_obtained":["betterMatch:RareCard"]},{"damage_healed":0,"gold_gain":0,"cards_transformed":["Strike_W"],"player_choice":"Transformed","damage_taken":0,"max_hp_gain":0,"max_hp_loss":0,"event_name":"Transmorgrifier","floor":39,"gold_loss":0,"cards_obtained":["Blood_Whip"]},{"damage_healed":0,"gold_gain":0,"player_choice":"Ignored","damage_taken":0,"max_hp_gain":0,"max_hp_loss":0,"event_name":"Tomb of Lord Red Mask","floor":45,"gold_loss":0}],"is_beta":false,"boss_relics":[{"not_picked":["halation:Risk","Replay:Ancient Bell"],"picked":"Empty Cage"},{"not_picked":["Replay:Drink Me","conspire:RunicOctahedron"],"picked":"hubris:HollowSoul"}],"items_purged_floors":[5,12,20,30],"is_endless":false,"potions_floor_spawned":[1,3,16,18,21,27,33,36,37,44],"killed_by":"Giant Head","ascension_level":0}}