{"host":"2ttsipbxjlhedj1t","time":1607742285,"event":{"mods":["2.2 Compatiblity","Act Like it!","BaseMod","Better Altar","Better Note","Better Sensory Stone","Better Skull","Better Third Choice","Colored Map","Colored Powertips","Hermit","Highlight Path","Minty Spire (QoL Compilation)","Quick Restart","Shop Mod","StSLib","The Blue Laboratory","The Disciple"],"gold_per_floor":[113,127,127,147,147,147,214,229,229,74,74,110,110,130,130,130,130],"floor_reached":16,"playtime":4465,"items_purged":[],"score":120,"play_id":"2651e4b4-1994-4990-8d94-146a16f7f1e0","local_time":"20201211220445","is_ascension_mode":true,"campfire_choices":[{"data":"Zap","floor":6.0,"key":"SMITH"},{"floor":13.0,"key":"REST"},{"data":"Dualcast","floor":15.0,"key":"SMITH"}],"circlet_count":0,"master_deck":["Strike_B","Strike_B","Strike_B","Strike_B","Defend_B","Defend_B","Defend_B","Defend_B","Zap+1","Dualcast+1","Meteor Strike","Reinforced Body","Genetic Algorithm"],"relics":["Cracked Core","CultistMask","Turnip","Toolbox","Golden Idol","Ginger"],"acts_visited":["Exordium"],"potions_floor_usage":[16],"damage_taken":[{"damage":1.0,"enemies":"Cultist","floor":1.0,"turns":3.0},{"damage":4.0,"enemies":"Small Slimes","floor":2.0,"turns":3.0},{"damage":2.0,"enemies":"Jaw Worm","floor":4.0,"turns":3.0},{"damage":3.0,"enemies":"Blue Slaver","floor":8.0,"turns":3.0},{"damage":29.0,"enemies":"Lagavulin","floor":12.0,"turns":8.0},{"damage":8.0,"enemies":"3 Louse","floor":14.0,"turns":3.0},{"damage":44,"enemies":"The Guardian","floor":16,"turns":7}],"seed_played":"5298587376874221603","potions_obtained":[{"floor":1.0,"key":"blueLaboratory:FrostheartPotion"},{"floor":8.0,"key":"Fruit Juice"},{"floor":12.0,"key":"blueLaboratory:TrueEctoplasm"}],"is_trial":false,"path_per_floor":["M","M","?","M","?","R","?","M","T","$","?","E","R","M","R","B"],"character_chosen":"DEFECT","items_purchased":["Toolbox"],"campfire_rested":1,"item_purchase_floors":[10],"current_hp_per_floor":[74,70,70,68,68,68,68,70,70,70,70,41,63,55,55,11,11],"gold":130,"neow_bonus":"ONE_RANDOM_RARE_CARD","is_daily":false,"chose_seed":false,"campfire_upgraded":2,"win_rate":0.0,"timestamp":1607742285,"path_taken":["M","?","?","?","?","R","?","M","T","$","?","E","R","M","R","BOSS"],"items_purchased_type":["Relic"],"build_version":"2020-11-30","purchased_purges":0,"victory":false,"max_hp_per_floor":[75,75,75,75,75,75,75,80,80,80,74,74,74,74,74,74,74],"card_choices":[{"not_picked":["Glacier","Ball Lightning","Cold Snap"],"picked":"SKIP","floor":1.0},{"not_picked":["Gash","Stack","Cold Snap"],"picked":"SKIP","floor":2.0},{"not_picked":["Cold Snap","Steam Power","Barrage"],"picked":"SKIP","floor":4.0},{"not_picked":["Auto Shields","Compile Driver"],"picked":"Reinforced Body","floor":8.0},{"not_picked":["Skim","Rebound"],"picked":"Genetic Algorithm","floor":12.0},{"not_picked":["Consume","Beam Cell","Cold Snap"],"picked":"SKIP","floor":14.0}],"player_experience":356586,"relics_obtained":[{"floor":9.0,"key":"Turnip"},{"floor":12.0,"key":"Ginger"}],"event_choices":[{"damage_healed":0.0,"max_hp_gain":0.0,"max_hp_loss":0.0,"gold_gain":0.0,"event_name":"FaceTrader","player_choice":"Trade","floor":3.0,"gold_loss":0.0,"damage_taken":0.0,"relics_obtained":["CultistMask"]},{"damage_healed":68.0,"max_hp_gain":0.0,"max_hp_loss":75.0,"gold_gain":0.0,"event_name":"betterThird:BetterShining","player_choice":"Leave","floor":5.0,"gold_loss":0.0,"damage_taken":0.0},{"damage_healed":0.0,"max_hp_gain":0.0,"max_hp_loss":0.0,"gold_gain":67.0,"event_name":"Golden Wing","player_choice":"Gained Gold","floor":7.0,"gold_loss":0.0,"damage_taken":0.0},{"damage_healed":0.0,"max_hp_gain":0.0,"max_hp_loss":6.0,"gold_gain":0.0,"event_name":"Golden Idol","player_choice":"Lose Max HP","floor":11.0,"gold_loss":0.0,"damage_taken":0.0,"relics_obtained":["Golden Idol"]}],"is_beta":false,"boss_relics":[],"items_purged_floors":[],"is_endless":false,"potions_floor_spawned":[1,8,12],"killed_by":"The Guardian","ascension_level":4}}