{"host":"9ubnrp80z7gv8v8p","time":1607774423,"event":{"mods":["AchievementEnabler","BaseMod","Better Altar","Better Match","Better Note","Better Sensory Stone","Better Skull","Better Third Choice","Better Vampires","BetterRewards","Block Reminder","Colored Map","DeckTracker","Displayed Cursed Tome","Highlight Path","Minty Spire (QoL Compilation)","Quick Restart","Rare Cards Sparkle","Relic Stats","Spire Birthday Party","StSLib","everything is the same but u backflip on backflip","slay the spire mod where everything is the same but ironclad has a cowboy hat"],"gold_per_floor":[116,129,129,129,178,178,203,203,203,232,249,260,280,309,309,413,413,427,427,445,462,261,261,276,289,289,289,289],"floor_reached":27,"playtime":1297,"items_purged":["Strike_B","Strike_B","Strike_B"],"score":385,"play_id":"cd1bd7fe-6c77-4937-96b6-2e9780a68806","local_time":"20201212060023","is_ascension_mode":true,"campfire_choices":[{"floor":6,"key":"REST"},{"floor":8,"key":"REST"},{"floor":15,"key":"REST"},{"floor":23,"key":"REST"}],"circlet_count":0,"master_deck":["Strike_B","Defend_B","Defend_B","Defend_B","Defend_B","Zap","Dualcast","Tempest","Self Repair","Redo","Bandage Up","Ball Lightning","Tempest","Loop","Sunder","Biased Cognition","Auto Shields","Redo","Static Discharge"],"relics":["Cracked Core","Ancient Tea Set","Akabeko","Blue Candle","Pear","Letter Opener","Omamori","Calling Bell","Anchor","Gremlin Horn","Ice Cream","StrikeDummy"],"acts_visited":["Exordium","TheCity"],"potions_floor_usage":[7,16,20,21,24,27,27],"damage_taken":[{"damage":1,"enemies":"2 Louse","floor":1,"turns":3},{"damage":18,"enemies":"Small Slimes","floor":2,"turns":4},{"damage":30,"enemies":"Lagavulin","floor":7,"turns":6},{"damage":18,"enemies":"Gremlin Nob","floor":10,"turns":3},{"damage":7,"enemies":"Jaw Worm","floor":11,"turns":2},{"damage":8,"enemies":"Blue Slaver","floor":12,"turns":2},{"damage":2,"enemies":"2 Fungi Beasts","floor":13,"turns":2},{"damage":35,"enemies":"3 Sentries","floor":14,"turns":5},{"damage":58,"enemies":"The Guardian","floor":16,"turns":10},{"damage":29,"enemies":"2 Thieves","floor":18,"turns":3},{"damage":28,"enemies":"3 Byrds","floor":20,"turns":4},{"damage":31,"enemies":"Sentry and Sphere","floor":21,"turns":4},{"damage":34,"enemies":"Centurion and Healer","floor":24,"turns":5},{"damage":22,"enemies":"Snecko","floor":25,"turns":5},{"damage":29,"enemies":"Sentry and Sphere","floor":27,"turns":3}],"seed_played":"-2968360638798684655","potions_obtained":[{"floor":2,"key":"LiquidBronze"},{"floor":7,"key":"SneckoOil"},{"floor":10,"key":"Regen Potion"},{"floor":11,"key":"GamblersBrew"},{"floor":16,"key":"SpeedPotion"},{"floor":19,"key":"FocusPotion"},{"floor":20,"key":"Block Potion"},{"floor":21,"key":"Regen Potion"},{"floor":25,"key":"GamblersBrew"}],"is_trial":false,"path_per_floor":["M","M","?","?","T","R","E","R","T","E","M","M","M","E","R","B",null,"M","?","M","M","$","R","M","M","T","M"],"character_chosen":"DEFECT","items_purchased":["Tempest","Self Repair","Static Discharge"],"campfire_rested":4,"item_purchase_floors":[0,0,22],"current_hp_per_floor":[59,48,45,45,45,67,48,70,80,73,77,73,75,51,76,31,85,56,56,39,19,19,44,35,24,24,0,0],"gold":289,"neow_bonus":"","is_daily":false,"chose_seed":false,"campfire_upgraded":0,"win_rate":0.0,"timestamp":1607774423,"path_taken":["M","M","?","?","?","R","E","R","T","E","M","?","M","E","R","BOSS","M","?","M","M","$","R","M","M","T","M"],"items_purchased_type":["Card","Card","Card"],"build_version":"2020-11-30","purchased_purges":3,"victory":false,"max_hp_per_floor":[75,75,75,75,75,75,75,75,85,85,85,85,85,85,85,85,85,85,85,85,85,85,85,85,85,85,85,85],"relic_stats":{"Gremlin Horn":[6,6],"counters":[36,157],"Blue Candle":[9],"Letter Opener":[65],"obtain_stats":[{"Ice Cream":17,"Pear":9,"Torii":43,"Gremlin Horn":17,"Golden Idol":12,"Blue Candle":5,"Oddly Smooth Stone":7,"Vajra":9,"Mango":38,"Omamori":14,"Letter Opener":10,"Cursed Key":17,"Smiling Mask":26,"Empty Cage":34,"Ancient Tea Set":3,"Akabeko":5,"Calling Bell":17,"Anchor":17,"Bag of Marbles":23,"Red Mask":42,"Cracked Core":0,"Symbiotic Virus":27,"StrikeDummy":26,"Unceasing Top":40},{"Ice Cream":30,"Pear":24,"Torii":17,"Gremlin Horn":30,"Golden Idol":4,"Blue Candle":2,"Oddly Smooth Stone":3,"Vajra":3,"Mango":16,"Omamori":29,"Letter Opener":25,"Cursed Key":6,"Smiling Mask":8,"Empty Cage":13,"Ancient Tea Set":23,"Akabeko":23,"Calling Bell":30,"Anchor":30,"Bag of Marbles":8,"Red Mask":17,"Cracked Core":0,"Symbiotic Virus":9,"StrikeDummy":35,"Unceasing Top":17},{"Ice Cream":133,"Pear":109,"Torii":68,"Gremlin Horn":133,"Golden Idol":12,"Blue Candle":5,"Oddly Smooth Stone":10,"Vajra":10,"Mango":61,"Omamori":123,"Letter Opener":112,"Cursed Key":23,"Smiling Mask":31,"Empty Cage":50,"Ancient Tea Set":103,"Akabeko":103,"Calling Bell":133,"Anchor":133,"Bag of Marbles":31,"Red Mask":68,"Cracked Core":0,"Symbiotic Virus":34,"StrikeDummy":154,"Unceasing Top":68}]},"card_choices":[{"not_picked":["Heatsinks","Coolheaded","Undo"],"picked":"SKIP","floor":1},{"not_picked":["Steam","Reinforced Body"],"picked":"Redo","floor":2},{"not_picked":["Madness","Secret Weapon"],"picked":"Bandage Up","floor":4},{"not_picked":["Undo","Blizzard","Cold Snap"],"picked":"SKIP","floor":7},{"not_picked":["Darkness","Hologram"],"picked":"Ball Lightning","floor":10},{"not_picked":["Go for the Eyes","Hello World"],"picked":"Tempest","floor":11},{"not_picked":["Streamline","Conserve Battery"],"picked":"Loop","floor":12},{"not_picked":["Go for the Eyes","Double Energy"],"picked":"Sunder","floor":13},{"not_picked":["Blizzard","Beam Cell","All For One"],"picked":"SKIP","floor":14},{"not_picked":["Echo Form","Rainbow"],"picked":"Biased Cognition","floor":16},{"not_picked":["Turbo","Stack"],"picked":"Auto Shields","floor":18},{"not_picked":["Conserve Battery+1","Sweeping Beam"],"picked":"Redo","floor":20},{"not_picked":["Barrage","Cold Snap","Amplify"],"picked":"SKIP","floor":21},{"not_picked":["Rebound","Gash","Double Energy"],"picked":"SKIP","floor":24},{"not_picked":["Ball Lightning","Cold Snap","Beam Cell+1"],"picked":"SKIP","floor":25}],"player_experience":859614,"relics_obtained":[{"floor":5,"key":"Akabeko"},{"floor":7,"key":"Blue Candle"},{"floor":9,"key":"Pear"},{"floor":10,"key":"Letter Opener"},{"floor":14,"key":"Omamori"},{"floor":17,"key":"Anchor"},{"floor":17,"key":"Gremlin Horn"},{"floor":17,"key":"Ice Cream"},{"floor":26,"key":"StrikeDummy"}],"event_choices":[{"damage_healed":0,"gold_gain":0,"player_choice":"Relic ","damage_taken":3,"max_hp_gain":0,"max_hp_loss":0,"event_name":"betterThird:BetterScrap","floor":3,"gold_loss":0,"cards_obtained":["Sever Soul"]},{"damage_healed":0,"gold_gain":1,"player_choice":"1","damage_taken":0,"max_hp_gain":0,"max_hp_loss":0,"event_name":"betterStone:BetterStone","floor":4,"gold_loss":0},{"damage_healed":0,"gold_gain":0,"player_choice":"Got Potions","damage_taken":0,"max_hp_gain":0,"max_hp_loss":0,"event_name":"Lab","floor":19,"gold_loss":0}],"is_beta":false,"boss_relics":[{"not_picked":["Tiny House","FrozenCore"],"picked":"Calling Bell"}],"items_purged_floors":[0,0,22],"is_endless":false,"potions_floor_spawned":[2,7,10,11,16,20,21,25],"killed_by":"Sentry and Sphere","ascension_level":3}}