{"host":"hgkb2zpbo2dcws21","time":1607780387,"event":{"mods":["AchievementEnabler","BaseMod","Colored Map","Colored Powertips","Custom Start","DeckTracker","KOR Keyword Fix","Minty Spire (QoL Compilation)","StSLib","SuperFastMode"],"gold_per_floor":[15,15,35,35,35,70,86,86,86,86,113,113,113,130,130,201,201],"floor_reached":16,"playtime":430,"items_purged":[],"score":315,"play_id":"d5f24f29-32a2-4c1a-b28f-c778bc3a65a5","local_time":"20201212223947","is_ascension_mode":true,"campfire_choices":[{"data":"Double Tap","floor":8,"key":"SMITH"},{"floor":12,"key":"REST"},{"floor":15,"key":"REST"}],"circlet_count":0,"master_deck":["AscendersBane","Strike_R","Strike_R","Strike_R","Strike_R","Defend_R","Defend_R","Defend_R","Defend_R","Bash","Clash","Shrug It Off","Double Tap+1","Headbutt","Evolve","Pommel Strike+1"],"relics":["Burning Blood","Du-Vu Doll","Paper Frog","Spirit Poop","Boot","Molten Egg 2","Bag of Marbles","White Beast Statue","InkBottle"],"acts_visited":["Exordium"],"potions_floor_usage":[6],"damage_taken":[{"damage":9,"enemies":"2 Louse","floor":1,"turns":3},{"damage":1,"enemies":"Cultist","floor":3,"turns":3},{"damage":36,"enemies":"Gremlin Nob","floor":6,"turns":5},{"damage":7,"enemies":"Jaw Worm","floor":7,"turns":3},{"damage":24,"enemies":"3 Sentries","floor":11,"turns":9},{"damage":0,"enemies":"2 Fungi Beasts","floor":14,"turns":1},{"damage":40,"enemies":"Slime Boss","floor":16,"turns":8}],"seed_played":"-6269527055327772525","potions_obtained":[{"floor":3,"key":"Ancient Potion"},{"floor":6,"key":"EssenceOfSteel"},{"floor":14,"key":"LiquidBronze"}],"is_trial":false,"path_per_floor":["M","?","M","?","?","E","M","R","T","T","E","R","?","M","R","B"],"character_chosen":"IRONCLAD","items_purchased":[],"campfire_rested":2,"item_purchase_floors":[],"current_hp_per_floor":[65,65,70,70,70,40,39,39,39,39,21,43,17,23,45,11,11],"gold":201,"neow_bonus":"ONE_RARE_RELIC","is_daily":false,"chose_seed":false,"campfire_upgraded":1,"win_rate":0.0,"timestamp":1607780387,"path_taken":["M","?","M","?","?","E","?","R","T","?","E","R","?","M","R","BOSS"],"items_purchased_type":[],"build_version":"2020-11-30","purchased_purges":0,"victory":false,"max_hp_per_floor":[75,75,75,75,75,75,75,75,75,75,75,75,75,75,75,75,75],"card_choices":[{"not_picked":["Cleave","Havoc"],"picked":"Clash","floor":1},{"not_picked":["Wild Strike","Thunderclap"],"picked":"Shrug It Off","floor":3},{"not_picked":["Perfected Strike","Dropkick"],"picked":"Double Tap","floor":6},{"not_picked":["Thunderclap","Hemokinesis"],"picked":"Headbutt","floor":7},{"not_picked":["Wild Strike+1","Searing Blow+1"],"picked":"Evolve","floor":11},{"not_picked":["Thunderclap+1","Warcry"],"picked":"Pommel Strike+1","floor":14}],"player_experience":1072661,"relics_obtained":[{"floor":6,"key":"Boot"},{"floor":9,"key":"Molten Egg 2"},{"floor":10,"key":"Bag of Marbles"},{"floor":11,"key":"White Beast Statue"}],"event_choices":[{"cards_removed":["Strike_R"],"damage_healed":0,"gold_gain":0,"player_choice":"Forget","damage_taken":0,"max_hp_gain":0,"max_hp_loss":0,"event_name":"Living Wall","floor":2,"gold_loss":0},{"damage_healed":0,"gold_gain":0,"player_choice":"Box","damage_taken":0,"relics_obtained":["Paper Frog"],"max_hp_gain":0,"max_hp_loss":0,"event_name":"Big Fish","floor":4,"gold_loss":0,"cards_obtained":["Regret"]},{"cards_removed":["Regret"],"damage_healed":0,"gold_gain":0,"player_choice":"Offered Curse","damage_taken":0,"relics_obtained":["Spirit Poop"],"max_hp_gain":0,"max_hp_loss":0,"event_name":"Bonfire Elementals","floor":5,"gold_loss":0},{"damage_healed":0,"gold_gain":0,"player_choice":"Success","damage_taken":26,"relics_obtained":["InkBottle"],"max_hp_gain":0,"max_hp_loss":0,"event_name":"Scrap Ooze","floor":13,"gold_loss":0}],"is_beta":false,"boss_relics":[],"items_purged_floors":[],"is_endless":false,"potions_floor_spawned":[3,6,14,16],"killed_by":"Slime Boss","ascension_level":20}}