{"host":"9v5zmb8z9j7yzzb8","time":1607797910,"event":{"mods":["BaseMod","BetterRewards","Colored Map","Colored Powertips","Gremlin Skip","Minty Spire (QoL Compilation)","Relic Filter","StSLib"],"gold_per_floor":[118,118,134,146,160,160,176,193,216,251,268,297,17,37,37,139,139,154,154,20,30,6,6,16,16,16,27,7,25,51,68,68,163,163,173,223,242,306,356,356,386,404,404,439,27,56,56,106,106,106],"floor_reached":51,"playtime":15142,"items_purged":["Strike_G"],"score":921,"play_id":"2ffdecb3-a94c-4cfa-b1ee-44c733b6c5dd","local_time":"20201212193150","is_ascension_mode":false,"campfire_choices":[{"data":"Deadly Poison","floor":6.0,"key":"SMITH"},{"data":"Secret Weapon","floor":15.0,"key":"SMITH"},{"data":"Noxious Fumes","floor":23.0,"key":"SMITH"},{"data":"After Image","floor":25.0,"key":"SMITH"},{"data":"Noxious Fumes","floor":32.0,"key":"SMITH"},{"data":"Noxious Fumes","floor":40.0,"key":"SMITH"},{"data":"A Thousand Cuts","floor":47,"key":"SMITH"},{"data":"Panache","floor":49,"key":"SMITH"}],"circlet_count":0,"master_deck":["Strike_G","Strike_G","Strike_G","Defend_G","Defend_G","Defend_G","Defend_G","Defend_G","Survivor","Neutralize","Terror","The Bomb","Deadly Poison+1","Caltrops","Dagger Spray","Infinite Blades","Leg Sweep","Flechettes","Flying Knee","Distraction","Venomology","PiercingWail","Well Laid Plans","Flying Knee","Bouncing Flask","Poisoned Stab","Secret Weapon+1","Outmaneuver","Caltrops","Well Laid Plans","After Image+1","PiercingWail","Panache+1","Caltrops","Deflect","Noxious Fumes+1","Malaise","Bouncing Flask","Infinite Blades","Noxious Fumes+1","Caltrops","Burst","Deflect","Phantasmal Killer","Distraction+1","Noxious Fumes+1","Noxious Fumes+1","Malaise","Crippling Poison+1","Calculated Gamble+1","Well Laid Plans","A Thousand Cuts+1"],"relics":["Ring of the Snake","Membership Card","Mummified Hand","Ninja Scroll","HandDrill","Happy Flower","Pantograph","Potion Belt","Thread and Needle","SlaversCollar","SsserpentHead","TungstenRod","White Beast Statue","Cursed Key","Kunai","Ornamental Fan","Unceasing Top","The Specimen","Torii","Oddly Smooth Stone"],"acts_visited":["TheBeyond"],"potions_floor_usage":[41,41,44,44,44,44,44,50,50],"damage_taken":[{"damage":0.0,"enemies":"Cultist","floor":1.0,"turns":3.0},{"damage":0.0,"enemies":"Small Slimes","floor":3.0,"turns":3.0},{"damage":0.0,"enemies":"Jaw Worm","floor":4.0,"turns":2.0},{"damage":3.0,"enemies":"Gremlin Gang","floor":5.0,"turns":4.0},{"damage":3.0,"enemies":"Large Slime","floor":7.0,"turns":5.0},{"damage":0.0,"enemies":"Blue Slaver","floor":8.0,"turns":3.0},{"damage":2.0,"enemies":"Lagavulin","floor":10.0,"turns":6.0},{"damage":0.0,"enemies":"Looter","floor":11.0,"turns":2.0},{"damage":7.0,"enemies":"Gremlin Nob","floor":12.0,"turns":3.0},{"damage":0.0,"enemies":"Red Slaver","floor":14.0,"turns":4.0},{"damage":0.0,"enemies":"Hexaghost","floor":16.0,"turns":8.0},{"damage":0.0,"enemies":"Shell Parasite","floor":18.0,"turns":4.0},{"damage":0.0,"enemies":"Spheric Guardian","floor":21.0,"turns":2.0},{"damage":0.0,"enemies":"Centurion and Healer","floor":24.0,"turns":4.0},{"damage":0.0,"enemies":"Chosen and Byrds","floor":27.0,"turns":4.0},{"damage":0.0,"enemies":"Cultist and Chosen","floor":29.0,"turns":5.0},{"damage":9.0,"enemies":"Slavers","floor":30.0,"turns":5.0},{"damage":6.0,"enemies":"Snecko","floor":31.0,"turns":4.0},{"damage":18.0,"enemies":"Automaton","floor":33.0,"turns":8.0},{"damage":0.0,"enemies":"Orb Walker","floor":35.0,"turns":4.0},{"damage":7.0,"enemies":"3 Shapes","floor":37.0,"turns":3.0},{"damage":0.0,"enemies":"3 Darklings","floor":38.0,"turns":4.0},{"damage":0,"enemies":"Reptomancer","floor":41,"turns":6},{"damage":4,"enemies":"Spire Growth","floor":42,"turns":5},{"damage":15,"enemies":"Nemesis","floor":44,"turns":7},{"damage":0,"enemies":"Giant Head","floor":46,"turns":7},{"damage":37,"enemies":"Awakened One","floor":50,"turns":10}],"seed_played":"7530322492646497177","potions_obtained":[{"floor":1.0,"key":"EssenceOfSteel"},{"floor":3.0,"key":"FearPotion"},{"floor":4.0,"key":"Energy Potion"},{"floor":12.0,"key":"Swift Potion"},{"floor":18.0,"key":"EntropicBrew"},{"floor":30.0,"key":"Ancient Potion"},{"floor":31.0,"key":"FairyPotion"},{"floor":37.0,"key":"SkillPotion"},{"floor":38.0,"key":"EssenceOfSteel"},{"floor":41,"key":"Fire Potion"},{"floor":42,"key":"SpeedPotion"},{"floor":44,"key":"Fruit Juice"},{"floor":46,"key":"AttackPotion"}],"is_trial":false,"path_per_floor":["M","?","M","M","M","R","M","M","T","E","M","E","$","M","R","B",null,"M","?","$","M","$","R","M","R","T","M","$","M","E","M","R","B",null,"M","?","M","M","?","R","E","M","T","E","$","E","R","?","R","B",null],"character_chosen":"THE_SILENT","items_purchased":["Membership Card","Terror","The Bomb","Deadly Poison","Caltrops","Dagger Spray","Mummified Hand","Ninja Scroll","Explosive Potion","Infinite Blades","HandDrill","Leg Sweep","Thread and Needle","Secret Weapon","Outmaneuver","Caltrops","Panache","Caltrops","Noxious Fumes","Malaise","Noxious Fumes","Unceasing Top","The Specimen","Torii","Well Laid Plans"],"campfire_rested":0,"item_purchase_floors":[0,0,0,0,0,0,0,0,0,0,0,0,13,13,13,13,20,20,22,22,28,45,45,45,45],"current_hp_per_floor":[70,70,70,70,67,67,64,64,64,62,62,55,55,55,55,70,70,70,70,70,70,70,70,70,70,70,70,70,70,61,55,55,52,70,70,70,63,63,63,63,63,59,59,49,49,49,49,49,49,37],"gold":106,"neow_bonus":"","is_daily":false,"chose_seed":false,"campfire_upgraded":8,"win_rate":0.0,"timestamp":1607797910,"path_taken":["M","?","M","M","M","R","M","M","T","E","M","E","$","M","R","BOSS","M","?","$","M","?","R","M","R","T","M","$","M","E","M","R","BOSS","M","?","M","?","?","R","E","M","T","E","$","E","R","?","R","BOSS"],"items_purchased_type":["Relic","Card","Card","Card","Card","Card","Relic","Relic","Potion","Card","Relic","Card","Relic","Card","Card","Card","Card","Card","Card","Card","Card","Relic","Relic","Relic","Card"],"build_version":"2020-11-30","purchased_purges":1,"victory":true,"max_hp_per_floor":[70,70,70,70,70,70,70,70,70,70,70,70,70,70,70,70,70,70,70,70,70,70,70,70,70,70,70,70,70,70,70,70,70,70,70,70,70,70,70,70,70,70,70,75,75,75,75,75,75,75],"card_choices":[{"not_picked":["Reflex","Deflect"],"picked":"Flechettes","floor":1.0},{"not_picked":["Blade Dance","Riddle With Holes"],"picked":"Flying Knee","floor":3.0},{"not_picked":["Slice","Dagger Throw"],"picked":"Distraction","floor":4.0},{"not_picked":["Blade Dance","Outmaneuver"],"picked":"Venomology","floor":5.0},{"not_picked":["Dodge and Roll","Flechettes"],"picked":"PiercingWail","floor":7.0},{"not_picked":["Eviscerate","Backstab"],"picked":"Well Laid Plans","floor":8.0},{"not_picked":["Escape Plan","Blade Dance"],"picked":"Flying Knee","floor":10.0},{"not_picked":["Flying Knee","Tactician"],"picked":"Bouncing Flask","floor":11.0},{"not_picked":["Dash","All Out Attack"],"picked":"Poisoned Stab","floor":12.0},{"not_picked":["Blade Dance","Underhanded Strike"],"picked":"Well Laid Plans","floor":14.0},{"not_picked":["Unload","Malaise"],"picked":"After Image","floor":16.0},{"not_picked":["Reflex","Backflip"],"picked":"PiercingWail","floor":18.0},{"not_picked":["Blade Dance","Quick Slash"],"picked":"Deflect","floor":21.0},{"not_picked":["Backflip","Acrobatics+1"],"picked":"Bouncing Flask","floor":24.0},{"not_picked":["Blade Dance+1","Masterful Stab"],"picked":"Infinite Blades","floor":27.0},{"not_picked":["Dagger Spray+1","Predator"],"picked":"Caltrops","floor":29.0},{"not_picked":["Deflect","Outmaneuver"],"picked":"Burst","floor":30.0},{"not_picked":["Outmaneuver","Quick Slash"],"picked":"Deflect","floor":31.0},{"not_picked":["Die Die Die","Malaise"],"picked":"Phantasmal Killer","floor":33.0},{"not_picked":["Slice+1","Tactician+1"],"picked":"Distraction+1","floor":35.0},{"not_picked":["Acrobatics","Deadly Poison+1"],"picked":"Noxious Fumes","floor":37.0},{"not_picked":["Outmaneuver","Underhanded Strike","Slice"],"picked":"SKIP","floor":38.0},{"not_picked":["Dagger Spray+1","Poisoned Stab"],"picked":"Malaise","floor":41},{"not_picked":["Dagger Spray","Poisoned Stab"],"picked":"Crippling Poison+1","floor":42},{"not_picked":["Dagger Throw","Acrobatics"],"picked":"Calculated Gamble+1","floor":44},{"not_picked":["Eviscerate+1","PiercingWail+1"],"picked":"A Thousand Cuts","floor":46}],"player_experience":10324,"relics_obtained":[{"floor":9.0,"key":"Happy Flower"},{"floor":10.0,"key":"Pantograph"},{"floor":12.0,"key":"Potion Belt"},{"floor":26.0,"key":"TungstenRod"},{"floor":30.0,"key":"White Beast Statue"},{"floor":41,"key":"Kunai"},{"floor":44,"key":"Ornamental Fan"},{"floor":46,"key":"Oddly Smooth Stone"}],"event_choices":[{"damage_healed":0.0,"max_hp_gain":0.0,"max_hp_loss":0.0,"gold_gain":0.0,"event_name":"The Cleric","player_choice":"Leave","floor":2.0,"gold_loss":0.0,"damage_taken":0.0},{"damage_healed":0.0,"max_hp_gain":0.0,"max_hp_loss":0.0,"gold_gain":0.0,"event_name":"FaceTrader","player_choice":"Trade","floor":19.0,"gold_loss":0.0,"damage_taken":0.0,"relics_obtained":["SsserpentHead"]},{"damage_healed":0.0,"max_hp_gain":0.0,"max_hp_loss":0.0,"gold_gain":0.0,"event_name":"Duplicator","player_choice":"Copied","floor":36.0,"gold_loss":0.0,"damage_taken":0.0,"cards_obtained":["Noxious Fumes"]},{"damage_healed":0.0,"max_hp_gain":0.0,"max_hp_loss":0.0,"gold_gain":0.0,"event_name":"Tomb of Lord Red Mask","player_choice":"Ignored","floor":39.0,"gold_loss":0.0,"damage_taken":0.0},{"cards_removed":["Strike_G"],"damage_healed":0,"gold_gain":0,"player_choice":"Removed Attack","damage_taken":0,"max_hp_gain":0,"max_hp_loss":0,"event_name":"Falling","floor":48,"gold_loss":0}],"is_beta":false,"boss_relics":[{"not_picked":["Runic Pyramid","Busted Crown"],"picked":"SlaversCollar"},{"not_picked":["Calling Bell","Black Star"],"picked":"Cursed Key"}],"items_purged_floors":[0],"is_endless":false,"potions_floor_spawned":[1,3,4,5,12,18,30,31,33,35,37,38,41,42,44,46],"ascension_level":0}}