{"host":"y76clbnovzmw9ubx","time":1607785285,"event":{"mods":["AchievementEnabler","BaseMod","Minty Spire (QoL Compilation)","Permanent Neow","Relic Stats"],"gold_per_floor":[119,138,155,168,168,193,0,0,47,81,151,187,210,249,249,249,249],"floor_reached":16,"playtime":599,"items_purged":[],"score":260,"play_id":"e5526ec8-ba97-49cf-9d1f-a1f83d78e711","local_time":"20201212100125","is_ascension_mode":true,"campfire_choices":[{"data":"Whirlwind","floor":8,"key":"SMITH"},{"data":"Fire Breathing","floor":15,"key":"SMITH"}],"circlet_count":0,"master_deck":["AscendersBane","Strike_R","Strike_R","Strike_R","Strike_R","Strike_R","Defend_R","Defend_R","Defend_R","Defend_R","Bash","Anger","Whirlwind+1","Dark Embrace","Sever Soul","Armaments","Reckless Charge","Demon Form","True Grit","Fire Breathing+1"],"relics":["Burning Blood","Mercury Hourglass","Membership Card","Nunchaku","CeramicFish","Question Card","Shovel"],"acts_visited":["Exordium"],"potions_floor_usage":[6,10,12,14],"damage_taken":[{"damage":7,"enemies":"Jaw Worm","floor":1,"turns":3},{"damage":9,"enemies":"Small Slimes","floor":2,"turns":5},{"damage":8,"enemies":"2 Louse","floor":3,"turns":4},{"damage":12,"enemies":"Looter","floor":4,"turns":3},{"damage":43,"enemies":"3 Sentries","floor":6,"turns":8},{"damage":8,"enemies":"Gremlin Nob","floor":10,"turns":3},{"damage":20,"enemies":"Lagavulin","floor":12,"turns":5},{"damage":5,"enemies":"3 Louse","floor":13,"turns":2},{"damage":13,"enemies":"3 Sentries","floor":14,"turns":4},{"damage":38,"enemies":"Slime Boss","floor":16,"turns":3}],"seed_played":"3128059793001550225","potions_obtained":[{"floor":1,"key":"Block Potion"},{"floor":4,"key":"BloodPotion"},{"floor":10,"key":"Swift Potion"}],"is_trial":false,"path_per_floor":["M","M","M","M","?","E","$","R","T","E","?","E","M","E","R","B"],"character_chosen":"IRONCLAD","items_purchased":["Membership Card","AttackPotion"],"campfire_rested":0,"item_purchase_floors":[7,7],"current_hp_per_floor":[67,64,62,56,56,19,19,19,19,17,17,18,19,12,12,0,0],"gold":249,"neow_bonus":"THREE_CARDS","is_daily":false,"chose_seed":false,"campfire_upgraded":2,"win_rate":0.0,"timestamp":1607785285,"path_taken":["M","M","M","M","?","E","$","R","T","E","?","E","M","E","R","BOSS"],"items_purchased_type":["Relic","Potion"],"build_version":"2020-11-30","purchased_purges":0,"victory":false,"max_hp_per_floor":[75,75,75,75,75,75,75,75,75,75,75,75,75,75,75,75,75],"relic_stats":{"Nunchaku":[3],"Shovel":0,"counters":[10,40],"CeramicFish":36,"Question Card":2,"obtain_stats":[{"Nunchaku":9,"Shovel":14,"CeramicFish":10,"Membership Card":7,"Question Card":12,"Burning Blood":0,"Mercury Hourglass":6},{"Nunchaku":5,"Shovel":9,"CeramicFish":6,"Membership Card":5,"Question Card":7,"Burning Blood":0,"Mercury Hourglass":5},{"Nunchaku":23,"Shovel":37,"CeramicFish":26,"Membership Card":23,"Question Card":31,"Burning Blood":0,"Mercury Hourglass":23}],"Burning Blood":54,"Mercury Hourglass":[72]},"card_choices":[{"not_picked":["Flame Barrier","Thunderclap"],"picked":"Anger","floor":0},{"not_picked":["Iron Wave","Armaments"],"picked":"Whirlwind","floor":1},{"not_picked":["Thunderclap","Havoc"],"picked":"Dark Embrace","floor":2},{"not_picked":["Dark Embrace","Infernal Blade"],"picked":"Sever Soul","floor":3},{"not_picked":["Dropkick","Sentinel","Armaments"],"picked":"SKIP","floor":4},{"not_picked":["Flex","Heavy Blade"],"picked":"Armaments","floor":6},{"not_picked":["Hemokinesis","True Grit"],"picked":"Reckless Charge","floor":10},{"not_picked":["Warcry","Cleave"],"picked":"Demon Form","floor":12},{"not_picked":["Reckless Charge","Havoc","Heavy Blade"],"picked":"True Grit","floor":13},{"not_picked":["Body Slam","Entrench","Flex"],"picked":"Fire Breathing","floor":14}],"player_experience":2826298,"relics_obtained":[{"floor":6,"key":"Mercury Hourglass"},{"floor":9,"key":"Nunchaku"},{"floor":10,"key":"CeramicFish"},{"floor":12,"key":"Question Card"},{"floor":14,"key":"Shovel"}],"event_choices":[{"damage_healed":0,"gold_gain":0,"player_choice":"Ignored","damage_taken":0,"max_hp_gain":0,"max_hp_loss":0,"event_name":"Liars Game","floor":5,"gold_loss":0},{"damage_healed":0,"gold_gain":70,"player_choice":"Gained Gold","damage_taken":0,"max_hp_gain":0,"max_hp_loss":0,"event_name":"Golden Wing","floor":11,"gold_loss":0}],"is_beta":false,"boss_relics":[],"items_purged_floors":[],"is_endless":false,"potions_floor_spawned":[1,4,10],"killed_by":"Slime Boss","ascension_level":20}}