{"host":"ow9msrs9p2ctkx99","time":1607800872,"event":{"mods":["AchievementEnabler","BaseMod","Colored Map","Colored Powertips","Minty Spire (QoL Compilation)","Permanent Neow","Quick Restart","SuperFastMode"],"gold_per_floor":[359,379,113,124,199,199,234,234,234,234,261,298,327,342,342,446,446,461,38,38,38,48,48,80,80,106,132,132,132],"floor_reached":28,"playtime":600,"items_purged":["Shame","Zap"],"score":397,"play_id":"6b98ae68-5033-4095-9e51-e2f82cf696b2","local_time":"20201212202112","is_ascension_mode":true,"campfire_choices":[{"data":"Sunder","floor":6.0,"key":"SMITH"},{"data":"Dualcast","floor":8.0,"key":"SMITH"},{"data":"Cold Snap","floor":10.0,"key":"SMITH"},{"data":"Creative AI","floor":15.0,"key":"SMITH"},{"data":"Reprogram","floor":23.0,"key":"SMITH"}],"circlet_count":0,"master_deck":["Strike_B","Strike_B","Strike_B","Strike_B","Defend_B","Defend_B","Defend_B","Defend_B","Dualcast+1","Compile Driver","Turbo","Sunder+1","Cold Snap+1","FTL","Genetic Algorithm","Steam","Sweeping Beam","Creative AI+1","Echo Form","Ball Lightning","Reprogram+1","Shame","Go for the Eyes","Steam","Undo"],"relics":["Cracked Core","Toolbox","Eternal Feather","Kunai","Toy Ornithopter","SlaversCollar","Shuriken","CaptainsWheel","Ancient Tea Set","Centennial Puzzle","Symbiotic Virus"],"acts_visited":["Exordium","TheCity"],"potions_floor_usage":[],"damage_taken":[{"damage":1.0,"enemies":"Cultist","floor":1.0,"turns":3.0},{"damage":8.0,"enemies":"Small Slimes","floor":2.0,"turns":2.0},{"damage":0.0,"enemies":"Jaw Worm","floor":4.0,"turns":1.0},{"damage":14.0,"enemies":"3 Sentries","floor":7.0,"turns":7.0},{"damage":12.0,"enemies":"Gremlin Nob","floor":11.0,"turns":3.0},{"damage":0.0,"enemies":"Exordium Wildlife","floor":12.0,"turns":1.0},{"damage":8.0,"enemies":"Lagavulin","floor":13.0,"turns":5.0},{"damage":7.0,"enemies":"Red Slaver","floor":14.0,"turns":2.0},{"damage":20.0,"enemies":"Slime Boss","floor":16.0,"turns":6.0},{"damage":8.0,"enemies":"Shell Parasite","floor":18.0,"turns":4.0},{"damage":8.0,"enemies":"Chosen","floor":22.0,"turns":4.0},{"damage":36.0,"enemies":"Slavers","floor":24.0,"turns":5.0},{"damage":26.0,"enemies":"Book of Stabbing","floor":27.0,"turns":6.0},{"damage":13,"enemies":"Centurion and Healer","floor":28,"turns":1}],"seed_played":"-8850318029413465651","potions_obtained":[{"floor":2.0,"key":"Fire Potion"},{"floor":4.0,"key":"Weak Potion"},{"floor":13.0,"key":"Strength Potion"},{"floor":14.0,"key":"Weak Potion"},{"floor":16.0,"key":"FocusPotion"},{"floor":18.0,"key":"AttackPotion"},{"floor":22.0,"key":"Energy Potion"}],"is_trial":false,"path_per_floor":["M","M","$","M","?","R","E","R","T","R","E","M","E","M","R","B",null,"M","$","?","?","M","R","E","$","T","E","M"],"character_chosen":"DEFECT","items_purchased":["Toolbox","Sunder","Shuriken","Reprogram"],"campfire_rested":0,"item_purchase_floors":[3,3,19,19],"current_hp_per_floor":[67,59,59,59,48,48,34,43,43,52,40,40,32,25,34,19,61,53,53,53,53,55,67,31,31,31,10,0,0],"gold":132,"neow_bonus":"TWO_FIFTY_GOLD","is_daily":false,"chose_seed":false,"campfire_upgraded":5,"win_rate":0.0,"timestamp":1607800872,"path_taken":["M","M","$","M","?","R","E","R","T","R","E","M","E","M","R","BOSS","M","$","?","?","M","R","E","?","T","E","?"],"items_purchased_type":["Relic","Card","Relic","Card"],"build_version":"2020-11-30","purchased_purges":2,"victory":false,"max_hp_per_floor":[75,75,75,75,75,75,75,75,75,75,75,75,75,75,75,75,75,75,75,75,75,75,75,75,75,75,75,75,75],"card_choices":[{"not_picked":["Rip and Tear","Redo"],"picked":"Compile Driver","floor":1.0},{"not_picked":["Barrage","Hello World"],"picked":"Turbo","floor":2.0},{"not_picked":["BootSequence","Coolheaded"],"picked":"Cold Snap","floor":4.0},{"not_picked":["Beam Cell","Go for the Eyes"],"picked":"FTL","floor":7.0},{"not_picked":["Static Discharge","Beam Cell"],"picked":"Genetic Algorithm","floor":11.0},{"not_picked":["Fusion","Genetic Algorithm"],"picked":"Steam","floor":12.0},{"not_picked":["Chill","Sunder"],"picked":"Sweeping Beam","floor":13.0},{"not_picked":["Beam Cell","Reprogram"],"picked":"Creative AI","floor":14.0},{"not_picked":["Meteor Strike","Core Surge"],"picked":"Echo Form","floor":16.0},{"not_picked":["Gash","Genetic Algorithm"],"picked":"Ball Lightning","floor":18.0},{"not_picked":["Double Energy","Genetic Algorithm"],"picked":"Go for the Eyes","floor":22.0},{"not_picked":["Lockon","Go for the Eyes"],"picked":"Steam","floor":24.0},{"not_picked":["Self Repair","Tempest"],"picked":"Undo","floor":27.0}],"player_experience":952202,"relics_obtained":[{"floor":7.0,"key":"Eternal Feather"},{"floor":11.0,"key":"Kunai"},{"floor":13.0,"key":"Toy Ornithopter"},{"floor":24.0,"key":"Ancient Tea Set"},{"floor":26.0,"key":"Centennial Puzzle"},{"floor":27.0,"key":"Symbiotic Virus"}],"event_choices":[{"damage_healed":0.0,"max_hp_gain":0.0,"max_hp_loss":0.0,"gold_gain":75.0,"event_name":"World of Goop","player_choice":"Gather Gold","floor":5.0,"gold_loss":0.0,"damage_taken":11.0},{"damage_healed":0.0,"max_hp_gain":0.0,"max_hp_loss":0.0,"gold_gain":0.0,"event_name":"Vampires","player_choice":"Ignored","floor":20.0,"gold_loss":0.0,"damage_taken":0.0},{"damage_healed":0.0,"max_hp_gain":0.0,"max_hp_loss":0.0,"gold_gain":0.0,"event_name":"Addict","player_choice":"Stole Relic","floor":21.0,"gold_loss":0.0,"damage_taken":0.0,"relics_obtained":["CaptainsWheel"],"cards_obtained":["Shame"]}],"is_beta":false,"boss_relics":[{"not_picked":["Tiny House","Ectoplasm"],"picked":"SlaversCollar"}],"items_purged_floors":[3,19],"is_endless":false,"potions_floor_spawned":[2,4,13,14,16,18,22],"killed_by":"Centurion and Healer","ascension_level":9}}