{"host":"1lcvmslm5dvu1wk7","time":1607770470,"event":{"mods":["BaseMod","Colored Powertips","Minty Spire (QoL Compilation)","Remilia£®¿Ÿ√◊¿Ú—«£©","Shop Mod","StSLib"],"gold_per_floor":[111,111,130,140,140,170,170,43,124,152,166,194,194,227,227,299,299,315,326,326,175,175,175,206,224,250,250,263,288,306,333,333,333,333],"floor_reached":33,"playtime":2394,"items_purged":["Strike_RM","Defend_RM"],"score":599,"play_id":"211c1bc2-178d-4457-917c-ba6359215854","local_time":"20201212185430","is_ascension_mode":true,"campfire_choices":[{"data":"BloodySeventeenLaser","floor":7.0,"key":"SMITH"},{"floor":15.0,"key":"REST"},{"data":"ScarletImprint","floor":23,"key":"SMITH"},{"data":"ScarletSymphony","floor":27,"key":"SMITH"},{"data":"ScarletImprint","floor":32,"key":"SMITH"}],"circlet_count":0,"master_deck":["AscendersBane","Strike_RM","Strike_RM","Strike_RM","RedMoon","ScarletShoot","BloodySeventeenLaser+1","MastersStateliness","MastersStateliness","ScarletSymphony+1","BloodyCatastrophe","EndlessAdversity","ScarletImprint+1","MastersStateliness","HunterOfTheNight","BloodySeventeenLaser","ScarletImprint+1"],"relics":["ScarletHat","Art of War","Sundial","Singing Bowl","Du-Vu Doll","Matryoshka","ScarletEmblem","Question Card","Gremlin Horn","Tiny Chest","Pen Nib","Smiling Mask"],"acts_visited":["TheCity"],"potions_floor_usage":[29,33,33],"damage_taken":[{"damage":0.0,"enemies":"Small Slimes","floor":1.0,"turns":3.0},{"damage":4.0,"enemies":"Cultist","floor":3.0,"turns":5.0},{"damage":2.0,"enemies":"2 Louse","floor":4.0,"turns":4.0},{"damage":19.0,"enemies":"Gremlin Nob","floor":6.0,"turns":6.0},{"damage":9.0,"enemies":"Lagavulin","floor":10.0,"turns":6.0},{"damage":9.0,"enemies":"Looter","floor":11.0,"turns":3.0},{"damage":20.0,"enemies":"Gremlin Nob","floor":12.0,"turns":5.0},{"damage":7.0,"enemies":"Lagavulin","floor":14.0,"turns":9.0},{"damage":60.0,"enemies":"Hexaghost","floor":16.0,"turns":10.0},{"damage":27.0,"enemies":"3 Byrds","floor":18.0,"turns":5.0},{"damage":18.0,"enemies":"2 Thieves","floor":19.0,"turns":4.0},{"damage":1,"enemies":"Gremlin Leader","floor":24,"turns":2},{"damage":4,"enemies":"Cultist and Chosen","floor":25,"turns":3},{"damage":4,"enemies":"3 Cultists","floor":28,"turns":2},{"damage":29,"enemies":"Slavers","floor":29,"turns":4},{"damage":0,"enemies":"Sentry and Sphere","floor":30,"turns":2},{"damage":22,"enemies":"Book of Stabbing","floor":31,"turns":3},{"damage":66,"enemies":"Automaton","floor":33,"turns":6}],"seed_played":"1498509582648044242","potions_obtained":[{"floor":1.0,"key":"Block Potion"},{"floor":3.0,"key":"EntropicBrew"},{"floor":10.0,"key":"Swift Potion"},{"floor":11.0,"key":"Energy Potion"},{"floor":19.0,"key":"PowerPotion"},{"floor":29,"key":"Explosive Potion"},{"floor":30,"key":"Block Potion"}],"is_trial":false,"path_per_floor":["M","?","M","M","?","E","R","$","T","E","M","E","?","E","R","B",null,"M","M","?","$","?","R","E","M","T","R","M","E","M","E","R","B"],"character_chosen":"REMILIA","items_purchased":["MastersStateliness","MastersStateliness"],"campfire_rested":1,"item_purchase_floors":[8,21],"current_hp_per_floor":[63,63,61,61,61,43,43,43,43,43,40,27,18,24,44,4,51,24,6,77,77,77,77,78,74,74,74,74,54,54,48,48,0,0],"gold":333,"neow_bonus":"REMOVE_TWO","is_daily":false,"chose_seed":false,"campfire_upgraded":4,"win_rate":0.0,"timestamp":1607770470,"path_taken":["M","?","?","M","?","E","R","$","T","E","M","E","?","E","R","BOSS","M","M","?","$","?","R","E","M","T","R","M","E","M","E","R","BOSS"],"items_purchased_type":["Card","Card"],"build_version":"2020-11-30","purchased_purges":2,"victory":false,"max_hp_per_floor":[63,63,63,63,63,63,63,63,63,63,65,65,65,67,67,67,67,67,67,77,77,77,77,79,79,79,79,79,81,81,83,83,83,83],"card_choices":[{"not_picked":["Ultimatum","BlasphemousPunishment","CharismaGuard"],"picked":"SKIP","floor":1.0},{"not_picked":["StarOfDavid","RedMagic","UnstableMagic"],"picked":"SKIP","floor":3.0},{"not_picked":["ScarletDevil","BloodHunter","BlasphemousPunishment"],"picked":"SKIP","floor":4.0},{"not_picked":["VampireKiss","Maim","BombardNight"],"picked":"SKIP","floor":6.0},{"not_picked":["VampireKiss","UnstableMagic"],"picked":"MastersStateliness","floor":10.0},{"not_picked":["HeartBreak","Ultimatum","FavorOfDestiny"],"picked":"Singing Bowl","floor":11.0},{"not_picked":["ReincarnationDial","MiserableFate"],"picked":"ScarletSymphony","floor":12.0},{"not_picked":["BloodHunter","BloodyMagicSquare","EmergencyRegeneration"],"picked":"Singing Bowl","floor":14.0},{"not_picked":["TricksterDevil","CeilingFear"],"picked":"BloodyCatastrophe","floor":16.0},{"not_picked":["BlasphemousPunishment","UnstableMagic"],"picked":"EndlessAdversity","floor":18.0},{"not_picked":["BloodyCatastrophe","StarOfDavid"],"picked":"ScarletImprint","floor":19.0},{"not_picked":["KillingBlow","BlasphemousPunishment+1","BadLadyScramble"],"picked":"Singing Bowl","floor":24},{"not_picked":["StarOfDavid+1","ScarletImprint","Ultimatum"],"picked":"HunterOfTheNight","floor":25},{"not_picked":["BombardNight","BloodyMagicSquare","EternalNight"],"picked":"BloodySeventeenLaser","floor":28},{"not_picked":["VampireKiss+1","UltimateOffering","RedRainbow","AfternoonTea"],"picked":"Singing Bowl","floor":29},{"not_picked":["DiffusionOfMisfortune","CharismaGuard+1","DevilSight"],"picked":"ScarletImprint","floor":30},{"not_picked":["MiserableFate","EternalNight","Maim","ScarletNetherworld+1"],"picked":"Singing Bowl","floor":31}],"player_experience":194530,"relics_obtained":[{"floor":6.0,"key":"Art of War"},{"floor":9.0,"key":"Sundial"},{"floor":10.0,"key":"Singing Bowl"},{"floor":12.0,"key":"Du-Vu Doll"},{"floor":14.0,"key":"Matryoshka"},{"floor":24,"key":"Question Card"},{"floor":26,"key":"Gremlin Horn"},{"floor":26,"key":"Tiny Chest"},{"floor":29,"key":"Pen Nib"},{"floor":31,"key":"Smiling Mask"}],"event_choices":[{"damage_healed":0.0,"max_hp_gain":0.0,"max_hp_loss":0.0,"gold_gain":0.0,"event_name":"Match and Keep!","player_choice":"1 cards matched","floor":2.0,"gold_loss":0.0,"damage_taken":0.0,"cards_obtained":["BloodySeventeenLaser"]},{"cards_removed":["Defend_RM"],"damage_healed":0.0,"max_hp_gain":0.0,"max_hp_loss":0.0,"gold_gain":0.0,"event_name":"Living Wall","player_choice":"Forget","floor":5.0,"gold_loss":0.0,"damage_taken":0.0},{"damage_healed":0.0,"max_hp_gain":0.0,"max_hp_loss":0.0,"gold_gain":0.0,"event_name":"Wheel of Change","player_choice":"Damaged","floor":13.0,"gold_loss":0.0,"damage_taken":9.0},{"damage_healed":0,"gold_gain":0,"player_choice":"Ignored","damage_taken":0,"max_hp_gain":0,"max_hp_loss":0,"event_name":"The Mausoleum","floor":22,"gold_loss":0}],"is_beta":false,"boss_relics":[{"not_picked":["Tiny House","Cursed Key"],"picked":"ScarletEmblem"}],"items_purged_floors":[8,21],"is_endless":false,"potions_floor_spawned":[1,3,10,11,19,24,30],"killed_by":"Automaton","ascension_level":16}}