{"host":"t7rtdu4954o308h4","time":1607742334,"event":{"mods":["AchievementEnabler","Act Like it!","BaseMod","Library of Ruina","Library of Ruina Extra","Minty Spire (QoL Compilation)","MostiFishMod","Replay The Spire","StSLib","TestMod","Waifu the Spire","【功能Mod】聪明的最终Boss","【遗物卡牌】REMEMod"],"gold_per_floor":[114,69,69,80,95,95,124,142,142,161,176,176,210,227,227,328,328,345,357,33,50,7,37,37,70,70,70,82,99,99,56,56,156,156,172,172,25,25,44,77,94,128,128,139,23,23,52,52,52,52,52,52,52,15,48,186],"floor_reached":57,"playtime":2610,"items_purged":["HalloweenModGhostCostume","FleetEdge","CommonCold"],"score":1908,"play_id":"63629aed-f59c-445a-852e-f293f2986669","local_time":"20201212110534","is_ascension_mode":true,"campfire_choices":[{"data":"HalloweenModCandy","floor":6,"key":"SMITH"},{"data":"HalloweenModGhostCostume","floor":15,"key":"SMITH"},{"data":"ForTheFamily","floor":30,"key":"SMITH"},{"floor":32,"key":"RECALL"},{"data":"HalloweenModTrick","floor":46,"key":"SMITH"},{"data":"REME_FirmDetermination","floor":49,"key":"SMITH"},{"data":"testmod-ConditionedReflex","floor":53,"key":"SMITH"}],"circlet_count":0,"master_deck":["DegradedFairy","DegradedFairy","DegradedChain","DegradedChain","DegradedLock","DegradedPillar","DegradedPillar","DegradedShockwave","testmod-AutoReboundSystem","FleetEdge","Transpierce","HalloweenModCandy+1","HalloweenModGhostCostume+1","HalloweenModTrick+1","ForTheFamily+1","Struggle+1","Reload+1","testmod-FightingIntention+1","REME_FirmDetermination+1","testmod-ConditionedReflex+1","MostiFishMod:Awakening+1","CurseOfTheBell","testmod-TemporaryDeletion+1","Chrysalis+1"],"relics":["PageOfLibrarian","DaveBox","testmod-TestBox","REME_ComplimentaryCards","DianPoetry","HalloweenModHalloween","Blue Candle","Question Card","ReplayTheSpireMod:TigerMarble","Onion Ring","ImportantClient","HaiYi:Twilight","PageOfHappyTeddyBear","Replay:Baseball","Akabeko","PageOfTodaysShyLook","Golden Egg","GreenFoldingFan","Smiling Mask","Snack Pack","Lizard Tail","PageOfForsakenMurderer","testmod-Fortitude","testmod-FatalChain","Replay:WaspNest","ReplayTheSpireMod:CursedCoin","REME_ArchaeologicalTools"],"acts_visited":["TheCity","TheBeyond","TheEnding"],"potions_floor_usage":[8,10],"damage_taken":[{"damage":0.0,"enemies":"Cultist","floor":1.0,"turns":2.0},{"damage":0,"enemies":"Small Slimes","floor":4,"turns":2},{"damage":0,"enemies":"2 Louse","floor":5,"turns":1},{"damage":0,"enemies":"Lagavulin","floor":7,"turns":3},{"damage":0,"enemies":"Gremlin Gang","floor":8,"turns":4},{"damage":10,"enemies":"Looter","floor":10,"turns":2},{"damage":0,"enemies":"Blue Slaver","floor":11,"turns":2},{"damage":0,"enemies":"Gremlin Nob","floor":13,"turns":2},{"damage":0,"enemies":"Red Slaver","floor":14,"turns":1},{"damage":0,"enemies":"Slime Boss","floor":16,"turns":3},{"damage":0,"enemies":"Shell Parasite","floor":18,"turns":1},{"damage":0,"enemies":"Chosen","floor":19,"turns":2},{"damage":0,"enemies":"Centurion and Healer","floor":21,"turns":2},{"damage":3,"enemies":"Slavers","floor":23,"turns":2},{"damage":15,"enemies":"Replay:Snechameleon","floor":25,"turns":2},{"damage":0,"enemies":"Snake Plant","floor":28,"turns":1},{"damage":0,"enemies":"3 Cultists","floor":29,"turns":2},{"damage":0,"enemies":"Automaton","floor":33,"turns":3},{"damage":4,"enemies":"Orb Walker","floor":35,"turns":2},{"damage":2,"enemies":"3 Darklings","floor":39,"turns":1},{"damage":6,"enemies":"Nemesis","floor":40,"turns":3},{"damage":14,"enemies":"4 Shapes","floor":41,"turns":1},{"damage":4,"enemies":"R_Hoarder","floor":42,"turns":2},{"damage":4,"enemies":"Spire Growth","floor":44,"turns":2},{"damage":6,"enemies":"Reptomancer","floor":47,"turns":2},{"damage":17,"enemies":"Awakened One","floor":50,"turns":8},{"damage":9,"enemies":"Awakened One","floor":51,"turns":4},{"damage":6,"enemies":"Shield and Spear","floor":55,"turns":3},{"damage":36,"enemies":"The Heart","floor":56,"turns":5}],"seed_played":"5012728388893939512","potions_obtained":[{"floor":8,"key":"testmod-SpacePotion"},{"floor":10,"key":"FairyPotion"},{"floor":11,"key":"Weak Potion"},{"floor":12,"key":"Elixir"},{"floor":12,"key":"PowerPotion"},{"floor":12,"key":"Dexterity Potion"},{"floor":19,"key":"SkillPotion"},{"floor":35,"key":"Energy Potion"}],"is_trial":false,"path_per_floor":["M","$","?","M","M","R","E","M","T","M","M","?","E","M","R","B",null,"M","M","$","M","$","E","?","E","T","?","M","M","R","$","R","B",null,"M","?","$","?","M","E","M","E","T","M","$","R","E","?","R","B",null,null,"R","$","E","B",null],"character_chosen":"Librarian","items_purchased":["FleetEdge","ForTheFamily","PageOfHappyTeddyBear","Struggle+1","Reload","MostiFishMod:Awakening","testmod-TemporaryDeletion","ReplayTheSpireMod:CursedCoin","Chrysalis"],"campfire_rested":0,"item_purchase_floors":[2,20,20,22,31,37,45,54,54],"current_hp_per_floor":[60,60,60,60,64,64,71,75,75,65,65,65,69,69,69,73,90,90,90,90,90,90,87,87,76,76,76,80,80,80,80,80,80,90,90,80,80,80,88,90,90,90,90,90,90,90,90,90,90,90,90,90,90,90,90,86],"gold":186,"neow_bonus":"REMOVE_CARD","is_daily":false,"chose_seed":false,"campfire_upgraded":6,"win_rate":0.0,"timestamp":1607742334,"path_taken":["M","$","?","M","M","R","E","M","T","M","?","?","E","M","R","BOSS","M","M","$","M","$","E","?","E","T","?","M","M","R","$","R","BOSS","M","?","$","?","M","E","M","E","T","M","$","R","E","?","R","BOSS","R","$","E","BOSS"],"items_purchased_type":["Card","Card","Relic","Card","Card","Card","Card","Relic","Card"],"build_version":"2020-11-30","purchased_purges":3,"victory":true,"max_hp_per_floor":[90,90,90,90,90,90,90,90,90,90,90,90,90,90,90,90,90,90,90,90,90,90,90,90,90,90,90,90,90,90,90,90,90,90,90,90,90,90,90,90,90,90,90,90,90,90,90,90,90,90,90,90,90,90,90,90],"card_choices":[{"not_picked":["HalloweenModTrick","HalloweenModCandy","HalloweenModCandy"],"picked":"HalloweenModGhostCostume","floor":1.0},{"not_picked":["HalloweenModTrick","HalloweenModGhostCostume","HalloweenModGhostCostume","HalloweenModGhostCostume"],"picked":"HalloweenModCandy","floor":4},{"not_picked":["HalloweenModCandy","HalloweenModTrick","HalloweenModCandy","HalloweenModTrick"],"picked":"HalloweenModGhostCostume","floor":5},{"not_picked":["HalloweenModGhostCostume","HalloweenModCandy","HalloweenModCandy","HalloweenModCandy"],"picked":"HalloweenModTrick","floor":7},{"not_picked":["HalloweenModTrick","HalloweenModCandy","HalloweenModGhostCostume","HalloweenModTrick","HalloweenModCandy"],"picked":"SKIP","floor":8},{"not_picked":["HalloweenModTrick","HalloweenModGhostCostume","HalloweenModCandy","HalloweenModTrick","HalloweenModCandy"],"picked":"SKIP","floor":10},{"not_picked":["HalloweenModTrick","HalloweenModCandy","HalloweenModGhostCostume","HalloweenModCandy","HalloweenModCandy"],"picked":"SKIP","floor":11},{"not_picked":["HalloweenModCandy","HalloweenModGhostCostume","HalloweenModTrick","HalloweenModCandy","HalloweenModGhostCostume"],"picked":"SKIP","floor":13},{"not_picked":["HalloweenModTrick","HalloweenModGhostCostume","HalloweenModCandy","HalloweenModTrick","HalloweenModGhostCostume"],"picked":"SKIP","floor":14},{"not_picked":["HalloweenModCandy","HalloweenModGhostCostume","HalloweenModTrick+1","HalloweenModTrick","HalloweenModGhostCostume"],"picked":"SKIP","floor":18},{"not_picked":["HalloweenModGhostCostume","HalloweenModCandy","HalloweenModTrick","HalloweenModGhostCostume","HalloweenModGhostCostume+1"],"picked":"SKIP","floor":19},{"not_picked":["HalloweenModTrick","HalloweenModGhostCostume","HalloweenModCandy","HalloweenModCandy","HalloweenModTrick"],"picked":"SKIP","floor":21},{"not_picked":["HalloweenModTrick+1","HalloweenModCandy","HalloweenModGhostCostume","HalloweenModCandy","HalloweenModGhostCostume"],"picked":"SKIP","floor":23},{"not_picked":["HalloweenModCandy","HalloweenModTrick","HalloweenModGhostCostume+1","HalloweenModCandy+1","HalloweenModTrick"],"picked":"SKIP","floor":25},{"not_picked":["HalloweenModTrick","HalloweenModGhostCostume+1","HalloweenModCandy","HalloweenModTrick+1","HalloweenModTrick+1"],"picked":"SKIP","floor":28},{"not_picked":["HalloweenModTrick","HalloweenModCandy","HalloweenModGhostCostume","HalloweenModCandy+1","HalloweenModCandy"],"picked":"SKIP","floor":29},{"not_picked":["HalloweenModTrick","HalloweenModCandy","HalloweenModGhostCostume","HalloweenModCandy","HalloweenModTrick+1"],"picked":"SKIP","floor":35},{"not_picked":["Bandage Up","Dramatic Entrance","REME_TwoStrings","Flash of Steel"],"picked":"testmod-FightingIntention","floor":36},{"not_picked":["The Bomb","testmod-LifeRuler","testmod-TreasureHunter","HandOfGreed"],"picked":"REME_FirmDetermination","floor":36},{"not_picked":["Mayhem","Jack Of All Trades","testmod-LimitFlipper","Good Instincts"],"picked":"testmod-ConditionedReflex","floor":36},{"not_picked":["HalloweenModGhostCostume+1","HalloweenModTrick+1","HalloweenModCandy","HalloweenModTrick+1","HalloweenModTrick"],"picked":"SKIP","floor":39},{"not_picked":["HalloweenModTrick+1","HalloweenModCandy","HalloweenModGhostCostume+1","HalloweenModTrick","HalloweenModCandy+1"],"picked":"SKIP","floor":40},{"not_picked":["HalloweenModCandy+1","HalloweenModGhostCostume+1","HalloweenModTrick+1","HalloweenModCandy","HalloweenModTrick+1"],"picked":"SKIP","floor":41},{"not_picked":["HalloweenModCandy","HalloweenModTrick+1","HalloweenModGhostCostume","HalloweenModTrick","HalloweenModTrick+1"],"picked":"SKIP","floor":42},{"not_picked":["HalloweenModTrick","HalloweenModCandy","HalloweenModGhostCostume+1","HalloweenModCandy","HalloweenModCandy"],"picked":"SKIP","floor":44},{"not_picked":["HalloweenModGhostCostume","HalloweenModCandy","HalloweenModTrick+1","HalloweenModCandy","HalloweenModGhostCostume+1"],"picked":"SKIP","floor":47},{"not_picked":["HalloweenModGhostCostume+1","HalloweenModCandy","HalloweenModTrick+1","HalloweenModCandy+1","HalloweenModTrick+1"],"picked":"SKIP","floor":55}],"player_experience":30891,"relics_obtained":[{"floor":1.0,"key":"Question Card"},{"floor":7,"key":"ReplayTheSpireMod:TigerMarble"},{"floor":13,"key":"Onion Ring"},{"floor":16,"key":"ImportantClient"},{"floor":23,"key":"Replay:Baseball"},{"floor":25,"key":"Akabeko"},{"floor":26,"key":"PageOfTodaysShyLook"},{"floor":38,"key":"Smiling Mask"},{"floor":38,"key":"Snack Pack"},{"floor":38,"key":"Lizard Tail"},{"floor":40,"key":"PageOfForsakenMurderer"},{"floor":42,"key":"testmod-Fortitude"},{"floor":43,"key":"testmod-FatalChain"},{"floor":47,"key":"Replay:WaspNest"},{"floor":55,"key":"REME_ArchaeologicalTools"}],"event_choices":[{"damage_healed":0,"gold_gain":0,"player_choice":"2 cards matched","damage_taken":0,"max_hp_gain":0,"max_hp_loss":0,"event_name":"Match and Keep!","floor":3,"gold_loss":0,"cards_obtained":["Transpierce","FleetEdge"]},{"damage_healed":0,"gold_gain":0,"player_choice":"Got Potions","damage_taken":0,"max_hp_gain":0,"max_hp_loss":0,"event_name":"Lab","floor":12,"gold_loss":0},{"damage_healed":0,"gold_gain":0,"player_choice":"Ignored","damage_taken":0,"max_hp_gain":0,"max_hp_loss":0,"event_name":"Vampires","floor":24,"gold_loss":0},{"damage_healed":0,"gold_gain":0,"player_choice":"Memory 3","damage_taken":10,"max_hp_gain":0,"max_hp_loss":0,"event_name":"SensoryStone","floor":36,"gold_loss":0},{"damage_healed":0,"gold_gain":0,"player_choice":"Swap Relic","damage_taken":0,"relics_obtained":["Calling Bell"],"max_hp_gain":0,"max_hp_loss":0,"event_name":"给自己的盒子","floor":38,"relics_lost":["Calling Bell"],"gold_loss":0},{"damage_healed":0,"gold_gain":0,"player_choice":"Ignored","damage_taken":0,"max_hp_gain":0,"max_hp_loss":0,"event_name":"SecretPortal","floor":48,"gold_loss":0}],"is_beta":false,"boss_relics":[{"not_picked":["testmod-NegativeEmotionEnhancer","REME_DuelDisc"],"picked":"HaiYi:Twilight"},{"not_picked":["Snecko Heart","xbg"],"picked":"GreenFoldingFan"}],"items_purged_floors":[20,45,54],"is_endless":false,"potions_floor_spawned":[8,10,11,13,14,16,19,21,25,35,41,42],"ascension_level":1}}