{"host":"njruw0b0uprlitpx","time":1607762418,"event":{"mods":["2.2 Compatiblity","AchievementEnabler","Aspiration","BaseMod","Block Reminder","Colored Map","Colored Powertips","Jedi Mod","Keyboard Shortcuts","Minty Spire (QoL Compilation)","Replay The Spire","Spicy Shops","StSLib","SuperFastMode","The Construct","The Kombatant","The Problem Sleuth","The Spell Scribe"],"gold_per_floor":[111,123,142,43,57,57,76,76,76,111,81,108,108,127,127,227,227,240,9,9,20,35,64,64,75,75,87,112,112,129,208,208,304,304,317,333,456,21,106,106,180,231,231,288,288,288,15,15,15,60],"floor_reached":51,"playtime":5136,"items_purged":["Strike_G","Writhe"],"score":756,"play_id":"1db45158-4e07-42e0-b355-2320a668f4ac","local_time":"20201212024018","is_ascension_mode":false,"campfire_choices":[{"data":"jedi:collectorvenom","floor":6.0,"key":"SMITH"},{"floor":13.0,"key":"REST"},{"floor":15.0,"key":"REST"},{"data":"Calculated Gamble","floor":24.0,"key":"SMITH"},{"data":"After Image","floor":29.0,"key":"SMITH"},{"floor":32.0,"key":"REST"},{"data":"Wraith Form v2","floor":40,"key":"SMITH"},{"data":"Noxious Fumes","floor":46,"key":"SMITH"},{"data":"Atom Bomb","floor":49,"key":"SMITH"}],"circlet_count":0,"master_deck":["Strike_G","Strike_G","Strike_G","Strike_G","Defend_G","Defend_G","Defend_G","Defend_G","Survivor","Neutralize","Noxious Fumes+1","Poisoned Stab","jedi:collectorvenom+1","Quick Slash","Dagger Spray","Prepared","Calculated Gamble+1","Bane","Malaise+1","Dodge and Roll+1","Doppelganger+1","Leg Sweep+1","Prepared+1","Backflip+1","ReplayTheSpireMod:Faulty Equipment","After Image+1","theSleuth:OglogMRubbit","Wraith Form v2+1","Backstab+1","ReplayTheSpireMod:Tripwire+1","Glass Knife","Glass Knife","Crippling Poison+1","Parasite","Atom Bomb+1"],"relics":["Ring of the Snake","Bronze Scales","jedi:ghostblades","Toxic Egg 2","WingedGreaves","Cursed Key","Orrery","jedi:heavyjacket","Meat on the Bone","Potion Belt","Matryoshka","aspiration:SecretTechniqueScroll","Replay:Bandana","Replay:Ringing Soul","Snake Skull","MealTicket","Blood Vial","Incense Burner","theSleuth:Tectrixcalibur"],"acts_visited":["Exordium","TheCity","TheBeyond"],"potions_floor_usage":[33,33,33,33,48,50,50,50,50],"damage_taken":[{"damage":2.0,"enemies":"Cultist","floor":1.0,"turns":4.0},{"damage":0.0,"enemies":"Small Slimes","floor":2.0,"turns":3.0},{"damage":3.0,"enemies":"Jaw Worm","floor":3.0,"turns":4.0},{"damage":3.0,"enemies":"Red Slaver","floor":5.0,"turns":4.0},{"damage":8.0,"enemies":"Exordium Wildlife","floor":7.0,"turns":4.0},{"damage":17.0,"enemies":"Gremlin Nob","floor":10.0,"turns":4.0},{"damage":7.0,"enemies":"Replay:BlueRogue","floor":12.0,"turns":5.0},{"damage":8.0,"enemies":"Gremlin Gang","floor":14.0,"turns":4.0},{"damage":17.0,"enemies":"Hexaghost","floor":16.0,"turns":10.0},{"damage":1.0,"enemies":"3 Byrds","floor":18.0,"turns":4.0},{"damage":0.0,"enemies":"Spheric Guardian","floor":21.0,"turns":4.0},{"damage":5.0,"enemies":"Chosen and Byrds","floor":22.0,"turns":5.0},{"damage":2.0,"enemies":"Book of Stabbing","floor":23.0,"turns":5.0},{"damage":4.0,"enemies":"Sentry and Sphere","floor":25.0,"turns":4.0},{"damage":0.0,"enemies":"Cultist and Chosen","floor":27.0,"turns":5.0},{"damage":6.0,"enemies":"Gremlin Leader","floor":28.0,"turns":8.0},{"damage":0.0,"enemies":"3 Cultists","floor":30.0,"turns":5.0},{"damage":13,"enemies":"Champ","floor":33,"turns":8},{"damage":0,"enemies":"3 Darklings","floor":35,"turns":5},{"damage":0,"enemies":"Orb Walker","floor":36,"turns":3},{"damage":0,"enemies":"Maw","floor":39,"turns":5},{"damage":3,"enemies":"Giant Head","floor":41,"turns":7},{"damage":5,"enemies":"Sphere and 2 Shapes","floor":42,"turns":3},{"damage":0,"enemies":"4 Shapes","floor":44,"turns":5},{"damage":0,"enemies":"Maw","floor":48,"turns":1},{"damage":11,"enemies":"Donu and Deca","floor":50,"turns":8}],"seed_played":"1275167636473292182","potions_obtained":[{"floor":3.0,"key":"AttackPotion"},{"floor":5.0,"key":"Adrenaline Potion"},{"floor":10.0,"key":"LiquidMemories"},{"floor":11.0,"key":"EntropicBrew"},{"floor":11.0,"key":"Flashbang"},{"floor":14.0,"key":"Toxic Potion"},{"floor":20.0,"key":"Adrenaline Potion"},{"floor":20.0,"key":"jedi:holywater"},{"floor":23.0,"key":"ColorlessPotion"},{"floor":25.0,"key":"Death Potion"},{"floor":33,"key":"BlessingOfTheForge"},{"floor":35,"key":"Block Potion"},{"floor":36,"key":"SmokeBomb"},{"floor":37,"key":"Poison Potion"}],"is_trial":false,"path_per_floor":["M","M","M","$","M","R","M","?","T","E","?","E","R","M","R","B",null,"M","$","?","M","M","E","R","M","T","M","E","R","M","T","R","B",null,"M","M","?","$","M","R","E","M","T","M","?","R","$","M","R","B",null],"character_chosen":"THE_SILENT","items_purchased":["Dagger Spray","Bronze Scales","Orrery","Snake Skull","ReplayTheSpireMod:Tripwire+1","Glass Knife","Block Potion","Atom Bomb","Elixir"],"campfire_rested":3,"item_purchase_floors":[4,4,19,38,38,38,38,47,47],"current_hp_per_floor":[68,68,65,65,62,62,54,47,47,30,30,23,44,36,57,40,70,69,69,69,69,64,62,62,58,58,58,52,52,52,52,70,57,70,70,70,73,76,79,79,79,77,80,85,85,85,94,94,94,83],"gold":60,"neow_bonus":"THREE_CARDS","is_daily":false,"chose_seed":false,"campfire_upgraded":6,"win_rate":0.0,"timestamp":1607762418,"path_taken":["M","M","M","$","M","R","?","?","T","E","?","E","R","?","R","BOSS","M","$","?","M","?","E","R","M","T","M","E","R","M","?","R","BOSS","M","?","?","$","?","R","E","?","T","M","?","R","?","M","R","BOSS"],"items_purchased_type":["Card","Relic","Relic","Relic","Card","Card","Potion","Card","Potion"],"build_version":"2020-11-30","purchased_purges":2,"victory":true,"max_hp_per_floor":[70,70,70,70,70,70,70,70,70,70,70,70,70,70,70,70,70,70,70,70,70,70,70,70,70,70,70,70,70,70,70,70,70,70,70,70,73,76,79,79,82,85,88,91,91,91,94,94,94,94],"card_choices":[{"not_picked":["Toxin Wave","Crippling Poison"],"picked":"Noxious Fumes","floor":0.0},{"not_picked":["Deflect","Dagger Spray"],"picked":"Poisoned Stab","floor":1.0},{"not_picked":["Cloak And Dagger","Infinite Blades"],"picked":"jedi:collectorvenom","floor":2.0},{"not_picked":["Slice","Deflect"],"picked":"Quick Slash","floor":3.0},{"not_picked":["Hidden Blade","Acrobatics"],"picked":"Prepared","floor":5.0},{"not_picked":["ReplayTheSpireMod:The Works","Predator"],"picked":"Calculated Gamble","floor":7.0},{"not_picked":["Flying Knee","Dodge and Roll+1"],"picked":"Bane","floor":10.0},{"not_picked":["Sucker Punch","jedi:collectorvenom+1"],"picked":"Malaise+1","floor":12.0},{"not_picked":["Tactician+1","Deflect+1"],"picked":"Dodge and Roll+1","floor":14.0},{"not_picked":["Grand Finale","jedi:collectorvenom+1"],"picked":"Doppelganger+1","floor":16.0},{"not_picked":["Concentrate+1","Acrobatics+1"],"picked":"jedi:collectorvenom+1","floor":18.0},{"not_picked":["Deadly Poison+1","Dodge and Roll+1"],"picked":"jedi:collectorvenom+1","floor":19.0},{"not_picked":["Slice","Dagger Spray"],"picked":"jedi:collectorvenom+1","floor":19.0},{"not_picked":["Dagger Spray","Deflect+1"],"picked":"jedi:collectorvenom+1","floor":19.0},{"not_picked":["jedi:collectorvenom+1","Blade Dance+1"],"picked":"Leg Sweep+1","floor":19.0},{"not_picked":["Outmaneuver+1","Tactician+1"],"picked":"Prepared+1","floor":19.0},{"not_picked":["Riddle With Holes","Dodge and Roll+1"],"picked":"jedi:collectorvenom+1","floor":21.0},{"not_picked":["PiercingWail+1","Dagger Throw"],"picked":"jedi:collectorvenom+1","floor":22.0},{"not_picked":["Dagger Spray","Cloak And Dagger+1"],"picked":"jedi:collectorvenom+1","floor":23.0},{"not_picked":["jedi:collectorvenom+1","Slice+1"],"picked":"Backflip+1","floor":25.0},{"not_picked":["Calculated Gamble+1","PiercingWail+1"],"picked":"jedi:collectorvenom+1","floor":27.0},{"not_picked":["jedi:collectorvenom+1","Hidden Blade+1"],"picked":"After Image","floor":28.0},{"not_picked":["Deflect+1","Leg Sweep+1"],"picked":"jedi:collectorvenom+1","floor":30.0},{"not_picked":["Replay:Bag of Tricks+1","jedi:collectorvenom+1"],"picked":"Wraith Form v2","floor":33},{"not_picked":["jedi:collectorvenom+1","Caltrops+1"],"picked":"Backstab+1","floor":35},{"not_picked":["ReplayTheSpireMod:Shiv Toss+1","Flechettes"],"picked":"jedi:collectorvenom+1","floor":36},{"not_picked":["Deflect+1","PiercingWail+1"],"picked":"jedi:collectorvenom+1","floor":37},{"not_picked":["ReplayTheSpireMod:Exploit Weakness+1","Underhanded Strike+1"],"picked":"jedi:collectorvenom+1","floor":37},{"not_picked":["Heel Hook+1","Underhanded Strike+1"],"picked":"jedi:collectorvenom+1","floor":39},{"not_picked":["jedi:collectorvenom+1","Tools of the Trade"],"picked":"Crippling Poison+1","floor":41},{"not_picked":["Bane+1","Underhanded Strike+1"],"picked":"jedi:collectorvenom+1","floor":42},{"not_picked":["Dodge and Roll+1","Choke+1"],"picked":"jedi:collectorvenom+1","floor":44}],"player_experience":1241491,"relics_obtained":[{"floor":9.0,"key":"jedi:ghostblades"},{"floor":10.0,"key":"Toxic Egg 2"},{"floor":12.0,"key":"WingedGreaves"},{"floor":23.0,"key":"jedi:heavyjacket"},{"floor":26.0,"key":"Meat on the Bone"},{"floor":28.0,"key":"Potion Belt"},{"floor":31.0,"key":"Matryoshka"},{"floor":37,"key":"Replay:Bandana"},{"floor":37,"key":"Replay:Ringing Soul"},{"floor":41,"key":"MealTicket"},{"floor":43,"key":"Blood Vial"},{"floor":43,"key":"Incense Burner"}],"event_choices":[{"cards_removed":["Defend_G"],"damage_healed":0.0,"max_hp_gain":0.0,"max_hp_loss":0.0,"gold_gain":0.0,"event_name":"Golden Wing","player_choice":"Card Removal","floor":8.0,"gold_loss":0.0,"damage_taken":7.0},{"damage_healed":0.0,"max_hp_gain":0.0,"max_hp_loss":0.0,"gold_gain":0.0,"event_name":"The Woman in Blue","player_choice":"Bought 2 Potions","floor":11.0,"gold_loss":0.0,"damage_taken":0.0},{"damage_healed":0.0,"max_hp_gain":0.0,"max_hp_loss":0.0,"gold_gain":0.0,"event_name":"Lab","player_choice":"Got Potions","floor":20.0,"gold_loss":0.0,"damage_taken":0.0}],"is_beta":false,"boss_relics":[{"not_picked":["aspiration:DefectSkillbook","aspiration:PoetsPen_weak"],"picked":"Cursed Key"},{"not_picked":["Fusion Hammer","aspiration:RunicSpoon"],"picked":"aspiration:SecretTechniqueScroll"}],"items_purged_floors":[19,47],"is_endless":false,"potions_floor_spawned":[3,5,10,14,21,23,25,33,35,36,48],"ascension_level":0}}