{"host":"201alm3szw4w07u0","time":1607794455,"event":{"mods":["AchievementEnabler","BaseMod","Colored Map","Colored Powertips","Minty Spire (QoL Compilation)","Quick Restart","StSLib","SuperFastMode"],"gold_per_floor":[110,120,120,120,136,166,166,166,166,166,180,180,180,193,193,193,193],"floor_reached":16,"playtime":278,"items_purged":[],"score":100,"play_id":"21575622-5fc9-4ee0-80e3-3a9cd3b329df","local_time":"20201213023415","is_ascension_mode":false,"campfire_choices":[{"data":"Bash","floor":7,"key":"SMITH"},{"floor":10,"key":"REST"},{"data":"Cleave","floor":13,"key":"SMITH"},{"data":"Dropkick","floor":15,"key":"SMITH"}],"circlet_count":0,"master_deck":["Strike_R","Strike_R","Strike_R+1","Strike_R+1","Strike_R","Defend_R","Defend_R","Defend_R","Bash+1","Cleave+1","Dropkick+1"],"relics":["Burning Blood","Pantograph","Golden Idol","CeramicFish"],"acts_visited":["Exordium"],"potions_floor_usage":[11],"damage_taken":[{"damage":5,"enemies":"2 Louse","floor":1,"turns":2},{"damage":7,"enemies":"Small Slimes","floor":2,"turns":3},{"damage":11,"enemies":"Jaw Worm","floor":5,"turns":2},{"damage":40,"enemies":"3 Sentries","floor":6,"turns":8},{"damage":10,"enemies":"Looter","floor":11,"turns":3},{"damage":14,"enemies":"Blue Slaver","floor":14,"turns":3},{"damage":74,"enemies":"The Guardian","floor":16,"turns":8}],"seed_played":"-3404889889975445651","potions_obtained":[{"floor":5,"key":"Block Potion"},{"floor":11,"key":"AttackPotion"}],"is_trial":false,"path_per_floor":["M","M","?","?","M","E","R","?","T","R","M","?","R","M","R","B"],"character_chosen":"IRONCLAD","items_purchased":[],"campfire_rested":1,"item_purchase_floors":[],"current_hp_per_floor":[80,79,63,63,58,24,24,24,24,46,42,66,66,58,58,0,0],"gold":193,"neow_bonus":"REMOVE_CARD","is_daily":false,"chose_seed":false,"campfire_upgraded":3,"win_rate":0.0,"timestamp":1607794455,"path_taken":["M","M","?","?","M","E","R","?","T","R","?","?","R","M","R","BOSS"],"items_purchased_type":[],"build_version":"2020-11-30","purchased_purges":0,"victory":false,"max_hp_per_floor":[80,80,80,80,80,80,80,74,74,74,74,74,74,74,74,74,74],"card_choices":[{"not_picked":["Clash","Anger"],"picked":"Cleave","floor":1},{"not_picked":["Bloodletting","Reckless Charge","Headbutt"],"picked":"SKIP","floor":2},{"not_picked":["Ghostly Armor","Anger","Heavy Blade"],"picked":"SKIP","floor":5},{"not_picked":["Clash","Dark Embrace"],"picked":"Dropkick","floor":6},{"not_picked":["Flex","Sword Boomerang","Perfected Strike"],"picked":"SKIP","floor":11},{"not_picked":["Havoc","Sword Boomerang","Thunderclap"],"picked":"SKIP","floor":14}],"player_experience":481940,"relics_obtained":[{"floor":6,"key":"Pantograph"},{"floor":9,"key":"CeramicFish"}],"event_choices":[{"damage_healed":0,"gold_gain":0,"player_choice":"Entered Light","damage_taken":16,"max_hp_gain":0,"max_hp_loss":0,"event_name":"Shining Light","floor":3,"gold_loss":0,"cards_upgraded":["Strike_R","Strike_R"]},{"damage_healed":0,"gold_gain":0,"player_choice":"Ignored","damage_taken":0,"max_hp_gain":0,"max_hp_loss":0,"event_name":"Liars Game","floor":4,"gold_loss":0},{"damage_healed":0,"gold_gain":0,"player_choice":"Lose Max HP","damage_taken":0,"relics_obtained":["Golden Idol"],"max_hp_gain":0,"max_hp_loss":6,"event_name":"Golden Idol","floor":8,"gold_loss":0},{"damage_healed":24,"gold_gain":0,"player_choice":"Banana","damage_taken":0,"max_hp_gain":0,"max_hp_loss":0,"event_name":"Big Fish","floor":12,"gold_loss":0}],"is_beta":false,"boss_relics":[],"items_purged_floors":[],"is_endless":false,"potions_floor_spawned":[5,11],"killed_by":"The Guardian","ascension_level":0}}