{"host":"d1za9dvx43o9v494","time":1607770549,"event":{"mods":["2.2 Compatiblity","BaseMod","Better-Laid Plans","Colored Map","Downfall","Emptier Cage","Minty Spire (QoL Compilation)","Permanent Neow","StSLib"],"gold_per_floor":[99,99,118,118,130,161,161,190,115,141,161,261,278,297,316,316,316],"floor_reached":16,"playtime":1297,"items_purged":[],"score":154,"play_id":"941f0356-db4b-4aa9-8140-21a1ed777d54","local_time":"20201212135549","is_ascension_mode":true,"campfire_choices":[{"data":"champ:Execute","floor":1,"key":"SMITH"},{"data":"champ:MurderStrike","floor":9,"key":"SMITH"}],"circlet_count":0,"master_deck":["champ:Strike","champ:Strike","champ:Strike","champ:Strike","champ:Defend","champ:Defend","champ:Defend","champ:Execute+1","champ:Taunt","champ:MurderStrike+1","champ:DefensiveShout","champ:DefensiveStyle","champ:DefensiveShout","champ:SwordSigil","champ:Backstep","champ:GutPunch"],"relics":["champ:ChampionCrown","Prayer Wheel","champ:SignatureFinisher","Regal Pillow","downfall:HeartBlessingGreen","Gremlin Horn","Toy Ornithopter"],"acts_visited":["Exordium"],"potions_floor_usage":[3,12,14,15,15],"damage_taken":[{"damage":5,"enemies":"2 Louse","floor":3,"turns":3},{"damage":7,"enemies":"Small Slimes","floor":5,"turns":4},{"damage":53,"enemies":"3 Sentries","floor":6,"turns":11},{"damage":21,"enemies":"Lagavulin","floor":8,"turns":7},{"damage":22,"enemies":"Gremlin Nob","floor":10,"turns":4},{"damage":7,"enemies":"Jaw Worm","floor":11,"turns":3},{"damage":28,"enemies":"downfall:LadyInBlue","floor":12,"turns":8},{"damage":7,"enemies":"Exordium Wildlife","floor":13,"turns":4},{"damage":5,"enemies":"Red Slaver","floor":14,"turns":2},{"damage":8,"enemies":"Gremlin Gang","floor":15,"turns":3},{"damage":70,"enemies":"downfall:Defect","floor":16,"turns":6}],"seed_played":"2261535485752437424","potions_obtained":[{"floor":3,"key":"Fruit Juice"},{"floor":11,"key":"DistilledChaos"},{"floor":12,"key":"Strength Potion"},{"floor":12,"key":"Energy Potion"},{"floor":12,"key":"hexamod:EctoCoolerPotion"},{"floor":15,"key":"FairyPotion"}],"is_trial":false,"path_per_floor":["R","?","M","?","M","E","T","E","R","E","M","?","M","M","M","B"],"character_chosen":"THE_CHAMP","items_purchased":[],"campfire_rested":0,"item_purchase_floors":[],"current_hp_per_floor":[90,90,95,95,93,56,56,48,48,31,29,13,11,16,23,0,0],"gold":316,"neow_bonus":"TRANSFORM_CARD","is_daily":false,"chose_seed":false,"campfire_upgraded":2,"win_rate":0.0,"timestamp":1607770549,"path_taken":["R","?","M","?","M","E","T","E","R","E","?","?","?","M","M","BOSS"],"items_purchased_type":[],"build_version":"2020-11-30","purchased_purges":0,"victory":false,"max_hp_per_floor":[90,90,95,95,95,95,95,95,95,95,95,95,95,95,95,95,95],"card_choices":[{"not_picked":["champ:CrookedStrike","champ:BerserkersShout"],"picked":"champ:DefensiveShout","floor":3},{"not_picked":["champ:RapidStrikes","champ:AdrenalArmor"],"picked":"champ:DefensiveStyle","floor":5},{"not_picked":["champ:BladeFlurry","champ:FocusedBerserking"],"picked":"champ:DefensiveShout","floor":6},{"not_picked":["champ:FightOn","champ:Aggression","champ:Riposte"],"picked":"SKIP","floor":8},{"not_picked":["champ:PerfectedStrike","champ:GladiatorsShout","champ:HeartStrike"],"picked":"SKIP","floor":10},{"not_picked":["champ:Devastate","champ:TornadoPunch"],"picked":"champ:SwordSigil","floor":11},{"not_picked":["champ:ShieldWall","champ:RageSigil","champ:StanceDance"],"picked":"SKIP","floor":11},{"not_picked":["champ:Control","champ:Haymaker","champ:RecklessLeap"],"picked":"SKIP","floor":13},{"not_picked":["champ:BerserkersShout","champ:TornadoPunch","champ:FocusedGladiator"],"picked":"SKIP","floor":13},{"not_picked":["champ:FanOfKnives","champ:FlashCut"],"picked":"champ:Backstep","floor":14},{"not_picked":["champ:CrookedStrike","champ:Backstep","champ:BerserkersShout"],"picked":"SKIP","floor":14},{"not_picked":["champ:SwordThrow","champ:FightOn"],"picked":"champ:GutPunch","floor":15},{"not_picked":["champ:SwordSigil","champ:CrookedStrike","champ:PreciseThrust"],"picked":"SKIP","floor":15}],"player_experience":580765,"relics_obtained":[{"floor":6,"key":"Prayer Wheel"},{"floor":7,"key":"champ:SignatureFinisher"},{"floor":8,"key":"Regal Pillow"},{"floor":10,"key":"Gremlin Horn"},{"floor":12,"key":"Toy Ornithopter"}],"event_choices":[],"is_beta":false,"boss_relics":[],"items_purged_floors":[],"is_endless":false,"potions_floor_spawned":[3,11,13,15],"killed_by":"downfall:Defect","ascension_level":1}}