{"host":"0ulgfg5uyx5zlmwg","time":1607747855,"event":{"mods":["Act Like it!","BaseMod","BetterRewards","Challenge The Spire","Custom Start","Grow up Mod","Marked Mod","Minty Spire (QoL Compilation)","RumiaBox-露米娅的神秘盒子","Spicy Shops","StSLib","TestMod","【功能Mod】混沌之环修复补丁","【遗物卡牌】REMEMod","篝火指南"],"gold_per_floor":[114,129,139,139,157,187,20,53,99,113,126,154,33,64,64,163,163,174,187,187,187,197,225,238,273,273,148,148,178,15,30,30,135,135,153,153,167,181,198,223,1222,1239,1239,1255,579,699,732,145,145,170,170,170,24,68,115],"floor_reached":56,"playtime":4423,"items_purged":["Strike_G","Strike_G","Parasite","Regret"],"score":1794,"play_id":"52058f2f-7cef-4665-8d4d-e8ee2d5c95f8","local_time":"20201212123735","is_ascension_mode":true,"campfire_choices":[{"data":"Adrenaline","floor":15.0,"key":"SMITH"},{"data":"After Image","floor":32.0,"key":"SMITH"},{"floor":49.0,"key":"RECALL"},{"data":"Backflip","floor":52.0,"key":"SMITH"}],"circlet_count":0,"master_deck":["Strike_G","Strike_G","Strike_G","Defend_G","Defend_G","Defend_G","Defend_G","Survivor","Neutralize","Panache+1","Choke","Blade Dance","Backflip+1","Blur","Cloak And Dagger","Backflip","Adrenaline+1","Dagger Spray","PiercingWail","Flying Knee","Dagger Spray+1","Deflect+1","Slice","Cloak And Dagger+1","Accuracy","Slice","After Image+1","A Thousand Cuts","Backstab+1","Deflect+1","Flechettes","Masterful Stab","Pain","Shame","Envenom"],"relics":["Ring of the Snake","testmod-TestBox","REME_ComplimentaryCards","testmod-SaigiyounoYou","SecretRecord","SecretRecord","SecretRecord","SecretRecord","SecretRecord","SecretRecord","SecretRecord","StrikeDummy","REME_ArchaeologicalTools","HornCleat","testmod-Acrobat","testmod-Laevatain","Bronze Scales","Vajra","REME_HourglassOfDeath"],"acts_visited":["Exordium","TheCity","TheBeyond","TheEnding"],"potions_floor_usage":[55],"damage_taken":[{"damage":10.0,"enemies":"Cultist","floor":1.0,"turns":4.0},{"damage":0.0,"enemies":"Small Slimes","floor":2.0,"turns":2.0},{"damage":5.0,"enemies":"2 Louse","floor":3.0,"turns":2.0},{"damage":0.0,"enemies":"Red Slaver","floor":5.0,"turns":1.0},{"damage":0.0,"enemies":"Gremlin Nob","floor":6.0,"turns":2.0},{"damage":0.0,"enemies":"3 Sentries","floor":8.0,"turns":2.0},{"damage":0.0,"enemies":"Large Slime","floor":10.0,"turns":2.0},{"damage":2.0,"enemies":"Blue Slaver","floor":11.0,"turns":2.0},{"damage":0.0,"enemies":"Gremlin Nob","floor":12.0,"turns":2.0},{"damage":9.0,"enemies":"3 Sentries","floor":14.0,"turns":3.0},{"damage":0.0,"enemies":"Slime Boss","floor":16.0,"turns":2.0},{"damage":0.0,"enemies":"2 Thieves","floor":18.0,"turns":2.0},{"damage":0.0,"enemies":"Shell Parasite","floor":19.0,"turns":1.0},{"damage":1.0,"enemies":"Centurion and Healer","floor":22.0,"turns":2.0},{"damage":0.0,"enemies":"Gremlin Leader","floor":23.0,"turns":2.0},{"damage":0.0,"enemies":"3 Cultists","floor":24.0,"turns":2.0},{"damage":0.0,"enemies":"REME_1_Revenger","floor":25.0,"turns":3.0},{"damage":0.0,"enemies":"Book of Stabbing","floor":29.0,"turns":2.0},{"damage":0.0,"enemies":"Snake Plant","floor":31.0,"turns":2.0},{"damage":0.0,"enemies":"Automaton","floor":33.0,"turns":3.0},{"damage":0.0,"enemies":"3 Shapes","floor":35.0,"turns":4.0},{"damage":0.0,"enemies":"3 Darklings","floor":37.0,"turns":1.0},{"damage":0.0,"enemies":"Spire Growth","floor":38.0,"turns":2.0},{"damage":0.0,"enemies":"Maw","floor":39.0,"turns":2.0},{"damage":0.0,"enemies":"Nemesis","floor":40.0,"turns":1.0},{"damage":0.0,"enemies":"Writhing Mass","floor":42.0,"turns":2.0},{"damage":0.0,"enemies":"Spire Growth","floor":44.0,"turns":1.0},{"damage":0.0,"enemies":"Transient","floor":46.0,"turns":2.0},{"damage":0.0,"enemies":"Giant Head","floor":47.0,"turns":2.0},{"damage":80.0,"enemies":"Awakened One","floor":50.0,"turns":7.0},{"damage":13.0,"enemies":"Shield and Spear","floor":54.0,"turns":2.0},{"damage":23,"enemies":"The Heart","floor":55,"turns":4}],"seed_played":"-1736648678746672485","potions_obtained":[{"floor":2.0,"key":"SkillPotion"},{"floor":3.0,"key":"Explosive Potion"},{"floor":4.0,"key":"testmod-SpacePotion"},{"floor":4.0,"key":"EssenceOfSteel"},{"floor":4.0,"key":"Energy Potion"},{"floor":5.0,"key":"Weak Potion"},{"floor":11.0,"key":"SkillPotion"},{"floor":12.0,"key":"Poison Potion"},{"floor":18.0,"key":"Swift Potion"},{"floor":19.0,"key":"Ancient Potion"},{"floor":22.0,"key":"Strength Potion"},{"floor":25.0,"key":"testmod-SpacePotion"},{"floor":38.0,"key":"LiquidMemories"},{"floor":39.0,"key":"ColorlessPotion"},{"floor":44.0,"key":"testmod-TimePotion"},{"floor":46.0,"key":"FearPotion"}],"is_trial":false,"path_per_floor":["M","M","M","?","M","E","$","E","T","M","M","E","R","E","R","B",null,"M","M","?","?","M","E","M","E","T","R","?","E","$","M","R","B",null,"M","?","M","M","M","E","?","M","T","M","R","M","E","$","R","B",null,"R","$","E","B",null],"character_chosen":"THE_SILENT","items_purchased":["Membership Card","Backflip","PiercingWail","Slice","After Image","Flechettes","REME_ArchaeologicalTools","HornCleat","testmod-Laevatain","Bronze Scales","Vajra"],"campfire_rested":0,"item_purchase_floors":[7,7,13,27,30,45,45,45,48,48,53],"current_hp_per_floor":[84,100,110,120,130,140,150,160,170,180,190,200,210,218,228,240,250,260,270,280,290,300,310,320,330,340,350,360,370,380,390,400,410,420,430,440,450,460,470,480,490,500,510,520,527,537,547,557,567,541,587,597,607,617,635],"gold":115,"neow_bonus":"TRANSFORM_CARD","is_daily":false,"chose_seed":false,"campfire_upgraded":3,"win_rate":0.0,"timestamp":1607747855,"path_taken":["M","?","M","?","?","E","$","E","T","M","M","E","R","E","R","BOSS","M","M","?","?","M","E","?","E","T","R","?","E","$","M","R","BOSS","M","?","?","?","M","E","?","M","T","M","R","M","E","$","R","BOSS","R","$","E","BOSS"],"items_purchased_type":["Relic","Card","Card","Card","Card","Card","Relic","Relic","Relic","Relic","Relic"],"build_version":"2020-11-30","purchased_purges":4,"victory":true,"max_hp_per_floor":[90,100,110,120,130,140,150,160,170,180,190,200,210,220,230,240,250,260,270,280,290,300,310,320,330,340,350,360,370,380,390,400,410,420,430,440,450,460,470,480,490,500,510,520,527,537,547,557,567,577,587,597,607,617,637],"card_choices":[{"not_picked":["Skewer","Acrobatics"],"picked":"Blade Dance","floor":1.0},{"not_picked":["Deadly Poison","Dodge and Roll"],"picked":"Bouncing Flask","floor":2.0},{"not_picked":["Well Laid Plans","Flying Knee"],"picked":"Backflip","floor":3.0},{"not_picked":["Quick Slash","Choke"],"picked":"Blur","floor":5.0},{"not_picked":["Noxious Fumes","Sucker Punch"],"picked":"Cloak And Dagger","floor":6.0},{"not_picked":["Predator","Eviscerate"],"picked":"Adrenaline","floor":8.0},{"not_picked":["Underhanded Strike","Acrobatics","Poisoned Stab"],"picked":"SKIP","floor":10.0},{"not_picked":["Reflex","Blade Dance"],"picked":"Dagger Spray","floor":11.0},{"not_picked":["Expertise","Heel Hook","Blade Dance"],"picked":"SKIP","floor":12.0},{"not_picked":["Malaise","Quick Slash"],"picked":"Flying Knee","floor":14.0},{"not_picked":["Poisoned Stab","Slice"],"picked":"Dagger Spray+1","floor":18.0},{"not_picked":["Heel Hook+1","Noxious Fumes+1","Dodge and Roll+1"],"picked":"SKIP","floor":19.0},{"not_picked":["Slice","Flechettes+1"],"picked":"Deflect+1","floor":22.0},{"not_picked":["REME_GrazeFinale","Acrobatics"],"picked":"Slice","floor":23.0},{"not_picked":["Underhanded Strike+1","Poisoned Stab"],"picked":"Cloak And Dagger+1","floor":24.0},{"not_picked":["Sucker Punch","Bouncing Flask"],"picked":"Accuracy","floor":25.0},{"not_picked":["Dodge and Roll+1","Heel Hook","Accuracy"],"picked":"SKIP","floor":29.0},{"not_picked":["PiercingWail+1","Deadly Poison+1","Underhanded Strike+1"],"picked":"SKIP","floor":31.0},{"not_picked":["Wraith Form v2","Night Terror"],"picked":"A Thousand Cuts","floor":33.0},{"not_picked":["Sucker Punch+1","REME_ShadowStrike+1","Escape Plan+1"],"picked":"SKIP","floor":35.0},{"not_picked":["Outmaneuver","Slice","Concentrate"],"picked":"SKIP","floor":37.0},{"not_picked":["Bane","Escape Plan+1","Flying Knee"],"picked":"SKIP","floor":38.0},{"not_picked":["Backflip","Finisher+1"],"picked":"Backstab+1","floor":39.0},{"not_picked":["Terror","All Out Attack+1","Corpse Explosion"],"picked":"SKIP","floor":40.0},{"not_picked":["PiercingWail","Quick Slash+1"],"picked":"Deflect+1","floor":42.0},{"not_picked":["Quick Slash","Outmaneuver","Poisoned Stab+1"],"picked":"SKIP","floor":44.0},{"not_picked":["Prepared+1","Deadly Poison","Bane+1"],"picked":"SKIP","floor":46.0},{"not_picked":["All Out Attack","Tactician+1"],"picked":"Masterful Stab","floor":47.0},{"not_picked":["Blade Dance","Infinite Blades+1"],"picked":"Envenom","floor":54.0}],"player_experience":447835,"relics_obtained":[{"floor":1.0,"key":"AddBug"},{"floor":2.0,"key":"SecretRecord"},{"floor":6.0,"key":"SecretRecord"},{"floor":6.0,"key":"REME_HandOfSuture"},{"floor":8.0,"key":"MagicDraw4"},{"floor":11.0,"key":"SecretRecord"},{"floor":12.0,"key":"Nunchaku"},{"floor":14.0,"key":"MagicDraw3"},{"floor":22.0,"key":"SecretRecord"},{"floor":23.0,"key":"testmod-BouquetWithThorns"},{"floor":25.0,"key":"SecretRecord"},{"floor":25.0,"key":"Juzu Bracelet"},{"floor":26.0,"key":"testmod-OneHitWonder"},{"floor":29.0,"key":"War Paint"},{"floor":37.0,"key":"SecretRecord"},{"floor":40.0,"key":"Blood Vial"},{"floor":43.0,"key":"StrikeDummy"},{"floor":47.0,"key":"testmod-Acrobat"},{"floor":54.0,"key":"REME_HourglassOfDeath"}],"event_choices":[{"damage_healed":0.0,"max_hp_gain":0.0,"max_hp_loss":0.0,"gold_gain":0.0,"event_name":"Lab","player_choice":"Got Potions","floor":4.0,"gold_loss":0.0,"damage_taken":0.0},{"damage_healed":0.0,"max_hp_gain":0.0,"max_hp_loss":0.0,"gold_gain":0.0,"event_name":"Cursed Tome","player_choice":"Ignored","floor":20.0,"gold_loss":0.0,"damage_taken":0.0},{"damage_healed":0.0,"max_hp_gain":0.0,"max_hp_loss":0.0,"gold_gain":0.0,"event_name":"Accursed Blacksmith","player_choice":"Forge","floor":21.0,"gold_loss":0.0,"damage_taken":0.0,"cards_upgraded":["Panache"]},{"cards_removed":["Bouncing Flask"],"damage_healed":0.0,"max_hp_gain":0.0,"max_hp_loss":0.0,"gold_gain":0.0,"event_name":"Bonfire Elementals","player_choice":"Offered Uncommon","floor":36.0,"gold_loss":0.0,"damage_taken":0.0},{"damage_healed":0.0,"max_hp_gain":0.0,"max_hp_loss":0.0,"gold_gain":999.0,"event_name":"恩洛斯的盘子","player_choice":"Sell","floor":41.0,"relics_lost":["AddBug"],"gold_loss":0.0,"damage_taken":0.0}],"is_beta":false,"boss_relics":[{"not_picked":["SacredBark","Ectoplasm"],"picked":"Coffee Dripper"},{"not_picked":["testmod-IncinerationGenerator","testmod-Fanaticism"],"picked":"Pandora\u0027s Box"}],"items_purged_floors":[13,27,45,48],"is_endless":false,"potions_floor_spawned":[2,3,5,11,12,18,19,22,25,38,39,44,46],"ascension_level":1}}