{"host":"hqvh779b89tfrjxy","time":1607811673,"event":{"mods":["Act Like it!","BaseMod","Better Third Choice","Downfall","Elementarium","Filter the Spire","GifTheSpireLib","Marked Mod","Minty Spire (QoL Compilation)","Replay The Spire","Spicy Shops","StSLib"],"gold_per_floor":[119,133,58,58,58,88,107,107,131,162,162,212,229,262,262,359,359],"floor_reached":16,"playtime":429,"items_purged":["Strike_P","ReplayTheSpireMod:Doomed"],"score":375,"play_id":"450c3b2c-b37c-4d56-b920-4bb3226495c8","local_time":"20201212232113","is_ascension_mode":true,"campfire_choices":[{"data":"Conclude","floor":11,"key":"SMITH"},{"floor":15,"key":"REST"}],"circlet_count":0,"master_deck":["Strike_P","Strike_P+1","Strike_P","Defend_P","Defend_P","Defend_P","Defend_P","Eruption","Vigilance+1","ThirdEye","Conclude+1","Wireheading","BattleHymn","Consecrate","BowlingBash"],"relics":["PureWater","NeowsBlessing","Replay:Wax Seal","Happy Flower","Unceasing Top","ReplayTheSpireMod:CursedCoin","Replay:Accelerometer"],"acts_visited":["Exordium"],"potions_floor_usage":[14],"damage_taken":[{"damage":0,"enemies":"Cultist","floor":1,"turns":1},{"damage":0,"enemies":"Jaw Worm","floor":2,"turns":1},{"damage":0,"enemies":"Gremlin Nob","floor":6,"turns":1},{"damage":1,"enemies":"Small Slimes","floor":7,"turns":3},{"damage":13,"enemies":"3 Sentries","floor":10,"turns":6},{"damage":0,"enemies":"2 Fungi Beasts","floor":13,"turns":1},{"damage":0,"enemies":"Gremlin Nob","floor":14,"turns":2},{"damage":0,"enemies":"Slime Boss","floor":16,"turns":5}],"seed_played":"-3901131730702203907","potions_obtained":[{"floor":1,"key":"Ambrosia"},{"floor":7,"key":"EssenceOfSteel"},{"floor":16,"key":"Milkshake"}],"is_trial":false,"path_per_floor":["M","M","$","?","$","E","M","?","T","E","R","$","M","E","R","B"],"character_chosen":"WATCHER","items_purchased":["ReplayTheSpireMod:CursedCoin"],"campfire_rested":1,"item_purchase_floors":[12],"current_hp_per_floor":[65,65,65,51,51,51,50,43,43,30,30,30,30,30,51,51,51],"gold":359,"neow_bonus":"THREE_ENEMY_KILL","is_daily":false,"chose_seed":false,"campfire_upgraded":1,"win_rate":0.0,"timestamp":1607811673,"path_taken":["M","?","$","?","$","E","M","?","T","E","R","$","?","E","R","BOSS"],"items_purchased_type":["Relic"],"build_version":"2020-11-30","purchased_purges":2,"victory":false,"max_hp_per_floor":[72,72,72,72,72,72,72,72,72,72,72,72,72,72,72,72,72],"card_choices":[{"not_picked":["CarveReality","Replay:Cycle"],"picked":"ThirdEye","floor":1},{"not_picked":["Protect","Consecrate"],"picked":"Conclude","floor":2},{"not_picked":["Replay:ManipulateFuture","FollowUp"],"picked":"Wireheading","floor":6},{"not_picked":["MarkedMod:Acupuncture","Protect"],"picked":"BattleHymn","floor":7},{"not_picked":["MentalFortress","EmptyBody"],"picked":"Consecrate","floor":10},{"not_picked":["Replay:ManipulateFuture","Nirvana"],"picked":"BowlingBash","floor":13},{"not_picked":["ClearTheMind","MarkedMod:GentlePulse","Consecrate"],"picked":"SKIP","floor":14}],"player_experience":131912,"relics_obtained":[{"floor":6,"key":"Replay:Wax Seal"},{"floor":9,"key":"Happy Flower"},{"floor":10,"key":"Unceasing Top"},{"floor":14,"key":"Replay:Accelerometer"}],"event_choices":[{"damage_healed":65,"gold_gain":0,"player_choice":"Upgrade","damage_taken":14,"max_hp_gain":0,"max_hp_loss":72,"event_name":"betterThird:BetterShining","floor":4,"gold_loss":0,"cards_upgraded":["Vigilance","Strike_P"]},{"damage_healed":0,"gold_gain":0,"player_choice":"Damaged","damage_taken":7,"max_hp_gain":0,"max_hp_loss":0,"event_name":"Wheel of Change","floor":8,"gold_loss":0}],"is_beta":false,"boss_relics":[],"items_purged_floors":[3,12],"is_endless":false,"potions_floor_spawned":[1,7,16],"killed_by":"Slime Boss","ascension_level":8}}