{"host":"hfxp6ue4pvwo3fit","time":1607760964,"event":{"mods":["AchievementEnabler","BaseMod","Colored Map","Colored Powertips","Highlight Path","Minty Spire (QoL Compilation)","StSLib","SuperFastMode"],"gold_per_floor":[114,114,131,131,149,176,176,201,246,265,265,297,307,324,324,421,421,438,438,438,456,456,456,489,489,489,509,509,526,536,567,567,667,667,677,693,706,67,119,148,148,176,176,187,205,216,141,141,141,141],"floor_reached":51,"playtime":1948,"items_purged":["Strike_P"],"score":1282,"play_id":"a44321c4-97a6-4e49-b94e-22fbcd71e823","local_time":"20201212021604","is_ascension_mode":true,"campfire_choices":[{"data":"Eruption","floor":7,"key":"SMITH"},{"floor":11,"key":"REST"},{"data":"Perseverance","floor":15,"key":"SMITH"},{"data":"1","floor":23,"key":"LIFT"},{"data":"2","floor":25,"key":"LIFT"},{"data":"3","floor":28,"key":"LIFT"},{"data":"Tantrum","floor":32,"key":"SMITH"},{"data":"Consecrate","floor":41,"key":"SMITH"},{"data":"Perseverance","floor":49,"key":"SMITH"}],"circlet_count":0,"master_deck":["Strike_P","Strike_P+1","Defend_P+1","Defend_P+1","Defend_P+1","Defend_P","Eruption+1","Vigilance+1","WheelKick+1","Crescendo","FollowUp","EmptyFist","Evaluate+1","Perseverance+1","CrushJoints+1","LessonLearned+1","Protect+1","Ghostly+1","Ghostly","Ghostly","Ghostly","Ghostly+1","Tantrum+1","ThirdEye+1","ClearTheMind+1","Perseverance+1","Ragnarok+1","JustLucky+1","Consecrate+1","LessonLearned+1","Finesse","ReachHeaven+1","CutThroughFate+1"],"relics":["PureWater","Mummified Hand","Bag of Marbles","Oddly Smooth Stone","Girya","Sozu","Bag of Preparation","Gambling Chip","Potion Belt","Lantern","Philosopher\u0027s Stone","Vajra","Meat on the Bone","Unceasing Top","Nunchaku","Pear","TeardropLocket"],"acts_visited":["Exordium","TheCity","TheBeyond"],"potions_floor_usage":[6,10,50],"damage_taken":[{"damage":0,"enemies":"Jaw Worm","floor":1,"turns":2},{"damage":1,"enemies":"Cultist","floor":3,"turns":4},{"damage":0,"enemies":"2 Louse","floor":5,"turns":1},{"damage":18,"enemies":"Gremlin Nob","floor":6,"turns":4},{"damage":39,"enemies":"3 Sentries","floor":8,"turns":9},{"damage":0,"enemies":"Large Slime","floor":10,"turns":2},{"damage":16,"enemies":"Gremlin Nob","floor":12,"turns":3},{"damage":0,"enemies":"Gremlin Gang","floor":13,"turns":5},{"damage":0,"enemies":"Looter","floor":14,"turns":3},{"damage":14,"enemies":"Hexaghost","floor":16,"turns":10},{"damage":7,"enemies":"Shell Parasite","floor":18,"turns":4},{"damage":2,"enemies":"2 Thieves","floor":21,"turns":5},{"damage":2,"enemies":"Book of Stabbing","floor":24,"turns":7},{"damage":1,"enemies":"Snecko","floor":27,"turns":4},{"damage":0,"enemies":"Shelled Parasite and Fungi","floor":29,"turns":6},{"damage":2,"enemies":"Cultist and Chosen","floor":30,"turns":6},{"damage":0,"enemies":"Gremlin Leader","floor":31,"turns":6},{"damage":0,"enemies":"Collector","floor":33,"turns":7},{"damage":0,"enemies":"3 Darklings","floor":35,"turns":4},{"damage":0,"enemies":"3 Shapes","floor":36,"turns":1},{"damage":0,"enemies":"Spire Growth","floor":37,"turns":5},{"damage":0,"enemies":"2 Orb Walkers","floor":39,"turns":2},{"damage":0,"enemies":"Nemesis","floor":40,"turns":3},{"damage":0,"enemies":"Reptomancer","floor":42,"turns":2},{"damage":1,"enemies":"4 Shapes","floor":44,"turns":4},{"damage":0,"enemies":"Transient","floor":45,"turns":5},{"damage":0,"enemies":"Spire Growth","floor":46,"turns":1},{"damage":0,"enemies":"Donu and Deca","floor":50,"turns":4}],"seed_played":"9015764709289637001","potions_obtained":[{"floor":0,"key":"Energy Potion"},{"floor":0,"key":"Fire Potion"},{"floor":0,"key":"Strength Potion"},{"floor":1,"key":"Regen Potion"},{"floor":8,"key":"Block Potion"}],"is_trial":false,"path_per_floor":["M","?","M","?","M","E","R","E","T","M","R","E","M","M","R","B",null,"M","?","?","M","?","R","E","R","T","M","R","M","M","E","R","B",null,"M","M","M","$","?","E","R","E","T","M","M","M","$","?","R","B",null],"character_chosen":"WATCHER","items_purchased":["LessonLearned","Vajra","Meat on the Bone","Finesse"],"campfire_rested":1,"item_purchase_floors":[38,38,38,38],"current_hp_per_floor":[65,65,64,64,64,57,57,18,18,18,39,23,23,23,23,9,56,49,36,32,30,30,30,28,28,28,27,27,27,25,25,25,25,37,37,37,37,37,37,37,37,47,47,46,46,46,46,46,46,46],"gold":141,"neow_bonus":"THREE_SMALL_POTIONS","is_daily":false,"chose_seed":false,"campfire_upgraded":5,"win_rate":0.0,"timestamp":1607760964,"path_taken":["M","?","M","?","M","E","R","E","T","?","R","E","M","M","R","BOSS","M","?","?","M","?","R","E","R","T","M","R","?","M","E","R","BOSS","M","?","M","$","?","E","R","E","T","M","M","M","$","?","R","BOSS"],"items_purchased_type":["Card","Relic","Relic","Card"],"build_version":"2020-11-30","purchased_purges":1,"victory":true,"max_hp_per_floor":[72,72,72,72,72,72,72,72,72,72,72,72,72,72,72,72,72,72,36,41,41,41,41,41,41,41,41,41,41,41,41,41,41,41,41,41,41,41,41,41,41,51,51,51,51,51,51,51,51,51],"card_choices":[{"not_picked":["PathToVictory","Adaptation","Wallop"],"picked":"SKIP","floor":1},{"not_picked":["WreathOfFlame","Pray"],"picked":"WheelKick","floor":3},{"not_picked":["ClearTheMind","FearNoEvil"],"picked":"Crescendo","floor":5},{"not_picked":["CarveReality","Brilliance"],"picked":"FollowUp","floor":6},{"not_picked":["ForeignInfluence","Swivel","Protect"],"picked":"SKIP","floor":8},{"not_picked":["Pray","ThirdEye"],"picked":"EmptyFist","floor":10},{"not_picked":["FollowUp","InnerPeace"],"picked":"Evaluate","floor":12},{"not_picked":["SashWhip","Indignation"],"picked":"Perseverance","floor":13},{"not_picked":["SashWhip","EmptyBody"],"picked":"CrushJoints","floor":14},{"not_picked":["DevaForm","ConjureBlade"],"picked":"LessonLearned","floor":16},{"not_picked":["SashWhip+1","Wireheading+1"],"picked":"Protect+1","floor":18},{"not_picked":["ClearTheMind","SignatureMove"],"picked":"Tantrum","floor":21},{"not_picked":["ClearTheMind","Indignation"],"picked":"ThirdEye","floor":24},{"not_picked":["Prostrate","WindmillStrike","Wireheading"],"picked":"SKIP","floor":27},{"not_picked":["EmptyMind","FollowUp","PathToVictory"],"picked":"SKIP","floor":29},{"not_picked":["BowlingBash","Vengeance"],"picked":"ClearTheMind+1","floor":30},{"not_picked":["CrushJoints+1","Worship"],"picked":"Perseverance","floor":31},{"not_picked":["MasterReality","Establishment"],"picked":"Ragnarok","floor":33},{"not_picked":["Indignation+1","ClearTheMind"],"picked":"JustLucky+1","floor":35},{"not_picked":["FollowUp","SashWhip+1"],"picked":"Consecrate","floor":36},{"not_picked":["EmptyFist+1","Halt","PathToVictory"],"picked":"SKIP","floor":37},{"not_picked":["JustLucky","WindmillStrike"],"picked":"ReachHeaven+1","floor":39},{"not_picked":["Indignation+1","SpiritShield","MentalFortress+1"],"picked":"SKIP","floor":40},{"not_picked":["Weave","MentalFortress+1"],"picked":"CutThroughFate+1","floor":42},{"not_picked":["EmptyFist+1","BowlingBash+1","CutThroughFate"],"picked":"SKIP","floor":44},{"not_picked":["Wallop","Nirvana","EmptyFist+1"],"picked":"SKIP","floor":45},{"not_picked":["FlurryOfBlows+1","EmptyFist+1","JustLucky"],"picked":"SKIP","floor":46}],"player_experience":368149,"relics_obtained":[{"floor":6,"key":"Mummified Hand"},{"floor":8,"key":"Bag of Marbles"},{"floor":9,"key":"Oddly Smooth Stone"},{"floor":12,"key":"Girya"},{"floor":24,"key":"Gambling Chip"},{"floor":26,"key":"Potion Belt"},{"floor":31,"key":"Lantern"},{"floor":39,"key":"Unceasing Top"},{"floor":40,"key":"Nunchaku"},{"floor":42,"key":"Pear"},{"floor":43,"key":"TeardropLocket"}],"event_choices":[{"damage_healed":0,"gold_gain":0,"player_choice":"Ignored","damage_taken":0,"max_hp_gain":0,"max_hp_loss":0,"event_name":"Liars Game","floor":2,"gold_loss":0},{"cards_removed":["Strike_P"],"damage_healed":0,"gold_gain":0,"player_choice":"Offered Basic","damage_taken":0,"max_hp_gain":0,"max_hp_loss":0,"event_name":"Bonfire Elementals","floor":4,"gold_loss":0},{"damage_healed":0,"gold_gain":0,"player_choice":"Became a Ghost","damage_taken":0,"max_hp_gain":0,"max_hp_loss":36,"event_name":"Ghosts","floor":19,"gold_loss":0,"cards_obtained":["Ghostly","Ghostly","Ghostly","Ghostly","Ghostly"]},{"damage_healed":0,"gold_gain":0,"player_choice":"Shed Blood","damage_taken":9,"max_hp_gain":5,"max_hp_loss":0,"event_name":"Forgotten Altar","floor":20,"gold_loss":0},{"damage_healed":0,"gold_gain":0,"player_choice":"Gave Potion","damage_taken":0,"relics_obtained":["Bag of Preparation"],"max_hp_gain":0,"max_hp_loss":0,"event_name":"WeMeetAgain","floor":22,"gold_loss":0},{"damage_healed":0,"gold_gain":0,"player_choice":"Fight","damage_taken":0,"max_hp_gain":0,"max_hp_loss":0,"event_name":"Mysterious Sphere","floor":39,"gold_loss":0},{"damage_healed":0,"gold_gain":0,"player_choice":"Ignored","damage_taken":0,"max_hp_gain":0,"max_hp_loss":0,"event_name":"Transmorgrifier","floor":48,"gold_loss":0}],"is_beta":false,"boss_relics":[{"not_picked":["Snecko Eye","VioletLotus"],"picked":"Sozu"},{"not_picked":["Fusion Hammer","Calling Bell"],"picked":"Philosopher\u0027s Stone"}],"items_purged_floors":[47],"is_endless":false,"potions_floor_spawned":[1,3,5,8,18,27,33,35,37,40,42,45,46],"ascension_level":7}}