{"host":"f9xhx7hoqq8tf21i","time":1607785349,"event":{"mods":["AchievementEnabler","BaseMod","Block Reminder","Colored Map","Colored Powertips","GifTheSpireLib","Key Reminder","Minty Spire (QoL Compilation)","Quick Restart","StSLib","Synergy Search"],"gold_per_floor":[117,42,117,128,140,140,151,151,175,197,197,215,226,226,226,351,351,371,385,132,171,171,171,186,207,253,253,176,176,194,210,210,210,210],"floor_reached":33,"playtime":568,"items_purged":["Defend_R","Battle Trance"],"score":239,"play_id":"8468b72e-fe6d-401e-8779-bdf894cb4004","local_time":"20201212150229","is_ascension_mode":false,"campfire_choices":[{"floor":6,"key":"REST"},{"floor":8,"key":"REST"},{"floor":15,"key":"REST"},{"floor":27,"key":"REST"},{"floor":32,"key":"REST"}],"circlet_count":0,"master_deck":["Whirlwind","Spot Weakness","Double Tap","Inflame","Flex"],"relics":["Fusion Hammer","Red Skull","Odd Mushroom","NlothsMask","Golden Idol","Pandora\u0027s Box","Akabeko","Red Mask"],"acts_visited":["Exordium","TheCity"],"potions_floor_usage":[16,16,16,25,33,33],"damage_taken":[{"damage":3,"enemies":"Jaw Worm","floor":1,"turns":3},{"damage":10,"enemies":"Small Slimes","floor":4,"turns":2},{"damage":1,"enemies":"Cultist","floor":5,"turns":3},{"damage":6,"enemies":"2 Fungi Beasts","floor":7,"turns":3},{"damage":22,"enemies":"The Mushroom Lair","floor":10,"turns":3},{"damage":7,"enemies":"Exordium Wildlife","floor":12,"turns":3},{"damage":10,"enemies":"Looter","floor":13,"turns":3},{"damage":50,"enemies":"Hexaghost","floor":16,"turns":6},{"damage":0,"enemies":"3 Byrds","floor":18,"turns":2},{"damage":10,"enemies":"Chosen","floor":19,"turns":3},{"damage":0,"enemies":"Masked Bandits","floor":21,"turns":1},{"damage":0,"enemies":"3 Cultists","floor":24,"turns":1},{"damage":33,"enemies":"Snake Plant","floor":25,"turns":3},{"damage":26,"enemies":"Snecko","floor":30,"turns":4},{"damage":0,"enemies":"Sentry and Sphere","floor":31,"turns":1},{"damage":68,"enemies":"Champ","floor":33,"turns":6}],"seed_played":"1941217245542843826","potions_obtained":[{"floor":4,"key":"Strength Potion"},{"floor":5,"key":"BloodPotion"},{"floor":7,"key":"Strength Potion"},{"floor":12,"key":"LiquidMemories"},{"floor":21,"key":"PowerPotion"},{"floor":30,"key":"ColorlessPotion"},{"floor":31,"key":"BloodPotion"}],"is_trial":false,"path_per_floor":["M","$","?","M","M","R","M","R","T","?","?","M","M","?","R","B",null,"M","M","$","?","?","?","M","M","T","R","$","?","M","M","R","B"],"character_chosen":"IRONCLAD","items_purchased":["Akabeko","Inflame"],"campfire_rested":5,"item_purchase_floors":[20,28],"current_hp_per_floor":[77,77,66,56,55,79,73,80,80,58,58,51,41,41,63,13,74,74,64,64,64,64,64,64,31,31,53,53,53,27,27,49,0,0],"gold":210,"neow_bonus":"BOSS_RELIC","is_daily":false,"chose_seed":false,"campfire_upgraded":0,"win_rate":0.0,"timestamp":1607785349,"path_taken":["M","$","?","M","M","R","M","R","T","?","?","M","?","?","R","BOSS","M","M","$","?","?","?","M","M","T","R","?","?","?","M","R","BOSS"],"items_purchased_type":["Relic","Card"],"build_version":"2020-11-30","purchased_purges":2,"victory":false,"max_hp_per_floor":[80,80,80,80,80,80,80,80,80,80,80,80,80,74,74,74,74,74,74,74,74,74,74,74,74,74,74,74,74,74,74,74,74,74],"card_choices":[{"not_picked":["Thunderclap","Dropkick"],"picked":"Whirlwind","floor":1},{"not_picked":["Reckless Charge","Shrug It Off","Sword Boomerang"],"picked":"SKIP","floor":4},{"not_picked":["Sword Boomerang","Twin Strike","Perfected Strike"],"picked":"SKIP","floor":5},{"not_picked":["Cleave","Blood for Blood","Warcry"],"picked":"SKIP","floor":7},{"not_picked":["Cleave","Iron Wave"],"picked":"Battle Trance","floor":12},{"not_picked":["Combust","Burning Pact"],"picked":"Spot Weakness","floor":13},{"not_picked":["Barricade","Reaper"],"picked":"Double Tap","floor":16},{"not_picked":["True Grit","Iron Wave","Pommel Strike"],"picked":"SKIP","floor":18},{"not_picked":["Dropkick","Bloodletting","Warcry"],"picked":"SKIP","floor":19},{"not_picked":["Corruption","Fire Breathing","Rupture"],"picked":"SKIP","floor":24},{"not_picked":["Shrug It Off","Hemokinesis","Evolve"],"picked":"SKIP","floor":25},{"not_picked":["Fire Breathing","Sentinel","Burning Pact"],"picked":"SKIP","floor":30},{"not_picked":["Sword Boomerang","Anger"],"picked":"Flex","floor":31}],"player_experience":82740,"relics_obtained":[{"floor":9,"key":"Red Skull"},{"floor":10,"key":"Odd Mushroom"},{"floor":21,"key":"Red Mask"}],"event_choices":[{"damage_healed":0,"gold_gain":75,"player_choice":"Gather Gold","damage_taken":11,"max_hp_gain":0,"max_hp_loss":0,"event_name":"World of Goop","floor":3,"gold_loss":0},{"damage_healed":0,"gold_gain":0,"player_choice":"Fought Mushrooms","damage_taken":0,"max_hp_gain":0,"max_hp_loss":0,"event_name":"Mushrooms","floor":10,"gold_loss":0},{"damage_healed":0,"gold_gain":0,"player_choice":"Trade","damage_taken":0,"relics_obtained":["NlothsMask"],"max_hp_gain":0,"max_hp_loss":0,"event_name":"FaceTrader","floor":11,"gold_loss":0},{"damage_healed":0,"gold_gain":0,"player_choice":"Lose Max HP","damage_taken":0,"relics_obtained":["Golden Idol"],"max_hp_gain":0,"max_hp_loss":6,"event_name":"Golden Idol","floor":14,"gold_loss":0},{"damage_healed":0,"gold_gain":0,"player_choice":"Fought Bandits","damage_taken":0,"max_hp_gain":0,"max_hp_loss":0,"event_name":"Masked Bandits","floor":21,"gold_loss":0},{"cards_removed":["Bash"],"damage_healed":0,"gold_gain":0,"player_choice":"Elegance","damage_taken":0,"max_hp_gain":0,"max_hp_loss":0,"event_name":"Back to Basics","floor":22,"gold_loss":0},{"damage_healed":0,"gold_gain":0,"player_choice":"Ignored","damage_taken":0,"max_hp_gain":0,"max_hp_loss":0,"event_name":"Ghosts","floor":23,"gold_loss":0},{"damage_healed":0,"gold_gain":0,"player_choice":"Ignored","damage_taken":0,"max_hp_gain":0,"max_hp_loss":0,"event_name":"The Mausoleum","floor":29,"gold_loss":0}],"is_beta":false,"boss_relics":[{"not_picked":["Cursed Key","Tiny House"],"picked":"Pandora\u0027s Box"}],"items_purged_floors":[2,20],"is_endless":false,"potions_floor_spawned":[4,5,7,12,21,30,31],"killed_by":"Champ","ascension_level":0}}