{"host":"ppgxiu8l5yxvf2gn","time":1607795645,"event":{"mods":["BaseMod","Hermit","Koishi","Marisa£¨Ùöéë¡¡Øª×âÞÞ£©","Minty Spire (QoL Compilation)","StSLib","Td1madao Mod","WarShipGirlsR/??á´Ò³R mod"],"gold_per_floor":[111,129,129,145,92,118,118,147,147,157,189,201,201,213,213,308,308,326,326,20,32,32,32,62,62,87,103,135,135,150,169,169,270,270,288,305,305,341,391,419,419,452,452,485,497,556,556,582,582,582,582,582,17,45,45],"floor_reached":56,"playtime":4378,"items_purged":[],"score":1634,"play_id":"a0021cab-f2f1-4766-a019-59727aecf9d9","local_time":"20201213025405","is_ascension_mode":true,"campfire_choices":[{"floor":7,"key":"RECALL"},{"data":"rmod:chargemoney","floor":15,"key":"SMITH"},{"data":"rmod:seals","floor":23,"key":"SMITH"},{"data":"rmod:victimresponsibility","floor":25,"key":"SMITH"},{"data":"rmod:windflower","floor":29,"key":"SMITH"},{"data":"rmod:aviationdawn","floor":32,"key":"SMITH"},{"floor":49,"key":"DIG"},{"floor":52,"key":"DIG"}],"circlet_count":0,"master_deck":["rmod:strick+1","rmod:strick","rmod:strick","rmod:defend+1","rmod:defend","rmod:defend","rmod:defend","rmod:basicallowance+1","rmod:maingunfire","rmod:chargemoney+1","rmod:overbreakdown","rmod:fuelsupply","rmod:circuitoustactics","rmod:aluminumsupply","rmod:overbreakdown","rmod:openingtorpedo","rmod:firesupport","rmod:openingtorpedo","rmod:ammunitionsupply","rmod:seals+1","rmod:victimresponsibility+1","rmod:lastglory+1","rmod:fuelsupply","rmod:seals","rmod:ammunitionsupply","rmod:tearstotiara+1","rmod:steelsupply","rmod:chargemoney","rmod:windflower+1","rmod:overbreakdown+1","rmod:circuitoustactics+1","rmod:aviationdawn+1","rmod:stealaluminum","rmod:shuttlebombing+1","rmod:aluminumsupply+1","Transmutation","Flash of Steel","Dark Shackles","rmod:circuitoustactics+1","rmod:openingtorpedo+1","rmod:robin","rmod:supriseattacks","rmod:robin","rmod:aluminumsupply","rmod:tearstotiara+1","rmod:overbreakdown+1","Metamorphosis","rmod:concentratefire","rmod:ridicule"],"relics":["rmod:firstchargereward","War Paint","Incense Burner","Odd Mushroom","Anchor","Thread and Needle","Philosopher\u0027s Stone","rmod:extraamm","Orrery","Bottled Lightning","Boot","Oddly Smooth Stone","Fusion Hammer","WingedGreaves","Du-Vu Doll","Shovel","Ancient Tea Set","Whetstone","Omamori","Lantern","Bottled Tornado","Happy Flower","Medical Kit","Toy Ornithopter"],"acts_visited":["Exordium","TheCity","TheBeyond","TheEnding"],"potions_floor_usage":[16,16,24,31,33,50,50,55,55],"damage_taken":[{"damage":0,"enemies":"Small Slimes","floor":1,"turns":3},{"damage":10,"enemies":"Cultist","floor":2,"turns":4},{"damage":7,"enemies":"Jaw Worm","floor":4,"turns":4},{"damage":60,"enemies":"Gremlin Nob","floor":6,"turns":6},{"damage":24,"enemies":"The Mushroom Lair","floor":8,"turns":5},{"damage":3,"enemies":"Gremlin Gang","floor":10,"turns":5},{"damage":34,"enemies":"Lagavulin","floor":11,"turns":8},{"damage":0,"enemies":"Large Slime","floor":12,"turns":8},{"damage":6,"enemies":"Exordium Thugs","floor":14,"turns":5},{"damage":22,"enemies":"The Guardian","floor":16,"turns":10},{"damage":33,"enemies":"Chosen","floor":18,"turns":7},{"damage":21,"enemies":"Spheric Guardian","floor":21,"turns":5},{"damage":68,"enemies":"Gremlin Leader","floor":24,"turns":6},{"damage":0,"enemies":"Centurion and Healer","floor":27,"turns":4},{"damage":19,"enemies":"Book of Stabbing","floor":28,"turns":4},{"damage":12,"enemies":"Cultist and Chosen","floor":30,"turns":5},{"damage":33,"enemies":"Sentry and Sphere","floor":31,"turns":7},{"damage":115,"enemies":"Automaton","floor":33,"turns":11},{"damage":11,"enemies":"Orb Walker","floor":35,"turns":5},{"damage":6,"enemies":"3 Shapes","floor":36,"turns":3},{"damage":35,"enemies":"Sphere and 2 Shapes","floor":38,"turns":4},{"damage":23,"enemies":"Mind Bloom Boss Battle","floor":39,"turns":6},{"damage":46,"enemies":"Nemesis","floor":40,"turns":9},{"damage":68,"enemies":"Reptomancer","floor":42,"turns":5},{"damage":73,"enemies":"Nemesis","floor":44,"turns":10},{"damage":8,"enemies":"Transient","floor":45,"turns":5},{"damage":2,"enemies":"Giant Head","floor":46,"turns":5},{"damage":32,"enemies":"Reptomancer","floor":48,"turns":4},{"damage":69,"enemies":"Donu and Deca","floor":50,"turns":7},{"damage":30,"enemies":"Shield and Spear","floor":54,"turns":4},{"damage":112,"enemies":"The Heart","floor":55,"turns":6}],"seed_played":"-7851471416083418008","potions_obtained":[{"floor":4,"key":"Energy Potion"},{"floor":6,"key":"Ancient Potion"},{"floor":8,"key":"Swift Potion"},{"floor":14,"key":"ColorlessPotion"},{"floor":21,"key":"Explosive Potion"},{"floor":27,"key":"GamblersBrew"},{"floor":30,"key":"ColorlessPotion"},{"floor":31,"key":"Fruit Juice"},{"floor":33,"key":"Swift Potion"},{"floor":35,"key":"AttackPotion"},{"floor":54,"key":"AttackPotion"}],"is_trial":false,"path_per_floor":["M","M","?","M","$","E","R","?","T","M","E","M","T","M","R","B",null,"M","?","$","M","$","R","E","R","T","M","E","R","M","M","R","B",null,"M","M","?","M","?","E","?","E","T","E","M","E","?","E","R","B",null,"R","$","E","B",null],"character_chosen":"PRAEFECT","items_purchased":["rmod:circuitoustactics","rmod:extraamm","Orrery","Metamorphosis","Happy Flower","Medical Kit","rmod:concentratefire"],"campfire_rested":0,"item_purchase_floors":[5,20,20,53,53,53,53],"current_hp_per_floor":[75,7500,7500,7493,7493,7433,7433,7409,7409,7406,7372,7372,7372,7366,7366,7344,9750,9717,9717,9717,9696,9696,9696,9628,9628,9628,9628,9609,9609,9597,9569,9569,9454,9755,9744,9738,9728,9693,9670,9624,9624,9556,9556,9483,9475,9473,9473,9441,9441,9372,9755,9755,9755,9725,9623],"gold":45,"neow_bonus":"RANDOM_COMMON_RELIC","is_daily":false,"chose_seed":false,"campfire_upgraded":5,"win_rate":0.0,"timestamp":1607795645,"path_taken":["M","M","?","?","?","E","R","?","T","M","E","M","?","?","R","BOSS","M","?","$","M","?","R","E","R","T","M","E","R","M","M","R","BOSS","M","M","?","M","?","E","?","E","T","E","M","E","?","E","R","BOSS","R","$","E","BOSS"],"items_purchased_type":["Card","Relic","Relic","Card","Relic","Relic","Card"],"build_version":"2020-11-30","purchased_purges":0,"victory":true,"max_hp_per_floor":[75,9750,9750,9750,9750,9750,9750,9750,9750,9750,9750,9750,9750,9750,9750,9750,9750,9750,9750,9750,9750,9750,9750,9750,9750,9750,9750,9750,9750,9750,9755,9755,9755,9755,9755,9755,9755,9755,9755,9755,9755,9755,9755,9755,9755,9755,9755,9755,9755,9755,9755,9755,9755,9755,9755],"card_choices":[{"not_picked":["rmod:fletcherpendant","rmod:supportescort"],"picked":"rmod:chargemoney","floor":1},{"not_picked":["rmod:intelligenceanalysis","rmod:aggressivemary"],"picked":"rmod:overbreakdown","floor":2},{"not_picked":["rmod:fletcher","rmod:smokecover"],"picked":"rmod:fuelsupply","floor":4},{"not_picked":["rmod:gendarmerie","rmod:guardianhero"],"picked":"rmod:aluminumsupply","floor":6},{"not_picked":["rmod:diaomin","rmod:diamondstrike"],"picked":"rmod:overbreakdown","floor":8},{"not_picked":["rmod:aluminumsupply","rmod:garrisonisland"],"picked":"rmod:openingtorpedo","floor":10},{"not_picked":["rmod:unsinkable","rmod:punchline"],"picked":"rmod:firesupport","floor":11},{"not_picked":["rmod:supportescort","rmod:slowdown"],"picked":"rmod:openingtorpedo","floor":12},{"not_picked":["rmod:unsinkable","rmod:supportescort"],"picked":"rmod:ammunitionsupply","floor":14},{"not_picked":["rmod:secretscript","rmod:abidefaith"],"picked":"rmod:seals","floor":16},{"not_picked":["rmod:robin","rmod:supportescort"],"picked":"rmod:victimresponsibility","floor":18},{"not_picked":["rmod:selfconfidence+1","rmod:tearstotiara"],"picked":"rmod:lastglory","floor":20},{"not_picked":["rmod:firesupport","rmod:circuitoustactics"],"picked":"rmod:fuelsupply","floor":20},{"not_picked":["rmod:luckystar+1","rmod:combined"],"picked":"rmod:seals","floor":20},{"not_picked":["rmod:mineteam","rmod:firesupport"],"picked":"rmod:ammunitionsupply","floor":20},{"not_picked":["rmod:royalracing","rmod:secretscript"],"picked":"rmod:tearstotiara+1","floor":20},{"not_picked":["rmod:unsinkable","rmod:aviationdawn"],"picked":"rmod:steelsupply","floor":21},{"not_picked":["rmod:aviationdawn+1","rmod:combined+1"],"picked":"rmod:chargemoney","floor":24},{"not_picked":["rmod:supportescort","rmod:salvage"],"picked":"rmod:windflower","floor":27},{"not_picked":["rmod:luckystar+1","rmod:gendarmerie"],"picked":"rmod:overbreakdown+1","floor":28},{"not_picked":["rmod:sl","rmod:diaomin+1"],"picked":"rmod:circuitoustactics+1","floor":30},{"not_picked":["rmod:circuitoustactics","rmod:steelsupply"],"picked":"rmod:aviationdawn","floor":31},{"not_picked":["rmod:windflower","rmod:auspiciousomen"],"picked":"rmod:stealaluminum","floor":33},{"not_picked":["rmod:luckystar","rmod:overbreakdown"],"picked":"rmod:shuttlebombing+1","floor":35},{"not_picked":["rmod:overbreakdown+1","rmod:luckystar+1"],"picked":"rmod:aluminumsupply+1","floor":36},{"not_picked":["Panacea","Purity"],"picked":"Transmutation","floor":37},{"not_picked":["PanicButton","Forethought"],"picked":"Flash of Steel","floor":37},{"not_picked":["Bandage Up","Deep Breath"],"picked":"Dark Shackles","floor":37},{"not_picked":["rmod:firesupport","rmod:steelsupply+1"],"picked":"rmod:circuitoustactics+1","floor":38},{"not_picked":["rmod:goodfighter+1","rmod:tearstotiara+1"],"picked":"rmod:openingtorpedo+1","floor":39},{"not_picked":["rmod:steelsupply","rmod:ammunitionsupply"],"picked":"rmod:robin","floor":40},{"not_picked":["rmod:salvage","rmod:intelligenceanalysis+1"],"picked":"rmod:supriseattacks","floor":42},{"not_picked":["rmod:aluminumsupply","rmod:overbreakdown"],"picked":"rmod:robin","floor":44},{"not_picked":["rmod:overbreakdown+1","rmod:steelsupply"],"picked":"rmod:aluminumsupply","floor":45},{"not_picked":["rmod:lonelyqueen+1","rmod:highspeedshooting+1"],"picked":"rmod:tearstotiara+1","floor":46},{"not_picked":["rmod:intelligenceanalysis+1","rmod:fletcherpendant"],"picked":"rmod:overbreakdown+1","floor":48},{"not_picked":["rmod:victimresponsibility+1","rmod:aggressivemary"],"picked":"rmod:ridicule","floor":54}],"player_experience":67338,"relics_obtained":[{"floor":6,"key":"Incense Burner"},{"floor":8,"key":"Odd Mushroom"},{"floor":11,"key":"Anchor"},{"floor":13,"key":"Thread and Needle"},{"floor":24,"key":"Bottled Lightning"},{"floor":26,"key":"Boot"},{"floor":28,"key":"Oddly Smooth Stone"},{"floor":39,"key":"WingedGreaves"},{"floor":40,"key":"Du-Vu Doll"},{"floor":42,"key":"Shovel"},{"floor":43,"key":"Ancient Tea Set"},{"floor":46,"key":"Whetstone"},{"floor":48,"key":"Omamori"},{"floor":49,"key":"Lantern"},{"floor":52,"key":"Bottled Tornado"},{"floor":54,"key":"Toy Ornithopter"}],"event_choices":[{"damage_healed":0,"gold_gain":0,"player_choice":"Bought 0 Potions","damage_taken":0,"max_hp_gain":0,"max_hp_loss":0,"event_name":"The Woman in Blue","floor":3,"gold_loss":0},{"damage_healed":0,"gold_gain":0,"player_choice":"Fought Mushrooms","damage_taken":0,"max_hp_gain":0,"max_hp_loss":0,"event_name":"Mushrooms","floor":8,"gold_loss":0},{"damage_healed":0,"gold_gain":0,"player_choice":"Ignored","damage_taken":0,"max_hp_gain":0,"max_hp_loss":0,"event_name":"Ghosts","floor":19,"gold_loss":0},{"damage_healed":0,"gold_gain":0,"player_choice":"Memory 3","damage_taken":10,"max_hp_gain":0,"max_hp_loss":0,"event_name":"SensoryStone","floor":37,"gold_loss":0},{"damage_healed":0,"gold_gain":0,"player_choice":"Fight","damage_taken":0,"max_hp_gain":0,"max_hp_loss":0,"event_name":"MindBloom","floor":39,"gold_loss":0},{"cards_removed":["rmod:strick"],"damage_healed":0,"gold_gain":0,"player_choice":"Removed Attack","damage_taken":0,"max_hp_gain":0,"max_hp_loss":0,"event_name":"Falling","floor":47,"gold_loss":0}],"is_beta":false,"boss_relics":[{"not_picked":["rmod:monthlycard","Cursed Key"],"picked":"Philosopher\u0027s Stone"},{"not_picked":["SacredBark","Astrolabe"],"picked":"Fusion Hammer"}],"items_purged_floors":[],"is_endless":false,"potions_floor_spawned":[4,6,8,14,21,27,30,31,33,35,36,44,54],"ascension_level":4}}