{"host":"usewcu4ohw2wtmxk","time":1607798141,"event":{"mods":["AchievementEnabler","BaseMod","BetterRewards","Colored Powertips","Minty Spire (QoL Compilation)","Permanent Neow","Quick Restart","Relic Sorter","Relic Stats","Shop Mod","StSLib","UnlockEverythingMod"],"gold_per_floor":[110,110,129,153,153,153,197,197,197,197,220,220,49,80,80,80,80],"floor_reached":16,"playtime":323,"items_purged":[],"score":216,"play_id":"402286d5-b1e2-4993-959d-4366fdf81bec","local_time":"20201213023541","is_ascension_mode":true,"campfire_choices":[{"data":"Glass Knife","floor":6.0,"key":"SMITH"},{"data":"Neutralize","floor":8.0,"key":"SMITH"},{"data":"Acrobatics","floor":10.0,"key":"SMITH"},{"data":"Tactician","floor":12.0,"key":"SMITH"},{"data":"Storm of Steel","floor":15,"key":"SMITH"}],"circlet_count":0,"master_deck":["AscendersBane","Strike_G","Strike_G","Strike_G","Strike_G","Strike_G","Defend_G","Defend_G","Defend_G","Defend_G","Defend_G","Survivor","Neutralize+1","Glass Knife+1","Calculated Gamble","Acrobatics+1","Concentrate","Tactician+1","Storm of Steel+1"],"relics":["Ring of the Snake","Golden Idol","Bird Faced Urn","WingedGreaves","TheAbacus","The Courier"],"acts_visited":["Exordium"],"potions_floor_usage":[14],"damage_taken":[{"damage":0.0,"enemies":"Small Slimes","floor":1.0,"turns":3.0},{"damage":0.0,"enemies":"Jaw Worm","floor":3.0,"turns":4.0},{"damage":0.0,"enemies":"Cultist","floor":4.0,"turns":3.0},{"damage":26.0,"enemies":"Gremlin Nob","floor":7.0,"turns":4.0},{"damage":1.0,"enemies":"Looter","floor":11.0,"turns":4.0},{"damage":9,"enemies":"3 Sentries","floor":14,"turns":8},{"damage":7,"enemies":"Hexaghost","floor":16,"turns":7}],"seed_played":"7093180952427129852","potions_obtained":[{"floor":3.0,"key":"Strength Potion"},{"floor":7.0,"key":"Fire Potion"},{"floor":11.0,"key":"SpeedPotion"}],"is_trial":false,"path_per_floor":["M","?","M","M","?","R","E","R","T","R","M","R","$","E","R","B"],"character_chosen":"THE_SILENT","items_purchased":["TheAbacus"],"campfire_rested":0,"item_purchase_floors":[13],"current_hp_per_floor":[44,44,44,44,49,49,23,23,23,23,22,22,22,13,13,6,6],"gold":80,"neow_bonus":"THREE_RARE_CARDS","is_daily":false,"chose_seed":false,"campfire_upgraded":5,"win_rate":0.0,"timestamp":1607798141,"path_taken":["M","?","M","M","?","R","E","R","T","R","M","R","$","E","R","BOSS"],"items_purchased_type":["Relic"],"build_version":"2020-11-30","purchased_purges":0,"victory":false,"max_hp_per_floor":[66,60,60,60,65,65,65,65,65,65,65,65,65,65,65,65,65],"relic_stats":{"TheAbacus":[24],"counters":[7,33],"Golden Idol":34,"Bird Faced Urn":[0],"obtain_stats":[{"TheAbacus":13,"Golden Idol":2,"Bird Faced Urn":7,"WingedGreaves":9,"The Courier":14,"Ring of the Snake":0},{"TheAbacus":5,"Golden Idol":1,"Bird Faced Urn":4,"WingedGreaves":4,"The Courier":6,"Ring of the Snake":0},{"TheAbacus":18,"Golden Idol":3,"Bird Faced Urn":14,"WingedGreaves":14,"The Courier":26,"Ring of the Snake":0}],"Ring of the Snake":[14]},"card_choices":[{"not_picked":["Envenom","Storm of Steel"],"picked":"Glass Knife","floor":0.0},{"not_picked":["Cloak And Dagger","Eviscerate","Outmaneuver"],"picked":"SKIP","floor":1.0},{"not_picked":["Deadly Poison","Bane"],"picked":"Calculated Gamble","floor":3.0},{"not_picked":["Skewer","Poisoned Stab"],"picked":"Acrobatics","floor":4.0},{"not_picked":["Dodge and Roll","Crippling Poison"],"picked":"Concentrate","floor":7.0},{"not_picked":["Dagger Spray","Backstab"],"picked":"Tactician","floor":11.0},{"not_picked":["Backstab","Dodge and Roll"],"picked":"Storm of Steel","floor":14}],"player_experience":247237,"relics_obtained":[{"floor":7.0,"key":"Bird Faced Urn"},{"floor":9.0,"key":"WingedGreaves"},{"floor":14,"key":"The Courier"}],"event_choices":[{"damage_healed":0.0,"max_hp_gain":0.0,"max_hp_loss":6.0,"gold_gain":0.0,"event_name":"Golden Idol","player_choice":"Lose Max HP","floor":2.0,"gold_loss":0.0,"damage_taken":0.0,"relics_obtained":["Golden Idol"]},{"damage_healed":0.0,"max_hp_gain":5.0,"max_hp_loss":0.0,"gold_gain":0.0,"event_name":"Big Fish","player_choice":"Donut","floor":5.0,"gold_loss":0.0,"damage_taken":0.0}],"is_beta":false,"boss_relics":[],"items_purged_floors":[],"is_endless":false,"potions_floor_spawned":[3,7,11],"killed_by":"Hexaghost","ascension_level":20}}