{"host":"g53g9qlo34vrqi92","time":1607758605,"event":{"mods":["Aspiration","Bard","BaseMod","Beaked The Cultist","BetterRewards","Colored Map","Conspire","Energized Spire","Fiend Mod","GifTheSpireLib","Googly Eyes","Gremlin Skip","Halation","Hermit","Hubris","Infinite Spire","Jedi Mod","Minty Spire (QoL Compilation)","Permanent Neow","Quick Restart","Relic Filter","Replay The Spire","Spikes Relics","StSLib","Stuff the Spire","Synergy Search","The Bladedancer","The Bug Knight","The Construct","The Cursed","The Factory","The Forsaken","The Jungle","The Necromancer","The Spell Scribe","The Trickster","Trackpad","slay the spire mod where everything is the same but ironclad has a cowboy hat","vexMod"],"gold_per_floor":[119,132,132,150,169,201,201,213,239,19,34,34,44,79,79,182,182,202,219,219,11,31,66,80,80,80,108,108,126,126,126,126,226,226,236,253,267,167,179,179,213,213,239,257,257,44,69,80,80,80,80,80,28,57,57],"floor_reached":56,"playtime":3674,"items_purged":["Bash","infinitespire:Pacifist"],"score":1236,"play_id":"509e0d6b-34bf-4f68-b0cc-10b397c94efa","local_time":"20201211233645","is_ascension_mode":false,"campfire_choices":[{"data":"Uppercut","floor":7.0,"key":"SMITH"},{"floor":12.0,"key":"REST"},{"data":"True Grit","floor":25.0,"key":"SMITH"},{"data":"ReplayTheSpireMod:Strike From Hell","floor":28.0,"key":"SMITH"},{"floor":30.0,"key":"REST"},{"data":"Fiend Fire","floor":32.0,"key":"SMITH"},{"floor":40.0,"key":"RECALL"},{"data":"StuffTheSpire:Incineration","floor":42.0,"key":"SMITH"},{"data":"StuffTheSpire:Incineration","floor":45.0,"key":"SMITH"},{"data":"Uppercut","floor":49.0,"key":"SMITH"},{"data":"Uppercut","floor":52.0,"key":"SMITH"}],"circlet_count":0,"master_deck":["Strike_R","Strike_R","Strike_R","Strike_R","Defend_R+1","Defend_R","Defend_R+1","Defend_R","Uppercut+1","ReplayTheSpireMod:Stacked","ReplayTheSpireMod:Strike From Hell+1","StuffTheSpire:Incineration+1","Thunderclap","StuffTheSpire:Slingshot","Fiend Fire+1","Run Through","True Grit+1","True Grit+1","Feel No Pain+1","blademaster:WrongfulFootwork","CloudedMind","StuffTheSpire:RagingBull+1","StuffTheSpire:Incineration+1","StuffTheSpire:Incineration+1","Decay","StuffTheSpire:Incineration+1","Uppercut+1","Uppercut+1","ReplayTheSpireMod:Stacked+1","Demonic Infusion"],"relics":["Burning Blood","aspiration:Nostalgia","Ring of the Snake","ReplayFunnel","Omamori","infinitespire:Eraser","Cursed Key","Pet Ghost","infinitespire:Lucky Rock","trackpad:WindUpAutoDealer","infinitespire:PuzzleCube","War Paint","Replay:Ancient Bell","vexMod:FocusSash","jedi:heavyjacket","BicycleWheel","infinitespire:Golems Mask","trackpad:PetRock","trackpad:AdjectivePendant","StuffTheSpire:Mouthbags","Self Forming Clay"],"acts_visited":["Exordium","TheCity","TheBeyond","TheEnding"],"potions_floor_usage":[55],"damage_taken":[{"damage":12.0,"enemies":"Small Slimes","floor":1.0,"turns":4.0},{"damage":4.0,"enemies":"Cultist","floor":2.0,"turns":3.0},{"damage":0.0,"enemies":"2 Louse","floor":4.0,"turns":2.0},{"damage":8.0,"enemies":"2 Fungi Beasts","floor":5.0,"turns":4.0},{"damage":38.0,"enemies":"3 Sentries","floor":6.0,"turns":12.0},{"damage":19.0,"enemies":"Large Slime","floor":8.0,"turns":6.0},{"damage":6.0,"enemies":"Exordium Thugs","floor":11.0,"turns":4.0},{"damage":7.0,"enemies":"3 Louse","floor":13.0,"turns":3.0},{"damage":10.0,"enemies":"Gremlin Nob","floor":14.0,"turns":3.0},{"damage":49.0,"enemies":"The Guardian","floor":16.0,"turns":13.0},{"damage":3.0,"enemies":"3 Byrds","floor":18.0,"turns":4.0},{"damage":0.0,"enemies":"Spheric Guardian","floor":19.0,"turns":3.0},{"damage":0.0,"enemies":"Snake Plant","floor":22.0,"turns":3.0},{"damage":8.0,"enemies":"conspire:Head Lice","floor":23.0,"turns":3.0},{"damage":19.0,"enemies":"Sentry and Sphere","floor":24.0,"turns":7.0},{"damage":15.0,"enemies":"conspire:SneckoGhost","floor":27.0,"turns":4.0},{"damage":7.0,"enemies":"Snecko","floor":29.0,"turns":5.0},{"damage":43.0,"enemies":"Champ","floor":33.0,"turns":11.0},{"damage":0.0,"enemies":"Orb Walker","floor":35.0,"turns":1.0},{"damage":3.0,"enemies":"3 Darklings","floor":36.0,"turns":6.0},{"damage":2.0,"enemies":"Sphere and 2 Shapes","floor":37.0,"turns":7.0},{"damage":6.0,"enemies":"Jaw Worm Horde","floor":39.0,"turns":5.0},{"damage":13.0,"enemies":"Nightmare","floor":41.0,"turns":11.0},{"damage":8.0,"enemies":"4 Shapes","floor":44.0,"turns":3.0},{"damage":0.0,"enemies":"R_Hoarder","floor":47.0,"turns":6.0},{"damage":2.0,"enemies":"Spire Growth","floor":48.0,"turns":4.0},{"damage":22.0,"enemies":"Donu and Deca","floor":50.0,"turns":12.0},{"damage":16.0,"enemies":"Shield and Spear","floor":54.0,"turns":8.0},{"damage":59,"enemies":"The Heart","floor":55,"turns":11}],"seed_played":"1979199292511275556","potions_obtained":[{"floor":4.0,"key":"GamblersBrew"},{"floor":6.0,"key":"SpeedPotion"},{"floor":8.0,"key":"BlessingOfTheForge"},{"floor":11.0,"key":"Weak Potion"},{"floor":14.0,"key":"jedi:tentaclejuice"},{"floor":16.0,"key":"Energy Potion"},{"floor":18.0,"key":"DistilledChaos"},{"floor":36.0,"key":"Elixir"},{"floor":39.0,"key":"HeartOfIron"}],"is_trial":false,"path_per_floor":["M","M","?","M","M","E","R","M","T","$","M","R","M","E","R_BF","B",null,"M","M","?","$","M","E","M","R","T","E","R","M","R","?","R","B",null,"M","M","M","$","M","R","NM","R","T","M","R","$","E","M","R","B",null,"R","$","E","B",null],"character_chosen":"IRONCLAD","items_purchased":["Omamori","True Grit","infinitespire:Lucky Rock","trackpad:AdjectivePendant","Uppercut","Block Potion"],"campfire_rested":2,"item_purchase_floors":[10,21,21,46,46,53],"current_hp_per_floor":[74,76,76,80,78,46,46,33,33,33,33,57,56,52,52,9,80,80,80,80,80,80,78,65,65,65,56,56,55,79,79,79,42,80,80,80,80,80,80,80,73,73,73,71,71,71,77,80,80,64,80,80,80,70,17],"gold":57,"neow_bonus":"NOSTALGIA","is_daily":false,"chose_seed":false,"campfire_upgraded":8,"win_rate":0.0,"timestamp":1607758605,"path_taken":["M","M","?","M","M","E","R","M","T","$","M","R","M","E","R_BF","BOSS","M","M","?","$","M","E","M","R","T","E","R","M","R","?","R","BOSS","M","M","M","$","M","R","NM","R","T","M","R","$","E","M","R","BOSS","R","$","E","BOSS"],"items_purchased_type":["Relic","Card","Relic","Relic","Card","Potion"],"build_version":"2020-11-30","purchased_purges":2,"victory":true,"max_hp_per_floor":[80,80,80,80,80,80,80,80,80,80,80,80,80,80,80,80,80,80,80,80,80,80,80,80,80,80,80,80,80,80,80,80,80,80,80,80,80,80,80,80,80,80,80,80,80,80,80,80,80,80,80,80,80,80,80],"card_choices":[{"not_picked":["Dark Embrace","Twin Strike"],"picked":"Uppercut","floor":1.0},{"not_picked":["StuffTheSpire:RockThrow","Body Slam","Wild Strike"],"picked":"SKIP","floor":2.0},{"not_picked":["Clothesline","Sever Soul","Entrench"],"picked":"SKIP","floor":4.0},{"not_picked":["Clothesline","Life Link"],"picked":"ReplayTheSpireMod:Stacked","floor":5.0},{"not_picked":["Wild Strike","Run Through"],"picked":"ReplayTheSpireMod:Strike From Hell","floor":6.0},{"not_picked":["Clash","Wild Strike","Evolve"],"picked":"SKIP","floor":8.0},{"not_picked":["Juggernaut","Perfected Strike"],"picked":"StuffTheSpire:Incineration","floor":11.0},{"not_picked":["StuffTheSpire:RockThrow","Flex"],"picked":"Thunderclap","floor":13.0},{"not_picked":["jedi:strikingstrike","Twin Strike"],"picked":"StuffTheSpire:Slingshot","floor":14.0},{"not_picked":["jedi:harder","Brutality"],"picked":"Fiend Fire","floor":16.0},{"not_picked":["Cleave","Infernal Blade","hubris:CleavingFinish+1"],"picked":"SKIP","floor":18.0},{"not_picked":["Flex","Sword Boomerang"],"picked":"Run Through","floor":19.0},{"not_picked":["ReplayTheSpireMod:Strike From Hell","Sword Boomerang","Flex"],"picked":"SKIP","floor":22.0},{"not_picked":["ReplayTheSpireMod:Corrosion Curse","Rupture+1","jedi:fear"],"picked":"SKIP","floor":23.0},{"not_picked":["Warcry+1","Heavy Blade"],"picked":"True Grit+1","floor":24.0},{"not_picked":["StuffTheSpire:Slingshot","Flex"],"picked":"Feel No Pain+1","floor":27.0},{"not_picked":["Rampage","Heavy Blade","ReplayTheSpireMod:Corrosion Curse"],"picked":"SKIP","floor":29.0},{"not_picked":["Double Tap","conspire:Purge"],"picked":"Demonic Infusion","floor":33.0},{"not_picked":["jedi:frostbite","hubris:Envy"],"picked":"blademaster:WrongfulFootwork","floor":34.0},{"not_picked":["hubris:Compulsion","Amnesia"],"picked":"CloudedMind","floor":34.0},{"not_picked":["hubris:Disease","Hallucinations"],"picked":"infinitespire:Pacifist","floor":34.0},{"not_picked":["ReplayTheSpireMod:Strike From Hell","Heavy Blade+1"],"picked":"StuffTheSpire:RagingBull+1","floor":35.0},{"not_picked":["Replay:Undeath\u0027s Touch+1","hubris:ReadiedAction+1"],"picked":"StuffTheSpire:Incineration","floor":36.0},{"not_picked":["Rage","Rupture","Thunderclap"],"picked":"SKIP","floor":37.0},{"not_picked":["Cleave","ReplayTheSpireMod:LeadingStrike+1","Warcry+1"],"picked":"SKIP","floor":39.0},{"not_picked":["hubris:StunningStrike","Sentinel+1"],"picked":"StuffTheSpire:Incineration","floor":41.0},{"not_picked":["Wild Strike","Replay:Undeath\u0027s Touch"],"picked":"StuffTheSpire:Incineration+1","floor":44.0},{"not_picked":["Havoc","Sword Boomerang"],"picked":"ReplayTheSpireMod:Stacked+1","floor":47.0},{"not_picked":["Run Through+1","Infernal Blade","conspire:ExplosiveBarrier"],"picked":"SKIP","floor":48.0},{"not_picked":["StuffTheSpire:RockThrow","ReplayTheSpireMod:LeadingStrike+1","Anger+1"],"picked":"SKIP","floor":54.0}],"player_experience":971604,"relics_obtained":[{"floor":6.0,"key":"ReplayFunnel"},{"floor":14.0,"key":"infinitespire:Eraser"},{"floor":23.0,"key":"trackpad:WindUpAutoDealer"},{"floor":26.0,"key":"infinitespire:PuzzleCube"},{"floor":27.0,"key":"War Paint"},{"floor":41.0,"key":"infinitespire:Golems Mask"},{"floor":43.0,"key":"trackpad:PetRock"},{"floor":47.0,"key":"StuffTheSpire:Mouthbags"},{"floor":54.0,"key":"Self Forming Clay"}],"event_choices":[{"cards_removed":["Strike_R"],"damage_healed":0.0,"max_hp_gain":0.0,"max_hp_loss":0.0,"gold_gain":0.0,"event_name":"Wheel of Change","player_choice":"Card Removal","floor":3.0,"gold_loss":0.0,"damage_taken":0.0},{"damage_healed":0.0,"max_hp_gain":0.0,"max_hp_loss":0.0,"gold_gain":0.0,"event_name":"The Woman in Blue","player_choice":"Bought 0 Potions","floor":15.0,"gold_loss":0.0,"damage_taken":0.0},{"damage_healed":0.0,"max_hp_gain":0.0,"max_hp_loss":0.0,"gold_gain":0.0,"event_name":"Addict","player_choice":"Stole Relic","floor":20.0,"gold_loss":0.0,"damage_taken":0.0,"relics_obtained":["Pet Ghost"],"cards_obtained":["Shame"]},{"damage_healed":0.0,"max_hp_gain":0.0,"max_hp_loss":0.0,"gold_gain":0.0,"event_name":"Accursed Blacksmith","player_choice":"Forge","floor":31.0,"gold_loss":0.0,"damage_taken":0.0,"cards_upgraded":["StuffTheSpire:Incineration"]}],"is_beta":false,"boss_relics":[{"not_picked":["vexMod:FluxCapacitor","energizedSpire:TabascoSauce"],"picked":"Cursed Key"},{"not_picked":["aspiration:WatcherSkillbook","energizedSpire:DecayingSkull"],"picked":"Replay:Ancient Bell"},{"not_picked":["vexMod:BarristanHead","StuffTheSpire:Experiment12"],"picked":"vexMod:FocusSash"},{"not_picked":["hubris:Reverence","Ornamental Fan"],"picked":"jedi:heavyjacket"},{"not_picked":["jedi:kaleidoscope","Prayer Wheel"],"picked":"BicycleWheel"}],"items_purged_floors":[10,38],"is_endless":false,"potions_floor_spawned":[4,6,8,11,14,16,18,23,24,36,39,41],"ascension_level":0}}