{"host":"f7mgfv1rcbv6ir5v","time":1607814714,"event":{"mods":["BaseMod","Bestiary","Colored Map","Colored Powertips","Highlight Path","Minty Spire (QoL Compilation)","Relic Stats","StSLib"],"gold_per_floor":[111,131,143,143,24,24,49,65,65,65,65,65,98,98,98,196,196,206,218,245,245,263,263,281,281,281],"floor_reached":25,"playtime":1889,"items_purged":[],"score":253,"play_id":"ef800c3b-0ac5-485e-91aa-e34013eb318c","local_time":"20201212151154","is_ascension_mode":true,"campfire_choices":[{"data":"Doom and Gloom","floor":6.0,"key":"SMITH"},{"data":"Seek","floor":12.0,"key":"SMITH"},{"floor":15.0,"key":"REST"},{"data":"Redo","floor":23,"key":"SMITH"}],"circlet_count":0,"master_deck":["Strike_B","Strike_B","Defend_B","Defend_B+1","Defend_B+1","Zap","Dualcast","White Noise+1","Core Surge+1","Capacitor+1","Doom and Gloom+1","Darkness+1","Compile Driver","Loop","Chill","Seek+1","Parasite","Creative AI","Redo+1","Chaos","Capacitor"],"relics":["Astrolabe","Anchor","Eternal Feather","Potion Belt","Happy Flower","Runic Pyramid","Orichalcum"],"acts_visited":["Exordium","TheCity"],"potions_floor_usage":[19],"damage_taken":[{"damage":7.0,"enemies":"Jaw Worm","floor":1.0,"turns":3.0},{"damage":5.0,"enemies":"Small Slimes","floor":2.0,"turns":3.0},{"damage":6.0,"enemies":"2 Louse","floor":3.0,"turns":3.0},{"damage":25.0,"enemies":"Lagavulin","floor":7.0,"turns":6.0},{"damage":4.0,"enemies":"2 Fungi Beasts","floor":8.0,"turns":3.0},{"damage":13.0,"enemies":"Gremlin Nob","floor":13.0,"turns":3.0},{"damage":19.0,"enemies":"Slime Boss","floor":16.0,"turns":5.0},{"damage":8,"enemies":"Spheric Guardian","floor":18,"turns":4},{"damage":8,"enemies":"2 Thieves","floor":19,"turns":4},{"damage":1,"enemies":"Snake Plant","floor":22,"turns":3},{"damage":9,"enemies":"Snecko","floor":24,"turns":6},{"damage":63,"enemies":"Slavers","floor":25,"turns":4}],"seed_played":"-6931845640402090768","potions_obtained":[{"floor":1.0,"key":"SkillPotion"},{"floor":2.0,"key":"FearPotion"},{"floor":22,"key":"Swift Potion"}],"is_trial":false,"path_per_floor":["M","M","M","?","$","R","E","M","T","?","?","R","E","?","R","B",null,"M","M","T","?","M","R","M","E"],"character_chosen":"DEFECT","items_purchased":["Loop","Dexterity Potion"],"campfire_rested":1,"item_purchase_floors":[5,5],"current_hp_per_floor":[68,63,57,45,45,45,20,16,16,1,19,28,15,15,46,27,75,67,59,59,59,58,70,61,0,0],"gold":281,"neow_bonus":"BOSS_RELIC","is_daily":false,"chose_seed":false,"campfire_upgraded":3,"win_rate":0.0,"timestamp":1607814714,"path_taken":["M","M","M","?","$","R","E","M","T","?","?","R","E","?","R","BOSS","BOSS","M","M","?","?","?","R","M","E"],"items_purchased_type":["Card","Potion"],"build_version":"2020-11-30","purchased_purges":0,"victory":false,"max_hp_per_floor":[75,75,75,75,75,75,75,75,75,75,75,75,75,75,75,75,75,75,75,75,75,75,75,75,75,75],"relic_stats":{"Happy Flower":[8],"counters":[12,47],"Astrolabe":["White Noise","Core Surge","Capacitor"],"Eternal Feather":30,"Orichalcum":[6],"obtain_stats":[{"Potion Belt":9,"Anchor":4,"Happy Flower":13,"Astrolabe":0,"Eternal Feather":7,"Orichalcum":20,"Cracked Core":0,"Runic Pyramid":17},{"Potion Belt":5,"Anchor":3,"Happy Flower":6,"Astrolabe":0,"Eternal Feather":4,"Orichalcum":9,"Cracked Core":0,"Runic Pyramid":7},{"Potion Belt":18,"Anchor":9,"Happy Flower":21,"Astrolabe":0,"Eternal Feather":15,"Orichalcum":34,"Cracked Core":0,"Runic Pyramid":26}]},"card_choices":[{"not_picked":["White Noise","Leap"],"picked":"Doom and Gloom","floor":1.0},{"not_picked":["Gash","Reinforced Body"],"picked":"Darkness","floor":2.0},{"not_picked":["Stack","Barrage"],"picked":"Compile Driver","floor":3.0},{"not_picked":["White Noise","Turbo"],"picked":"Chill","floor":7.0},{"not_picked":["Leap","Steam Power"],"picked":"Seek","floor":8.0},{"not_picked":["Lockon","Streamline","Sweeping Beam"],"picked":"SKIP","floor":13.0},{"not_picked":["Machine Learning","Hyperbeam"],"picked":"Creative AI","floor":16},{"not_picked":["Beam Cell","Coolheaded"],"picked":"Redo","floor":18},{"not_picked":["Coolheaded+1","Gash+1","Barrage"],"picked":"SKIP","floor":19},{"not_picked":["Leap","Sweeping Beam"],"picked":"Chaos","floor":22},{"not_picked":["Barrage","All For One"],"picked":"Capacitor","floor":24}],"player_experience":319563,"relics_obtained":[{"floor":7.0,"key":"Eternal Feather"},{"floor":9.0,"key":"Potion Belt"},{"floor":13.0,"key":"Happy Flower"},{"floor":20,"key":"Orichalcum"}],"event_choices":[{"damage_healed":0.0,"max_hp_gain":0.0,"max_hp_loss":0.0,"gold_gain":0.0,"event_name":"Scrap Ooze","player_choice":"Success","floor":4.0,"gold_loss":0.0,"damage_taken":12.0,"relics_obtained":["Anchor"]},{"damage_healed":0.0,"max_hp_gain":0.0,"max_hp_loss":0.0,"gold_gain":0.0,"event_name":"Shining Light","player_choice":"Entered Light","floor":10.0,"gold_loss":0.0,"damage_taken":15.0,"cards_upgraded":["Defend_B","Defend_B"]},{"damage_healed":18.0,"max_hp_gain":0.0,"max_hp_loss":0.0,"gold_gain":0.0,"event_name":"Mushrooms","player_choice":"Healed and dodged fight","floor":11.0,"gold_loss":0.0,"damage_taken":0.0,"cards_obtained":["Parasite"]},{"damage_healed":0.0,"max_hp_gain":0.0,"max_hp_loss":0.0,"gold_gain":0.0,"event_name":"Upgrade Shrine","player_choice":"Upgraded","floor":14.0,"gold_loss":0.0,"damage_taken":0.0,"cards_upgraded":["Darkness"]},{"damage_healed":0,"gold_gain":0,"player_choice":"Ignored","damage_taken":0,"max_hp_gain":0,"max_hp_loss":0,"event_name":"N\u0027loth","floor":21,"gold_loss":0}],"is_beta":false,"boss_relics":[{"not_picked":["Tiny House","Cursed Key"],"picked":"Runic Pyramid"}],"items_purged_floors":[],"is_endless":false,"potions_floor_spawned":[1,2,22],"killed_by":"Slavers","ascension_level":4}}