{"host":"n23juj4d9qam5hh1","time":1607805916,"event":{"mods":["BaseMod","Better Note","BetterRewards","Infinite Spire","Minty Spire (QoL Compilation)","Relic Stats","StSLib"],"gold_per_floor":[109,37,37,37,37,77,92,54,107,121,144,144,167,191,191,314,314,332,327,340,196,196,196],"floor_reached":22,"playtime":863,"items_purged":[],"score":234,"play_id":"66840247-6c09-47a6-b0fd-35f93c2a1b9b","local_time":"20201212154516","is_ascension_mode":true,"campfire_choices":[{"data":"Inflame","floor":15.0,"key":"SMITH"}],"circlet_count":0,"master_deck":["Strike_R","Strike_R","Strike_R","Strike_R","Strike_R","Defend_R","Defend_R","Defend_R","Defend_R","Bash","Cleave","Inflame+1","Ghostly Armor","Feel No Pain","Shrug It Off","Metallicize","Flame Barrier","Metallicize","Barricade","Inflame+1"],"relics":["Burning Blood","NeowsBlessing","Golden Idol","PreservedInsect","Regal Pillow","infinitespire:Cupcake","MealTicket"],"acts_visited":["Exordium","TheCity"],"potions_floor_usage":[16,16,22],"damage_taken":[{"damage":0.0,"enemies":"Jaw Worm","floor":1.0,"turns":1.0},{"damage":0.0,"enemies":"Lagavulin","floor":6.0,"turns":1.0},{"damage":0.0,"enemies":"2 Louse","floor":7.0,"turns":1.0},{"damage":3.0,"enemies":"Small Slimes","floor":10.0,"turns":3.0},{"damage":9.0,"enemies":"2 Fungi Beasts","floor":11.0,"turns":4.0},{"damage":5.0,"enemies":"Large Slime","floor":13.0,"turns":5.0},{"damage":6.0,"enemies":"3 Louse","floor":14.0,"turns":3.0},{"damage":94,"enemies":"Hexaghost","floor":16,"turns":19},{"damage":34,"enemies":"Shell Parasite","floor":18,"turns":16},{"damage":15,"enemies":"2 Thieves","floor":19,"turns":4},{"damage":34,"enemies":"Snake Plant","floor":20,"turns":9},{"damage":27,"enemies":"Shelled Parasite and Fungi","floor":22,"turns":5}],"seed_played":"3569992139989738814","potions_obtained":[{"floor":10.0,"key":"SpeedPotion"},{"floor":11.0,"key":"SkillPotion"},{"floor":14.0,"key":"BloodPotion"}],"is_trial":false,"path_per_floor":["M","$","?","?","?","E","M","$","T","M","M","?","M","M","R","B",null,"M","M","M","$","M"],"character_chosen":"IRONCLAD","items_purchased":["Inflame","Feel No Pain","MealTicket"],"campfire_rested":0,"item_purchase_floors":[2,8,21],"current_hp_per_floor":[80,80,80,80,73,79,80,80,80,80,77,82,83,83,83,12,85,57,48,20,20,0,0],"gold":196,"neow_bonus":"THREE_ENEMY_KILL","is_daily":false,"chose_seed":false,"campfire_upgraded":1,"win_rate":0.0,"timestamp":1607805916,"path_taken":["M","$","?","?","?","E","M","$","T","M","M","?","M","M","R","BOSS","M","M","M","$","M"],"items_purchased_type":["Card","Card","Relic"],"build_version":"2020-11-30","purchased_purges":0,"victory":false,"max_hp_per_floor":[80,80,80,80,80,80,80,80,80,80,80,85,85,85,85,85,85,85,85,85,85,85,85],"relic_stats":{"Regal Pillow":0,"counters":[12,71],"Golden Idol":66,"MealTicket":0,"PreservedInsect":0,"obtain_stats":[{"Regal Pillow":9,"NeowsBlessing":0,"Golden Idol":4,"MealTicket":21,"PreservedInsect":6,"Burning Blood":0,"infinitespire:Cupcake":17},{"Regal Pillow":3,"NeowsBlessing":0,"Golden Idol":1,"MealTicket":11,"PreservedInsect":2,"Burning Blood":0,"infinitespire:Cupcake":8},{"Regal Pillow":3,"NeowsBlessing":0,"Golden Idol":1,"MealTicket":66,"PreservedInsect":2,"Burning Blood":0,"infinitespire:Cupcake":37}],"Burning Blood":52},"card_choices":[{"not_picked":["Flex","Clash"],"picked":"Cleave","floor":1.0},{"not_picked":["Bloodletting","Seeing Red"],"picked":"Ghostly Armor","floor":6.0},{"not_picked":["Entrench","Armaments","Disarm"],"picked":"SKIP","floor":7.0},{"not_picked":["Impervious","Intimidate"],"picked":"Shrug It Off","floor":10.0},{"not_picked":["Cleave","Shrug It Off"],"picked":"Metallicize","floor":11.0},{"not_picked":["Clothesline","Havoc"],"picked":"Flame Barrier","floor":13.0},{"not_picked":["Infernal Blade","Clothesline"],"picked":"Metallicize","floor":14.0},{"not_picked":["Brutality","Double Tap"],"picked":"Barricade","floor":16},{"not_picked":["Second Wind","Cleave","Perfected Strike"],"picked":"SKIP","floor":18},{"not_picked":["Thunderclap","Clash","Feel No Pain"],"picked":"SKIP","floor":19},{"not_picked":["Dual Wield+1","Shrug It Off"],"picked":"Inflame+1","floor":20}],"player_experience":168319,"relics_obtained":[{"floor":6.0,"key":"PreservedInsect"},{"floor":9.0,"key":"Regal Pillow"}],"event_choices":[{"damage_healed":0.0,"max_hp_gain":0.0,"max_hp_loss":0.0,"gold_gain":0.0,"event_name":"Golden Idol","player_choice":"Take Wound","floor":4.0,"gold_loss":0.0,"damage_taken":0.0,"relics_obtained":["Golden Idol"],"cards_obtained":["Injury"]},{"cards_removed":["Injury"],"damage_healed":0.0,"max_hp_gain":0.0,"max_hp_loss":0.0,"gold_gain":0.0,"event_name":"Golden Wing","player_choice":"Card Removal","floor":5.0,"gold_loss":0.0,"damage_taken":7.0},{"damage_healed":0.0,"max_hp_gain":5.0,"max_hp_loss":0.0,"gold_gain":0.0,"event_name":"Big Fish","player_choice":"Donut","floor":12.0,"gold_loss":0.0,"damage_taken":0.0}],"is_beta":false,"boss_relics":[{"not_picked":["Runic Dome","Velvet Choker"],"picked":"infinitespire:Cupcake"}],"items_purged_floors":[],"is_endless":false,"potions_floor_spawned":[10,11,14],"killed_by":"Shelled Parasite and Fungi","ascension_level":2}}