{"host":"t0dvmwh9w61bq0j7","time":1607809833,"event":{"mods":["2.2 Compatiblity","AchievementEnabler","BaseMod","Better Note","Block Reminder","Colored Map","DeckTracker","Highlight Path","Jorbs\u0027s Wanderer Trilogy","Minty Spire (QoL Compilation)","Random Character Button","Rare Cards Sparkle","Relic Stats","StSLib","The Cursed","The Judge","TheVacant","Transform Curses"],"gold_per_floor":[118,29,29,39,39,65,65,240,267,278,278,31,31,59,59,155,155,125,140,140,160,160,160,192,192,245,245,259,59,71,90,90,194,194,194,206,206,221,233,233,233],"floor_reached":40,"playtime":3441,"items_purged":["Doubt"],"score":416,"play_id":"43dd8ca9-7cb2-4480-b658-b341345f250b","local_time":"20201212225033","is_ascension_mode":false,"campfire_choices":[{"floor":7.0,"key":"REST"},{"floor":11.0,"key":"REST"},{"floor":13.0,"key":"REST"},{"floor":15.0,"key":"RECALL"},{"floor":23.0,"key":"REST"},{"floor":25.0,"key":"REST"},{"floor":27.0,"key":"REST"},{"floor":32.0,"key":"REST"}],"circlet_count":0,"master_deck":["TheCursedMod:Strike_TheCursed","TheCursedMod:Strike_TheCursed","TheCursedMod:Strike_TheCursed+1","TheCursedMod:Strike_TheCursed","TheCursedMod:Defend_TheCursed+1","TheCursedMod:Defend_TheCursed","TheCursedMod:Defend_TheCursed+1","TheCursedMod:Defend_TheCursed","TheCursedMod:CursedWand+1","TheCursedMod:CleanUpWorkshop","TheCursedMod:Dregs","TheCursedMod:CircleOfFlame","TheCursedMod:SpitefulPlan","TheCursedMod:CursedShiv","TheCursedMod:Obscuration","TheCursedMod:CircleOfBlood","TheCursedMod:CursedShiv","TheCursedMod:WearCloak+1","TheCursedMod:VoidForm","TheCursedMod:SurpriseAttack","TheCursedMod:HellfireBreathing","TheCursedMod:RapidMovement+1","TheCursedMod:SurpriseAttack","TheCursedMod:CircleOfCorruption+1","TheCursedMod:Grudge+1","TheCursedMod:TacticalStrike+1","TheCursedMod:DemonSword"],"relics":["TheCursedMod:BlackMagicAdvanced","Smiling Mask","Toxic Egg 2","Bottled Flame","SacredBark","Ornamental Fan","Dream Catcher","Whetstone"],"acts_visited":["Exordium","TheCity","TheBeyond"],"potions_floor_usage":[40,40],"damage_taken":[{"damage":5.0,"enemies":"2 Louse","floor":1.0,"turns":3.0},{"damage":2.0,"enemies":"Jaw Worm","floor":4.0,"turns":3.0},{"damage":39.0,"enemies":"Gremlin Nob","floor":6.0,"turns":6.0},{"damage":0.0,"enemies":"Small Slimes","floor":10.0,"turns":3.0},{"damage":20.0,"enemies":"Lagavulin","floor":14.0,"turns":9.0},{"damage":51.0,"enemies":"Slime Boss","floor":16.0,"turns":18.0},{"damage":15.0,"enemies":"2 Thieves","floor":18.0,"turns":5.0},{"damage":22.0,"enemies":"3 Byrds","floor":19.0,"turns":7.0},{"damage":22.0,"enemies":"Shelled Parasite and Fungi","floor":21.0,"turns":11.0},{"damage":44.0,"enemies":"Book of Stabbing","floor":24.0,"turns":7.0},{"damage":7.0,"enemies":"Centurion and Healer","floor":28.0,"turns":7.0},{"damage":3.0,"enemies":"Snecko","floor":30.0,"turns":6.0},{"damage":23.0,"enemies":"Snake Plant","floor":31.0,"turns":4.0},{"damage":48.0,"enemies":"Champ","floor":33.0,"turns":12.0},{"damage":0.0,"enemies":"3 Darklings","floor":35.0,"turns":1.0},{"damage":6.0,"enemies":"3 Shapes","floor":36.0,"turns":5.0},{"damage":16.0,"enemies":"3 Darklings","floor":38.0,"turns":5.0},{"damage":25.0,"enemies":"Spire Growth","floor":39.0,"turns":7.0},{"damage":38,"enemies":"Nemesis","floor":40,"turns":6}],"seed_played":"2573353310109132273","potions_obtained":[{"floor":10.0,"key":"DuplicationPotion"},{"floor":16.0,"key":"FearPotion"},{"floor":19.0,"key":"Block Potion"},{"floor":24.0,"key":"SmokeBomb"},{"floor":28.0,"key":"EssenceOfSteel"},{"floor":38.0,"key":"SpeedPotion"}],"is_trial":false,"path_per_floor":["M","$","?","M","?","E","R","?","T","M","R","$","R","E","R","B",null,"M","M","?","M","?","R","E","R","T","R","M","$","M","M","R","B",null,"M","M","?","M","M","E"],"character_chosen":"THE_CURSED","items_purchased":["TheCursedMod:SpitefulPlan","TheCursedMod:CursedShiv","Toxic Egg 2","Whetstone"],"campfire_rested":7,"item_purchase_floors":[2,2,12,29],"current_hp_per_floor":[70,70,55,53,46,7,29,29,29,31,53,53,75,55,55,8,75,64,44,38,26,26,48,4,26,26,48,45,45,48,29,51,7,75,75,69,69,55,30,0,0],"gold":233,"neow_bonus":"ONE_RANDOM_RARE_CARD","is_daily":false,"chose_seed":false,"campfire_upgraded":0,"win_rate":0.0,"timestamp":1607809833,"path_taken":["M","$","?","M","?","E","R","?","T","?","R","$","R","E","R","BOSS","M","M","?","M","?","R","E","R","T","R","M","$","M","M","R","BOSS","M","M","?","M","M","E"],"items_purchased_type":["Card","Card","Relic","Relic"],"build_version":"2020-11-30","purchased_purges":1,"victory":false,"max_hp_per_floor":[75,75,75,75,75,75,75,75,75,75,75,75,75,75,75,75,75,75,75,75,75,75,75,75,75,75,75,75,75,75,75,75,75,75,75,75,75,75,75,75,75],"relic_stats":{"Dream Catcher":2,"counters":[19,125],"Ornamental Fan":[76],"Whetstone":["TheCursedMod:CursedWand","TheCursedMod:Strike_TheCursed"],"Smiling Mask":25,"obtain_stats":[{"TheCursedMod:BlackMagic101":0,"Bottled Flame":14,"Dream Catcher":26,"TheCursedMod:BlackMagicAdvanced":34,"Ornamental Fan":24,"SacredBark":17,"Whetstone":29,"Toxic Egg 2":12,"Smiling Mask":6},{"TheCursedMod:BlackMagic101":0,"Bottled Flame":5,"Dream Catcher":10,"TheCursedMod:BlackMagicAdvanced":14,"Ornamental Fan":10,"SacredBark":6,"Whetstone":11,"Toxic Egg 2":4,"Smiling Mask":3},{"TheCursedMod:BlackMagic101":0,"Bottled Flame":24,"Dream Catcher":72,"TheCursedMod:BlackMagicAdvanced":101,"Ornamental Fan":72,"SacredBark":42,"Whetstone":79,"Toxic Egg 2":15,"Smiling Mask":12}]},"card_choices":[{"not_picked":["TheCursedMod:CursedBlade","TheCursedMod:SaltUponWound"],"picked":"TheCursedMod:CircleOfFlame","floor":1.0},{"not_picked":["TheCursedMod:Grudge","TheCursedMod:WearCloak"],"picked":"TheCursedMod:Obscuration","floor":4.0},{"not_picked":["TheCursedMod:VitalStrike","TheCursedMod:Stigma"],"picked":"TheCursedMod:CircleOfBlood","floor":6.0},{"not_picked":["TheCursedMod:CircleOfBlood","TheCursedMod:CursedStaff"],"picked":"TheCursedMod:CursedShiv","floor":10.0},{"not_picked":["TheCursedMod:Wield","TheCursedMod:VitalStrike"],"picked":"TheCursedMod:WearCloak+1","floor":14.0},{"not_picked":["TheCursedMod:ParallelWorld+1","TheCursedMod:CollectTribute"],"picked":"TheCursedMod:VoidForm","floor":16.0},{"not_picked":["TheCursedMod:Stretching+1","TheCursedMod:Wield+1"],"picked":"TheCursedMod:SurpriseAttack","floor":18.0},{"not_picked":["TheCursedMod:VitalStrike","TheCursedMod:DemonicPact","TheCursedMod:TacticalStrike"],"picked":"SKIP","floor":19.0},{"not_picked":["TheCursedMod:TroublousMinions+1","TheCursedMod:CursedSpellbook+1"],"picked":"TheCursedMod:HellfireBreathing","floor":21.0},{"not_picked":["TheCursedMod:SmokeScreen+1","TheCursedMod:CursedSpellbook+1"],"picked":"TheCursedMod:RapidMovement+1","floor":24.0},{"not_picked":["TheCursedMod:Stretching+1","TheCursedMod:Wield"],"picked":"TheCursedMod:SurpriseAttack","floor":28.0},{"not_picked":["TheCursedMod:Torture+1","TheCursedMod:CursedBlade+1"],"picked":"TheCursedMod:CircleOfCorruption+1","floor":30.0},{"not_picked":["TheCursedMod:PrepareRite+1","TheCursedMod:Obscuration+1","TheCursedMod:FleshFromBone+1"],"picked":"SKIP","floor":31.0},{"not_picked":["TheCursedMod:Evocation+1","TheCursedMod:SoulReap"],"picked":"TheCursedMod:Grudge+1","floor":32.0},{"not_picked":["TheCursedMod:Stigma","TheCursedMod:FleshFromBone+1"],"picked":"TheCursedMod:TacticalStrike+1","floor":36.0},{"not_picked":["TheCursedMod:SaltUponWound+1","TheCursedMod:WearCloak+1","TheCursedMod:Obscuration+1"],"picked":"SKIP","floor":38.0},{"not_picked":["TheCursedMod:CursedBlade","TheCursedMod:VitalStrike+1"],"picked":"TheCursedMod:DemonSword","floor":39.0}],"player_experience":293164,"relics_obtained":[{"floor":6.0,"key":"Smiling Mask"},{"floor":14.0,"key":"Bottled Flame"},{"floor":24.0,"key":"Ornamental Fan"},{"floor":26.0,"key":"Dream Catcher"}],"event_choices":[{"damage_healed":0.0,"max_hp_gain":0.0,"max_hp_loss":0.0,"gold_gain":0.0,"event_name":"Shining Light","player_choice":"Entered Light","floor":3.0,"gold_loss":0.0,"damage_taken":15.0,"cards_upgraded":["TheCursedMod:Defend_TheCursed","TheCursedMod:Defend_TheCursed"]},{"cards_removed":["TheCursedMod:UltimatePain"],"damage_healed":0.0,"max_hp_gain":0.0,"max_hp_loss":0.0,"gold_gain":0.0,"event_name":"Golden Wing","player_choice":"Card Removal","floor":5.0,"gold_loss":0.0,"damage_taken":7.0},{"damage_healed":0.0,"max_hp_gain":0.0,"max_hp_loss":0.0,"gold_gain":175.0,"event_name":"Liars Game","player_choice":"AGREE","floor":8.0,"gold_loss":0.0,"damage_taken":0.0,"cards_obtained":["Doubt"]},{"damage_healed":0.0,"max_hp_gain":0.0,"max_hp_loss":0.0,"gold_gain":0.0,"event_name":"Knowing Skull","player_choice":"","floor":20.0,"potions_obtained":[],"gold_loss":0.0,"damage_taken":6.0,"cards_obtained":[]},{"damage_healed":0.0,"max_hp_gain":0.0,"max_hp_loss":0.0,"gold_gain":0.0,"event_name":"The Woman in Blue","player_choice":"Bought 0 Potions","floor":22.0,"gold_loss":0.0,"damage_taken":0.0},{"damage_healed":0.0,"max_hp_gain":0.0,"max_hp_loss":0.0,"gold_gain":0.0,"event_name":"Fountain of Cleansing","player_choice":"Ignored","floor":37.0,"gold_loss":0.0,"damage_taken":0.0}],"is_beta":false,"boss_relics":[{"not_picked":["Cursed Key","Snecko Eye"],"picked":"SacredBark"},{"not_picked":["Black Star","Coffee Dripper"],"picked":"TheCursedMod:BlackMagicAdvanced"}],"items_purged_floors":[29],"is_endless":false,"potions_floor_spawned":[10,16,19,24,28,33,38],"killed_by":"Nemesis","ascension_level":0}}