{"host":"usewcu4ohw2wtmxk","time":1607803396,"event":{"mods":["AchievementEnabler","BaseMod","BetterRewards","Colored Powertips","Minty Spire (QoL Compilation)","Permanent Neow","Quick Restart","Relic Sorter","Relic Stats","Shop Mod","StSLib","UnlockEverythingMod"],"gold_per_floor":[114,114,134,134,145,145,476,476,476,501,521,537,550,399,399,473,473,486,499,549,562,150,150,168,201,201,201,201],"floor_reached":27,"playtime":558,"items_purged":["Defend_P","Strike_P"],"score":640,"play_id":"14e458c4-8ae0-4ee3-918c-f262b7b5663f","local_time":"20201213040316","is_ascension_mode":true,"campfire_choices":[{"data":"Trip","floor":6.0,"key":"SMITH"},{"data":"Ragnarok","floor":8.0,"key":"SMITH"},{"data":"Pray","floor":15.0,"key":"SMITH"},{"floor":23.0,"key":"REST"}],"circlet_count":0,"master_deck":["AscendersBane","Strike_P+1","Strike_P+1","Strike_P","Defend_P","Defend_P+1","Eruption+1","Vigilance","Trip+1","JustLucky","BowlingBash","Ragnarok+1","DevaForm","Pray+1","LessonLearned","Prostrate","Adaptation","CutThroughFate+1","Omniscience"],"relics":["PureWater","Old Coin","Yang","Runic Dome","Sundial","Happy Flower","Pantograph"],"acts_visited":["Exordium","TheCity"],"potions_floor_usage":[25],"damage_taken":[{"damage":0.0,"enemies":"Small Slimes","floor":1.0,"turns":4.0},{"damage":0.0,"enemies":"2 Louse","floor":3.0,"turns":3.0},{"damage":0.0,"enemies":"Cultist","floor":5.0,"turns":2.0},{"damage":26.0,"enemies":"3 Sentries","floor":7.0,"turns":8.0},{"damage":0.0,"enemies":"Lagavulin","floor":10.0,"turns":4.0},{"damage":14.0,"enemies":"Exordium Thugs","floor":11.0,"turns":3.0},{"damage":0.0,"enemies":"Gremlin Gang","floor":12.0,"turns":3.0},{"damage":0.0,"enemies":"2 Fungi Beasts","floor":13.0,"turns":2.0},{"damage":0.0,"enemies":"Slime Boss","floor":16.0,"turns":5.0},{"damage":14.0,"enemies":"2 Thieves","floor":18.0,"turns":2.0},{"damage":2.0,"enemies":"Spheric Guardian","floor":19.0,"turns":3.0},{"damage":23.0,"enemies":"Centurion and Healer","floor":21.0,"turns":5.0},{"damage":0.0,"enemies":"Snecko","floor":24.0,"turns":3.0},{"damage":24,"enemies":"Book of Stabbing","floor":25,"turns":4},{"damage":16,"enemies":"Snake Plant","floor":27,"turns":1}],"seed_played":"7995184558839145257","potions_obtained":[{"floor":3.0,"key":"GamblersBrew"},{"floor":5.0,"key":"DistilledChaos"},{"floor":7.0,"key":"Strength Potion"},{"floor":12.0,"key":"Strength Potion"},{"floor":16.0,"key":"Swift Potion"},{"floor":19.0,"key":"SmokeBomb"},{"floor":24.0,"key":"SpeedPotion"},{"floor":25,"key":"StancePotion"}],"is_trial":false,"path_per_floor":["M","?","M","?","M","R","E","R","T","E","M","M","M","$","R","B",null,"M","M","?","M","$","R","M","E","T","M"],"character_chosen":"WATCHER","items_purchased":["Pray","Adaptation","Sundial"],"campfire_rested":1,"item_purchase_floors":[14,22,22],"current_hp_per_floor":[61,61,61,61,61,61,35,35,35,35,21,21,21,21,21,21,56,42,40,40,17,17,37,37,13,13,0,0],"gold":201,"neow_bonus":"RANDOM_COLORLESS","is_daily":false,"chose_seed":false,"campfire_upgraded":3,"win_rate":0.0,"timestamp":1607803396,"path_taken":["M","?","M","?","M","R","E","R","T","E","M","?","M","$","R","BOSS","M","M","?","M","$","R","?","E","T","M"],"items_purchased_type":["Card","Card","Relic"],"build_version":"2020-11-30","purchased_purges":2,"victory":false,"max_hp_per_floor":[68,68,68,68,68,68,68,68,68,68,68,68,68,68,68,68,68,68,68,68,68,68,68,68,68,68,68,68],"relic_stats":{"Happy Flower":[0],"counters":[15,52],"Sundial":[0],"Pantograph":0,"Yang":[61],"obtain_stats":[{"Runic Dome":17,"Happy Flower":25,"Sundial":22,"Pantograph":26,"Yang":10,"PureWater":0,"Old Coin":7},{"Runic Dome":9,"Happy Flower":14,"Sundial":12,"Pantograph":14,"Yang":5,"PureWater":0,"Old Coin":4},{"Runic Dome":34,"Happy Flower":51,"Sundial":44,"Pantograph":51,"Yang":21,"PureWater":0,"Old Coin":17}]},"card_choices":[{"not_picked":["Madness","Dark Shackles"],"picked":"Trip","floor":0.0},{"not_picked":["Protect","Halt","Meditate"],"picked":"SKIP","floor":1.0},{"not_picked":["SashWhip","Evaluate"],"picked":"BowlingBash","floor":3.0},{"not_picked":["BowlingBash","Worship","Fasting2"],"picked":"SKIP","floor":5.0},{"not_picked":["Prostrate","Consecrate"],"picked":"Ragnarok","floor":7.0},{"not_picked":["Crescendo","Prostrate"],"picked":"DevaForm","floor":10.0},{"not_picked":["Consecrate","ClearTheMind","PathToVictory"],"picked":"SKIP","floor":11.0},{"not_picked":["Vengeance","Consecrate","FlyingSleeves"],"picked":"SKIP","floor":12.0},{"not_picked":["ThirdEye","ReachHeaven","CrushJoints"],"picked":"SKIP","floor":13.0},{"not_picked":["Alpha","SpiritShield"],"picked":"LessonLearned","floor":16.0},{"not_picked":["BowlingBash","Study","CrushJoints"],"picked":"SKIP","floor":18.0},{"not_picked":["SashWhip","Halt","ThirdEye"],"picked":"SKIP","floor":19.0},{"not_picked":["PathToVictory+1","Prostrate","EmptyMind"],"picked":"SKIP","floor":21.0},{"not_picked":["PathToVictory+1","EmptyMind"],"picked":"Prostrate","floor":21.0},{"not_picked":["EmptyMind","BowlingBash"],"picked":"CutThroughFate+1","floor":24.0},{"not_picked":["Nirvana","ThirdEye"],"picked":"Omniscience","floor":25}],"player_experience":250974,"relics_obtained":[{"floor":7.0,"key":"Old Coin"},{"floor":10.0,"key":"Yang"},{"floor":25,"key":"Happy Flower"},{"floor":26,"key":"Pantograph"}],"event_choices":[{"damage_healed":0.0,"max_hp_gain":0.0,"max_hp_loss":0.0,"gold_gain":0.0,"cards_transformed":["Defend_P"],"event_name":"Living Wall","player_choice":"Change","floor":2.0,"gold_loss":0.0,"damage_taken":0.0,"cards_obtained":["JustLucky"]},{"damage_healed":0.0,"max_hp_gain":0.0,"max_hp_loss":0.0,"gold_gain":0.0,"event_name":"Upgrade Shrine","player_choice":"Upgraded","floor":4.0,"gold_loss":0.0,"damage_taken":0.0,"cards_upgraded":["Eruption"]},{"damage_healed":0.0,"max_hp_gain":0.0,"max_hp_loss":0.0,"gold_gain":100.0,"event_name":"The Joust","player_choice":"Bet on Murderer","floor":20.0,"gold_loss":50.0,"damage_taken":0.0}],"is_beta":false,"boss_relics":[{"not_picked":["Astrolabe","SacredBark"],"picked":"Runic Dome"}],"items_purged_floors":[14,22],"is_endless":false,"potions_floor_spawned":[3,5,7,12,16,19,24,25],"killed_by":"Snake Plant","ascension_level":20}}