{"host":"e8rlfedn69rz2s07","time":1607815106,"event":{"mods":["AchievementEnabler","BaseMod","Minty Spire (QoL Compilation)","Permanent Neow","Relic Stats"],"gold_per_floor":[117,42,42,56,105,131,131,281,281,281,296,314,15,50,50,127,127,144,194,167,182,31,31,31,31],"floor_reached":24,"playtime":1000,"items_purged":["Doubt","Strike_B"],"score":408,"play_id":"828d1909-d49e-416c-88d0-62dfc4785199","local_time":"20201213011825","is_ascension_mode":true,"campfire_choices":[{"floor":7,"key":"REST"},{"data":"Loop","floor":10,"key":"SMITH"},{"data":"Loop","floor":15,"key":"SMITH"},{"floor":23,"key":"REST"}],"circlet_count":0,"master_deck":["AscendersBane","Strike_B","Strike_B","Defend_B","Defend_B","Defend_B","Defend_B","Zap","Dualcast","Seek","Loop+1","Glacier","Creative AI","Hologram","Streamline","Loop+1","Sweeping Beam","Electrodynamics","Coolheaded","Leap"],"relics":["Cracked Core","Akabeko","Ancient Tea Set","White Beast Statue","Mercury Hourglass","Cursed Key"],"acts_visited":["Exordium","TheCity"],"potions_floor_usage":[14,16,21],"damage_taken":[{"damage":8,"enemies":"Small Slimes","floor":1,"turns":3},{"damage":4,"enemies":"Jaw Worm","floor":4,"turns":4},{"damage":49,"enemies":"Gremlin Nob","floor":6,"turns":5},{"damage":9,"enemies":"2 Louse","floor":11,"turns":2},{"damage":0,"enemies":"Blue Slaver","floor":12,"turns":6},{"damage":6,"enemies":"Lagavulin","floor":14,"turns":7},{"damage":10,"enemies":"Hexaghost","floor":16,"turns":10},{"damage":12,"enemies":"3 Byrds","floor":18,"turns":2},{"damage":9,"enemies":"2 Thieves","floor":20,"turns":4},{"damage":32,"enemies":"Chosen and Byrds","floor":21,"turns":6},{"damage":48,"enemies":"Book of Stabbing","floor":24,"turns":5}],"seed_played":"-602621925329897676","potions_obtained":[{"floor":11,"key":"Weak Potion"},{"floor":12,"key":"Strength Potion"},{"floor":14,"key":"FairyPotion"},{"floor":16,"key":"LiquidBronze"},{"floor":20,"key":"SkillPotion"},{"floor":21,"key":"SteroidPotion"}],"is_trial":false,"path_per_floor":["M","?","?","M","T","E","R","?","T","R","M","M","$","E","R","B",null,"M","?","M","M","$","R","E"],"character_chosen":"DEFECT","items_purchased":["Loop","Sweeping Beam","DistilledChaos","Leap"],"campfire_rested":2,"item_purchase_floors":[13,13,13,22],"current_hp_per_floor":[56,56,61,57,57,8,30,30,30,30,21,21,21,15,15,5,58,46,39,30,22,22,44,0,0],"gold":31,"neow_bonus":"ONE_RANDOM_RARE_CARD","is_daily":false,"chose_seed":false,"campfire_upgraded":2,"win_rate":0.0,"timestamp":1607815105,"path_taken":["M","?","?","M","?","E","R","?","T","R","M","?","$","E","R","BOSS","M","?","?","M","$","R","E"],"items_purchased_type":["Card","Card","Potion","Card"],"build_version":"2020-11-30","purchased_purges":2,"victory":false,"max_hp_per_floor":[71,71,76,76,76,76,76,76,76,76,76,76,76,76,76,76,76,76,76,76,76,76,76,76,76],"relic_stats":{"counters":[11,54],"Cursed Key":0,"obtain_stats":[{"Cracked Core":0,"Ancient Tea Set":6,"Cursed Key":17,"Akabeko":5,"White Beast Statue":9,"Mercury Hourglass":14},{"Cracked Core":0,"Ancient Tea Set":3,"Cursed Key":7,"Akabeko":2,"White Beast Statue":3,"Mercury Hourglass":6},{"Cracked Core":0,"Ancient Tea Set":12,"Cursed Key":37,"Akabeko":7,"White Beast Statue":12,"Mercury Hourglass":27}],"Mercury Hourglass":[102]},"card_choices":[{"not_picked":["Stack","Streamline"],"picked":"Loop","floor":1},{"not_picked":["Storm","Chaos"],"picked":"Glacier","floor":4},{"not_picked":["Glacier","Heatsinks"],"picked":"Creative AI","floor":6},{"not_picked":["Stack","Beam Cell"],"picked":"Hologram","floor":11},{"not_picked":["Blizzard","Go for the Eyes"],"picked":"Streamline","floor":12},{"not_picked":["Fusion","Compile Driver","Double Energy"],"picked":"SKIP","floor":14},{"not_picked":["Fission","Seek"],"picked":"Electrodynamics","floor":16},{"not_picked":["Stack","Scrape"],"picked":"Coolheaded","floor":18},{"not_picked":["Steam","Rebound","Recycle"],"picked":"SKIP","floor":20},{"not_picked":["Steam","Rebound","Recycle"],"picked":"SKIP","floor":20},{"not_picked":["Ball Lightning","Streamline+1","Tempest"],"picked":"SKIP","floor":21}],"player_experience":697720,"relics_obtained":[{"floor":5,"key":"Akabeko"},{"floor":6,"key":"Ancient Tea Set"},{"floor":9,"key":"White Beast Statue"},{"floor":14,"key":"Mercury Hourglass"}],"event_choices":[{"cards_removed":["Strike_B"],"damage_healed":0,"gold_gain":0,"player_choice":"Card Removal","damage_taken":0,"max_hp_gain":0,"max_hp_loss":0,"event_name":"The Cleric","floor":2,"gold_loss":75},{"damage_healed":0,"gold_gain":0,"player_choice":"Donut","damage_taken":0,"max_hp_gain":5,"max_hp_loss":0,"event_name":"Big Fish","floor":3,"gold_loss":0},{"damage_healed":0,"gold_gain":150,"player_choice":"AGREE","damage_taken":0,"max_hp_gain":0,"max_hp_loss":0,"event_name":"Liars Game","floor":8,"gold_loss":0,"cards_obtained":["Doubt"]},{"damage_healed":0,"gold_gain":50,"player_choice":"Touch","damage_taken":7,"max_hp_gain":0,"max_hp_loss":0,"event_name":"FaceTrader","floor":19,"gold_loss":0}],"is_beta":false,"boss_relics":[{"not_picked":["Pandora\u0027s Box","Coffee Dripper"],"picked":"Cursed Key"}],"items_purged_floors":[13,22],"is_endless":false,"potions_floor_spawned":[11,12,14,16,18,20,21],"killed_by":"Book of Stabbing","ascension_level":20}}