{"host":"51dweoxrcspgw6ri","time":1607808499,"event":{"mods":["BaseMod","Colored Map","Colored Powertips","Minty Spire (QoL Compilation)","Rare Cards Sparkle","Relic Stats","StSLib","SuperFastMode","The Bug Knight"],"gold_per_floor":[212,225,243,254,254,254,254],"floor_reached":6,"playtime":416,"items_purged":[],"score":38,"play_id":"b37f7960-f6f7-4906-9371-256c9ac40c0d","local_time":"20201212222819","is_ascension_mode":false,"campfire_choices":[],"circlet_count":0,"master_deck":["HollowMod:NailStrikeStart","HollowMod:NailStrikeStart","HollowMod:NailStrikeStart","HollowMod:NailStrikeStart","HollowMod:QuickDashStart","HollowMod:QuickDashStart","HollowMod:QuickDashStart","HollowMod:QuickDashStart","HollowMod:FocusHealStart","HollowMod:PogoStrike","HollowMod:WraithStrike","HollowMod:GoodIntentions","HollowMod:SharpenedNail","HollowMod:WraithStrike"],"relics":["HollowMod:VesselMask"],"acts_visited":["Exordium"],"potions_floor_usage":[],"damage_taken":[{"damage":0,"enemies":"2 Louse","floor":1,"turns":2},{"damage":3,"enemies":"Small Slimes","floor":2,"turns":3},{"damage":1,"enemies":"Jaw Worm","floor":3,"turns":5},{"damage":33,"enemies":"Gremlin Gang","floor":4,"turns":4},{"damage":40,"enemies":"3 Sentries","floor":6,"turns":5}],"seed_played":"5063320945766914878","potions_obtained":[],"is_trial":false,"path_per_floor":["M","M","M","M","?","E"],"character_chosen":"THE_BUGKNIGHT","items_purchased":[],"campfire_rested":0,"item_purchase_floors":[],"current_hp_per_floor":[75,72,71,38,38,0,0],"gold":254,"neow_bonus":"HUNDRED_GOLD","is_daily":false,"chose_seed":false,"campfire_upgraded":0,"win_rate":0.0,"timestamp":1607808499,"path_taken":["M","M","M","M","?","E"],"items_purchased_type":[],"build_version":"2020-11-30","purchased_purges":0,"victory":false,"max_hp_per_floor":[75,75,75,75,75,75,75],"relic_stats":{"counters":[5,19],"obtain_stats":[{"HollowMod:VesselMask":0},{"HollowMod:VesselMask":0},{"HollowMod:VesselMask":0}]},"card_choices":[{"not_picked":["HollowMod:LifebloodCocoon","HollowMod:SoulSplash"],"picked":"HollowMod:WraithStrike","floor":1},{"not_picked":["HollowMod:MothsMistake","HollowMod:SiblingsSouls"],"picked":"HollowMod:GoodIntentions","floor":2},{"not_picked":["HollowMod:MawleksShell","HollowMod:CornifersMapStart"],"picked":"HollowMod:SharpenedNail","floor":3},{"not_picked":["HollowMod:SharpenedShadows","HollowMod:CloakDash"],"picked":"HollowMod:WraithStrike","floor":4}],"player_experience":513016,"relics_obtained":[],"event_choices":[{"damage_healed":0,"gold_gain":0,"player_choice":"Ignored","damage_taken":0,"max_hp_gain":0,"max_hp_loss":0,"event_name":"Shining Light","floor":5,"gold_loss":0}],"is_beta":false,"boss_relics":[],"items_purged_floors":[],"is_endless":false,"potions_floor_spawned":[],"killed_by":"3 Sentries","ascension_level":0}}