{"host":"kw4o7b3ro2ktmmbe","time":1607754766,"event":{"mods":["BaseMod","Minty Spire (QoL Compilation)","StSLib","The Death Knight","Treasure Hunter"],"gold_per_floor":[133,144,162,162,217,217,217,217,217,231,231,245,245,276,276,373,373,391,133,133,153,153,153,187,66,66,66,66,66,77,105,105,105,105],"floor_reached":33,"playtime":3277,"items_purged":[],"score":331,"play_id":"00663601-0752-43e5-ab8a-ec694cc28683","local_time":"20201212193246","is_ascension_mode":false,"campfire_choices":[{"data":"DeathKnight:DancingRuneblade","floor":6.0,"key":"SMITH"},{"data":"DeathKnight:BladedArmor","floor":8.0,"key":"SMITH"},{"data":"TH:CursedSword","floor":11.0,"key":"SMITH"},{"data":"DeathKnight:HowlingBlast","floor":13.0,"key":"SMITH"},{"data":"DeathKnight:Simulacrum","floor":15.0,"key":"SMITH"},{"data":"TH:CursedSword","floor":23,"key":"SMITH"},{"floor":29,"key":"REST"},{"data":"DeathKnight:Outbreak","floor":32,"key":"SMITH"}],"circlet_count":0,"master_deck":["DeathKnight:Defend_DeathKnight","DeathKnight:Defend_DeathKnight","DeathKnight:Defend_DeathKnight","DeathKnight:Defend_DeathKnight","DeathKnight:Defend_DeathKnight","DeathKnight:RuneTap","DeathKnight:RuneStrike","DeathKnight:DancingRuneblade+1","DeathKnight:BladedArmor+1","DeathKnight:DeathAndDecay","TH:CursedSword+1","TH:CopperCoins","DeathKnight:HowlingBlast+1","TH:CursedSword+1","DeathKnight:Simulacrum+1","TH:TreasureMap","DeathKnight:Outbreak+1","DeathKnight:BoneShield","Bite","Bite","Bite","Bite","Bite","DeathKnight:MindFreeze+1","TH:CursedSword","DeathKnight:FoulBulwark+1","TH:ElvenBoots","DeathKnight:BladedArmor+1","TH:CopperCoins","DeathKnight:Contagion"],"relics":["Sozu","Bag of Preparation","Omamori","Peace Pipe","Black Star","Mercury Hourglass","Smiling Mask","The Courier","Toolbox","DeathKnight:SindragosasSkull","PreservedInsect","Enchiridion","Pen Nib","White Beast Statue"],"acts_visited":["Exordium","TheCity"],"potions_floor_usage":[],"damage_taken":[{"damage":1.0,"enemies":"Cultist","floor":1.0,"turns":3.0},{"damage":6.0,"enemies":"Jaw Worm","floor":2.0,"turns":3.0},{"damage":0.0,"enemies":"Small Slimes","floor":3.0,"turns":4.0},{"damage":1.0,"enemies":"2 Fungi Beasts","floor":10.0,"turns":3.0},{"damage":14.0,"enemies":"Blue Slaver","floor":12.0,"turns":3.0},{"damage":6.0,"enemies":"Gremlin Nob","floor":14.0,"turns":3.0},{"damage":36,"enemies":"The Guardian","floor":16,"turns":10},{"damage":41,"enemies":"2 Thieves","floor":18,"turns":4},{"damage":18,"enemies":"Spheric Guardian","floor":21,"turns":5},{"damage":27,"enemies":"Gremlin Leader","floor":24,"turns":7},{"damage":7,"enemies":"Centurion and Healer","floor":30,"turns":7},{"damage":3,"enemies":"Book of Stabbing","floor":31,"turns":4},{"damage":42,"enemies":"Collector","floor":33,"turns":5}],"seed_played":"-940024237370151018","potions_obtained":[],"is_trial":false,"path_per_floor":["M","M","M","?","T","R","?","R","T","M","R","M","R","E","R","B",null,"M","$","?","M","$","R","E","$","T","?","?","R","M","E","R","B"],"character_chosen":"DEATH_KNIGHT","items_purchased":["Mercury Hourglass","Toolbox"],"campfire_rested":1,"item_purchase_floors":[19,25],"current_hp_per_floor":[74,68,68,73,73,73,73,73,73,72,72,58,58,52,52,16,80,39,39,39,31,31,31,20,20,20,20,4,20,27,28,28,0,0],"gold":105,"neow_bonus":"BOSS_RELIC","is_daily":false,"chose_seed":false,"campfire_upgraded":7,"win_rate":0.0,"timestamp":1607754766,"path_taken":["M","M","?","?","?","R","?","R","T","?","R","M","R","E","R","BOSS","M","$","?","M","$","R","E","$","T","?","?","R","?","E","R","BOSS"],"items_purchased_type":["Relic","Relic"],"build_version":"2020-11-30","purchased_purges":0,"victory":false,"max_hp_per_floor":[75,75,75,80,80,80,80,80,80,80,80,80,80,80,80,80,80,80,80,56,56,56,56,56,56,56,56,56,56,56,56,56,56,56],"card_choices":[{"not_picked":["DeathKnight:BoneSpear","DeathKnight:ThirstingStrike"],"picked":"DeathKnight:DancingRuneblade","floor":1.0},{"not_picked":["DeathKnight:BoneSpear","DeathKnight:DeathsAdvance"],"picked":"DeathKnight:BladedArmor","floor":2.0},{"not_picked":["DeathKnight:BloodStrike","DeathKnight:PathOfFrost"],"picked":"DeathKnight:DeathAndDecay","floor":3.0},{"not_picked":["TH:DeckOfManyThings"],"picked":"TH:CursedSword","floor":5.0},{"not_picked":["TH:ArmorSpikes"],"picked":"TH:CopperCoins","floor":9.0},{"not_picked":["DeathKnight:RunicCorruption","DeathKnight:DreadStrike","DeathKnight:RaiseAlly"],"picked":"SKIP","floor":10.0},{"not_picked":["DeathKnight:Parry","DeathKnight:ChainsOfIce"],"picked":"DeathKnight:HowlingBlast","floor":12.0},{"not_picked":["TH:DeckOfManyThings"],"picked":"TH:CursedSword","floor":14.0},{"not_picked":["DeathKnight:HartStrike","DeathKnight:Runesurge"],"picked":"DeathKnight:Simulacrum","floor":14.0},{"not_picked":["TH:BikiniMail"],"picked":"TH:TreasureMap","floor":16},{"not_picked":["DeathKnight:RunicDetonation","DeathKnight:VampiricBlood"],"picked":"DeathKnight:Outbreak","floor":16},{"not_picked":["DeathKnight:BludPresence","DeathKnight:HornOfWinter"],"picked":"DeathKnight:BoneShield","floor":18},{"not_picked":["DeathKnight:DeathCoil+1","DeathKnight:BoneSpear+1"],"picked":"DeathKnight:MindFreeze+1","floor":21},{"not_picked":["TH:PixieDust"],"picked":"TH:CursedSword","floor":24},{"not_picked":["DeathKnight:MutagenicPlague","DeathKnight:BoneShield+1"],"picked":"DeathKnight:FoulBulwark+1","floor":24},{"not_picked":["TH:DeckOfManyThings"],"picked":"TH:ElvenBoots","floor":26},{"not_picked":["DeathKnight:FrosPresence+1","DeathKnight:BludPresence"],"picked":"DeathKnight:BladedArmor+1","floor":30},{"not_picked":["TH:Mimic"],"picked":"TH:CopperCoins","floor":31},{"not_picked":["DeathKnight:DeathGrip","DeathKnight:BloodStrike"],"picked":"DeathKnight:Contagion","floor":31}],"player_experience":1734416,"relics_obtained":[{"floor":5.0,"key":"Bag of Preparation"},{"floor":9.0,"key":"Omamori"},{"floor":14.0,"key":"Peace Pipe"},{"floor":24,"key":"Smiling Mask"},{"floor":24,"key":"The Courier"},{"floor":26,"key":"DeathKnight:SindragosasSkull"},{"floor":28,"key":"Enchiridion"},{"floor":31,"key":"Pen Nib"},{"floor":31,"key":"White Beast Statue"}],"event_choices":[{"damage_healed":0.0,"max_hp_gain":5.0,"max_hp_loss":0.0,"gold_gain":0.0,"event_name":"Big Fish","player_choice":"Donut","floor":4.0,"gold_loss":0.0,"damage_taken":0.0},{"damage_healed":0.0,"max_hp_gain":0.0,"max_hp_loss":0.0,"gold_gain":0.0,"event_name":"The Woman in Blue","player_choice":"Bought 0 Potions","floor":7.0,"gold_loss":0.0,"damage_taken":0.0},{"damage_healed":0,"gold_gain":0,"player_choice":"Became a vampire","damage_taken":0,"max_hp_gain":0,"max_hp_loss":24,"event_name":"Vampires","floor":20,"gold_loss":0,"cards_obtained":["Bite","Bite","Bite","Bite","Bite"]},{"damage_healed":0,"gold_gain":0,"player_choice":"Opened","damage_taken":0,"relics_obtained":["PreservedInsect"],"max_hp_gain":0,"max_hp_loss":0,"event_name":"The Mausoleum","floor":27,"gold_loss":0},{"damage_healed":0,"gold_gain":0,"player_choice":"Obtained Book","damage_taken":16,"max_hp_gain":0,"max_hp_loss":0,"event_name":"Cursed Tome","floor":28,"gold_loss":0}],"is_beta":false,"boss_relics":[{"not_picked":["Fusion Hammer","Astrolabe"],"picked":"Black Star"}],"items_purged_floors":[],"is_endless":false,"potions_floor_spawned":[1,3,18,31],"killed_by":"Collector","ascension_level":0}}