{"host":"onmzcmq5a68cxj3d","time":1607807531,"event":{"mods":["BaseMod","Colored Map","Minty Spire (QoL Compilation)","Remove Card Discount Mod"],"gold_per_floor":[114,41,41,57,55,55,55,55,55,83,83,27,27,61,61,167,167,177,203,203,222,222,222,222,222,249,249,106,106,106,106,106,201,201,212,1229,42,42,42,42,42,42,69,0,12,35,47,59,71,83],"floor_reached":51,"playtime":2060,"items_purged":["Wraith Form v2","Dualcast","Defend_B","Defend_B","Defend_B","Strike_B","Strike_B","Normality","Normality","Strike_B"],"score":731,"play_id":"e01fcde2-ff78-4caa-9917-6dec5db5a06e","local_time":"20201212141211","daily_mods":["Colorless Cards","Heirloom","Time Dilation","Flight"],"is_ascension_mode":false,"campfire_choices":[{"data":"DevaForm","floor":6,"key":"SMITH"},{"data":"Echo Form","floor":7,"key":"SMITH"},{"floor":11,"key":"REST"},{"data":"Demon Form","floor":13,"key":"SMITH"},{"data":"Zap","floor":15,"key":"SMITH"},{"floor":23,"key":"REST"},{"data":"Electrodynamics","floor":24,"key":"SMITH"},{"data":"BootSequence","floor":25,"key":"SMITH"},{"data":"Defragment","floor":27,"key":"SMITH"},{"data":"Self Repair","floor":29,"key":"SMITH"},{"data":"Conserve Battery","floor":32,"key":"SMITH"},{"floor":40,"key":"REST"},{"data":"Capacitor","floor":41,"key":"SMITH"},{"data":"BootSequence","floor":42,"key":"SMITH"},{"data":"Defend_B","floor":47,"key":"SMITH"},{"floor":49,"key":"REST"}],"circlet_count":0,"master_deck":["Demon Form+1","Echo Form+1","DevaForm+1","Defend_B+1","Zap+1","Defragment+1","BootSequence+1","BootSequence+1","Defragment+1","Conserve Battery+1","Electrodynamics+1","Melter+1","Self Repair+1","Capacitor+1"],"relics":["Unceasing Top","Incense Burner","CeramicFish","The Courier","Symbiotic Virus","Nuclear Battery","MutagenicStrength","Lantern","ClockworkSouvenir","Toolbox","Ginger","Anchor","Singing Bowl","Bird Faced Urn","Shuriken","MawBank","Red Mask"],"acts_visited":["Exordium","TheCity","TheBeyond"],"potions_floor_usage":[19,33,46,50],"damage_taken":[{"damage":12,"enemies":"2 Louse","floor":1,"turns":4},{"damage":17,"enemies":"Cultist","floor":4,"turns":5},{"damage":8,"enemies":"Small Slimes","floor":10,"turns":4},{"damage":0,"enemies":"Lagavulin","floor":14,"turns":6},{"damage":31,"enemies":"Hexaghost","floor":16,"turns":7},{"damage":2,"enemies":"Chosen","floor":18,"turns":6},{"damage":13,"enemies":"2 Thieves","floor":19,"turns":3},{"damage":18,"enemies":"Snake Plant","floor":21,"turns":4},{"damage":22,"enemies":"Automaton","floor":33,"turns":6},{"damage":43,"enemies":"3 Darklings","floor":35,"turns":3},{"damage":12,"enemies":"3 Shapes","floor":46,"turns":4},{"damage":69,"enemies":"Awakened One","floor":50,"turns":7}],"seed_played":"-4150737253972222082","potions_obtained":[{"floor":1,"key":"PowerPotion"},{"floor":14,"key":"Regen Potion"},{"floor":18,"key":"CultistPotion"},{"floor":35,"key":"Fruit Juice"}],"is_trial":true,"path_per_floor":["M","$","?","M","$","R","R","?","T","M","R","$","R","E","R","B",null,"M","M","?","M","?","R","R","R","T","R","$","R","?","$","R","B",null,"M","?","$","?","?","R","R","R","T","?","?","M","R","$","R","B",null],"character_chosen":"DEFECT","items_purchased":["Defragment","Defragment","ClockworkSouvenir","Self Repair","Capacitor","Toolbox","Ginger","Anchor","Singing Bowl","Bird Faced Urn","Shuriken"],"campfire_rested":4,"item_purchase_floors":[2,12,28,28,37,37,37,37,37,37,37],"current_hp_per_floor":[63,63,63,46,46,46,46,39,39,31,53,53,53,53,53,22,75,73,60,60,42,42,64,64,64,64,64,64,64,75,75,75,63,75,42,42,42,44,44,67,67,67,67,67,67,72,72,72,80,41],"gold":95,"neow_bonus":"","is_daily":false,"chose_seed":false,"campfire_upgraded":12,"win_rate":0.0,"timestamp":1607807531,"path_taken":["M","$","?","?","$","R","R","?","T","M","R","$","R","E","R","BOSS","M","M","?","?","?","R","R","R","T","R","$","R","?","$","R","BOSS","M","?","$","?","?","R","R","R","T","?","?","M","R","$","R","BOSS"],"items_purchased_type":["Card","Card","Relic","Card","Card","Relic","Relic","Relic","Relic","Relic","Relic"],"build_version":"2020-11-30","purchased_purges":10,"victory":true,"max_hp_per_floor":[75,75,75,75,75,75,75,75,75,75,75,75,75,75,75,75,75,75,75,75,75,75,75,75,75,75,75,75,75,75,75,75,75,75,75,75,75,77,77,77,77,77,77,77,73,80,80,80,80,80],"card_choices":[{"not_picked":["Force Field","Barrage","Stack"],"picked":"SKIP","floor":1},{"not_picked":["Gash","Hologram"],"picked":"BootSequence","floor":4},{"not_picked":["Hologram","Double Energy"],"picked":"BootSequence","floor":10},{"not_picked":["Streamline","Leap"],"picked":"Conserve Battery","floor":14},{"not_picked":["Amplify","Biased Cognition"],"picked":"Electrodynamics","floor":16},{"not_picked":["Leap+1","Genetic Algorithm","Hologram"],"picked":"SKIP","floor":18},{"not_picked":["Leap","Finesse"],"picked":"Melter+1","floor":19},{"not_picked":["Hologram+1","Beam Cell","Force Field+1"],"picked":"SKIP","floor":21},{"not_picked":["Turbo","Coolheaded+1","Gash"],"picked":"SKIP","floor":35},{"not_picked":["Swift Strike","Madness","Magnetism"],"picked":"Singing Bowl","floor":38},{"not_picked":["Stack","Ball Lightning+1","Capacitor"],"picked":"Singing Bowl","floor":46}],"player_experience":419936,"relics_obtained":[{"floor":9,"key":"The Courier"},{"floor":14,"key":"Symbiotic Virus"},{"floor":26,"key":"Lantern"},{"floor":43,"key":"MawBank"}],"event_choices":[{"damage_healed":0,"gold_gain":0,"player_choice":"Ignored","damage_taken":0,"max_hp_gain":0,"max_hp_loss":0,"event_name":"Transmorgrifier","floor":3,"gold_loss":0},{"damage_healed":0,"gold_gain":0,"player_choice":"Success","damage_taken":7,"relics_obtained":["CeramicFish"],"max_hp_gain":0,"max_hp_loss":0,"event_name":"Scrap Ooze","floor":8,"gold_loss":0},{"damage_healed":0,"gold_gain":0,"player_choice":"Forge","damage_taken":0,"max_hp_gain":0,"max_hp_loss":0,"event_name":"Accursed Blacksmith","floor":20,"gold_loss":0,"cards_upgraded":["Defragment"]},{"damage_healed":0,"gold_gain":0,"player_choice":"Inject Mutagens","damage_taken":0,"relics_obtained":["MutagenicStrength"],"max_hp_gain":0,"max_hp_loss":0,"event_name":"Drug Dealer","floor":22,"gold_loss":0},{"damage_healed":25,"gold_gain":0,"player_choice":"Heal","damage_taken":0,"max_hp_gain":0,"max_hp_loss":0,"event_name":"The Library","floor":30,"gold_loss":0},{"damage_healed":0,"gold_gain":999,"player_choice":"Gold","damage_taken":0,"max_hp_gain":0,"max_hp_loss":0,"event_name":"MindBloom","floor":36,"gold_loss":0,"cards_obtained":["Normality","Normality"]},{"damage_healed":0,"gold_gain":0,"player_choice":"Memory 1","damage_taken":0,"max_hp_gain":0,"max_hp_loss":0,"event_name":"SensoryStone","floor":38,"gold_loss":0},{"cards_removed":["Strike_B"],"damage_healed":0,"gold_gain":0,"player_choice":"Removed Attack","damage_taken":0,"max_hp_gain":0,"max_hp_loss":0,"event_name":"Falling","floor":39,"gold_loss":0},{"damage_healed":0,"gold_gain":0,"player_choice":"Paid","damage_taken":0,"relics_obtained":["Red Mask"],"max_hp_gain":0,"max_hp_loss":0,"event_name":"Tomb of Lord Red Mask","floor":44,"gold_loss":81},{"damage_healed":0,"gold_gain":0,"player_choice":"Max HP","damage_taken":0,"max_hp_gain":0,"max_hp_loss":4,"event_name":"Winding Halls","floor":45,"gold_loss":0}],"is_beta":false,"boss_relics":[{"not_picked":["Cursed Key","Tiny House"],"picked":"Nuclear Battery"},{"not_picked":["Snecko Eye","Astrolabe","Pandora\u0027s Box"]}],"items_purged_floors":[2,2,5,12,28,28,28,37,37,37],"is_endless":false,"potions_floor_spawned":[1,14,18,35],"ascension_level":0}}