{"host":"bg0cyinkrjnqf173","time":1607813755,"event":{"mods":["BaseMod","Colored Map","Downfall","Minty Spire (QoL Compilation)","StSLib"],"gold_per_floor":[99,99,129,129,129,54,105,117,117,145,162,162,2,0,13,116,116,116,132,166,166,176,176,203,203,203,256,303,351,198,243,243,243],"floor_reached":32,"playtime":2134,"items_purged":[],"score":336,"play_id":"bc719685-02e8-4f95-8757-623e2646bd37","local_time":"20201212175555","is_ascension_mode":false,"campfire_choices":[{"floor":1,"key":"RECALL"},{"data":"hexamod:StepThrough","floor":6,"key":"SMITH"},{"data":"hexamod:HauntingEcho","floor":9,"key":"SMITH"},{"data":"Glass Knife","floor":18,"key":"SMITH"},{"floor":23,"key":"REST"},{"floor":26,"key":"REST"}],"circlet_count":0,"master_deck":["hexamod:Strike","hexamod:Strike","hexamod:Strike","hexamod:Strike","hexamod:Defend","hexamod:Defend","hexamod:Defend","hexamod:Defend","hexamod:Sear","hexamod:Float","hexamod:StepThrough+1","hexamod:AdvancingGuard","hexamod:SpectersWail","hexamod:HauntingEcho+1","hexamod:Firestarter","hexamod:EmpoweredFlame","Parasite","hexamod:GhostOfSpireFuture","Glass Knife+1","Intimidate","hexamod:FifthSeal","hexamod:ThirdSeal","Acrobatics","Dramatic Entrance","hexamod:FourthSeal","Genetic Algorithm","Shame","Slimebound:SplitAcid","Prostrate+1","Regret","hexamod:FirstSeal","Backstab","Guardian:Gem_Blue","hexamod:SecondSeal","Guardian:WalkerClaw+1","Slimebound:RejuvenatingLick","hexamod:SixthSeal","expansioncontent:Hexaburn","Inflame","Flash of Steel","Slimebound:RollThrough"],"relics":["hexamod:SpiritBrand","downfall:HeartsMalice","Potion Belt","downfall:HeartBlessingRed","Toy Ornithopter","Bronze Scales","PrismaticShard","Cursed Key","CaptainsWheel","Tiny Chest","CeramicFish","MutagenicStrength","Gambling Chip","Blood Vial"],"acts_visited":["Exordium","TheCity"],"potions_floor_usage":[15],"damage_taken":[{"damage":0,"enemies":"Cultist","floor":2,"turns":1},{"damage":0,"enemies":"3 Sentries","floor":3,"turns":1},{"damage":0,"enemies":"Small Slimes","floor":4,"turns":1},{"damage":0,"enemies":"Jaw Worm","floor":8,"turns":2},{"damage":21,"enemies":"Lagavulin","floor":10,"turns":7},{"damage":0,"enemies":"3 Louse","floor":11,"turns":3},{"damage":0,"enemies":"downfall:FleeingMerchant","floor":13,"turns":4},{"damage":4,"enemies":"downfall:FleeingMerchant","floor":14,"turns":4},{"damage":3,"enemies":"Exordium Wildlife","floor":15,"turns":4},{"damage":39,"enemies":"downfall:Ironclad","floor":16,"turns":8},{"damage":0,"enemies":"3 Byrds","floor":19,"turns":3},{"damage":48,"enemies":"Book of Stabbing","floor":20,"turns":6},{"damage":4,"enemies":"Centurion and Healer","floor":22,"turns":6},{"damage":42,"enemies":"Slavers","floor":27,"turns":5},{"damage":2,"enemies":"Cultist and Chosen","floor":28,"turns":6},{"damage":4,"enemies":"Snecko","floor":29,"turns":6},{"damage":12,"enemies":"downfall:FleeingMerchant","floor":30,"turns":4},{"damage":17,"enemies":"Centurion and Healer","floor":31,"turns":9},{"damage":14,"enemies":"Cultist and Chosen","floor":32,"turns":4}],"seed_played":"8098349347384734214","potions_obtained":[{"floor":10,"key":"SkillPotion"},{"floor":15,"key":"SpeedPotion"},{"floor":16,"key":"Explosive Potion"},{"floor":19,"key":"FearPotion"},{"floor":22,"key":"Guardian:BlockOnCardUsePotion"},{"floor":27,"key":"Fire Potion"}],"is_trial":false,"path_per_floor":["R","M","E","M","?","R","T","M","R","E","M","?","$","$","M","B",null,"R","M","E","?","M","R","T","?","R","E","M","M","$","M","M"],"character_chosen":"THE_SPIRIT","items_purchased":["PrismaticShard","Blood Vial"],"campfire_rested":2,"item_purchase_floors":[13,30],"current_hp_per_floor":[70,70,70,70,70,70,70,70,70,49,49,66,66,62,64,25,70,70,70,22,22,18,39,39,39,60,22,20,23,15,9,0,0],"gold":243,"neow_bonus":"THREE_ENEMY_KILL","is_daily":false,"chose_seed":false,"campfire_upgraded":3,"win_rate":0.0,"timestamp":1607813755,"path_taken":["R","M","E","M","?","R","T","M","R","E","M","?","?","$","M","BOSS","R","M","E","?","M","R","T","?","R","E","M","M","?","M","M"],"items_purchased_type":["Relic","Relic"],"build_version":"2020-11-30","purchased_purges":0,"victory":false,"max_hp_per_floor":[70,70,70,70,70,70,70,70,70,70,70,70,70,70,70,70,70,70,70,70,70,70,70,70,70,70,70,70,70,70,70,70,70],"card_choices":[{"not_picked":["hexamod:RainOfEmbers","hexamod:HeatCrush"],"picked":"hexamod:StepThrough","floor":2},{"not_picked":["hexamod:GhostShield","hexamod:RadiantFlame"],"picked":"hexamod:AdvancingGuard","floor":3},{"not_picked":["hexamod:RainOfEmbers","hexamod:NightmareGuise"],"picked":"hexamod:SpectersWail","floor":4},{"not_picked":["hexamod:GhostOfSpireFuture","hexamod:SkipABeat"],"picked":"hexamod:HauntingEcho","floor":8},{"not_picked":["hexamod:Haunt","hexamod:SwordOfDarkness"],"picked":"hexamod:Firestarter","floor":10},{"not_picked":["hexamod:ThermalTransfer","hexamod:PhantomFireball"],"picked":"hexamod:EmpoweredFlame","floor":11},{"not_picked":["hexamod:GhostLash","hexamod:AdvancingGuard"],"picked":"hexamod:GhostOfSpireFuture","floor":13},{"not_picked":["Slimebound:ServeAndProtect","sneckomod:CheapStock"],"picked":"Glass Knife","floor":14},{"not_picked":["Masterful Stab","hexamod:Rewind"],"picked":"Intimidate","floor":15},{"not_picked":["Exhume","sneckomod:UnknownRarePower"],"picked":"hexamod:FifthSeal","floor":16},{"not_picked":["hexamod:SecondSeal","hexamod:FirstSeal"],"picked":"hexamod:ThirdSeal","floor":19},{"not_picked":["sneckomod:DiceBoulder","sneckomod:UnknownClassGUARDIAN"],"picked":"Acrobatics","floor":19},{"not_picked":["hexamod:Hexaguard","sneckomod:UnknownClassHEXA_GHOST_PURPLE+1"],"picked":"Dramatic Entrance","floor":20},{"not_picked":["hexamod:ThirdSeal","hexamod:FifthSeal"],"picked":"hexamod:FourthSeal","floor":20},{"not_picked":["Guardian:Gem_Green","sneckomod:UnlimitedRolls"],"picked":"Genetic Algorithm","floor":20},{"not_picked":["Deflect+1","Stack"],"picked":"Slimebound:SplitAcid","floor":22},{"not_picked":["champ:GladiatorsShout","Evolve"],"picked":"Prostrate+1","floor":22},{"not_picked":["hexamod:ThirdSeal","hexamod:FourthSeal","hexamod:FifthSeal"],"picked":"SKIP","floor":22},{"not_picked":["hexamod:FifthSeal","hexamod:SecondSeal"],"picked":"hexamod:FirstSeal","floor":27},{"not_picked":["Panache","Outmaneuver+1"],"picked":"Backstab","floor":27},{"not_picked":["JustLucky","Guardian:VentSteam","sneckomod:MasterEye"],"picked":"SKIP","floor":27},{"not_picked":["hexamod:InspiringFlames+1","Flying Knee"],"picked":"Guardian:Gem_Blue","floor":28},{"not_picked":["hexamod:FifthSeal","hexamod:ThirdSeal"],"picked":"hexamod:SecondSeal","floor":28},{"not_picked":["champ:FanOfKnives","EmptyFist"],"picked":"Guardian:WalkerClaw","floor":28},{"not_picked":["expansioncontent:ChargeUp+1","Backflip"],"picked":"Slimebound:RejuvenatingLick","floor":29},{"not_picked":["hexamod:FifthSeal","hexamod:SecondSeal"],"picked":"hexamod:SixthSeal","floor":29},{"not_picked":["Dagger Throw+1","Ghostly Armor"],"picked":"expansioncontent:Hexaburn","floor":29},{"not_picked":["Anger","Force Field"],"picked":"Inflame","floor":30},{"not_picked":["Slimebound:TongueLash","Recycle"],"picked":"Flash of Steel","floor":31},{"not_picked":["ThirdEye","sneckomod:QuickBite"],"picked":"Slimebound:RollThrough","floor":31}],"player_experience":455249,"relics_obtained":[{"floor":3,"key":"Potion Belt"},{"floor":7,"key":"Toy Ornithopter"},{"floor":10,"key":"Bronze Scales"},{"floor":20,"key":"CaptainsWheel"},{"floor":24,"key":"CeramicFish"},{"floor":27,"key":"Gambling Chip"}],"event_choices":[{"damage_healed":17,"gold_gain":0,"player_choice":"Healed and dodged fight","damage_taken":0,"max_hp_gain":0,"max_hp_loss":0,"event_name":"Mushrooms","floor":12,"gold_loss":0,"cards_obtained":["Parasite"]},{"damage_healed":0,"gold_gain":0,"player_choice":"Stole Relic","damage_taken":0,"relics_obtained":["Tiny Chest"],"max_hp_gain":0,"max_hp_loss":0,"event_name":"Addict","floor":21,"gold_loss":0,"cards_obtained":["Shame"]},{"damage_healed":0,"gold_gain":0,"player_choice":"Inject Mutagens","damage_taken":0,"relics_obtained":["MutagenicStrength"],"max_hp_gain":0,"max_hp_loss":0,"event_name":"Drug Dealer","floor":25,"gold_loss":0}],"is_beta":false,"boss_relics":[{"not_picked":["Snecko Eye","Runic Dome"],"picked":"Cursed Key"}],"items_purged_floors":[],"is_endless":false,"potions_floor_spawned":[10,15,16,19,29,31],"killed_by":"Cultist and Chosen","ascension_level":0}}