{"host":"g1wmg2w41xhsnw8g","time":1607749327,"event":{"mods":["2.2 Compatiblity","Act Like it!","BaseMod","Better Altar","Better Match","Better Note","Better Sensory Stone","Better Skull","Better Third Choice","BetterRewards","Booster Modes","CapriCore","ChefMod","Colored Map","Colored Powertips","Curses Come First","Defuse TimeMaze Blight","Displayed Cursed Tome","Friendly Minions","GifTheSpireLib","Googly Eyes","Infinite Spire","Minty Spire (QoL Compilation)","Red Circlet Mod","Relic Sorter","SCP261 Mod","Shop Mod","Spicy Shops","StSLib","The Construct","The Sage","Transform Curses","Wandering Minibosses","????"],"gold_per_floor":[117,129,129,155,180,215,238,238,238,238,119,119,154,169,169,169,169],"floor_reached":16,"playtime":1082,"items_purged":[],"score":141,"play_id":"f7df8bb1-9df0-4526-9b2e-50853943f1a2","local_time":"20201212000207","daily_mods":["SealedDeck","Specialized","Heirloom","Elite Swarm"],"is_ascension_mode":true,"campfire_choices":[{"data":"construct:Autoturret","floor":15,"key":"SMITH"}],"circlet_count":0,"master_deck":["construct:FlammableFog","construct:FlammableFog","construct:FlammableFog","construct:FlammableFog","construct:FlammableFog","chefmod:BleedOut","chefmod:GroceryDelivery","construct:Boost","construct:OmegaCannon","construct:FierceBash","construct:Versatility","construct:SweepLaser","chefmod:Chop","construct:LaserCore","construct:Reserves","chefmod:Omelette","Injury","chefmod:Puree","chefmod:SushiPlatter","chefmod:Chop","construct:Afterburners+1","construct:HardReboot+1","construct:Autoturret+1"],"relics":["construct:Cogwheel","Unceasing Top","Golden Idol","Boot","Anchor","Blue Candle","Question Card","Art of War"],"acts_visited":["Exordium"],"potions_floor_usage":[6,13],"damage_taken":[{"damage":0,"enemies":"Jaw Worm","floor":1,"turns":5},{"damage":2,"enemies":"Cultist","floor":2,"turns":3},{"damage":2,"enemies":"2 Louse","floor":5,"turns":3},{"damage":14,"enemies":"Lagavulin","floor":6,"turns":6},{"damage":13,"enemies":"Gremlin Gang","floor":7,"turns":4},{"damage":12,"enemies":"Gremlin Nob","floor":13,"turns":6},{"damage":9,"enemies":"Blue Slaver","floor":14,"turns":6},{"damage":38,"enemies":"Hexaghost","floor":16,"turns":16}],"seed_played":"379859712327819019","potions_obtained":[{"floor":5,"key":"Fire Potion"},{"floor":7,"key":"Swift Potion"},{"floor":13,"key":"SpeedPotion"}],"is_trial":true,"path_per_floor":["M","M","?","T","M","E","M","?","T","?","$","$","E","M","R","B"],"character_chosen":"THE_CONSTRUCT_MOD","items_purchased":["Question Card"],"campfire_rested":0,"item_purchase_floors":[11],"current_hp_per_floor":[85,83,83,83,81,67,54,59,59,59,59,59,47,38,38,0,0],"gold":169,"neow_bonus":"","is_daily":false,"chose_seed":false,"campfire_upgraded":1,"win_rate":0.0,"timestamp":1607749327,"path_taken":["M","M","?","?","?","E","M","?","T","?","?","$","E","M","R","BOSS"],"items_purchased_type":["Relic"],"build_version":"2020-11-30","purchased_purges":0,"victory":false,"max_hp_per_floor":[85,85,85,85,85,85,85,90,90,90,90,90,90,90,90,90,90],"card_choices":[{"not_picked":["construct:Forcefield","chefmod:HotSoup","construct:FlakBarrage"],"picked":"SKIP","floor":1},{"not_picked":["construct:Autoturret","construct:SyphonStrike"],"picked":"chefmod:Omelette","floor":2},{"not_picked":["construct:Synchronize","chefmod:SliceAndDice"],"picked":"chefmod:Puree","floor":5},{"not_picked":["chefmod:TwoForOne","chefmod:Mince"],"picked":"chefmod:SushiPlatter","floor":6},{"not_picked":["construct:FierceBash","chefmod:BaoBuns"],"picked":"chefmod:Chop","floor":7},{"not_picked":["chefmod:BananaSplit+1","chefmod:DeathByChocolate+1"],"picked":"construct:Afterburners+1","floor":10},{"not_picked":["construct:ElectricArmor+1","chefmod:SpaghettiCarbonara+1"],"picked":"construct:HardReboot+1","floor":10},{"not_picked":["chefmod:SushiPlatter","construct:HastyRepair","chefmod:PrepCook","chefmod:FullCourseMeal"],"picked":"SKIP","floor":13},{"not_picked":["chefmod:Granita","construct:Versatility","chefmod:FreezeSolid"],"picked":"construct:Autoturret","floor":14}],"player_experience":836774,"relics_obtained":[{"floor":4,"key":"Boot"},{"floor":6,"key":"Anchor"},{"floor":9,"key":"Blue Candle"},{"floor":13,"key":"Art of War"}],"event_choices":[{"damage_healed":0,"gold_gain":0,"player_choice":"Take Wound","damage_taken":0,"relics_obtained":["Golden Idol"],"max_hp_gain":0,"max_hp_loss":0,"event_name":"Golden Idol","floor":3,"gold_loss":0,"cards_obtained":["Injury"]},{"damage_healed":0,"gold_gain":0,"player_choice":"Donut","damage_taken":0,"max_hp_gain":5,"max_hp_loss":0,"event_name":"Big Fish","floor":8,"gold_loss":0},{"damage_healed":0,"gold_gain":0,"player_choice":"2","damage_taken":0,"max_hp_gain":0,"max_hp_loss":0,"event_name":"betterMatch:BetterMatch","floor":10,"gold_loss":0,"cards_obtained":["betterMatch:RareCard","betterMatch:UncommonCard"]}],"is_beta":false,"boss_relics":[],"items_purged_floors":[],"is_endless":false,"potions_floor_spawned":[5,7,13],"killed_by":"Hexaghost","ascension_level":1}}