{"host":"fdq5pmhluajjrf8d","time":1607805472,"event":{"mods":["BaseMod","Minty Spire (QoL Compilation)"],"gold_per_floor":[115,128,144,37,55,55,87,50,50,62,62,62,77,145,145,216,216,236,236,249,249,249,249],"floor_reached":22,"playtime":1517,"items_purged":[],"score":363,"play_id":"2550e28d-93a7-4e20-8de4-bd2aae352a7d","local_time":"20201212153752","is_ascension_mode":true,"campfire_choices":[{"data":"Creative AI","floor":6,"key":"SMITH"},{"data":"Zap","floor":12,"key":"SMITH"},{"floor":15,"key":"REST"}],"circlet_count":0,"master_deck":["AscendersBane","Strike_B","Strike_B","Strike_B","Defend_B","Defend_B","Defend_B","Defend_B","Zap+1","Dualcast","Tempest","Gash","Consume","Rebound","Recycle","Creative AI+1","Loop+1","Reinforced Body","Redo","Biased Cognition+1"],"relics":["Cracked Core","MealTicket","Frozen Egg 2","Thread and Needle","Molten Egg 2","Empty Cage"],"acts_visited":["Exordium","TheCity"],"potions_floor_usage":[10,20],"damage_taken":[{"damage":1,"enemies":"Cultist","floor":1,"turns":3},{"damage":3,"enemies":"2 Louse","floor":2,"turns":3},{"damage":6,"enemies":"Jaw Worm","floor":3,"turns":4},{"damage":11,"enemies":"Blue Slaver","floor":5,"turns":3},{"damage":32,"enemies":"Gremlin Nob","floor":7,"turns":4},{"damage":0,"enemies":"3 Louse","floor":10,"turns":1},{"damage":30,"enemies":"Lots of Slimes","floor":13,"turns":3},{"damage":46,"enemies":"The Guardian","floor":16,"turns":11},{"damage":31,"enemies":"Shell Parasite","floor":18,"turns":5},{"damage":20,"enemies":"Chosen","floor":20,"turns":7},{"damage":20,"enemies":"Snecko","floor":22,"turns":3}],"seed_played":"2521999295694202250","potions_obtained":[{"floor":1,"key":"SpeedPotion"},{"floor":5,"key":"DuplicationPotion"},{"floor":10,"key":"FearPotion"},{"floor":13,"key":"LiquidMemories"},{"floor":20,"key":"Dexterity Potion"}],"is_trial":false,"path_per_floor":["M","M","M","$","M","R","E","$","T","M","?","R","M","T","R","B",null,"M","?","M","?","M"],"character_chosen":"DEFECT","items_purchased":["Rebound","Recycle","Loop+1"],"campfire_rested":1,"item_purchase_floors":[4,4,8],"current_hp_per_floor":[63,60,54,69,58,58,26,41,41,41,58,58,28,28,49,3,52,21,21,1,15,0,0],"gold":249,"neow_bonus":"RANDOM_COMMON_RELIC","is_daily":false,"chose_seed":false,"campfire_upgraded":2,"win_rate":0.0,"timestamp":1607805472,"path_taken":["M","M","M","$","?","R","E","$","T","M","?","R","M","?","R","BOSS","M","?","M","?","M"],"items_purchased_type":["Card","Card","Card"],"build_version":"2020-11-30","purchased_purges":0,"victory":false,"max_hp_per_floor":[71,71,71,71,71,71,71,71,71,71,71,71,71,71,71,71,68,68,68,68,68,68,68],"card_choices":[{"not_picked":["Lockon","Stack"],"picked":"Tempest","floor":1},{"not_picked":["Redo","Leap"],"picked":"Gash","floor":2},{"not_picked":["Coolheaded","Barrage"],"picked":"Consume","floor":3},{"not_picked":["Barrage","Coolheaded"],"picked":"Creative AI","floor":5},{"not_picked":["Lockon","Sweeping Beam","Coolheaded"],"picked":"SKIP","floor":7},{"not_picked":["Loop+1","Leap"],"picked":"Reinforced Body","floor":10},{"not_picked":["Compile Driver","Ball Lightning"],"picked":"Redo","floor":13},{"not_picked":["Rainbow","Core Surge+1"],"picked":"Biased Cognition+1","floor":16},{"not_picked":["Coolheaded","Rebound+1","Beam Cell+1"],"picked":"SKIP","floor":18},{"not_picked":["Coolheaded","Compile Driver+1","Leap"],"picked":"SKIP","floor":20}],"player_experience":1830336,"relics_obtained":[{"floor":7,"key":"Frozen Egg 2"},{"floor":9,"key":"Thread and Needle"},{"floor":14,"key":"Molten Egg 2"}],"event_choices":[{"damage_healed":17,"gold_gain":0,"player_choice":"Healed and dodged fight","damage_taken":0,"max_hp_gain":0,"max_hp_loss":0,"event_name":"Mushrooms","floor":11,"gold_loss":0,"cards_obtained":["Parasite"]},{"damage_healed":0,"gold_gain":0,"player_choice":"Ignored","damage_taken":0,"max_hp_gain":0,"max_hp_loss":0,"event_name":"Ghosts","floor":19,"gold_loss":0},{"damage_healed":14,"gold_gain":0,"player_choice":"Heal","damage_taken":0,"max_hp_gain":0,"max_hp_loss":0,"event_name":"The Library","floor":21,"gold_loss":0}],"is_beta":false,"boss_relics":[{"not_picked":["SlaversCollar","Coffee Dripper"],"picked":"Empty Cage"}],"items_purged_floors":[],"is_endless":false,"potions_floor_spawned":[1,5,10,13,20],"killed_by":"Snecko","ascension_level":19}}