{"host":"lck2g1j0kcwr02ez","time":1607777700,"event":{"mods":["Act Like it!","BaseMod","Hallownest","KinomotoSakuraMod(Ä¾Ö®±¾Ó£)","Marked Mod","Minty Spire (QoL Compilation)","Prisma Mod","Rare Cards Sparkle","StSLib","The Bug Knight"],"gold_per_floor":[115,115,135,145,162,162,195,4884,4910,4921,4932,4932,3979,3909,3909,4012,4012,4030,3246,3262,3262,3280,3311,3330,2585,2585,2585,2611,2630,2657,2673,2673,2773,2773,2789,1907,1727,1742,1442,1442,1442,1357,1357,291,310,2307,2325,2352,2352,2455,2455,2455,1301,1333,1333,1333],"floor_reached":55,"playtime":3912,"items_purged":["HollowMod:NailStrikeStart","HollowMod:QuickDashStart","HollowMod:NailStrikeStart","HollowMod:QuickDashStart","HollowMod:NailStrikeStart","Regret","HollowMod:QuickDashStart","HollowMod:FallenFury+1"],"score":993,"play_id":"7c92f4ab-811e-48a9-aa29-88e602cce462","local_time":"20201212205500","is_ascension_mode":true,"campfire_choices":[{"data":"HollowMod:FallenFury","floor":6,"key":"SMITH"},{"data":"HollowMod:FallenFury","floor":12,"key":"SMITH"},{"floor":15,"key":"RECALL"},{"data":"HollowMod:GrimmsGift","floor":27,"key":"SMITH"},{"data":"HollowMod:HornetsHelp","floor":32,"key":"SMITH"},{"data":"HollowMod:RecoilStrike","floor":40,"key":"SMITH"},{"data":"HollowMod:AwokenDreamNail","floor":49,"key":"SMITH"},{"data":"HollowMod:DashSlash","floor":52,"key":"SMITH"}],"circlet_count":0,"master_deck":["HollowMod:FocusHealStart","HollowMod:PogoStrike+1","HollowMod:FallenFury+1","HollowMod:BaldurShell","HollowMod:VengefulSpirit","HollowMod:RecoilStrike+1","HollowMod:DoubleDash+1","HollowMod:DashSlash+1","HollowMod:Weaversong","HollowMod:SoulSplash","HollowMod:HornetsHelp+1","HollowMod:GrimmsGift+1","HollowMod:AwokenDreamNail+1","HollowMod:MonarchWings+1","HollowMod:DoubleDash","HollowMod:Weaversong","HollowMod:HowlingWraiths+1","HollowMod:HeavyBlow+1","HollowMod:DashSlash+1","HollowMod:RecoilStrike+1","HollowMod:RecoilStrike+1","HollowMod:CoiledNail","HollowMod:PureVessel","HollowMod:PerfectDash+1","HollowMod:CycloneSlash+1","HollowMod:NewLastStag+1","Hallownest:skillKingdomsEdgeMap+1","Master of Strategy+1","HollowMod:ChannelNail+1","HollowMod:DesolateDive+1","Panacea+1","Master of Strategy+1","HollowMod:MonarchWings+1","Beam Cell+1","Disarm+1","ConjureBlade+1","Metamorphosis+1","HollowMod:CloakDash+1","HollowMod:GrimmsGift+1"],"relics":["HollowMod:VesselMask","Hallownest:DreamNailRelic","MawBank","Bronze Scales","Boot","Gremlin Horn","Letter Opener","Orrery","Philosopher\u0027s Stone","Chemical X","HollowMod:MantisClawRelic","Strawberry","Red Mask","Art of War","Whetstone","StoneCalendar","Toolbox","Mummified Hand","Juzu Bracelet","War Paint","Cursed Key","ClockworkSouvenir","InkBottle","Toxic Egg 2","Hallownest:StagBellStandRelic","HornCleat","Eternal Feather","Strange Spoon","HollowMod:DelicateFlower","HollowMod:QueensCombRelic","PrismaticShard","Bird Faced Urn","Medical Kit","Blood Vial","Pantograph","HollowMod:LumaflyLanternRelic"],"acts_visited":["Exordium","Hallownest:Greenpath","Hallownest:CityofTears","TheEnding"],"potions_floor_usage":[16,16,16,16,16,16,23,28,33,35,50,50,54,55],"damage_taken":[{"damage":0,"enemies":"Hallownest:monsterHuskWarrior","floor":1,"turns":4},{"damage":2,"enemies":"Hallownest:monsterHuskGuard","floor":3,"turns":3},{"damage":11,"enemies":"Hallownest:2_MossCreeps","floor":4,"turns":4},{"damage":26,"enemies":"Hallownest:monsterFoolEater","floor":5,"turns":3},{"damage":14,"enemies":"Hallownest:eliteCrystalGuardian","floor":7,"turns":5},{"damage":0,"enemies":"Hallownest:monsterMossCharger","floor":10,"turns":2},{"damage":1,"enemies":"Hallownest:1_Baldur_1_Crawlid_1_Warrior","floor":11,"turns":3},{"damage":5,"enemies":"Hallownest:BossBrokenVessel","floor":16,"turns":3},{"damage":12,"enemies":"Hallownest:2_Mistakes","floor":18,"turns":4},{"damage":22,"enemies":"Hallownest:Flukemon_and_Top","floor":20,"turns":4},{"damage":7,"enemies":"Hallownest:monsterShrumalOgre","floor":22,"turns":4},{"damage":6,"enemies":"Hallownest:Nosk","floor":23,"turns":7},{"damage":26,"enemies":"Hallownest:2_Husk_Sentries","floor":24,"turns":5},{"damage":0,"enemies":"Hallownest:eliteSoulWarrior","floor":28,"turns":3},{"damage":0,"enemies":"Hallownest:Warrior_and_Youth","floor":29,"turns":1},{"damage":0,"enemies":"Hallownest:Nosk","floor":30,"turns":3},{"damage":0,"enemies":"Hallownest:Master_and_Novice","floor":31,"turns":2},{"damage":2,"enemies":"Hallownest:BossSoulMaster","floor":33,"turns":5},{"damage":7,"enemies":"Hallownest:2_Littles","floor":35,"turns":3},{"damage":0,"enemies":"Hallownest:Shield_Heavy","floor":38,"turns":3},{"damage":0,"enemies":"Hallownest:Shield_Sturdy","floor":45,"turns":3},{"damage":2,"enemies":"Hallownest:Slobbering_and_Violent","floor":47,"turns":3},{"damage":0,"enemies":"Hallownest:eliteCollector","floor":48,"turns":3},{"damage":5,"enemies":"Hallownest:BossHollowKnight","floor":50,"turns":5},{"damage":24,"enemies":"Shield and Spear","floor":54,"turns":3},{"damage":62,"enemies":"The Heart","floor":55,"turns":5}],"seed_played":"5010910887966439181","potions_obtained":[{"floor":1,"key":"Strength Potion"},{"floor":5,"key":"BlessingOfTheForge"},{"floor":10,"key":"EntropicBrew"},{"floor":18,"key":"LiquidBronze"},{"floor":24,"key":"Ancient Potion"},{"floor":28,"key":"Ancient Potion"},{"floor":33,"key":"BlessingOfTheForge"}],"is_trial":false,"path_per_floor":["M","?","M","M","M","R","E","$","T","M","M","R","$","?","R","B",null,"M","$","M","?","M","E","M","$","T","R","E","M","E","M","R","B",null,"M","$","?","M","?","R","?","?","T","$","M","$","M","E","R","B",null,"R","$","E","B"],"character_chosen":"THE_BUGKNIGHT","items_purchased":["SkillPotion","Bronze Scales","HollowMod:DashSlash","Gremlin Horn","Letter Opener","HollowMod:Weaversong","HollowMod:SoulSplash","Orrery","Chemical X","HollowMod:MantisClawRelic","Strawberry","Energy Potion","Ancient Potion","Whetstone","StoneCalendar","Toolbox","ClockworkSouvenir","InkBottle","Toxic Egg 2","DistilledChaos","HornCleat","Eternal Feather","Master of Strategy+1","Strange Spoon","HollowMod:ChannelNail+1","AttackPotion","Panacea+1","Master of Strategy+1","HollowMod:DelicateFlower","HollowMod:QueensCombRelic","PrismaticShard","HollowMod:MonarchWings+1","Medical Kit","Metamorphosis+1","Blood Vial","Pantograph","HollowMod:CloakDash+1","AttackPotion","EssenceOfSteel"],"campfire_rested":0,"item_purchase_floors":[8,8,8,13,13,13,13,13,19,19,19,19,19,25,25,25,36,36,36,36,44,44,44,44,44,46,46,46,46,46,46,46,53,53,53,53,53,53,53],"current_hp_per_floor":[64,64,62,51,25,25,11,11,11,11,10,10,10,10,10,5,75,63,70,48,48,41,35,9,9,9,9,9,9,9,9,9,7,82,75,75,75,75,75,75,75,75,75,75,75,54,52,54,54,49,54,54,54,30,0,0],"gold":1333,"neow_bonus":"REMOVE_TWO","is_daily":false,"chose_seed":false,"campfire_upgraded":7,"win_rate":0.0,"timestamp":1607777700,"path_taken":["M","?","M","M","?","R","E","$","T","M","M","R","$","?","R","BOSS","M","$","M","?","M","E","M","$","T","R","E","M","E","M","R","BOSS","M","$","?","M","?","R","?","?","T","?","M","$","M","E","R","BOSS","R","$","E","BOSS"],"items_purchased_type":["Potion","Relic","Card","Relic","Relic","Card","Card","Relic","Relic","Relic","Relic","Potion","Potion","Relic","Relic","Relic","Relic","Relic","Relic","Potion","Relic","Relic","Card","Relic","Card","Potion","Card","Card","Relic","Relic","Relic","Card","Relic","Card","Relic","Relic","Card","Potion","Potion"],"build_version":"2020-11-30","purchased_purges":8,"victory":false,"max_hp_per_floor":[75,75,75,75,75,75,75,75,75,75,75,75,75,75,75,75,75,75,82,82,82,82,82,82,82,82,82,82,82,82,82,82,82,82,82,82,82,82,82,82,82,82,82,82,82,54,54,54,54,54,54,54,54,54,54,54],"card_choices":[{"not_picked":["HollowMod:GoodIntentions","HollowMod:NewLittleFool"],"picked":"HollowMod:FallenFury","floor":1},{"not_picked":["HollowMod:VengefulVoid","HollowMod:ChannelNail"],"picked":"HollowMod:BaldurShell","floor":3},{"not_picked":["HollowMod:BaldurShell","HollowMod:SiblingsSouls"],"picked":"HollowMod:VengefulSpirit","floor":4},{"not_picked":["HollowMod:PerfectDash","HollowMod:BlackTendrils"],"picked":"HollowMod:RecoilStrike","floor":5},{"not_picked":["HollowMod:CornifersMapStart","HollowMod:GrimmsGift"],"picked":"HollowMod:DoubleDash","floor":7},{"not_picked":["HollowMod:Grubsong","HollowMod:MonarchWings"],"picked":"HollowMod:FallenFury","floor":10},{"not_picked":["HollowMod:SiblingsShadow","HollowMod:SharpenedNail","HollowMod:NewLittleFool"],"picked":"SKIP","floor":11},{"not_picked":["HollowMod:LifebloodCocoon","HollowMod:SharpenedShadows"],"picked":"HollowMod:HornetsHelp","floor":13},{"not_picked":["HollowMod:CloakDash","HollowMod:SoulSplash"],"picked":"HollowMod:GrimmsGift","floor":13},{"not_picked":["HollowMod:SharpenedNail","HollowMod:DoubleDash"],"picked":"HollowMod:AwokenDreamNail","floor":13},{"not_picked":["HollowMod:GreatSlash","HollowMod:Grubsong"],"picked":"HollowMod:MonarchWings","floor":13},{"not_picked":["HollowMod:LifebloodCore","HollowMod:SoulSplash"],"picked":"HollowMod:DoubleDash","floor":13},{"not_picked":["HollowMod:theNailsmith","HollowMod:AwokenDreamNail"],"picked":"HollowMod:Weaversong","floor":16},{"not_picked":["HollowMod:GoodIntentions","HollowMod:TaintedHusks","HollowMod:DoubleDash"],"picked":"SKIP","floor":18},{"not_picked":["HollowMod:VengefulSpirit","HollowMod:GoodIntentions"],"picked":"HollowMod:HowlingWraiths","floor":20},{"not_picked":["HollowMod:DoubleDash+1","HollowMod:AbyssShriek+1"],"picked":"HollowMod:HeavyBlow+1","floor":22},{"not_picked":["HollowMod:Hiveblood","HollowMod:GoodIntentions"],"picked":"HollowMod:DashSlash+1","floor":23},{"not_picked":["HollowMod:CornifersMapStart+1","HollowMod:VengefulSpirit"],"picked":"HollowMod:RecoilStrike+1","floor":24},{"not_picked":["HollowMod:HuntersJournal","HollowMod:MonomonsArchive"],"picked":"HollowMod:RecoilStrike+1","floor":28},{"not_picked":["HollowMod:DescendingDark","HollowMod:NewLittleFool","HollowMod:CornifersMapStart+1"],"picked":"SKIP","floor":29},{"not_picked":["HollowMod:DreamGate","HollowMod:DungDefenderAura","HollowMod:DescendingDark"],"picked":"SKIP","floor":30},{"not_picked":["HollowMod:SharpenedNail","HollowMod:BrokenVessel"],"picked":"HollowMod:CoiledNail","floor":31},{"not_picked":["HollowMod:theNailsmith","HollowMod:AwokenDreamNail"],"picked":"HollowMod:PureVessel","floor":33},{"not_picked":["HollowMod:CycloneSlash","HollowMod:InfectionAssault+1"],"picked":"HollowMod:PerfectDash+1","floor":35},{"not_picked":["HollowMod:ShadowDash+1","HollowMod:InfectedCysts"],"picked":"HollowMod:CycloneSlash+1","floor":38},{"not_picked":["HollowMod:CrystalDash+1","HollowMod:ChannelNail+1"],"picked":"HollowMod:DesolateDive+1","floor":45},{"not_picked":["HollowMod:NewLittleFool+1","HollowMod:WraithStrike"],"picked":"Beam Cell+1","floor":47},{"not_picked":["HollowMod:SoulSplash+1","PrismaMod:MiyuUberDefend+1"],"picked":"Disarm+1","floor":48},{"not_picked":["Corpse Explosion+1","Multi-Cast+1"],"picked":"ConjureBlade+1","floor":50},{"not_picked":["Tempest+1","HollowMod:CrystalDash+1"],"picked":"HollowMod:GrimmsGift+1","floor":54}],"player_experience":211687,"relics_obtained":[{"floor":7,"key":"MawBank"},{"floor":9,"key":"Boot"},{"floor":23,"key":"Art of War"},{"floor":26,"key":"Mummified Hand"},{"floor":28,"key":"Juzu Bracelet"},{"floor":30,"key":"War Paint"},{"floor":48,"key":"Bird Faced Urn"},{"floor":54,"key":"HollowMod:LumaflyLanternRelic"}],"event_choices":[],"is_beta":false,"boss_relics":[{"not_picked":["Velvet Choker","Busted Crown"],"picked":"Philosopher\u0027s Stone"},{"not_picked":["SacredBark","Pandora\u0027s Box"],"picked":"Cursed Key"}],"items_purged_floors":[8,13,19,25,36,44,46,53],"is_endless":false,"potions_floor_spawned":[1,5,10,18,20,24,28,33,38,45,48],"killed_by":"The Heart","ascension_level":4}}