{"host":"j4g6ia6asvpyu2b0","time":1607805722,"event":{"mods":["BaseMod","Colored Map","Minty Spire (QoL Compilation)","Permanent Neow","Quick Restart","Relic Stats","StSLib","Unceasing Turn Reminder"],"gold_per_floor":[113,113,125,140,140,173,199,236,321,608,631,678,690,713,725,737,737],"floor_reached":16,"playtime":376,"items_purged":[],"score":128,"play_id":"3ae0fbd8-99c4-488d-a7ab-009168381d6f","local_time":"20201212134202","is_ascension_mode":true,"campfire_choices":[{"floor":15,"key":"REST"}],"circlet_count":0,"master_deck":["Strike_B","Strike_B","Strike_B","Strike_B","Defend_B","Defend_B","Zap","Dualcast","Buffer","Genetic Algorithm","Turbo","Consume","Ball Lightning","Ball Lightning","Regret","Sweeping Beam","Creative AI","Biased Cognition","Zap","Barrage"],"relics":["Cracked Core","MawBank","Dead Branch","Nunchaku"],"acts_visited":["Exordium"],"potions_floor_usage":[11,11,12,16],"damage_taken":[{"damage":0,"enemies":"Small Slimes","floor":1,"turns":3},{"damage":0,"enemies":"Cultist","floor":3,"turns":4},{"damage":8,"enemies":"Jaw Worm","floor":4,"turns":3},{"damage":25,"enemies":"Gremlin Nob","floor":6,"turns":4},{"damage":0,"enemies":"Large Slime","floor":7,"turns":4},{"damage":4,"enemies":"Lagavulin","floor":8,"turns":6},{"damage":0,"enemies":"Red Slaver","floor":11,"turns":1},{"damage":24,"enemies":"3 Sentries","floor":12,"turns":5},{"damage":10,"enemies":"Looter","floor":14,"turns":2},{"damage":33,"enemies":"The Guardian","floor":16,"turns":4}],"seed_played":"7838756822031969649","potions_obtained":[{"floor":3,"key":"GamblersBrew"},{"floor":6,"key":"AttackPotion"},{"floor":7,"key":"AttackPotion"},{"floor":8,"key":"Swift Potion"},{"floor":11,"key":"Regen Potion"},{"floor":12,"key":"Weak Potion"}],"is_trial":false,"path_per_floor":["M","?","M","M","?","E","M","E","T","?","M","E","?","M","R","B"],"character_chosen":"DEFECT","items_purchased":[],"campfire_rested":1,"item_purchase_floors":[],"current_hp_per_floor":[75,75,75,67,60,35,35,31,31,31,31,21,21,11,33,0,0],"gold":737,"neow_bonus":"ONE_RANDOM_RARE_CARD","is_daily":false,"chose_seed":false,"campfire_upgraded":0,"win_rate":0.0,"timestamp":1607805722,"path_taken":["M","?","M","?","?","E","M","E","T","?","?","E","?","M","R","BOSS"],"items_purchased_type":[],"build_version":"2020-11-30","purchased_purges":0,"victory":false,"max_hp_per_floor":[75,75,75,75,75,75,75,75,75,75,75,75,75,75,75,75,75],"relic_stats":{"Nunchaku":[0],"counters":[10,36],"Dead Branch":[3],"MawBank":120,"obtain_stats":[{"Nunchaku":12,"Dead Branch":8,"Cracked Core":0,"MawBank":6},{"Nunchaku":8,"Dead Branch":6,"Cracked Core":0,"MawBank":4},{"Nunchaku":30,"Dead Branch":24,"Cracked Core":0,"MawBank":14}]},"card_choices":[{"not_picked":["Streamline","Go for the Eyes"],"picked":"Genetic Algorithm","floor":1},{"not_picked":["Barrage","Steam"],"picked":"Consume","floor":3},{"not_picked":["Turbo","Redo","Rebound"],"picked":"SKIP","floor":4},{"not_picked":["Hologram","Fusion"],"picked":"Ball Lightning","floor":6},{"not_picked":["Compile Driver","Steam Power"],"picked":"Ball Lightning","floor":7},{"not_picked":["Multi-Cast","Leap","Redo"],"picked":"SKIP","floor":8},{"not_picked":["Gash","Stack"],"picked":"Sweeping Beam","floor":11},{"not_picked":["Go for the Eyes","Static Discharge"],"picked":"Creative AI","floor":12},{"not_picked":["Blizzard","Scrape"],"picked":"Barrage","floor":14}],"player_experience":621073,"relics_obtained":[{"floor":6,"key":"MawBank"},{"floor":8,"key":"Dead Branch"},{"floor":12,"key":"Nunchaku"}],"event_choices":[{"damage_healed":0,"gold_gain":0,"cards_transformed":["Defend_B"],"player_choice":"Transformed","damage_taken":0,"max_hp_gain":0,"max_hp_loss":0,"event_name":"Transmorgrifier","floor":2,"gold_loss":0,"cards_obtained":["Turbo"]},{"cards_removed":["Defend_B"],"damage_healed":0,"gold_gain":0,"player_choice":"Card Removal","damage_taken":7,"max_hp_gain":0,"max_hp_loss":0,"event_name":"Golden Wing","floor":5,"gold_loss":0},{"damage_healed":0,"gold_gain":275,"player_choice":"Desecrate","damage_taken":0,"max_hp_gain":0,"max_hp_loss":0,"event_name":"Golden Shrine","floor":10,"gold_loss":0,"cards_obtained":["Regret"]},{"damage_healed":0,"gold_gain":0,"player_choice":"2 cards matched","damage_taken":0,"max_hp_gain":0,"max_hp_loss":0,"event_name":"Match and Keep!","floor":13,"gold_loss":0,"cards_obtained":["Biased Cognition","Zap"]}],"is_beta":false,"boss_relics":[],"items_purged_floors":[],"is_endless":false,"potions_floor_spawned":[3,6,7,8,11,12],"killed_by":"The Guardian","ascension_level":1}}