{"host":"t0dvtgwziqfh5pc4","time":1607756316,"event":{"mods":["BaseMod","Colored Powertips","Downfall","Hermit","Infinite Spire","Lobotomy","Minty Spire (QoL Compilation)","Quick Restart","Replay The Spire","SIMod","Shop Mod","StSLib","The Bug Knight","The Cursed","The Hierophant","The Jungle"],"gold_per_floor":[110,110,110,125,140,140,172,172,172,172,172,272,522,103,103,3,3],"floor_reached":16,"playtime":334,"items_purged":["Defend_P"],"score":192,"play_id":"d4c6a1cb-f8c0-4dad-9414-bb42e40a7c35","local_time":"20201212145836","daily_mods":["Heirloom","Flight"],"is_ascension_mode":true,"campfire_choices":[{"data":"TalkToTheHand","floor":6,"key":"SMITH"},{"data":"BowlingBash","floor":8,"key":"SMITH"},{"floor":11,"key":"REST"},{"data":"Eruption","floor":15,"key":"SMITH"}],"circlet_count":0,"master_deck":["AscendersBane","Strike_P","Defend_P","Defend_P","Defend_P","Eruption+1","Vigilance","Tantrum","Evaluate","Wallop","TalkToTheHand+1","CutThroughFate","BowlingBash+1","WheelKick+1","expansioncontent:QuickStudy"],"relics":["CloakClasp","VioletLotus","Ornamental Fan","Blue Candle","MerchantsRug"],"acts_visited":["Exordium"],"potions_floor_usage":[7],"damage_taken":[{"damage":0,"enemies":"2 Louse","floor":1,"turns":3},{"damage":0,"enemies":"Cultist","floor":4,"turns":2},{"damage":0,"enemies":"Small Slimes","floor":5,"turns":3},{"damage":48,"enemies":"Gremlin Nob","floor":7,"turns":4},{"damage":82,"enemies":"The Guardian","floor":16,"turns":5}],"seed_played":"2523123195526043615","potions_obtained":[{"floor":5,"key":"FearPotion"}],"is_trial":true,"path_per_floor":["M","WH","WH","M","M","R","E","R","T","?","R","WH","WH","$","R","B"],"character_chosen":"WATCHER","items_purchased":["MerchantsRug","expansioncontent:QuickStudy"],"campfire_rested":1,"item_purchase_floors":[14,14],"current_hp_per_floor":[61,61,61,61,61,61,13,13,13,13,31,31,31,31,31,0,0],"gold":3,"neow_bonus":"TWO_FIFTY_GOLD","is_daily":false,"chose_seed":false,"campfire_upgraded":3,"win_rate":0.0,"timestamp":1607756316,"path_taken":["M","WH","WH","M","M","R","E","R","T","?","R","WH","WH","$","R","BOSS"],"items_purchased_type":["Relic","Card"],"build_version":"2020-11-30","purchased_purges":1,"victory":false,"max_hp_per_floor":[68,68,62,62,62,62,62,62,62,62,62,62,62,62,62,62,62],"card_choices":[{"not_picked":["Sanctity","FearNoEvil"],"picked":"Tantrum","floor":1},{"not_picked":["WaveOfTheHand","Prostrate"],"picked":"TalkToTheHand","floor":4},{"not_picked":["Evaluate","Replay:BluntJabs"],"picked":"CutThroughFate","floor":5},{"not_picked":["WaveOfTheHand","Consecrate"],"picked":"BowlingBash","floor":7}],"player_experience":97273,"relics_obtained":[{"floor":7,"key":"Ornamental Fan"},{"floor":9,"key":"Blue Candle"}],"event_choices":[],"is_beta":false,"boss_relics":[],"items_purged_floors":[14],"is_endless":false,"potions_floor_spawned":[5],"killed_by":"The Guardian","ascension_level":20}}