{"host":"vzugls1u57eppbds","time":1607810503,"event":{"mods":["AchievementEnabler","BaseMod","Better Third Choice","Minty Spire (QoL Compilation)","Relic Stats","Shop Mod","StSLib","The IronCluck"],"gold_per_floor":[119,170,27,102,56,56,89,107,160,185,253,272,287,315,315,415,415,435,449,449,449,449],"floor_reached":21,"playtime":427,"items_purged":[],"score":336,"play_id":"d82b8b82-aef7-462d-bad7-3f9695e92e4b","local_time":"20201212230143","is_ascension_mode":true,"campfire_choices":[{"data":"Wild Strike","floor":6,"key":"SMITH"},{"floor":15,"key":"REST"}],"circlet_count":0,"master_deck":["Strike_R","Strike_R","Strike_R","Strike_R","Strike_R","Defend_R","Defend_R","Defend_R","Defend_R","Bash","Wild Strike","Wild Strike+1","Wild Strike","Inflame","Shrug It Off","Hemokinesis","Ghostly Armor","Feed","Wild Strike+1","Sword Boomerang"],"relics":["Burning Blood","NeowsBlessing","Sling","Blue Candle","MealTicket","Calipers","Shuriken","Charon\u0027s Ashes","Philosopher\u0027s Stone","Enchiridion"],"acts_visited":["Exordium","TheCity"],"potions_floor_usage":[16,16,21,21],"damage_taken":[{"damage":0,"enemies":"Small Slimes","floor":1,"turns":1},{"damage":0,"enemies":"Gremlin Nob","floor":7,"turns":1},{"damage":0,"enemies":"Jaw Worm","floor":8,"turns":1},{"damage":30,"enemies":"3 Sentries","floor":10,"turns":7},{"damage":0,"enemies":"Cultist","floor":12,"turns":2},{"damage":8,"enemies":"Red Slaver","floor":13,"turns":4},{"damage":8,"enemies":"Gremlin Nob","floor":14,"turns":3},{"damage":79,"enemies":"Hexaghost","floor":16,"turns":10},{"damage":14,"enemies":"2 Thieves","floor":18,"turns":3},{"damage":21,"enemies":"Shell Parasite","floor":19,"turns":3},{"damage":33,"enemies":"Shelled Parasite and Fungi","floor":21,"turns":3}],"seed_played":"3341839709246827988","potions_obtained":[{"floor":7,"key":"GamblersBrew"},{"floor":8,"key":"ElixirPotion"},{"floor":16,"key":"Regen Potion"},{"floor":19,"key":"ColorlessPotion"}],"is_trial":false,"path_per_floor":["M","?","$","?","$","R","E","M","T","E","T","M","M","E","R","B",null,"M","M","?","M"],"character_chosen":"IRONCLAD","items_purchased":["Sling","Wild Strike"],"campfire_rested":1,"item_purchase_floors":[3,5],"current_hp_per_floor":[78,78,78,67,67,67,73,79,79,55,55,61,59,57,80,7,62,54,39,23,0,0],"gold":449,"neow_bonus":"THREE_ENEMY_KILL","is_daily":false,"chose_seed":false,"campfire_upgraded":1,"win_rate":0.0,"timestamp":1607810503,"path_taken":["M","?","$","?","?","R","E","M","T","E","?","M","M","E","R","BOSS","M","M","?","M"],"items_purchased_type":["Relic","Card"],"build_version":"2020-11-30","purchased_purges":0,"victory":false,"max_hp_per_floor":[80,80,80,80,80,80,80,80,80,80,80,80,80,80,80,80,80,80,80,80,80,80],"relic_stats":{"counters":[11,38],"Shuriken":[10],"Blue Candle":[0],"MealTicket":0,"Charon\u0027s Ashes":[15],"obtain_stats":[{"Calipers":10,"NeowsBlessing":0,"Shuriken":11,"Blue Candle":7,"Enchiridion":20,"MealTicket":9,"Philosopher\u0027s Stone":17,"Charon\u0027s Ashes":14,"Sling":3,"Burning Blood":0},{"Calipers":4,"NeowsBlessing":0,"Shuriken":4,"Blue Candle":2,"Enchiridion":10,"MealTicket":3,"Philosopher\u0027s Stone":8,"Charon\u0027s Ashes":7,"Sling":1,"Burning Blood":0},{"Calipers":10,"NeowsBlessing":0,"Shuriken":10,"Blue Candle":2,"Enchiridion":35,"MealTicket":3,"Philosopher\u0027s Stone":29,"Charon\u0027s Ashes":19,"Sling":1,"Burning Blood":0}],"Burning Blood":60},"card_choices":[{"not_picked":["Twin Strike","Disarm"],"picked":"Wild Strike","floor":1},{"not_picked":["Metallicize","Pommel Strike"],"picked":"Wild Strike","floor":7},{"not_picked":["Perfected Strike","True Grit"],"picked":"Inflame","floor":8},{"not_picked":["Metallicize","Clothesline"],"picked":"Shrug It Off","floor":10},{"not_picked":["Twin Strike","Headbutt"],"picked":"Hemokinesis","floor":12},{"not_picked":["Havoc","True Grit","Dropkick"],"picked":"SKIP","floor":13},{"not_picked":["Wild Strike","Thunderclap"],"picked":"Ghostly Armor","floor":14},{"not_picked":["Bludgeon","Immolate"],"picked":"Feed","floor":16},{"not_picked":["Armaments","Anger+1"],"picked":"Wild Strike+1","floor":18},{"not_picked":["Iron Wave","Intimidate"],"picked":"Sword Boomerang","floor":19}],"player_experience":208645,"relics_obtained":[{"floor":7,"key":"Blue Candle"},{"floor":9,"key":"MealTicket"},{"floor":10,"key":"Calipers"},{"floor":11,"key":"Shuriken"},{"floor":14,"key":"Charon\u0027s Ashes"},{"floor":20,"key":"Enchiridion"}],"event_choices":[{"damage_healed":0,"gold_gain":51,"player_choice":"Gained Gold","damage_taken":0,"max_hp_gain":0,"max_hp_loss":0,"event_name":"Golden Wing","floor":2,"gold_loss":0},{"damage_healed":0,"gold_gain":75,"player_choice":"Gold","damage_taken":11,"max_hp_gain":0,"max_hp_loss":0,"event_name":"betterThird:BetterGoop","floor":4,"gold_loss":0},{"damage_healed":0,"gold_gain":0,"player_choice":"Obtained Book","damage_taken":16,"max_hp_gain":0,"max_hp_loss":0,"event_name":"Cursed Tome","floor":20,"gold_loss":0}],"is_beta":false,"boss_relics":[{"not_picked":["Empty Cage","Runic Dome"],"picked":"Philosopher\u0027s Stone"}],"items_purged_floors":[],"is_endless":false,"potions_floor_spawned":[7,8,16,19],"killed_by":"Shelled Parasite and Fungi","ascension_level":8}}