{"host":"a1eatafr7pisesky","time":1607756025,"event":{"mods":["BaseMod","Colored Map","DeckTracker","Highlight Path","Keyboard Shortcuts","Minty Spire (QoL Compilation)","Permanent Neow","Random Character Button","StSLib","SuperFastMode","everything is the same but u backflip on backflip"],"gold_per_floor":[109,109,34,34,44,73,93,120,120,147,147,174,185,203,203,303,303,320,338,352,362,30,30,59,71,98,197,197,197,211,86,86,186,186,200,200,3,3,3,35,35,35,35],"floor_reached":42,"playtime":1393,"items_purged":["Strike_R","Strike_R","Strike_R"],"score":714,"play_id":"cdda7213-15e8-4f7d-bf2c-36108b3c565a","local_time":"20201212155345","is_ascension_mode":true,"campfire_choices":[{"floor":15.0,"key":"REST"},{"floor":23.0,"key":"REST"},{"floor":29.0,"key":"REST"},{"data":"Hemokinesis","floor":32.0,"key":"SMITH"},{"floor":41,"key":"REST"}],"circlet_count":0,"master_deck":["Strike_R+1","Defend_R","Defend_R","Defend_R","Bash","Hemokinesis+1","Cleave+1","Offering+1","Offering+1","Ghostly Armor+1","Wild Strike","Thunderclap","Battle Trance+1","Reaper","Blood for Blood","True Grit+1","Shockwave+1","Blood for Blood","Disarm+1","Second Wind+1","True Grit+1","Sentinel+1","Fiend Fire","Battle Trance+1","Warcry+1","Warcry+1","Carnage","Hemokinesis","Seeing Red+1"],"relics":["Black Blood","NeowsBlessing","Dream Catcher","Toxic Egg 2","Turnip","Whetstone","Anchor","Bird Faced Urn","OrangePellets","Blood Vial","Art of War","Nilry\u0027s Codex","Busted Crown","Orrery","Gremlin Horn"],"acts_visited":["Exordium","TheCity","TheBeyond"],"potions_floor_usage":[33,33,33,40,42],"damage_taken":[{"damage":0.0,"enemies":"2 Louse","floor":1.0,"turns":1.0},{"damage":0.0,"enemies":"Cultist","floor":5.0,"turns":1.0},{"damage":0.0,"enemies":"Gremlin Nob","floor":6.0,"turns":1.0},{"damage":16.0,"enemies":"Small Slimes","floor":7.0,"turns":2.0},{"damage":32.0,"enemies":"Lagavulin","floor":8.0,"turns":3.0},{"damage":10.0,"enemies":"Gremlin Nob","floor":10.0,"turns":2.0},{"damage":16.0,"enemies":"Lagavulin","floor":12.0,"turns":2.0},{"damage":8.0,"enemies":"3 Louse","floor":13.0,"turns":2.0},{"damage":9.0,"enemies":"Looter","floor":14.0,"turns":2.0},{"damage":49.0,"enemies":"The Guardian","floor":16.0,"turns":12.0},{"damage":28.0,"enemies":"2 Thieves","floor":18.0,"turns":3.0},{"damage":17.0,"enemies":"3 Byrds","floor":19.0,"turns":3.0},{"damage":35.0,"enemies":"Snake Plant","floor":20.0,"turns":4.0},{"damage":35.0,"enemies":"Sentry and Sphere","floor":21.0,"turns":5.0},{"damage":22.0,"enemies":"Book of Stabbing","floor":24.0,"turns":4.0},{"damage":15.0,"enemies":"Centurion and Healer","floor":25.0,"turns":5.0},{"damage":25.0,"enemies":"3 Cultists","floor":30.0,"turns":4.0},{"damage":35,"enemies":"Champ","floor":33,"turns":9},{"damage":49,"enemies":"3 Darklings","floor":35,"turns":3},{"damage":64,"enemies":"Nemesis","floor":40,"turns":5},{"damage":36,"enemies":"Giant Head","floor":42,"turns":6}],"seed_played":"6439568283981079702","potions_obtained":[{"floor":7.0,"key":"ColorlessPotion"},{"floor":10.0,"key":"ColorlessPotion"},{"floor":13.0,"key":"Strength Potion"},{"floor":14.0,"key":"EssenceOfSteel"},{"floor":18.0,"key":"Swift Potion"},{"floor":24.0,"key":"HeartOfIron"},{"floor":25.0,"key":"Block Potion"},{"floor":35,"key":"Regen Potion"},{"floor":40,"key":"SteroidPotion"}],"is_trial":false,"path_per_floor":["M","?","$","?","M","E","M","E","T","E","?","E","M","M","R","B",null,"M","M","M","M","$","R","E","M","T","?","?","R","M","$","R","B",null,"M","?","$","?","?","E","R","E"],"character_chosen":"IRONCLAD","items_purchased":["OrangePellets","Shockwave+1","Orrery","Swift Potion"],"campfire_rested":4,"item_purchase_floors":[22,22,37,37],"current_hp_per_floor":[78,71,71,71,77,80,70,44,44,40,40,30,28,25,49,8,62,60,66,45,24,24,48,40,49,49,49,33,57,52,52,52,39,70,55,55,55,55,55,19,41,7,7],"gold":35,"neow_bonus":"THREE_ENEMY_KILL","is_daily":false,"chose_seed":false,"campfire_upgraded":1,"win_rate":0.0,"timestamp":1607756025,"path_taken":["M","?","$","?","M","E","?","E","T","E","?","E","M","M","R","BOSS","M","M","M","M","$","R","E","?","T","?","?","R","M","$","R","BOSS","M","?","$","?","?","E","R","E"],"items_purchased_type":["Relic","Card","Relic","Potion"],"build_version":"2020-11-30","purchased_purges":3,"victory":false,"max_hp_per_floor":[80,80,80,80,80,80,80,80,80,80,80,80,80,80,80,80,80,80,80,80,80,80,80,80,80,80,80,80,80,80,80,80,80,80,80,80,80,76,76,76,76,76,76],"card_choices":[{"not_picked":["Flex","Intimidate"],"picked":"Hemokinesis","floor":1.0},{"not_picked":["Intimidate","Flex","Cleave"],"picked":"SKIP","floor":5.0},{"not_picked":["Intimidate","Flex"],"picked":"Cleave","floor":5.0},{"not_picked":["Body Slam","Pommel Strike"],"picked":"Offering+1","floor":6.0},{"not_picked":["Rage+1","Heavy Blade"],"picked":"Fire Breathing","floor":7.0},{"not_picked":["Pommel Strike","Havoc+1"],"picked":"Offering+1","floor":8.0},{"not_picked":["Searing Blow","Body Slam"],"picked":"Ghostly Armor+1","floor":10.0},{"not_picked":["Havoc+1","Sentinel+1"],"picked":"Wild Strike","floor":12.0},{"not_picked":["Pommel Strike","Clothesline","Infernal Blade+1"],"picked":"SKIP","floor":13.0},{"not_picked":["Wild Strike","Headbutt"],"picked":"Thunderclap","floor":14.0},{"not_picked":["Feel No Pain","Sword Boomerang"],"picked":"Battle Trance+1","floor":15.0},{"not_picked":["Impervious+1","Corruption"],"picked":"Reaper","floor":16.0},{"not_picked":["Dark Embrace+1","Combust"],"picked":"Blood for Blood","floor":18.0},{"not_picked":["Flex+1","Perfected Strike+1"],"picked":"True Grit+1","floor":19.0},{"not_picked":["Searing Blow","Headbutt","Whirlwind"],"picked":"SKIP","floor":20.0},{"not_picked":["Battle Trance+1","Spot Weakness+1","Metallicize"],"picked":"SKIP","floor":21.0},{"not_picked":["Sword Boomerang","Heavy Blade"],"picked":"Blood for Blood","floor":23.0},{"not_picked":["Iron Wave","Clash"],"picked":"Disarm+1","floor":24.0},{"not_picked":["Reckless Charge","Flex+1"],"picked":"Second Wind+1","floor":25.0},{"not_picked":["Wild Strike","Anger+1"],"picked":"True Grit+1","floor":29.0},{"not_picked":["True Grit+1","Pommel Strike"],"picked":"Sentinel+1","floor":30.0},{"not_picked":["Bludgeon","Impervious+1"],"picked":"Fiend Fire","floor":33},{"not_picked":["Cleave"],"picked":"SKIP","floor":35},{"not_picked":[],"picked":"Battle Trance+1","floor":37},{"not_picked":[],"picked":"Warcry+1","floor":37},{"not_picked":[],"picked":"Warcry+1","floor":37},{"not_picked":[],"picked":"Carnage","floor":37},{"not_picked":[],"picked":"Seeing Red+1","floor":40}],"player_experience":197759,"relics_obtained":[{"floor":6.0,"key":"Toxic Egg 2"},{"floor":8.0,"key":"Turnip"},{"floor":9.0,"key":"Whetstone"},{"floor":10.0,"key":"Anchor"},{"floor":12.0,"key":"Bird Faced Urn"},{"floor":24.0,"key":"Blood Vial"},{"floor":26.0,"key":"Art of War"},{"floor":28.0,"key":"Nilry\u0027s Codex"},{"floor":40,"key":"Gremlin Horn"}],"event_choices":[{"damage_healed":0.0,"max_hp_gain":0.0,"max_hp_loss":0.0,"gold_gain":0.0,"event_name":"Scrap Ooze","player_choice":"Success","floor":2.0,"gold_loss":0.0,"damage_taken":7.0,"relics_obtained":["Dream Catcher"]},{"damage_healed":0.0,"max_hp_gain":0.0,"max_hp_loss":0.0,"gold_gain":0.0,"event_name":"WeMeetAgain","player_choice":"Ignored","floor":4.0,"gold_loss":0.0,"damage_taken":0.0},{"cards_removed":["Strike_R"],"damage_healed":0.0,"max_hp_gain":0.0,"max_hp_loss":0.0,"gold_gain":0.0,"event_name":"Bonfire Elementals","player_choice":"Offered Basic","floor":11.0,"gold_loss":0.0,"damage_taken":0.0},{"damage_healed":0.0,"max_hp_gain":0.0,"max_hp_loss":0.0,"gold_gain":99.0,"event_name":"Nest","player_choice":"Stole From Cult","floor":27.0,"gold_loss":0.0,"damage_taken":0.0},{"damage_healed":0.0,"max_hp_gain":0.0,"max_hp_loss":0.0,"gold_gain":0.0,"event_name":"Cursed Tome","player_choice":"Obtained Book","floor":28.0,"gold_loss":0.0,"damage_taken":16.0},{"cards_removed":["Fire Breathing"],"damage_healed":0,"gold_gain":0,"player_choice":"Removed Power","damage_taken":0,"max_hp_gain":0,"max_hp_loss":0,"event_name":"Falling","floor":36,"gold_loss":0},{"damage_healed":0,"gold_gain":0,"player_choice":"Max HP","damage_taken":0,"max_hp_gain":0,"max_hp_loss":4,"event_name":"Winding Halls","floor":38,"gold_loss":0},{"damage_healed":0,"gold_gain":0,"cards_transformed":["Defend_R"],"player_choice":"Transformed","damage_taken":0,"max_hp_gain":0,"max_hp_loss":0,"event_name":"Transmorgrifier","floor":39,"gold_loss":0,"cards_obtained":["Hemokinesis"]}],"is_beta":false,"boss_relics":[{"not_picked":["Cursed Key","Sozu"],"picked":"Black Blood"},{"not_picked":["Black Star","Pandora\u0027s Box"],"picked":"Busted Crown"}],"items_purged_floors":[3,22,31],"is_endless":false,"potions_floor_spawned":[7,10,13,14,18,24,25,30,35,40],"killed_by":"Giant Head","ascension_level":6}}