{"host":"re9xirrjoezsqg3h","time":1607784939,"event":{"mods":["AchievementEnabler","BaseMod","Dota2Spire","Downfall","GifTheSpireLib","Hermit","Luminous","Minty Spire (QoL Compilation)","Replay The Spire","Robot Space Explorer","StSLib","The Administrix","The Bug Knight","The Cursed","[IsaacMod]ÒÔÈö¼âËþ"],"gold_per_floor":[115,115,133,133,150,150,165,165,247,347,367,380,380,390,390,493,493,513,612,612,380,380,380,380,394,394,394,494,514,514,514],"floor_reached":30,"playtime":1073,"items_purged":["hermit:Defend_Hermit"],"score":220,"play_id":"372a1d3e-4924-43af-bffa-f78b77b9cecb","local_time":"20201212225539","is_ascension_mode":false,"campfire_choices":[{"data":"hermit:Snipe","floor":6,"key":"SMITH"},{"data":"hermit:Showdown","floor":8,"key":"SMITH"},{"data":"DoctorFetus","floor":13,"key":"SMITH"},{"data":"hermit:HighCaliber","floor":15,"key":"SMITH"},{"data":"hermit:CalledShot","floor":23,"key":"SMITH"}],"circlet_count":0,"master_deck":["hermit:Strike_Hermit+1","hermit:Strike_Hermit","hermit:Strike_Hermit","hermit:Strike_Hermit","hermit:Defend_Hermit","hermit:Defend_Hermit","hermit:Defend_Hermit","hermit:Snapshot","hermit:Covet","DoctorFetus+1","hermit:CalledShot+1","hermit:HighCaliber+1","hermit:Snipe+1","hermit:Showdown+1","hermit:Determination","hermit:FullyLoaded"],"relics":["HushsDoor","Philosopher\u0027s Stone","MoneyPower","GuppysTail","Iron Hammer","Runic Pyramid","Vajra","PillsDrop","Sundial","Counterbalance","Dota2Spire:CrimsonGuard"],"acts_visited":["Exordium","TheCity"],"potions_floor_usage":[16,16,16,28],"damage_taken":[{"damage":6,"enemies":"Small Slimes","floor":1,"turns":3},{"damage":10,"enemies":"2 Louse","floor":3,"turns":4},{"damage":5,"enemies":"Jaw Worm","floor":5,"turns":3},{"damage":5,"enemies":"2 Fungi Beasts","floor":7,"turns":2},{"damage":8,"enemies":"Exordium Thugs","floor":11,"turns":3},{"damage":7,"enemies":"Exordium Wildlife","floor":12,"turns":3},{"damage":7,"enemies":"2 Fungi Beasts","floor":14,"turns":2},{"damage":22,"enemies":"The Guardian","floor":16,"turns":7},{"damage":0,"enemies":"3 Byrds","floor":18,"turns":2},{"damage":14,"enemies":"Shell Parasite","floor":25,"turns":3},{"damage":30,"enemies":"Colosseum Slavers","floor":28,"turns":4},{"damage":19,"enemies":"Colosseum Nobs","floor":28,"turns":3},{"damage":6,"enemies":"Shelled Parasite and Fungi","floor":29,"turns":3},{"damage":9,"enemies":"Centurion and Healer","floor":30,"turns":2}],"seed_played":"4535657564264941068","potions_obtained":[{"floor":5,"key":"ColorlessPotion"},{"floor":7,"key":"SpeedPotion"},{"floor":12,"key":"Adrenaline Potion"},{"floor":16,"key":"Adrenaline Potion"},{"floor":18,"key":"Fire Potion"}],"is_trial":false,"path_per_floor":["M","?","M","?","M","R","M","R","T","?","M","M","R","M","R","B",null,"M","?","?","$","?","R","?","M","T","$","?","M","M"],"character_chosen":"HERMIT","items_purchased":["Vajra"],"campfire_rested":0,"item_purchase_floors":[21],"current_hp_per_floor":[69,69,59,56,51,51,46,46,46,46,38,31,31,24,24,2,75,75,75,75,75,75,75,75,61,61,61,12,6,0,0],"gold":514,"neow_bonus":"BOSS_RELIC","is_daily":false,"chose_seed":false,"campfire_upgraded":5,"win_rate":0.0,"timestamp":1607784939,"path_taken":["M","?","M","?","M","R","M","R","T","?","M","M","R","M","R","BOSS","M","?","?","$","?","R","?","M","T","?","?","M","M"],"items_purchased_type":["Relic"],"build_version":"2020-11-30","purchased_purges":1,"victory":false,"max_hp_per_floor":[75,75,75,75,75,75,75,75,75,75,75,75,75,75,75,75,75,75,75,75,75,75,75,75,75,75,75,70,70,70,70],"card_choices":[{"not_picked":[],"picked":"DoctorFetus","floor":0},{"not_picked":["hermit:Roulette","hermit:Horror"],"picked":"hermit:CalledShot","floor":1},{"not_picked":["hermit:Feint","hermit:Scavenge"],"picked":"hermit:HighCaliber","floor":3},{"not_picked":["hermit:Glare","hermit:Manifest"],"picked":"hermit:Snipe","floor":5},{"not_picked":["hermit:Virtue","hermit:WideOpen"],"picked":"hermit:Showdown","floor":7},{"not_picked":["hermit:PistolWhip","hermit:Brawl"],"picked":"Bomb","floor":11},{"not_picked":["hermit:Headshot","hermit:Vantage"],"picked":"hermit:Determination","floor":12},{"not_picked":["hermit:LuckOfTheDraw","hermit:Midnight","hermit:DeadMansHand"],"picked":"SKIP","floor":14},{"not_picked":["hermit:Quickdraw","hermit:Desperado+1","hermit:Combo"],"picked":"SKIP","floor":18},{"not_picked":["hermit:Desperado","hermit:Vantage","hermit:TakeCover"],"picked":"SKIP","floor":25},{"not_picked":["hermit:GoldenBullet+1","hermit:Roulette+1"],"picked":"hermit:FullyLoaded","floor":29}],"player_experience":260685,"relics_obtained":[{"floor":9,"key":"Iron Hammer"},{"floor":26,"key":"Sundial"},{"floor":28,"key":"Counterbalance"},{"floor":28,"key":"Dota2Spire:CrimsonGuard"}],"event_choices":[{"damage_healed":0,"gold_gain":0,"player_choice":"Success","damage_taken":3,"relics_obtained":["GuppysTail"],"max_hp_gain":0,"max_hp_loss":0,"event_name":"Scrap Ooze","floor":4,"gold_loss":0},{"damage_healed":0,"gold_gain":99,"player_choice":"Stole From Cult","damage_taken":0,"max_hp_gain":0,"max_hp_loss":0,"event_name":"Nest","floor":19,"gold_loss":0},{"damage_healed":0,"gold_gain":0,"player_choice":"Fight","damage_taken":0,"max_hp_gain":0,"max_hp_loss":0,"event_name":"Colosseum","floor":28,"gold_loss":0},{"damage_healed":0,"gold_gain":0,"player_choice":"Fought Nobs","damage_taken":0,"max_hp_gain":0,"max_hp_loss":0,"event_name":"Colosseum","floor":28,"gold_loss":0}],"is_beta":false,"boss_relics":[{"not_picked":["ChampionBelt","Replay:Wanted Poster"],"picked":"Runic Pyramid"},{"not_picked":[]}],"items_purged_floors":[21],"is_endless":false,"potions_floor_spawned":[5,7,12,16,18],"killed_by":"Centurion and Healer","ascension_level":0}}