{"host":"bbld1ic1uj90ldt9","time":1607763104,"event":{"mods":["2.2 Compatiblity","AchievementEnabler","Act Like it!","BaseMod","Better Third Choice","Conspire","Downfall","Emptier Cage","Gensokyo","Hallownest","Hermit","Highlight Path","Hubris","Marisa????????","Minty Spire (QoL Compilation)","Random Character Button","Replay The Spire","StSLib","The Animator","The Bug Knight","The Cursed","The Disciple","The Hierophant","The Jungle","The Runesmith","The Servant 0.9.4"],"gold_per_floor":[118,118,118,133,148,148,148,148,162,194,194,194,225,236,251,251,251,355,355,375,387,162,162,162,162,191,191,244,244,254,280,291,303,303,407,407,417,487,218,236,236,236],"floor_reached":41,"playtime":3739,"items_purged":["Strike_P","Strike_P"],"score":466,"play_id":"dc0ccc4d-0704-4217-9aa9-b0fdcaeaf7dc","local_time":"20201212095144","is_ascension_mode":false,"campfire_choices":[{"floor":8.0,"key":"RECALL"},{"floor":12.0,"key":"REST"},{"floor":17.0,"key":"REST"},{"data":"Eruption","floor":25.0,"key":"SMITH"},{"floor":27.0,"key":"REST"},{"data":"DevaForm","floor":29.0,"key":"SMITH"},{"floor":34.0,"key":"REST"}],"circlet_count":0,"master_deck":["Strike_P","Strike_P","Defend_P+1","Defend_P","Defend_P+1","Defend_P","Eruption+1","Vigilance","Consecrate","PathToVictory","Study","PathToVictory","Adaptation","Consecrate","PathToVictory","Judgement","Adaptation+1","EmptyMind","DevaForm+1","MentalFortress","LikeWater+1","LikeWater","Replay:AllIn","Indignation","ThirdEye","EmptyBody"],"relics":["PureWater","Hallownest:DreamNailRelic","Happy Flower","Regal Pillow","Incense Burner","Busted Crown","MealTicket","conspire:GiftBox","War Paint","Bag of Preparation","Black Star","Centennial Puzzle","Orichalcum"],"acts_visited":["Hallownest:Greenpath","theJungle:Jungle","TheBeyond"],"potions_floor_usage":[],"damage_taken":[{"damage":4.0,"enemies":"Hallownest:2_MossCreeps","floor":1.0,"turns":7.0},{"damage":0.0,"enemies":"Hallownest:monsterHuskGuard","floor":4.0,"turns":4.0},{"damage":0.0,"enemies":"Hallownest:2_Baldur","floor":5.0,"turns":4.0},{"damage":36.0,"enemies":"Hallownest:1_Ooma_and_2_Uuma","floor":9.0,"turns":9.0},{"damage":14.0,"enemies":"Hallownest:eliteCrystalGuardian","floor":10.0,"turns":5.0},{"damage":6.0,"enemies":"Hallownest:eliteMossKnight","floor":13.0,"turns":7.0},{"damage":0.0,"enemies":"Hallownest:monsterMossCharger","floor":14.0,"turns":4.0},{"damage":3.0,"enemies":"Hallownest:monsterFoolEater","floor":15.0,"turns":3.0},{"damage":22.0,"enemies":"Hallownest:BossFalseKnight","floor":18.0,"turns":6.0},{"damage":22.0,"enemies":"Shell Parasite","floor":20.0,"turns":4.0},{"damage":4.0,"enemies":"theJungle:5_Spyders","floor":21.0,"turns":6.0},{"damage":0.0,"enemies":"theJungle:Cassacara","floor":26.0,"turns":5.0},{"damage":1.0,"enemies":"theJungle:Lyon","floor":30.0,"turns":4.0},{"damage":6.0,"enemies":"theJungle:2_Phrogs","floor":31.0,"turns":4.0},{"damage":11.0,"enemies":"theJungle:SlimyTreeVines","floor":32.0,"turns":7.0},{"damage":11.0,"enemies":"Snake Plant","floor":33.0,"turns":2.0},{"damage":56.0,"enemies":"theJungle:TotemBoss","floor":35.0,"turns":8.0},{"damage":25.0,"enemies":"Orb Walker","floor":37.0,"turns":4.0},{"damage":10.0,"enemies":"3 Darklings","floor":40.0,"turns":4.0},{"damage":74,"enemies":"2 Orb Walkers","floor":41,"turns":4}],"seed_played":"4439191670741475433","potions_obtained":[{"floor":1.0,"key":"SteroidPotion"},{"floor":5.0,"key":"Energy Potion"},{"floor":18.0,"key":"Fruit Juice"},{"floor":20.0,"key":"SkillPotion"},{"floor":21.0,"key":"Fire Potion"},{"floor":32.0,"key":"AttackPotion"},{"floor":33.0,"key":"SpeedPotion"},{"floor":38.0,"key":"Energy Potion"},{"floor":38.0,"key":"ColorlessPotion"},{"floor":40.0,"key":"SteroidPotion"}],"is_trial":false,"path_per_floor":["M","?","?","M","M","PTL","PTL","R","M","E","T","R","E","M","M","T","R","B",null,"M","M","$","?","?","R","E","R","T","R","M","E","M","M","R","B",null,"M","?","$","M","?"],"character_chosen":"WATCHER","items_purchased":["MealTicket","ThirdEye","Orichalcum"],"campfire_rested":4,"item_purchase_floors":[22,39,39],"current_hp_per_floor":[75,66,66,66,66,66,66,66,30,16,16,39,33,33,30,30,68,51,84,62,58,58,58,58,58,58,84,84,84,83,77,72,61,84,28,84,59,59,74,64,0,0],"gold":236,"neow_bonus":"TEN_PERCENT_HP_BONUS","is_daily":false,"chose_seed":false,"campfire_upgraded":2,"win_rate":0.0,"timestamp":1607763104,"path_taken":["M","?","?","M","?","PTL","PTL","R","M","E","T","R","E","M","M","?","R","BOSS","M","M","$","?","?","R","E","R","T","R","?","E","M","M","R","BOSS","M","?","$","?","?"],"items_purchased_type":["Relic","Card","Relic"],"build_version":"2020-11-30","purchased_purges":2,"victory":false,"max_hp_per_floor":[79,79,79,79,79,79,79,79,79,79,79,79,79,79,79,79,79,84,84,84,84,84,84,84,84,84,84,84,84,84,84,84,84,84,84,84,84,84,84,84,84,84],"card_choices":[{"not_picked":["Nirvana","EmptyFist"],"picked":"Consecrate","floor":1.0},{"not_picked":["Collect","Consecrate"],"picked":"PathToVictory","floor":4.0},{"not_picked":["Meditate","Replay:Battleflow"],"picked":"Study","floor":5.0},{"not_picked":["SandsOfTime","EmptyBody"],"picked":"PathToVictory","floor":9.0},{"not_picked":["Prostrate","FlurryOfBlows"],"picked":"Adaptation","floor":10.0},{"not_picked":["Meditate","FollowUp"],"picked":"Consecrate","floor":13.0},{"not_picked":["Scrawl","TalkToTheHand"],"picked":"PathToVictory","floor":14.0},{"not_picked":["EmptyFist","Replay:Hum","Vengeance"],"picked":"SKIP","floor":15.0},{"not_picked":["Replay:LoomingThreat","LessonLearned"],"picked":"Judgement","floor":18.0},{"not_picked":["ReachHeaven"],"picked":"SKIP","floor":20.0},{"not_picked":[],"picked":"Adaptation+1","floor":21.0},{"not_picked":[],"picked":"DevaForm","floor":26.0},{"not_picked":["SandsOfTime"],"picked":"SKIP","floor":26.0},{"not_picked":[],"picked":"MentalFortress","floor":30.0},{"not_picked":[],"picked":"LikeWater+1","floor":31.0},{"not_picked":["BattleHymn+1"],"picked":"SKIP","floor":32.0},{"not_picked":[],"picked":"LikeWater","floor":33.0},{"not_picked":[],"picked":"Replay:AllIn","floor":35.0},{"not_picked":["BattleHymn+1"],"picked":"SKIP","floor":37.0},{"not_picked":[],"picked":"Indignation","floor":38.0},{"not_picked":[],"picked":"EmptyBody","floor":40.0}],"player_experience":2080916,"relics_obtained":[{"floor":10.0,"key":"Happy Flower"},{"floor":13.0,"key":"Regal Pillow"},{"floor":16.0,"key":"Incense Burner"},{"floor":26.0,"key":"conspire:GiftBox"},{"floor":28.0,"key":"War Paint"},{"floor":31.0,"key":"Bag of Preparation"},{"floor":38.0,"key":"Centennial Puzzle"}],"event_choices":[{"damage_healed":0.0,"max_hp_gain":0.0,"max_hp_loss":0.0,"gold_gain":0.0,"event_name":"Match and Keep!","player_choice":"1 cards matched","floor":24.0,"gold_loss":0.0,"damage_taken":0.0,"cards_obtained":["EmptyMind"]},{"damage_healed":0,"gold_gain":0,"player_choice":"Fight","damage_taken":0,"max_hp_gain":0,"max_hp_loss":0,"event_name":"Mysterious Sphere","floor":41,"gold_loss":0}],"is_beta":false,"boss_relics":[{"not_picked":["ChewingGum","ReplayTheSpireMod:DimensionalGlitch"],"picked":"Busted Crown"},{"not_picked":["Runesmith:UraniumAnvil","Runic Dome"],"picked":"Black Star"}],"items_purged_floors":[22,39],"is_endless":false,"potions_floor_spawned":[1,5,18,20,21,32,33,40],"killed_by":"2 Orb Walkers","ascension_level":0}}