{"host":"jm9833yuloeli2yd","time":1607804820,"event":{"mods":["AchievementEnabler","BaseMod","Better Altar","Better Match","Better Note","Better Sensory Stone","Better Skull","Better Vampires","Colored Map","Colored Powertips","DeckTracker","Minty Spire (QoL Compilation)","Permanent Neow","Quick Restart","Replay The Spire","StSLib","SuperFastMode"],"gold_per_floor":[362,437,453,463,136,165,165,165,165,198,198,198,209,209,41,54,54,128,128,140,140,151,51,51,51,76,76,76,109,127,177,177,177],"floor_reached":32,"playtime":986,"items_purged":["Strike_B","Replay:Hysterical Blindness"],"score":572,"play_id":"5107ab52-b652-4524-b90a-fba282f8a2d3","local_time":"20201212152700","is_ascension_mode":true,"campfire_choices":[{"data":"Mirror Shield","floor":7.0,"key":"SMITH"},{"floor":12.0,"key":"REST"},{"data":"Zap","floor":14.0,"key":"SMITH"},{"floor":17.0,"key":"REST"},{"floor":25,"key":"REST"}],"circlet_count":0,"master_deck":["AscendersBane","Defend_B","Defend_B","Defend_B","Defend_B","Zap+1","Dualcast","Defend_R","Genetic Algorithm","Go for the Eyes","Go for the Eyes","Hyperbeam","Mirror Shield+1","Cold Snap","Hologram","Ball Lightning","Buffer","Delirium","Writhe","Steam","Recycle","Auto Shields","Electrodynamics","All For One","Bite","Bite","Bite","Chill","Conserve Battery+1"],"relics":["Cracked Core","Oddly Smooth Stone","InkBottle","Centennial Puzzle","Regal Pillow","Replay:Ancient Bell","Gremlin Food","ReplayTheSpireMod:Shallot","Calipers","StrikeDummy","Letter Opener","Replay:Mystery Machine"],"acts_visited":["Exordium","TheCity"],"potions_floor_usage":[30],"damage_taken":[{"damage":4.0,"enemies":"2 Louse","floor":1.0,"turns":4.0},{"damage":13.0,"enemies":"Jaw Worm","floor":3.0,"turns":4.0},{"damage":1.0,"enemies":"Cultist","floor":4.0,"turns":4.0},{"damage":8.0,"enemies":"Gremlin Nob","floor":6.0,"turns":3.0},{"damage":11.0,"enemies":"Lagavulin","floor":10.0,"turns":10.0},{"damage":0.0,"enemies":"3 Louse","floor":13.0,"turns":2.0},{"damage":4.0,"enemies":"Looter","floor":16.0,"turns":2.0},{"damage":49.0,"enemies":"Hexaghost","floor":18.0,"turns":14.0},{"damage":28,"enemies":"Spheric Guardian","floor":20,"turns":7},{"damage":9,"enemies":"Shell Parasite","floor":22,"turns":9},{"damage":17,"enemies":"Slavers","floor":26,"turns":3},{"damage":12,"enemies":"Gremlin Leader","floor":29,"turns":8},{"damage":16,"enemies":"Snake Plant","floor":30,"turns":6},{"damage":31,"enemies":"Book of Stabbing","floor":32,"turns":7}],"seed_played":"-3739504354261312802","potions_obtained":[{"floor":1.0,"key":"Swift Potion"},{"floor":10.0,"key":"Fire Potion"},{"floor":22,"key":"Milkshake"},{"floor":26,"key":"Weak Potion"}],"is_trial":false,"path_per_floor":["M","?","M","M","$","E","R","PTL","PTL","E","T","R","M","R","$","M","R","B",null,"M","?","M","$","?","R","E","?","T","E","M","?","E"],"character_chosen":"DEFECT","items_purchased":["Hyperbeam","DuplicationPotion","Regal Pillow"],"campfire_rested":3,"item_purchase_floors":[5,5,15],"current_hp_per_floor":[60,49,36,35,35,27,27,27,27,16,16,37,37,37,37,33,69,20,58,30,30,21,21,21,57,40,40,40,38,28,28,0,0],"gold":177,"neow_bonus":"TWO_FIFTY_GOLD","is_daily":false,"chose_seed":false,"campfire_upgraded":2,"win_rate":0.0,"timestamp":1607804820,"path_taken":["M","?","M","M","$","E","R","PTL","PTL","E","T","R","M","R","$","M","R","BOSS","M","?","?","$","?","R","E","?","T","E","M","?","E"],"items_purchased_type":["Card","Potion","Relic"],"build_version":"2020-11-30","purchased_purges":2,"victory":false,"max_hp_per_floor":[71,71,71,71,71,71,71,71,71,71,71,71,71,71,71,71,71,71,71,71,71,71,71,71,71,71,58,58,58,58,58,58,58],"card_choices":[{"not_picked":["Steam Power","Capacitor"],"picked":"Genetic Algorithm","floor":1.0},{"not_picked":["Conserve Battery","Panic Button"],"picked":"Go for the Eyes","floor":3.0},{"not_picked":["Coolheaded","Hologram"],"picked":"Go for the Eyes","floor":4.0},{"not_picked":["Redo","White Noise"],"picked":"Mirror Shield","floor":6.0},{"not_picked":["Aggregate","Gash"],"picked":"Cold Snap","floor":10.0},{"not_picked":["Go for the Eyes","Streamline"],"picked":"Hologram","floor":13.0},{"not_picked":["Melter","Beam Cell"],"picked":"Ball Lightning","floor":16.0},{"not_picked":["ReplayTheSpireMod:Omega Cannon","Thunder Strike"],"picked":"Buffer","floor":18.0},{"not_picked":["Overencumbered","Spreading Infection"],"picked":"Delirium","floor":19.0},{"not_picked":["CurseOfTheBell","Overencumbered"],"picked":"Writhe","floor":19.0},{"not_picked":["ReplayTheSpireMod:Splinters","Spreading Infection"],"picked":"Replay:Hysterical Blindness","floor":19.0},{"not_picked":["ReplayTheSpireMod:GoodbyeWorld","Streamline+1"],"picked":"Steam","floor":20},{"not_picked":["Coolheaded","Beam Cell"],"picked":"Auto Shields","floor":22},{"not_picked":["Tempest","Panic Button"],"picked":"All For One","floor":26},{"not_picked":["Streamline","White Noise"],"picked":"Chill","floor":29},{"not_picked":["Steam Power","Turbo"],"picked":"Conserve Battery+1","floor":30}],"player_experience":1036691,"relics_obtained":[{"floor":6.0,"key":"Oddly Smooth Stone"},{"floor":10.0,"key":"InkBottle"},{"floor":11.0,"key":"Centennial Puzzle"},{"floor":26,"key":"StrikeDummy"},{"floor":28,"key":"Letter Opener"},{"floor":29,"key":"Replay:Mystery Machine"}],"event_choices":[{"damage_healed":0.0,"max_hp_gain":0.0,"max_hp_loss":0.0,"gold_gain":75.0,"event_name":"World of Goop","player_choice":"Gather Gold","floor":2.0,"gold_loss":0.0,"damage_taken":11.0},{"damage_healed":0,"gold_gain":0,"cards_transformed":["Strike_B"],"player_choice":"Transformed","damage_taken":0,"max_hp_gain":0,"max_hp_loss":0,"event_name":"Transmorgrifier","floor":21,"gold_loss":0,"cards_obtained":["Recycle"]},{"damage_healed":0,"gold_gain":0,"player_choice":"Read","damage_taken":0,"max_hp_gain":0,"max_hp_loss":0,"event_name":"The Library","floor":24,"gold_loss":0,"cards_obtained":["Electrodynamics"]},{"damage_healed":0,"gold_gain":0,"player_choice":"Became a vampire","damage_taken":0,"max_hp_gain":0,"max_hp_loss":13,"event_name":"Vampires","floor":27,"gold_loss":0,"cards_obtained":["Bite","Bite","Bite"]},{"damage_healed":0,"gold_gain":50,"player_choice":"Stole From Cult","damage_taken":0,"max_hp_gain":0,"max_hp_loss":0,"event_name":"Nest","floor":31,"gold_loss":0}],"is_beta":false,"boss_relics":[{"not_picked":["Tiny House","SlaversCollar"],"picked":"Replay:Ancient Bell"},{"not_picked":["Happy Flower","Bag of Preparation"],"picked":"Gremlin Food"},{"not_picked":["Replay:Bottled Eggs","Replay:WaspNest"],"picked":"ReplayTheSpireMod:Shallot"},{"not_picked":["Ice Cream","Prayer Wheel"],"picked":"Calipers"}],"items_purged_floors":[5,23],"is_endless":false,"potions_floor_spawned":[1,10,22,26],"killed_by":"Book of Stabbing","ascension_level":20}}