{"host":"se2kry7a7ac49ar7","time":1607772202,"event":{"mods":["BaseMod","Bestiary","Minty Spire (QoL Compilation)","StSLib"],"gold_per_floor":[10,29,42,56,66,95,95,120,120,120,133,143,161,197,197,197,197],"floor_reached":16,"playtime":1531,"items_purged":[],"score":277,"play_id":"1b7d16c6-da75-43eb-88da-2676033ab78a","local_time":"20201212032322","is_ascension_mode":true,"campfire_choices":[{"data":"Armaments","floor":7,"key":"SMITH"},{"data":"Feel No Pain","floor":10,"key":"SMITH"},{"floor":15,"key":"REST"}],"circlet_count":0,"master_deck":["AscendersBane","Strike_R","Strike_R","Strike_R","Strike_R","Strike_R","Defend_R","Defend_R","Bash","Bludgeon","Feed","Shrug It Off","Feel No Pain+1","Armaments+1","Exhume","Cleave","Dual Wield","Carnage","Entrench","Sentinel","Bludgeon","Exhume"],"relics":["Burning Blood","Nunchaku","Bottled Tornado","Question Card","CeramicFish"],"acts_visited":["Exordium"],"potions_floor_usage":[12,13,13,14,16],"damage_taken":[{"damage":0,"enemies":"Cultist","floor":1,"turns":2},{"damage":10,"enemies":"Jaw Worm","floor":2,"turns":5},{"damage":14,"enemies":"Small Slimes","floor":3,"turns":4},{"damage":8,"enemies":"Blue Slaver","floor":4,"turns":5},{"damage":15,"enemies":"3 Louse","floor":5,"turns":6},{"damage":29,"enemies":"3 Sentries","floor":6,"turns":11},{"damage":32,"enemies":"Gremlin Nob","floor":8,"turns":5},{"damage":20,"enemies":"Exordium Thugs","floor":11,"turns":9},{"damage":4,"enemies":"Large Slime","floor":12,"turns":6},{"damage":7,"enemies":"Exordium Wildlife","floor":13,"turns":3},{"damage":8,"enemies":"3 Sentries","floor":14,"turns":11},{"damage":84,"enemies":"Slime Boss","floor":16,"turns":10}],"seed_played":"-5165176635858682755","potions_obtained":[{"floor":6,"key":"GamblersBrew"},{"floor":11,"key":"DuplicationPotion"},{"floor":12,"key":"AttackPotion"},{"floor":13,"key":"ColorlessPotion"},{"floor":14,"key":"SteroidPotion"}],"is_trial":false,"path_per_floor":["M","M","M","M","M","E","R","E","T","R","M","M","M","E","R","B"],"character_chosen":"IRONCLAD","items_purchased":[],"campfire_rested":1,"item_purchase_floors":[],"current_hp_per_floor":[77,76,71,73,72,57,57,31,31,31,23,28,33,39,77,0,0],"gold":197,"neow_bonus":"TRANSFORM_TWO_CARDS","is_daily":false,"chose_seed":false,"campfire_upgraded":2,"win_rate":0.0,"timestamp":1607772202,"path_taken":["M","?","M","M","M","E","R","E","T","R","M","M","M","E","R","BOSS"],"items_purchased_type":[],"build_version":"2020-11-30","purchased_purges":0,"victory":false,"max_hp_per_floor":[78,81,84,88,96,104,104,104,104,104,110,113,119,127,127,127,127],"card_choices":[{"not_picked":["Havoc","Twin Strike"],"picked":"Shrug It Off","floor":1},{"not_picked":["Second Wind","Armaments"],"picked":"Feel No Pain","floor":2},{"not_picked":["Twin Strike","Iron Wave"],"picked":"Armaments","floor":3},{"not_picked":["Fire Breathing","Armaments"],"picked":"Exhume","floor":4},{"not_picked":["Headbutt","Sword Boomerang"],"picked":"Cleave","floor":5},{"not_picked":["Berserk","Whirlwind"],"picked":"Dual Wield","floor":6},{"not_picked":["Pummel","Headbutt"],"picked":"Carnage","floor":8},{"not_picked":["Heavy Blade","Anger","Iron Wave"],"picked":"Entrench","floor":11},{"not_picked":["Dropkick","Cleave","Feel No Pain"],"picked":"Sentinel","floor":12},{"not_picked":["Thunderclap","Metallicize","Cleave"],"picked":"Bludgeon","floor":13},{"not_picked":["Rupture","Warcry","Heavy Blade"],"picked":"Exhume","floor":14}],"player_experience":637319,"relics_obtained":[{"floor":6,"key":"Nunchaku"},{"floor":8,"key":"Bottled Tornado"},{"floor":9,"key":"Question Card"},{"floor":14,"key":"CeramicFish"}],"event_choices":[],"is_beta":false,"boss_relics":[],"items_purged_floors":[],"is_endless":false,"potions_floor_spawned":[6,11,12,13,14],"killed_by":"Slime Boss","ascension_level":16}}