{"host":"ktr1tislz6a097sj","time":1607783690,"event":{"mods":["BaseMod","Downfall","Marisa£®ÏF”Í°°ƒß¿Ì…≥£©","Minty Spire (QoL Compilation)","Quick Restart","Replay The Spire","StSLib","The Cursed","The Servant 0.9.4"],"gold_per_floor":[113,113,125,137,167,206,231,277,315,327,339,351,375,401,413,425,425],"floor_reached":16,"playtime":908,"items_purged":[],"score":110,"play_id":"fcb3b600-9f22-4ed2-8712-a66643693ece","local_time":"20201212223450","is_ascension_mode":false,"campfire_choices":[{"floor":10.0,"key":"RECALL"},{"floor":12.0,"key":"REST"},{"data":"Foresight","floor":15.0,"key":"SMITH"}],"circlet_count":0,"master_deck":["Strike_S","Strike_S","Strike_S","Strike_S","Defend_S","Defend_S","Defend_S","Defend_S","KidneyShot","Exchange","Spin","Regret","KillingDoll","Deny","Foresight+1","BottledTime"],"relics":["Uniform","Durian","MawBank","PreservedInsect","Divine Protection"],"acts_visited":["Exordium"],"potions_floor_usage":[16],"damage_taken":[{"damage":0.0,"enemies":"2 Louse","floor":1.0,"turns":4.0},{"damage":0.0,"enemies":"Small Slimes","floor":5.0,"turns":3.0},{"damage":26.0,"enemies":"Lagavulin","floor":6.0,"turns":9.0},{"damage":0.0,"enemies":"Cultist","floor":7.0,"turns":3.0},{"damage":23.0,"enemies":"Gremlin Nob","floor":8.0,"turns":4.0},{"damage":0.0,"enemies":"Looter","floor":13.0,"turns":4.0},{"damage":15.0,"enemies":"Large Slime","floor":14.0,"turns":8.0},{"damage":24,"enemies":"The Guardian","floor":16,"turns":7}],"seed_played":"2962307279311191546","potions_obtained":[{"floor":4.0,"key":"Explosive Potion"},{"floor":4.0,"key":"Elixir"},{"floor":4.0,"key":"DistilledChaos"},{"floor":7.0,"key":"PowerPotion"},{"floor":8.0,"key":"Swift Potion"}],"is_trial":false,"path_per_floor":["M","?","$","?","M","E","M","E","T","R","$","R","M","M","R","B"],"character_chosen":"THE_SERVANT","items_purchased":[],"campfire_rested":1,"item_purchase_floors":[],"current_hp_per_floor":[64,64,64,64,64,38,38,15,15,15,15,34,34,19,19,0,0],"gold":425,"neow_bonus":"ONE_RARE_RELIC","is_daily":false,"chose_seed":false,"campfire_upgraded":1,"win_rate":0.0,"timestamp":1607783690,"path_taken":["M","?","$","?","?","E","M","E","T","R","$","R","M","M","R","BOSS"],"items_purchased_type":[],"build_version":"2020-11-30","purchased_purges":0,"victory":false,"max_hp_per_floor":[64,64,64,64,64,64,64,64,64,64,64,64,64,64,64,64,64],"card_choices":[{"not_picked":["FastForward","DoubleEdge"],"picked":"Spin","floor":1.0},{"not_picked":["Barrier","FastForward","SurpressingFire"],"picked":"SKIP","floor":5.0},{"not_picked":["BottledTime","ShatteredReality"],"picked":"KillingDoll","floor":6.0},{"not_picked":["FastForward","Rearm","Unruled"],"picked":"SKIP","floor":7.0},{"not_picked":["Starlight","DoubleEdge"],"picked":"Deny","floor":8.0},{"not_picked":["Revamp","Starlight"],"picked":"Foresight","floor":13.0},{"not_picked":["Rearm","TimeWarp"],"picked":"BottledTime","floor":14.0}],"player_experience":27085,"relics_obtained":[{"floor":6.0,"key":"PreservedInsect"},{"floor":8.0,"key":"Divine Protection"}],"event_choices":[{"damage_healed":0.0,"max_hp_gain":0.0,"max_hp_loss":0.0,"gold_gain":0.0,"event_name":"Big Fish","player_choice":"Box","floor":2.0,"gold_loss":0.0,"damage_taken":0.0,"relics_obtained":["MawBank"],"cards_obtained":["Regret"]},{"damage_healed":0.0,"max_hp_gain":0.0,"max_hp_loss":0.0,"gold_gain":0.0,"event_name":"Lab","player_choice":"Got Potions","floor":4.0,"gold_loss":0.0,"damage_taken":0.0}],"is_beta":false,"boss_relics":[],"items_purged_floors":[],"is_endless":false,"potions_floor_spawned":[7,8],"killed_by":"The Guardian","ascension_level":0}}