{"host":"90jl2h70xtuoeg0i","time":1607740214,"event":{"mods":["AchievementEnabler","BaseMod","Colored Map","Colored Powertips","Minty Spire (QoL Compilation)","Relic Stats","ojb\u0027s Better Paths Mod","ojb\u0027s Info Mod"],"gold_per_floor":[114,131,146,164,164,178,178,192,192,224,224,244,262,43,43,114,114,127,127,31,31,43,43,53,53,53,81,46,46,46,46,46,46,46],"floor_reached":33,"playtime":1500,"items_purged":["Strike_G"],"score":467,"play_id":"d7d5fc01-685f-4904-9b34-8ef62c4b2272","local_time":"20201211213014","is_ascension_mode":true,"campfire_choices":[{"data":"Deadly Poison","floor":7,"key":"SMITH"},{"floor":11,"key":"REST"},{"floor":15,"key":"REST"},{"data":"Bouncing Flask","floor":23,"key":"SMITH"},{"floor":25,"key":"REST"},{"floor":32,"key":"REST"}],"circlet_count":0,"master_deck":["AscendersBane","Strike_G+1","Strike_G+1","Strike_G+1","Strike_G+1","Defend_G+1","Defend_G+1","Defend_G+1","Defend_G+1","Defend_G+1","Survivor","Neutralize","Quick Slash","Catalyst","Dagger Spray","Deadly Poison+1","Unload","Glass Knife","Bouncing Flask+1","Deadly Poison+1","Calculated Gamble+1"],"relics":["Cursed Key","StrikeDummy","Shuriken","Snake Skull","SacredBark","Toxic Egg 2","Torii"],"acts_visited":["Exordium","TheCity"],"potions_floor_usage":[6,16,18,20,33,33],"damage_taken":[{"damage":0,"enemies":"Jaw Worm","floor":1,"turns":5},{"damage":3,"enemies":"Cultist","floor":2,"turns":4},{"damage":0,"enemies":"Small Slimes","floor":3,"turns":5},{"damage":1,"enemies":"Looter","floor":4,"turns":4},{"damage":20,"enemies":"Exordium Wildlife","floor":6,"turns":7},{"damage":7,"enemies":"2 Fungi Beasts","floor":8,"turns":3},{"damage":27,"enemies":"3 Sentries","floor":10,"turns":8},{"damage":5,"enemies":"3 Louse","floor":12,"turns":3},{"damage":7,"enemies":"Red Slaver","floor":13,"turns":5},{"damage":24,"enemies":"Hexaghost","floor":16,"turns":9},{"damage":13,"enemies":"2 Thieves","floor":18,"turns":4},{"damage":4,"enemies":"Chosen","floor":22,"turns":4},{"damage":21,"enemies":"Sentry and Sphere","floor":24,"turns":4},{"damage":42,"enemies":"Slavers","floor":27,"turns":8},{"damage":42,"enemies":"Champ","floor":33,"turns":6}],"seed_played":"5861070430218782516","potions_obtained":[{"floor":3,"key":"Dexterity Potion"},{"floor":8,"key":"GhostInAJar"},{"floor":12,"key":"DistilledChaos"},{"floor":24,"key":"Energy Potion"},{"floor":27,"key":"SpeedPotion"}],"is_trial":false,"path_per_floor":["M","M","M","M","?","M","R","M","T","E","R","M","M","$","R","B",null,"M","?","$","?","M","R","M","R","T","E","$","?","?","?","R","B"],"character_chosen":"THE_SILENT","items_purchased":["Snake Skull","Fruit Juice","Calculated Gamble+1"],"campfire_rested":4,"item_purchase_floors":[14,20,28],"current_hp_per_floor":[59,56,56,55,55,35,35,28,28,1,20,15,8,8,27,3,50,37,37,47,47,43,43,22,44,44,2,2,2,2,2,24,0,0],"gold":46,"neow_bonus":"BOSS_RELIC","is_daily":false,"chose_seed":false,"campfire_upgraded":2,"win_rate":0.0,"timestamp":1607740214,"path_taken":["M","M","M","M","?","?","R","M","T","E","R","M","M","$","R","BOSS","M","?","$","?","M","R","M","R","T","E","$","?","?","?","R","BOSS"],"items_purchased_type":["Relic","Potion","Card"],"build_version":"2020-11-30","purchased_purges":1,"victory":false,"max_hp_per_floor":[66,66,66,66,66,66,66,66,66,66,66,66,66,66,66,66,66,66,66,76,76,76,76,76,76,76,76,76,76,76,76,76,76,76],"relic_stats":{"Torii":1,"counters":[15,79],"Shuriken":[9],"Snake Skull":[30],"Cursed Key":2,"obtain_stats":[{"Torii":27,"Shuriken":10,"SacredBark":17,"Snake Skull":14,"Toxic Egg 2":26,"Cursed Key":0,"StrikeDummy":9,"Ring of the Snake":0},{"Torii":14,"Shuriken":7,"SacredBark":10,"Snake Skull":9,"Toxic Egg 2":13,"Cursed Key":0,"StrikeDummy":6,"Ring of the Snake":0},{"Torii":73,"Shuriken":36,"SacredBark":53,"Snake Skull":44,"Toxic Egg 2":65,"Cursed Key":0,"StrikeDummy":28,"Ring of the Snake":0}]},"card_choices":[{"not_picked":["Distraction","Deadly Poison"],"picked":"Quick Slash","floor":1},{"not_picked":["Outmaneuver","Slice"],"picked":"Catalyst","floor":2},{"not_picked":["Sucker Punch","Dodge and Roll","Riddle With Holes"],"picked":"SKIP","floor":3},{"not_picked":["Endless Agony","Cloak And Dagger"],"picked":"Dagger Spray","floor":4},{"not_picked":["Bane","Acrobatics"],"picked":"Deadly Poison","floor":6},{"not_picked":["Dodge and Roll","Underhanded Strike","Caltrops"],"picked":"SKIP","floor":8},{"not_picked":["Distraction","Backflip"],"picked":"Unload","floor":10},{"not_picked":["Infinite Blades","Underhanded Strike","Dagger Spray"],"picked":"SKIP","floor":12},{"not_picked":["Setup","Acrobatics","Backflip"],"picked":"SKIP","floor":13},{"not_picked":["After Image","Doppelganger"],"picked":"Glass Knife","floor":16},{"not_picked":["Dagger Spray","PiercingWail"],"picked":"Bouncing Flask","floor":18},{"not_picked":["Deadly Poison","Blur","Poisoned Stab"],"picked":"SKIP","floor":22},{"not_picked":["Tools of the Trade","Prepared","All Out Attack"],"picked":"SKIP","floor":24},{"not_picked":["Deflect+1","Noxious Fumes"],"picked":"Deadly Poison+1","floor":27}],"player_experience":1236809,"relics_obtained":[{"floor":9,"key":"StrikeDummy"},{"floor":10,"key":"Shuriken"},{"floor":26,"key":"Toxic Egg 2"},{"floor":27,"key":"Torii"}],"event_choices":[{"damage_healed":0,"gold_gain":0,"player_choice":"Cursed","damage_taken":0,"max_hp_gain":0,"max_hp_loss":0,"event_name":"Wheel of Change","floor":5,"gold_loss":0,"cards_obtained":["Decay"]},{"damage_healed":0,"gold_gain":0,"player_choice":"Simplicity","damage_taken":0,"max_hp_gain":0,"max_hp_loss":0,"event_name":"Back to Basics","floor":19,"gold_loss":0,"cards_upgraded":["Strike_G","Strike_G","Strike_G","Strike_G","Defend_G","Defend_G","Defend_G","Defend_G","Defend_G"]},{"damage_healed":0,"gold_gain":0,"player_choice":"Ignored","damage_taken":0,"max_hp_gain":0,"max_hp_loss":0,"event_name":"The Mausoleum","floor":21,"gold_loss":0},{"damage_healed":0,"gold_gain":0,"player_choice":"Ignored","damage_taken":0,"max_hp_gain":0,"max_hp_loss":0,"event_name":"Vampires","floor":29,"gold_loss":0},{"damage_healed":0,"gold_gain":0,"player_choice":"Smashed Altar","damage_taken":0,"max_hp_gain":0,"max_hp_loss":0,"event_name":"Forgotten Altar","floor":30,"gold_loss":0,"cards_obtained":["Decay"]},{"cards_removed":["Decay","Regret","Normality","Decay"],"damage_healed":0,"gold_gain":0,"player_choice":"Removed Curses","damage_taken":0,"max_hp_gain":0,"max_hp_loss":0,"event_name":"Fountain of Cleansing","floor":31,"gold_loss":0}],"is_beta":false,"boss_relics":[{"not_picked":["Sozu","Coffee Dripper"],"picked":"SacredBark"}],"items_purged_floors":[14],"is_endless":false,"potions_floor_spawned":[3,8,12,13,24,27],"killed_by":"Champ","ascension_level":15}}