{"host":"m0l7iybr7y7a2mwh","time":1607810834,"event":{"mods":["AchievementEnabler","AlwaysNeverKeys","BaseMod","Block Reminder","Colored Map","Colored Powertips","Highlight Path","Minty Spire (QoL Compilation)","Permanent Neow","Quick Restart","StSLib"],"gold_per_floor":[369,101,101,115,15,15,32,63,63,90,103,103,138,167,179,295,307,331,72,171,21,21,46,46,46,69,69,69],"floor_reached":27,"playtime":779,"items_purged":["Strike_B","Strike_B","Defend_B","Defend_B"],"score":259,"play_id":"e50896a9-edbc-441d-bef7-ce61a7ee0a46","local_time":"20201213090714","is_ascension_mode":true,"campfire_choices":[{"data":"Streamline","floor":6.0,"key":"SMITH"},{"floor":15.0,"key":"REST"},{"floor":25,"key":"REST"}],"circlet_count":0,"master_deck":["Dualcast","Streamline+1","Apotheosis+1","Loop","Creative AI","Streamline","Loop","Lockon","Buffer","Loop","Electrodynamics","Go for the Eyes"],"relics":["Cracked Core","Singing Bowl","Bottled Lightning","InkBottle","MawBank","Empty Cage","Bronze Scales","Vajra","Potion Belt"],"acts_visited":["Exordium","TheCity"],"potions_floor_usage":[23,23,27],"damage_taken":[{"damage":6.0,"enemies":"Jaw Worm","floor":1.0,"turns":4.0},{"damage":0.0,"enemies":"Cultist","floor":4.0,"turns":3.0},{"damage":0.0,"enemies":"2 Louse","floor":7.0,"turns":2.0},{"damage":17.0,"enemies":"3 Sentries","floor":8.0,"turns":7.0},{"damage":16.0,"enemies":"Gremlin Nob","floor":10.0,"turns":4.0},{"damage":7.0,"enemies":"Blue Slaver","floor":11.0,"turns":3.0},{"damage":18.0,"enemies":"Lagavulin","floor":13.0,"turns":5.0},{"damage":0.0,"enemies":"Large Slime","floor":14.0,"turns":4.0},{"damage":21.0,"enemies":"The Guardian","floor":16.0,"turns":9.0},{"damage":32,"enemies":"2 Thieves","floor":18,"turns":5},{"damage":25,"enemies":"Slavers","floor":23,"turns":4},{"damage":36,"enemies":"Book of Stabbing","floor":27,"turns":4}],"seed_played":"6211067837251532491","potions_obtained":[{"floor":4.0,"key":"LiquidMemories"},{"floor":7.0,"key":"Weak Potion"},{"floor":11.0,"key":"Fire Potion"},{"floor":14.0,"key":"PowerPotion"}],"is_trial":false,"path_per_floor":["M","$","?","M","$","R","M","E","T","E","M","?","E","M","R","B",null,"M","$","?","$","?","E","?","R","T","E"],"character_chosen":"DEFECT","items_purchased":["Apotheosis","Bronze Scales"],"campfire_rested":2,"item_purchase_floors":[2,19],"current_hp_per_floor":[62,62,62,62,62,62,62,45,45,29,22,22,6,6,27,6,70,40,40,40,40,40,15,15,36,36,0,0],"gold":69,"neow_bonus":"TWO_FIFTY_GOLD","is_daily":false,"chose_seed":false,"campfire_upgraded":1,"win_rate":0.0,"timestamp":1607810834,"path_taken":["M","$","?","M","?","R","M","E","T","E","M","?","E","M","R","BOSS","M","$","?","$","?","E","?","R","T","E"],"items_purchased_type":["Card","Relic"],"build_version":"2020-11-30","purchased_purges":4,"victory":false,"max_hp_per_floor":[68,68,68,68,68,68,68,68,68,68,68,68,70,70,70,70,70,72,72,72,72,72,72,72,72,72,72,72],"card_choices":[{"not_picked":["Sunder","Hologram"],"picked":"Streamline","floor":1.0},{"not_picked":["Reprogram","Coolheaded","Blizzard"],"picked":"SKIP","floor":4.0},{"not_picked":["Scrape","Coolheaded"],"picked":"Loop","floor":7.0},{"not_picked":["Cold Snap","Doom and Gloom"],"picked":"Creative AI","floor":8.0},{"not_picked":["Coolheaded","Beam Cell"],"picked":"Streamline","floor":10.0},{"not_picked":["Coolheaded","Rebound"],"picked":"Loop","floor":11.0},{"not_picked":["Skim","Ball Lightning","Doom and Gloom"],"picked":"Singing Bowl","floor":13.0},{"not_picked":["Hologram","Turbo"],"picked":"Lockon","floor":14.0},{"not_picked":["Rainbow","Thunder Strike"],"picked":"Buffer","floor":16.0},{"not_picked":["Turbo","Barrage","Stack+1"],"picked":"Singing Bowl","floor":18},{"not_picked":["Glacier+1","Rip and Tear"],"picked":"Loop","floor":23}],"player_experience":94751,"relics_obtained":[{"floor":8.0,"key":"Singing Bowl"},{"floor":9.0,"key":"Bottled Lightning"},{"floor":10.0,"key":"InkBottle"},{"floor":13.0,"key":"MawBank"},{"floor":23,"key":"Vajra"},{"floor":26,"key":"Potion Belt"}],"event_choices":[{"damage_healed":0.0,"max_hp_gain":0.0,"max_hp_loss":0.0,"gold_gain":0.0,"event_name":"Upgrade Shrine","player_choice":"Upgraded","floor":3.0,"gold_loss":0.0,"damage_taken":0.0,"cards_upgraded":["Apotheosis"]},{"damage_healed":0.0,"max_hp_gain":0.0,"max_hp_loss":0.0,"gold_gain":0.0,"event_name":"Scrap Ooze","player_choice":"Fled","floor":12.0,"gold_loss":0.0,"damage_taken":0.0},{"damage_healed":0,"gold_gain":99,"player_choice":"Stole From Cult","damage_taken":0,"max_hp_gain":0,"max_hp_loss":0,"event_name":"Nest","floor":20,"gold_loss":0},{"cards_removed":["Defend_B"],"damage_healed":0,"gold_gain":0,"player_choice":"Elegance","damage_taken":0,"max_hp_gain":0,"max_hp_loss":0,"event_name":"Back to Basics","floor":22,"gold_loss":0},{"damage_healed":0,"gold_gain":0,"cards_transformed":["Defend_B","Zap"],"player_choice":"Became Test Subject","damage_taken":0,"max_hp_gain":0,"max_hp_loss":0,"event_name":"Drug Dealer","floor":24,"gold_loss":0,"cards_obtained":["Electrodynamics","Go for the Eyes"]}],"is_beta":false,"boss_relics":[{"not_picked":["Cursed Key","Pandora\u0027s Box"],"picked":"Empty Cage"}],"items_purged_floors":[2,5,19,21],"is_endless":false,"potions_floor_spawned":[4,7,11,14],"killed_by":"Book of Stabbing","ascension_level":1}}