{"host":"npubv26u89aif4fa","time":1607794131,"event":{"mods":["Bard","BaseMod","Better Vampires","Colored Powertips","GifTheSpireLib","GungeonMod","Hubris","Luminous","Marisa（F雨　魔理沙）","Minty Spire (QoL Compilation)","Reimu（博丽灵梦）","Remilia（蕾米莉亚）","Replay The Spire","StSLib","Td1madao Mod","The Bug Knight","The Cursed","The Hierophant","The Runesmith","Youmu（魂魄妖梦）","[地精首领爬塔]The Maniac"],"gold_per_floor":[113,132,132,207,221,256,268,268,268,286,286,299,316,330,330,429,429,440,400,418,431,92,127,139,139,139],"floor_reached":25,"playtime":2104,"items_purged":["Strike_G"],"score":279,"play_id":"fc36a75e-b253-4c7d-afee-f7f0fa6087a4","local_time":"20201213012851","is_ascension_mode":false,"campfire_choices":[{"data":"ReplayTheSpireMod:Speed Training","floor":8.0,"key":"SMITH"},{"data":"Survivor","floor":15.0,"key":"SMITH"}],"circlet_count":0,"master_deck":["Strike_G","Strike_G","Defend_G","Defend_G","Defend_G","Defend_G","Defend_G","Survivor+1","Neutralize","ReplayTheSpireMod:Speed Training+1","Masterful Stab","Poisoned Stab","Bane","Deadly Poison","Escape Plan","After Image","Sneak Up+1","ZunPunch:ReiMu","Footwork","Poison Darts","Dodge and Roll+1"],"relics":["Ring of the Serpent","Toy Ornithopter","Kunai","Membership Card","Oddly Smooth Stone","Omamori"],"acts_visited":["Exordium","TheCity"],"potions_floor_usage":[20],"damage_taken":[{"damage":4.0,"enemies":"Jaw Worm","floor":1.0,"turns":5.0},{"damage":0.0,"enemies":"2 Louse","floor":2.0,"turns":4.0},{"damage":0.0,"enemies":"Cultist","floor":5.0,"turns":5.0},{"damage":2.0,"enemies":"Gremlin Nob","floor":6.0,"turns":3.0},{"damage":1.0,"enemies":"3 Louse","floor":7.0,"turns":3.0},{"damage":0.0,"enemies":"Exordium Thugs","floor":10.0,"turns":5.0},{"damage":0.0,"enemies":"Looter","floor":12.0,"turns":3.0},{"damage":0.0,"enemies":"Exordium Wildlife","floor":13.0,"turns":3.0},{"damage":0.0,"enemies":"2 Fungi Beasts","floor":14.0,"turns":3.0},{"damage":0.0,"enemies":"Fading Forest","floor":16.0,"turns":11.0},{"damage":0.0,"enemies":"Chosen","floor":18.0,"turns":4.0},{"damage":0,"enemies":"2 Thieves","floor":20,"turns":4},{"damage":8,"enemies":"Centurion and Healer","floor":21,"turns":7},{"damage":66,"enemies":"Gremlin Leader","floor":23,"turns":8},{"damage":0,"enemies":"3 Cultists","floor":24,"turns":6},{"damage":5,"enemies":"Slavers","floor":25,"turns":4}],"seed_played":"-7856988634859192156","potions_obtained":[{"floor":1.0,"key":"Poison Potion"},{"floor":2.0,"key":"Ancient Potion"},{"floor":6.0,"key":"Milkshake"},{"floor":7.0,"key":"AttackPotion"},{"floor":14.0,"key":"Dexterity Potion"},{"floor":21,"key":"DemoMod:LeadSkinPotion"},{"floor":23,"key":"Weak Potion"}],"is_trial":false,"path_per_floor":["M","M","?","?","M","E","M","R","T","M","?","M","M","M","R","B",null,"M","?","M","M","$","E","M","E"],"character_chosen":"THE_SILENT","items_purchased":["Membership Card","Oddly Smooth Stone","Poison Darts"],"campfire_rested":0,"item_purchase_floors":[22,22,22],"current_hp_per_floor":[73,73,66,55,55,53,52,52,52,57,57,57,57,57,57,62,77,77,77,77,69,69,3,3,0,0],"gold":139,"neow_bonus":"TEN_PERCENT_HP_BONUS","is_daily":false,"chose_seed":false,"campfire_upgraded":2,"win_rate":0.0,"timestamp":1607794131,"path_taken":["M","M","?","?","M","E","M","R","T","M","?","M","M","M","R","BOSS","M","?","M","M","$","E","M","E"],"items_purchased_type":["Relic","Relic","Card"],"build_version":"2020-11-30","purchased_purges":1,"victory":false,"max_hp_per_floor":[77,77,77,77,77,77,77,77,77,77,77,77,77,77,77,77,77,77,77,77,77,77,77,77,77,77],"card_choices":[{"not_picked":["Slice","Blade Dance"],"picked":"ReplayTheSpireMod:Speed Training","floor":1.0},{"not_picked":["Slice","Dagger Throw"],"picked":"Masterful Stab","floor":2.0},{"not_picked":["Underhanded Strike","Slice"],"picked":"Poisoned Stab","floor":5.0},{"not_picked":["Acrobatics","Dagger Spray"],"picked":"Bane","floor":6.0},{"not_picked":["Die Die Die","Riddle With Holes"],"picked":"Deadly Poison","floor":7.0},{"not_picked":["ReplayTheSpireMod:Shiv Toss","hubris:Sniper"],"picked":"Escape Plan","floor":10.0},{"not_picked":["Outmaneuver","Quick Slash","hubris:Sniper"],"picked":"SKIP","floor":12.0},{"not_picked":["hubris:TrickCloak","Hidden Blade","Riddle With Holes"],"picked":"SKIP","floor":13.0},{"not_picked":["Slice","Outmaneuver","ReplayTheSpireMod:Scrap Shanks"],"picked":"SKIP","floor":14.0},{"not_picked":["Bullet Time","Wraith Form v2"],"picked":"After Image","floor":16.0},{"not_picked":["Draining Mist","Eviscerate+1"],"picked":"Sneak Up+1","floor":18.0},{"not_picked":["Backflip","Dagger Throw","Prepared"],"picked":"SKIP","floor":20},{"not_picked":["Deflect","Poisoned Stab"],"picked":"Footwork","floor":21},{"not_picked":["PiercingWail","Night Terror","Dagger Spray"],"picked":"SKIP","floor":23},{"not_picked":["Footwork","Outmaneuver"],"picked":"Dodge and Roll+1","floor":24}],"player_experience":40949,"relics_obtained":[{"floor":6.0,"key":"Toy Ornithopter"},{"floor":9.0,"key":"Kunai"},{"floor":23,"key":"Omamori"}],"event_choices":[{"cards_removed":["Strike_G"],"damage_healed":0.0,"max_hp_gain":0.0,"max_hp_loss":0.0,"gold_gain":0.0,"event_name":"Golden Wing","player_choice":"Card Removal","floor":3.0,"gold_loss":0.0,"damage_taken":7.0},{"damage_healed":0.0,"max_hp_gain":0.0,"max_hp_loss":0.0,"gold_gain":75.0,"event_name":"World of Goop","player_choice":"Gather Gold","floor":4.0,"gold_loss":0.0,"damage_taken":11.0},{"cards_removed":["Strike_G"],"damage_healed":0.0,"max_hp_gain":0.0,"max_hp_loss":0.0,"gold_gain":0.0,"event_name":"Living Wall","player_choice":"Forget","floor":11.0,"gold_loss":0.0,"damage_taken":0.0},{"damage_healed":0.0,"max_hp_gain":0.0,"max_hp_loss":0.0,"gold_gain":0.0,"event_name":"ZunEvent","player_choice":"交出神酒","floor":19.0,"relics_lost":["ZunR:ReiMu"],"gold_loss":0.0,"damage_taken":0.0,"cards_obtained":["ZunPunch:ReiMu"]}],"is_beta":false,"boss_relics":[{"not_picked":["Calling Bell","Replay:Drink Me"],"picked":"Ring of the Serpent"}],"items_purged_floors":[22],"is_endless":false,"potions_floor_spawned":[1,2,6,7,14,21,23],"killed_by":"Slavers","ascension_level":0}}