{"host":"2nhpogk5xa0u9xre","time":1607741582,"event":{"mods":["Aspiration","BaseMod","Colored Powertips","Googly Eyes","Hubris","Infinite Spire","Minty Spire (QoL Compilation)","Rare Cards Sparkle","Replay The Spire","StSLib","The Construct","The Hayseed","The Hierophant","The Runesmith","everything is the same but u backflip on backflip"],"gold_per_floor":[111,111,111,126,139,168,184,203,203,236,236,319,363,363,363,486,486,524,449,599,640,691,750,750,750,774,842,883,883,926,333,333,491,491,559,648,648,503,606,606,722,722,722,835,835,948,1064,1064,1064,1290,1390,1508,1508,1634,1758,984,984,984,1062,1086,1180,1288,681,749,749,749,933,933,1023,1105,307,344,404,479,479,479,552,626,626,687,772,844,844,1022,1022,1117,1130,1130],"floor_reached":87,"playtime":3451,"items_purged":["TheSimpletonMod:Strike_TheSimpleton"],"score":2178,"play_id":"09c3abf9-bdae-40cc-b284-7a2dc423b2f2","local_time":"20201211215302","is_ascension_mode":false,"campfire_choices":[{"floor":11,"key":"REST"},{"floor":15,"key":"REST"},{"floor":24,"key":"REST"},{"floor":29,"key":"REST"},{"data":"hubris:InfiniteBlow","floor":32,"key":"SMITH"},{"data":"TheSimpletonMod:Photosynthesis","floor":40,"key":"SMITH"},{"data":"hubris:InfiniteBlow+1","floor":42,"key":"SMITH"},{"data":"TheSimpletonMod:VolatileFumes","floor":42,"key":"SMITH"},{"floor":45,"key":"REST"},{"floor":49,"key":"REST"},{"data":"ReplayTheSpireMod:Black Plague","floor":57,"key":"SMITH"},{"data":"TheSimpletonMod:Haymaker","floor":57,"key":"SMITH"},{"data":"Mind Blast","floor":66,"key":"SMITH"},{"data":"TheSimpletonMod:KeenEdge","floor":66,"key":"SMITH"},{"data":"Runesmith:HammerThrow","floor":76,"key":"SMITH"},{"data":"TheSimpletonMod:VolatileFumes","floor":76,"key":"SMITH"},{"data":"TheSimpletonMod:CloseScrape","floor":79,"key":"SMITH"},{"data":"TheSimpletonMod:Swelter","floor":79,"key":"SMITH"},{"floor":83,"key":"REST"}],"circlet_count":0,"master_deck":["TheSimpletonMod:Strike_TheSimpleton","TheSimpletonMod:Strike_TheSimpleton","TheSimpletonMod:Defend_TheSimpleton","TheSimpletonMod:Defend_TheSimpleton","TheSimpletonMod:Defend_TheSimpleton","TheSimpletonMod:Defend_TheSimpleton","TheSimpletonMod:Haymaker+1","TheSimpletonMod:ReapAndSow+1","TheSimpletonMod:Rake","TheSimpletonMod:DoubleBarrel","TheSimpletonMod:RootDown","TheSimpletonMod:Pruning","TheSimpletonMod:Rake","TheSimpletonMod:CloseScrape","TheSimpletonMod:CropRotation","TheSimpletonMod:CullingStrike+1","ReplayTheSpireMod:Black Plague+1","TheSimpletonMod:DoubleBarrel","ReplayTheSpireMod:Faulty Equipment","hubris:InfiniteBlow+2","TheSimpletonMod:SlashAndBurn+1","TheSimpletonMod:SlashAndBurn+1","TheSimpletonMod:Germinate","Pot Of Greed","Pot Of Greed","Pot Of Greed","TheSimpletonMod:RootDown","TheSimpletonMod:RootDown","TheSimpletonMod:Fertilaser+1","TheSimpletonMod:Sunseed","TheSimpletonMod:SlashAndBurn","TheSimpletonMod:Pruning","TheSimpletonMod:CullingStrike+1","TheSimpletonMod:Rake+1","Blind","Bandage Up","Pot Of Greed","Sadistic Nature+1","TheSimpletonMod:SlashAndBurn","TheSimpletonMod:Pruning","TheSimpletonMod:CloseScrape+1","TheSimpletonMod:Rototilling+1","TheSimpletonMod:BirdFeeder","TheSimpletonMod:HitTheSack+1","TheSimpletonMod:Sunchoke","TheSimpletonMod:Spoilage","TheSimpletonMod:SlashAndBurn","TheSimpletonMod:DoubleBarrel","Mind Blast+1","Pot Of Greed","TheSimpletonMod:Fertilaser","TheSimpletonMod:CloseScrape","TheSimpletonMod:SaladShooter","TheSimpletonMod:StockTheCellar","TheSimpletonMod:Sunseed","TheSimpletonMod:SlashAndBurn","TheSimpletonMod:Pruning","Bandage Up+1","TheSimpletonMod:KeenEdge+1","TheSimpletonMod:CloseScrape+1","TheSimpletonMod:VolatileFumes+1","TheSimpletonMod:Sunseed","TheSimpletonMod:Rake","Pot Of Greed","hubris:DuctTapeCard","ReplayTheSpireMod:Necrogeddon","Replay:Bootleg Shield Generator","TheSimpletonMod:DoubleBarrel","TheSimpletonMod:Swelter+1","Runesmith:HammerThrow+1","TheSimpletonMod:Fertilaser","TheSimpletonMod:Rake","infinitespire:FutureSight","infinitespire:Gouge","TheSimpletonMod:SeedCoat","Pot Of Greed","TheSimpletonMod:Thresh","TheSimpletonMod:BuzzBomb","TheSimpletonMod:Pruning"],"relics":["TheSimpletonMod:SpudOfTheInnocent","TheSimpletonMod:NightSoil","TheSimpletonMod:TheHarvester","aspiration:Nostalgia","construct:Cogwheel","hubris:Icosahedron","Runesmith:AutoHammer","Omamori","Regal Pillow","Replay:Bandana","Replay:Baseball","aspiration:PoetsPen_weak","Black Star","ReplayTheSpireMod:CursedCoin","Smiling Mask","aspiration:Lifesprig","Potion Belt","Grinning Jar","TheSimpletonMod:HotPotato","Simple Rune","infinitespire:EvilPickle","infinitespire:Cupcake","infinitespire:Lucky Rock","Toy Ornithopter","Replay:Arrowhead","Replay:Bottled Flurry","Replay:Rubber Ducky","Whetstone","Replay:Wanted Poster","TheSimpletonMod:GourdCharm","Pet Ghost","Mango","OrangePellets","Lantern","Gambling Chip","aspiration:ChemicalBlood","Medical Kit","Happy Flower","Strawberry","Ring of Chaos","hubris:DuctTape","Sling","Orichalcum","Replay:Mystery Machine","Mercury Hourglass","MealTicket","War Paint","construct:ClawGrip"],"acts_visited":["TheCity","TheBeyond","Exordium","TheCity","TheBeyond"],"potions_floor_usage":[13,16,39,41,50,50,50,67,67,82,84,87,87],"damage_taken":[{"damage":3.0,"enemies":"Cultist","floor":1.0,"turns":5.0},{"damage":6.0,"enemies":"Small Slimes","floor":4.0,"turns":3.0},{"damage":2.0,"enemies":"2 Louse","floor":5.0,"turns":2.0},{"damage":10.0,"enemies":"Gremlin Nob","floor":6.0,"turns":3.0},{"damage":11,"enemies":"Large Slime","floor":7,"turns":4},{"damage":6,"enemies":"3 Louse","floor":8,"turns":2},{"damage":29,"enemies":"Lagavulin","floor":10,"turns":6},{"damage":31,"enemies":"3 Sentries","floor":12,"turns":6},{"damage":18,"enemies":"Gremlin Nob","floor":13,"turns":4},{"damage":42,"enemies":"The Guardian","floor":16,"turns":5},{"damage":30,"enemies":"2 Thieves","floor":18,"turns":3},{"damage":1,"enemies":"Chosen","floor":21,"turns":3},{"damage":8,"enemies":"Snecko","floor":22,"turns":3},{"damage":42,"enemies":"Nightmare","floor":23,"turns":6},{"damage":1,"enemies":"Centurion and Healer","floor":28,"turns":2},{"damage":8,"enemies":"Shelled Parasite and Fungi","floor":30,"turns":2},{"damage":4,"enemies":"Pondfish","floor":33,"turns":6},{"damage":2,"enemies":"Orb Walker","floor":35,"turns":2},{"damage":1,"enemies":"3 Darklings","floor":36,"turns":2},{"damage":18,"enemies":"Maw","floor":39,"turns":4},{"damage":21,"enemies":"Nemesis","floor":41,"turns":3},{"damage":13,"enemies":"Giant Head","floor":44,"turns":5},{"damage":47,"enemies":"Writhing Mass","floor":46,"turns":4},{"damage":28,"enemies":"Sphere and 2 Shapes","floor":47,"turns":2},{"damage":36,"enemies":"Time Eater","floor":50,"turns":3},{"damage":0,"enemies":"Cultist","floor":52,"turns":1},{"damage":0,"enemies":"Small Slimes","floor":54,"turns":1},{"damage":0,"enemies":"2 Louse","floor":55,"turns":1},{"damage":0,"enemies":"Blue Slaver","floor":59,"turns":1},{"damage":0,"enemies":"2 Fungi Beasts","floor":61,"turns":2},{"damage":0,"enemies":"Gremlin Nob","floor":62,"turns":2},{"damage":0,"enemies":"Exordium Wildlife","floor":64,"turns":1},{"damage":66,"enemies":"Hexaghost","floor":67,"turns":3},{"damage":0,"enemies":"3 Byrds","floor":69,"turns":4},{"damage":24,"enemies":"2 Thieves","floor":70,"turns":3},{"damage":2,"enemies":"Sentry and Sphere","floor":72,"turns":3},{"damage":14,"enemies":"Centurion and Healer","floor":73,"turns":2},{"damage":10,"enemies":"Book of Stabbing","floor":74,"turns":2},{"damage":0,"enemies":"3 Cultists","floor":78,"turns":2},{"damage":7,"enemies":"Shelled Parasite and Fungi","floor":80,"turns":2},{"damage":115,"enemies":"Nightmare","floor":81,"turns":5},{"damage":0,"enemies":"Snake Plant","floor":82,"turns":1},{"damage":5,"enemies":"hubris:MusketHawk","floor":84,"turns":3},{"damage":0,"enemies":"3 Shapes","floor":86,"turns":1},{"damage":0,"enemies":"infinitespire:Three Voidlings","floor":87,"turns":2},{"damage":147,"enemies":"Nightmare_Alpha","floor":87,"turns":5}],"seed_played":"-1711464089000206274","potions_obtained":[{"floor":4.0,"key":"infinitespire:BlackPotion"},{"floor":5.0,"key":"Dexterity Potion"},{"floor":8,"key":"Dexterity Potion"},{"floor":12,"key":"SteroidPotion"},{"floor":13,"key":"Death Potion"},{"floor":16,"key":"TheSimpletonMod:AbundancePotion"},{"floor":22,"key":"FairyPotion"},{"floor":27,"key":"FairyPotion"},{"floor":27,"key":"DistilledChaos"},{"floor":36,"key":"Fruit Juice"},{"floor":39,"key":"Reflective Coating"},{"floor":46,"key":"Adrenaline Potion"},{"floor":50,"key":"SteroidPotion"},{"floor":52,"key":"ColorlessPotion"},{"floor":54,"key":"ColorlessPotion"},{"floor":62,"key":"EssenceOfSteel"},{"floor":70,"key":"Toxic Potion"},{"floor":82,"key":"Explosive Potion"},{"floor":84,"key":"Adrenaline Potion"},{"floor":87,"key":"CultistPotion"}],"is_trial":false,"path_per_floor":["M","?","?","M","M","E","M","M","T","E","R","?","E","?","R","B",null,"M","?","AVR","M","M","NM","R","?","T","?","M","R","M","$","R","B",null,"M","M","?","$","M","R","E","R","T","E","R","M","M","?","R","B",null,"M","?","M","M","$","R","?","M","T","M","E","$","M","?","R","B",null,"M","M","$","M","M","E","?","R","T","M","R","M","NM","M","R","B",null,"M","?"],"character_chosen":"THE_SIMPLETON","items_purchased":["TheSimpletonMod:Sunseed","TheSimpletonMod:SlashAndBurn","TheSimpletonMod:Pruning","TheSimpletonMod:HotPotato","Simple Rune","infinitespire:Lucky Rock","Pet Ghost","Mango","OrangePellets","Mind Blast","TheSimpletonMod:Fertilaser","TheSimpletonMod:CloseScrape","Medical Kit","Happy Flower","Strawberry","TheSimpletonMod:SlashAndBurn","TheSimpletonMod:Pruning","Bandage Up","TheSimpletonMod:Sunseed","TheSimpletonMod:Rake","hubris:DuctTape","ReplayTheSpireMod:Necrogeddon","Sling","Replay:Bootleg Shield Generator"],"campfire_rested":7,"item_purchase_floors":[31,31,31,31,31,38,56,56,56,56,56,56,63,63,63,63,63,63,71,71,71,71,71,71],"current_hp_per_floor":[72,72,72,70,68,62,55,53,53,28,65,38,24,24,61,23,75,45,45,45,48,44,6,43,51,51,33,36,73,69,69,69,69,75,73,75,65,65,56,56,43,43,43,38,77,33,5,5,42,25,76,76,76,76,76,90,90,90,90,90,90,90,97,97,97,97,31,97,97,77,77,89,75,69,69,69,69,69,69,62,29,40,84,84,97,97,0,0],"gold":1130,"neow_bonus":"NOSTALGIA","is_daily":false,"chose_seed":false,"campfire_upgraded":12,"win_rate":0.0,"timestamp":1607741582,"path_taken":["M","?","?","M","M","E","M","M","T","E","R","?","E","?","R","BOSS","M","?","AVR","M","M","NM","R","?","T","?","M","R","?","?","R","BOSS","M","M","?","$","M","R","E","R","T","E","R","M","M","?","R","BOSS","M","?","M","M","$","R","?","M","T","?","E","$","M","?","R","BOSS","M","M","$","M","?","E","?","R","T","M","R","M","NM","M","R","BOSS","M","?"],"items_purchased_type":["Card","Card","Card","Relic","Relic","Relic","Relic","Relic","Relic","Card","Card","Card","Relic","Relic","Relic","Card","Card","Card","Card","Card","Relic","Card","Relic","Card"],"build_version":"2020-11-30","purchased_purges":1,"victory":false,"max_hp_per_floor":[75,75,75,75,75,75,75,75,75,75,75,75,75,75,75,75,75,75,75,75,75,75,75,75,75,75,75,75,75,75,75,75,75,75,75,75,75,75,80,80,80,80,80,80,80,80,80,76,76,76,76,76,76,76,76,90,90,90,90,90,90,90,97,97,97,97,97,97,97,97,97,97,97,97,97,97,97,97,97,97,97,97,97,97,97,97,97,97],"card_choices":[{"not_picked":["TheSimpletonMod:BumperCrop","TheSimpletonMod:KeenEdge"],"picked":"TheSimpletonMod:Rake","floor":1.0},{"not_picked":["TheSimpletonMod:Aerate","TheSimpletonMod:SeedCoat"],"picked":"TheSimpletonMod:DoubleBarrel","floor":4.0},{"not_picked":["TheSimpletonMod:Rototilling","TheSimpletonMod:Ferment"],"picked":"TheSimpletonMod:RootDown","floor":5.0},{"not_picked":["TheSimpletonMod:Artichokes","TheSimpletonMod:Ferment"],"picked":"TheSimpletonMod:Pruning","floor":6},{"not_picked":["TheSimpletonMod:PestManagement","TheSimpletonMod:KeenEdge"],"picked":"TheSimpletonMod:Rake","floor":7},{"not_picked":["TheSimpletonMod:ControlledBurn","TheSimpletonMod:DigIn"],"picked":"TheSimpletonMod:CloseScrape","floor":8},{"not_picked":["TheSimpletonMod:Aerate","TheSimpletonMod:Artichokes","TheSimpletonMod:Rototilling"],"picked":"SKIP","floor":10},{"not_picked":["TheSimpletonMod:Mulch","TheSimpletonMod:CullingStrike"],"picked":"TheSimpletonMod:CropRotation","floor":12},{"not_picked":["TheSimpletonMod:SeedCoat","TheSimpletonMod:FanTheFlames"],"picked":"TheSimpletonMod:CullingStrike","floor":13},{"not_picked":["ReplayTheSpireMod:Echoes of Time","infinitespire:SevenWalls"],"picked":"ReplayTheSpireMod:Black Plague","floor":14},{"not_picked":["TheSimpletonMod:FlashPasteurize","TheSimpletonMod:SaltTheEarth"],"picked":"TheSimpletonMod:Photosynthesis","floor":16},{"not_picked":["TheSimpletonMod:KeenEdge+1","TheSimpletonMod:GoToMarket"],"picked":"TheSimpletonMod:DoubleBarrel","floor":18},{"not_picked":["TheSimpletonMod:Rototilling","TheSimpletonMod:VineRipen+1"],"picked":"TheSimpletonMod:SlashAndBurn","floor":21},{"not_picked":["TheSimpletonMod:Aerate","TheSimpletonMod:Sunseed"],"picked":"TheSimpletonMod:SlashAndBurn+1","floor":22},{"not_picked":["TheSimpletonMod:SaladShooter","TheSimpletonMod:Barnstorm"],"picked":"TheSimpletonMod:Germinate","floor":23},{"not_picked":["TheSimpletonMod:SoilSample+1","TheSimpletonMod:CloseScrape+1"],"picked":"TheSimpletonMod:RootDown","floor":27},{"not_picked":["TheSimpletonMod:ControlledBurn","TheSimpletonMod:SaladShooter"],"picked":"TheSimpletonMod:RootDown","floor":28},{"not_picked":["TheSimpletonMod:SaladShooter","TheSimpletonMod:PestManagement+1"],"picked":"TheSimpletonMod:Fertilaser+1","floor":30},{"not_picked":["TheSimpletonMod:HitTheSack","TheSimpletonMod:SaltTheEarth"],"picked":"TheSimpletonMod:VolatileFumes","floor":33},{"not_picked":["TheSimpletonMod:Polyculture+1","TheSimpletonMod:BumperCrop"],"picked":"TheSimpletonMod:CullingStrike+1","floor":35},{"not_picked":["TheSimpletonMod:BumperCrop","TheSimpletonMod:SeedCoat+1"],"picked":"TheSimpletonMod:Rake+1","floor":36},{"not_picked":["Forethought","Impatience"],"picked":"Blind","floor":37},{"not_picked":["ReplayTheSpireMod:Uncanny Aura","Purity"],"picked":"Bandage Up","floor":37},{"not_picked":["Enlightenment","hubris:Insight"],"picked":"Sadistic Nature","floor":37},{"not_picked":["TheSimpletonMod:CloseScrape+1","TheSimpletonMod:OnionBloom+1"],"picked":"TheSimpletonMod:SlashAndBurn","floor":39},{"not_picked":["TheSimpletonMod:BumperCrop","TheSimpletonMod:Mulch"],"picked":"TheSimpletonMod:Pruning","floor":41},{"not_picked":["TheSimpletonMod:ToughenUp+1","TheSimpletonMod:Rake"],"picked":"TheSimpletonMod:CloseScrape+1","floor":44},{"not_picked":["TheSimpletonMod:ToughenUp+1","TheSimpletonMod:Innovate+1"],"picked":"TheSimpletonMod:Rototilling+1","floor":46},{"not_picked":["TheSimpletonMod:ToughenUp","TheSimpletonMod:BumperCrop"],"picked":"TheSimpletonMod:BirdFeeder","floor":47},{"not_picked":["TheSimpletonMod:CrackOfDawn","TheSimpletonMod:DoubleDigging"],"picked":"TheSimpletonMod:HitTheSack","floor":50},{"not_picked":["TheSimpletonMod:StockTheCellar","TheSimpletonMod:Innovate"],"picked":"TheSimpletonMod:Sunchoke","floor":52},{"not_picked":["TheSimpletonMod:SeedCoat","TheSimpletonMod:CropRotation"],"picked":"TheSimpletonMod:SlashAndBurn","floor":54},{"not_picked":["TheSimpletonMod:Mulch","TheSimpletonMod:Germinate"],"picked":"TheSimpletonMod:DoubleBarrel","floor":55},{"not_picked":["TheSimpletonMod:ToughenUp","TheSimpletonMod:PestManagement"],"picked":"TheSimpletonMod:SaladShooter","floor":59},{"not_picked":["TheSimpletonMod:CullingStrike","TheSimpletonMod:BuzzBomb"],"picked":"TheSimpletonMod:StockTheCellar","floor":61},{"not_picked":["TheSimpletonMod:CloseScrape","TheSimpletonMod:RootDown"],"picked":"TheSimpletonMod:Sunseed","floor":62},{"not_picked":["TheSimpletonMod:Sunchoke","TheSimpletonMod:SaladShooter"],"picked":"TheSimpletonMod:KeenEdge","floor":64},{"not_picked":["TheSimpletonMod:Ferment","TheSimpletonMod:GoToMarket"],"picked":"TheSimpletonMod:CloseScrape","floor":69},{"not_picked":["TheSimpletonMod:Ferment+1","TheSimpletonMod:ToughenUp"],"picked":"TheSimpletonMod:VolatileFumes","floor":70},{"not_picked":["TheSimpletonMod:SlashAndBurn","TheSimpletonMod:Rototilling","TheSimpletonMod:DigIn"],"picked":"SKIP","floor":72},{"not_picked":["TheSimpletonMod:Ferment","TheSimpletonMod:Rototilling+1"],"picked":"TheSimpletonMod:DoubleBarrel","floor":73},{"not_picked":["TheSimpletonMod:Innovate","TheSimpletonMod:Thresh"],"picked":"TheSimpletonMod:Swelter","floor":74},{"not_picked":["TheSimpletonMod:SaltTheEarth","TheSimpletonMod:Polyculture"],"picked":"TheSimpletonMod:Fertilaser","floor":78},{"not_picked":["TheSimpletonMod:Polyculture","TheSimpletonMod:Sunchoke+1"],"picked":"TheSimpletonMod:Rake","floor":80},{"not_picked":["infinitespire:FinalStrike","infinitespire:UltimateForm"],"picked":"infinitespire:FutureSight","floor":81},{"not_picked":["infinitespire:Execution","infinitespire:DeathsTouch"],"picked":"infinitespire:Gouge","floor":81},{"not_picked":["TheSimpletonMod:GoToMarket","TheSimpletonMod:Pruning"],"picked":"TheSimpletonMod:SeedCoat","floor":81},{"not_picked":["TheSimpletonMod:KeenEdge","TheSimpletonMod:CullingStrike"],"picked":"TheSimpletonMod:Thresh","floor":82},{"not_picked":["TheSimpletonMod:BirdFeeder","TheSimpletonMod:DesperatePlunge"],"picked":"TheSimpletonMod:BuzzBomb","floor":84},{"not_picked":["TheSimpletonMod:DoubleBarrel","TheSimpletonMod:Sunchoke"],"picked":"TheSimpletonMod:Pruning","floor":86}],"player_experience":181367,"relics_obtained":[{"floor":6,"key":"Runesmith:AutoHammer"},{"floor":9,"key":"Omamori"},{"floor":10,"key":"Regal Pillow"},{"floor":13,"key":"Replay:Baseball"},{"floor":23,"key":"Smiling Mask"},{"floor":23,"key":"aspiration:Lifesprig"},{"floor":26,"key":"Potion Belt"},{"floor":27,"key":"Grinning Jar"},{"floor":41,"key":"Toy Ornithopter"},{"floor":41,"key":"Replay:Arrowhead"},{"floor":43,"key":"Replay:Bottled Flurry"},{"floor":44,"key":"Replay:Rubber Ducky"},{"floor":44,"key":"Whetstone"},{"floor":60,"key":"Lantern"},{"floor":62,"key":"Gambling Chip"},{"floor":62,"key":"aspiration:ChemicalBlood"},{"floor":74,"key":"Orichalcum"},{"floor":74,"key":"Replay:Mystery Machine"},{"floor":77,"key":"Mercury Hourglass"},{"floor":81,"key":"MealTicket"},{"floor":81,"key":"War Paint"}],"event_choices":[{"damage_healed":0,"gold_gain":0,"player_choice":"Searched \u00273\u0027 times","damage_taken":0,"relics_obtained":["Replay:Bandana"],"max_hp_gain":0,"max_hp_loss":0,"event_name":"Dead Adventurer","floor":12,"gold_loss":0},{"cards_removed":["TheSimpletonMod:Strike_TheSimpleton"],"damage_healed":0,"gold_gain":0,"player_choice":"Gave Gold","damage_taken":0,"max_hp_gain":0,"max_hp_loss":0,"event_name":"Beggar","floor":19,"gold_loss":75},{"damage_healed":0,"gold_gain":0,"player_choice":"Memory 3","damage_taken":10,"max_hp_gain":0,"max_hp_loss":0,"event_name":"SensoryStone","floor":37,"gold_loss":0},{"damage_healed":0,"gold_gain":0,"player_choice":"Max HP","damage_taken":0,"max_hp_gain":0,"max_hp_loss":4,"event_name":"Winding Halls","floor":48,"gold_loss":0},{"damage_healed":0,"gold_gain":0,"player_choice":"Upgraded","damage_taken":0,"max_hp_gain":0,"max_hp_loss":0,"event_name":"Upgrade Shrine","floor":58,"gold_loss":0,"cards_upgraded":["TheSimpletonMod:HitTheSack"]},{"damage_healed":0,"gold_gain":0,"player_choice":"Forge","damage_taken":0,"max_hp_gain":0,"max_hp_loss":0,"event_name":"Accursed Blacksmith","floor":65,"gold_loss":0,"cards_upgraded":["Sadistic Nature"]},{"damage_healed":0,"gold_gain":0,"player_choice":"Read","damage_taken":0,"max_hp_gain":0,"max_hp_loss":0,"event_name":"The Library","floor":75,"gold_loss":0,"cards_obtained":["Runesmith:HammerThrow"]}],"is_beta":false,"boss_relics":[{"not_picked":["Replay:Ancient Bell","Empty Cage"],"picked":"aspiration:PoetsPen_weak"},{"not_picked":["Runesmith:UraniumAnvil","hubris:HollowSoul"],"picked":"infinitespire:Cupcake"},{"not_picked":["hubris:CrackedHourglass","aspiration:RitualDagger"],"picked":"Replay:Wanted Poster"},{"not_picked":["Replay:Ancient Bell","Painkiller Herb"],"picked":"Ring of Chaos"},{"not_picked":["TheSimpletonMod:OnionBelt","Runic Dome"],"picked":"construct:ClawGrip"}],"items_purged_floors":[31],"is_endless":true,"potions_floor_spawned":[4,5,8,12,13,16,22,28,36,39,46,50,52,54,55,62,72,73,82,84,87],"killed_by":"Nightmare_Alpha","ascension_level":0}}