{"host":"7mhyj3osjecvpzx6","time":1607814411,"event":{"mods":["Act Like it!","Astrologer","BaseMod","Colored Powertips","Gensokyo","Minty Spire (QoL Compilation)","Permanent Neow","StSLib"],"gold_per_floor":[110,6,23,42,208,243,243,276,326,354,369,39,39,73,73,178,178,193,8,18,18,18,35,27,42,42,0,26,40,40,40,40,121,121,121,115,13,13,11,38,38,54,54,54,54,54,67,81,81,136,136,136,15,40,10],"floor_reached":56,"playtime":5714,"items_purged":["astrologer:Strike","astrologer:Strike","astrologer:Strike"],"score":1839,"play_id":"59eb1030-3b2b-4a7d-8656-a0a5a4e19916","local_time":"20201212180651","is_ascension_mode":true,"campfire_choices":[{"floor":7,"key":"REST"},{"data":"astrologer:TheEmpress","floor":13,"key":"SMITH"},{"data":"astrologer:Moonlight","floor":15,"key":"SMITH"},{"data":"astrologer:WheelofFortune","floor":30,"key":"SMITH"},{"data":"astrologer:Trine","floor":32,"key":"SMITH"},{"data":"astrologer:Trine","floor":41,"key":"SMITH"},{"floor":44,"key":"RECALL"},{"data":"astrologer:WheelofFortune","floor":46,"key":"SMITH"},{"data":"astrologer:ReadTheStars","floor":49,"key":"SMITH"},{"data":"astrologer:TheTower","floor":52,"key":"SMITH"}],"circlet_count":0,"master_deck":["astrologer:Defend","astrologer:Defend","astrologer:NorthStar","astrologer:TheFool","astrologer:Eclipse+1","astrologer:Opposition+1","astrologer:GlassStar","astrologer:Moonlight+1","astrologer:Starfield","astrologer:TheHangedMan","astrologer:TheEmpress+1","astrologer:Conjunction","astrologer:TheTower+1","astrologer:WheelofFortune+1","astrologer:Trine+1","astrologer:Trine+1","astrologer:Stardust+1","astrologer:Temperance+1","astrologer:ReadTheStars+1","astrologer:WheelofFortune+1","astrologer:Prismatic","astrologer:ReadTheStars+1","astrologer:TheHierophant+1","astrologer:CometStrike+1","astrologer:TheHierophant"],"relics":["astrologer:SkyMirror","Akabeko","Smiling Mask","Lizard Tail","Bottled Tornado","Potion Belt","Blood Vial","Meat on the Bone","Singing Bowl","Runic Pyramid","Toy Ornithopter","Bird Faced Urn","Pantograph","Unceasing Top","Pear","Pocketwatch","Philosopher\u0027s Stone","Calipers","Regal Pillow","Bag of Preparation"],"acts_visited":["Gensokyo:Gensokyo","Gensokyo:Gensokyoer","Gensokyo:Gensokyoest","TheEnding"],"potions_floor_usage":[25,28,29,40,40,55,55,55,55],"damage_taken":[{"damage":2,"enemies":"Gensokyo:Python","floor":1,"turns":3},{"damage":8,"enemies":"Gensokyo:Gryphon","floor":3,"turns":4},{"damage":5,"enemies":"Gensokyo:3_Fairies","floor":4,"turns":5},{"damage":15,"enemies":"Gensokyo:Gryphon_and_Rabbit","floor":5,"turns":4},{"damage":8,"enemies":"Gensokyo:Mamizou","floor":6,"turns":8},{"damage":7,"enemies":"Gensokyo:Aya","floor":8,"turns":5},{"damage":8,"enemies":"Gensokyo:Mamizou","floor":10,"turns":10},{"damage":2,"enemies":"Gensokyo:Python_and_Kodama","floor":11,"turns":4},{"damage":22,"enemies":"Gensokyo:Cirno","floor":14,"turns":5},{"damage":16,"enemies":"Gensokyo:Yukari","floor":16,"turns":10},{"damage":8,"enemies":"Gensokyo:CosmicMonolith","floor":18,"turns":3},{"damage":4,"enemies":"Gensokyo:Chomper","floor":20,"turns":4},{"damage":2,"enemies":"Gensokyo:Wraith","floor":21,"turns":4},{"damage":1,"enemies":"Gensokyo:Reisen","floor":23,"turns":4},{"damage":7,"enemies":"Gensokyo:Monolith_and_Dog","floor":24,"turns":3},{"damage":1,"enemies":"Gensokyo:Koishi","floor":25,"turns":5},{"damage":12,"enemies":"Gensokyo:Tenshi","floor":28,"turns":4},{"damage":5,"enemies":"Gensokyo:Slime_Group","floor":29,"turns":4},{"damage":43,"enemies":"Gensokyo:Eternal_Rivals","floor":33,"turns":8},{"damage":11,"enemies":"Gensokyo:AncientGuardian","floor":35,"turns":4},{"damage":41,"enemies":"3 Shapes","floor":36,"turns":3},{"damage":6,"enemies":"Maw","floor":39,"turns":5},{"damage":0,"enemies":"Reptomancer","floor":40,"turns":4},{"damage":0,"enemies":"Gensokyo:Doremy","floor":42,"turns":5},{"damage":1,"enemies":"Transient","floor":47,"turns":5},{"damage":0,"enemies":"Gensokyo:SeedOfUnknown","floor":48,"turns":5},{"damage":0,"enemies":"Gensokyo:Yuyuko","floor":50,"turns":5},{"damage":2,"enemies":"Shield and Spear","floor":54,"turns":6},{"damage":6,"enemies":"The Heart","floor":55,"turns":7}],"seed_played":"1953701531893555789","potions_obtained":[{"floor":3,"key":"FearPotion"},{"floor":6,"key":"SpeedPotion"},{"floor":14,"key":"Strength Potion"},{"floor":16,"key":"Swift Potion"},{"floor":20,"key":"BlessingOfTheForge"},{"floor":21,"key":"PowerPotion"},{"floor":28,"key":"SkillPotion"},{"floor":33,"key":"Swift Potion"},{"floor":36,"key":"GamblersBrew"},{"floor":39,"key":"Weak Potion"},{"floor":40,"key":"Swift Potion"},{"floor":48,"key":"LiquidBronze"},{"floor":54,"key":"Energy Potion"}],"is_trial":false,"path_per_floor":["M","COS","M","M","M","E","R","E","T","E","M","$","R","E","R","B",null,"M","COS","M","M","?","E","M","E","T","?","E","M","R","?","R","B",null,"M","M","$","?","M","E","R","E","T","R","?","R","M","M","R","B",null,"R","$","E","B",null],"character_chosen":"ASTROLOGER","items_purchased":["Meat on the Bone","astrologer:TheTower","astrologer:ReadTheStars","LiquidBronze"],"campfire_rested":1,"item_purchase_floors":[12,12,37,53],"current_hp_per_floor":[61,61,53,48,33,25,46,39,39,31,31,31,31,25,25,23,60,54,54,54,56,56,57,54,64,74,74,79,88,88,88,88,51,79,79,54,54,18,41,59,59,74,74,74,74,74,79,96,96,98,98,98,98,98,98],"gold":10,"neow_bonus":"RANDOM_COMMON_RELIC","is_daily":false,"chose_seed":false,"campfire_upgraded":8,"win_rate":0.0,"timestamp":1607814411,"path_taken":["M","COS","M","M","M","E","R","E","T","E","M","$","R","E","R","BOSS","M","COS","M","M","?","E","M","E","T","?","E","M","R","?","R","BOSS","M","M","$","?","M","E","R","E","T","R","?","R","M","M","R","BOSS","R","$","E","BOSS"],"items_purchased_type":["Relic","Card","Card","Potion"],"build_version":"2020-11-30","purchased_purges":3,"victory":true,"max_hp_per_floor":[70,70,70,70,70,70,70,70,70,70,70,70,70,72,72,72,72,72,72,74,76,76,76,76,76,86,86,88,88,88,88,88,88,88,90,90,90,90,92,94,94,96,96,96,96,96,96,96,96,98,98,98,98,98,98],"card_choices":[{"not_picked":["astrologer:Stardust","astrologer:ReadTheStars"],"picked":"astrologer:Eclipse","floor":1},{"not_picked":["astrologer:Moonlight+1","astrologer:FrozenStar+1"],"picked":"astrologer:Opposition+1","floor":3},{"not_picked":["astrologer:Stardust","astrologer:TheHangedMan"],"picked":"astrologer:GlassStar","floor":3},{"not_picked":["astrologer:TheEmpress","astrologer:NeutronStar"],"picked":"astrologer:Moonlight","floor":4},{"not_picked":["astrologer:Temperance","astrologer:FadingStar"],"picked":"astrologer:Starfield","floor":5},{"not_picked":["astrologer:Eclipse","astrologer:Still"],"picked":"astrologer:MeteorShower","floor":6},{"not_picked":["astrologer:Radiance","astrologer:MeteorShower"],"picked":"astrologer:TheHangedMan","floor":8},{"not_picked":["astrologer:StarOfMisfortune","astrologer:LonelyStar"],"picked":"astrologer:TheEmpress","floor":10},{"not_picked":["astrologer:TheEmpress","astrologer:Eclipse"],"picked":"astrologer:Conjunction","floor":11},{"not_picked":["astrologer:Moonlight","astrologer:StarOfRegret","astrologer:Stardust"],"picked":"Singing Bowl","floor":14},{"not_picked":["astrologer:Fate","astrologer:Starfield"],"picked":"astrologer:WheelofFortune","floor":16},{"not_picked":["astrologer:MeteorShower+1","astrologer:TheHighPriestess"],"picked":"astrologer:SpaceDust","floor":18},{"not_picked":["astrologer:Moonlight","astrologer:HeatDeath","astrologer:Cataclysm"],"picked":"Singing Bowl","floor":20},{"not_picked":["astrologer:MeteorShower","astrologer:LonelyStar","astrologer:Moonlight"],"picked":"Singing Bowl","floor":21},{"not_picked":["astrologer:Still","astrologer:FrozenStar"],"picked":"astrologer:Trine","floor":23},{"not_picked":["astrologer:SpaceDust","astrologer:MeteorShower"],"picked":"astrologer:Stardust+1","floor":24},{"not_picked":["astrologer:TheHangedMan+1","astrologer:Shine"],"picked":"astrologer:Temperance+1","floor":25},{"not_picked":["astrologer:MeteorShower","astrologer:CometStrike+1","astrologer:Moonlight"],"picked":"Singing Bowl","floor":28},{"not_picked":["astrologer:MeteorShower","astrologer:FrozenStar"],"picked":"astrologer:ReadTheStars+1","floor":29},{"not_picked":["astrologer:Alignment","astrologer:TheMagician"],"picked":"astrologer:WheelofFortune","floor":33},{"not_picked":["astrologer:LonelyStar+1","astrologer:Moonlight","astrologer:TheDevil"],"picked":"Singing Bowl","floor":35},{"not_picked":["astrologer:Opposition+1","astrologer:Still"],"picked":"astrologer:Prismatic","floor":36},{"not_picked":["astrologer:FrozenStar+1","astrologer:Opposition","astrologer:Moonlight+1"],"picked":"Singing Bowl","floor":39},{"not_picked":["astrologer:Prestidigitation+1","astrologer:FrozenStar","astrologer:Retelling+1"],"picked":"Singing Bowl","floor":40},{"not_picked":["astrologer:StarOfRegret","astrologer:Opposition","astrologer:FrozenStar+1"],"picked":"Singing Bowl","floor":42},{"not_picked":["astrologer:Still","astrologer:Stardust+1"],"picked":"astrologer:TheHierophant+1","floor":47},{"not_picked":["astrologer:ShiningStar","astrologer:MeteorShower+1"],"picked":"astrologer:CometStrike+1","floor":48},{"not_picked":["astrologer:TheMagician","astrologer:RejectReality","astrologer:Premonition"],"picked":"Singing Bowl","floor":50},{"not_picked":["astrologer:Prismatic","astrologer:Radiance+1"],"picked":"astrologer:TheHierophant","floor":54}],"player_experience":504309,"relics_obtained":[{"floor":6,"key":"Lizard Tail"},{"floor":8,"key":"Bottled Tornado"},{"floor":9,"key":"Potion Belt"},{"floor":10,"key":"Blood Vial"},{"floor":14,"key":"Singing Bowl"},{"floor":23,"key":"Bird Faced Urn"},{"floor":25,"key":"Unceasing Top"},{"floor":26,"key":"Pear"},{"floor":28,"key":"Pocketwatch"},{"floor":42,"key":"Regal Pillow"},{"floor":54,"key":"Bag of Preparation"}],"event_choices":[],"is_beta":false,"boss_relics":[{"not_picked":["Calling Bell","Empty Cage"],"picked":"Runic Pyramid"},{"not_picked":["Runic Dome","Velvet Choker"],"picked":"Philosopher\u0027s Stone"}],"items_purged_floors":[12,37,53],"is_endless":false,"potions_floor_spawned":[3,6,14,16,20,21,28,33,36,39,40,48,54],"ascension_level":8}}