{"host":"mytek2nu1hrzdnew","time":1607740407,"event":{"mods":["Aspiration","BaseMod","Conspire","GifTheSpireLib","Gold Saver","Hubris","Infinite Spire","Minty Spire (QoL Compilation)","Replay The Spire","StSLib","Stuff the Spire","The Animator"],"gold_per_floor":[127,140,94,94,112,112,139,139,163,193,205,91,108,128,128,238,238,249,259,272,272,272],"floor_reached":21,"playtime":1859,"items_purged":[],"score":193,"play_id":"1e0b5cff-3db9-4729-969c-23b84b2889b0","local_time":"20201211213327","is_ascension_mode":false,"campfire_choices":[{"data":"animator:Berserker","floor":6,"key":"SMITH"},{"floor":8,"key":"REST"},{"floor":15,"key":"REST"}],"circlet_count":0,"master_deck":["animator:Strike_MadokaMagica","animator:Defend_MadokaMagica","animator:Strike","animator:Strike","animator:Strike","animator:Defend","animator:Defend","animator:Defend","animator:IrohaTamaki","animator:YuiTsuruno","animator:Berserker+1","animator:TukaLunaMarceau","animator:KyokoSakura","animator:Shichika","animator:KyokoSakura","FollowUp","animator:Bozes","animator:Ainz+1","animator:DolaSchwi","animator:YuiTsuruno","animator:Kyubey","animator:Alexander","animator:PandorasActor+1","animator:Arpeggio+1"],"relics":["animator:LivingPicture","animator:TheMissingPiece","aspiration:Nostalgia","Replay:M_SmolderingBlood","PreservedInsect","infinitespire:Satchel","Question Card","SlaversCollar"],"acts_visited":["Exordium","TheCity"],"potions_floor_usage":[10,14,21],"damage_taken":[{"damage":0,"enemies":"Cultist","floor":1,"turns":3},{"damage":12,"enemies":"infinitespire:Voidling","floor":2,"turns":4},{"damage":1,"enemies":"conspire:RoseBush","floor":5,"turns":3},{"damage":34,"enemies":"Gremlin Nob","floor":7,"turns":5},{"damage":3,"enemies":"3 Sentries","floor":10,"turns":4},{"damage":6,"enemies":"Red Slaver","floor":11,"turns":2},{"damage":17,"enemies":"conspire:2 RoseBushes","floor":13,"turns":4},{"damage":10,"enemies":"Exordium Thugs","floor":14,"turns":3},{"damage":16,"enemies":"Slime Boss","floor":16,"turns":7},{"damage":1,"enemies":"Spheric Guardian","floor":18,"turns":3},{"damage":42,"enemies":"conspire:FuzzyDice","floor":19,"turns":5},{"damage":12,"enemies":"Shelled Parasite and Fungi","floor":20,"turns":4},{"damage":19,"enemies":"Centurion and Healer","floor":21,"turns":2}],"seed_played":"-3013904248275363075","potions_obtained":[{"floor":5,"key":"EssenceOfSteel"},{"floor":13,"key":"Block Potion"},{"floor":18,"key":"Fire Potion"}],"is_trial":false,"path_per_floor":["M","M","$","T","M","R","E","R","T","E","M","$","M","M","R","B",null,"M","M","M","M"],"character_chosen":"THE_ANIMATOR","items_purchased":["animator:KyokoSakura","animator:Ainz+1"],"campfire_rested":2,"item_purchase_floors":[3,12],"current_hp_per_floor":[66,61,61,61,60,60,26,45,45,42,36,36,19,9,28,12,66,66,24,12,0,0],"gold":272,"neow_bonus":"NOSTALGIA","is_daily":false,"chose_seed":false,"campfire_upgraded":1,"win_rate":0.0,"timestamp":1607740407,"path_taken":["M","M","$","?","?","R","E","R","T","E","M","$","M","M","R","BOSS","M","M","M","M"],"items_purchased_type":["Card","Card"],"build_version":"2020-11-30","purchased_purges":0,"victory":false,"max_hp_per_floor":[66,66,66,66,66,66,66,66,66,66,66,66,66,66,66,66,66,67,67,67,67,67],"card_choices":[{"not_picked":["animator:Assassin","animator:Ara"],"picked":"animator:Berserker","floor":1},{"not_picked":["animator:Berserker","Crescendo"],"picked":"animator:TukaLunaMarceau","floor":2},{"not_picked":["animator:Laby","Tantrum"],"picked":"animator:Shichika","floor":5},{"not_picked":["animator:OrikoMikuni","animator:IrohaTamaki"],"picked":"animator:KyokoSakura","floor":7},{"not_picked":["Ragnarok","animator:Sebas"],"picked":"FollowUp","floor":10},{"not_picked":["animator:Add","animator:TsurugaMeisai","animator:Kuribayashi"],"picked":"animator:Bozes","floor":11},{"not_picked":["Tantrum","animator:Hitei","animator:RinTohsaka"],"picked":"animator:DolaSchwi","floor":13},{"not_picked":["animator:OrikoMikuni","animator:SayakaMiki","animator:YachiyoNanami"],"picked":"animator:YuiTsuruno","floor":14},{"not_picked":["Bludgeon","animator:HigakiRinne","Ragnarok"],"picked":"animator:Kyubey","floor":16},{"not_picked":["animator:Raven","animator:YaoHaDucy+1","animator:Ciel+1"],"picked":"animator:Alexander","floor":18},{"not_picked":["animator:Illya","animator:Demiurge+1","animator:DolaStephanie"],"picked":"animator:PandorasActor+1","floor":19},{"not_picked":["animator:Kuribayashi","animator:DolaStephanie","animator:Illya"],"picked":"animator:Arpeggio+1","floor":20}],"player_experience":1077662,"relics_obtained":[{"floor":7,"key":"PreservedInsect"},{"floor":9,"key":"infinitespire:Satchel"},{"floor":10,"key":"Question Card"}],"event_choices":[],"is_beta":false,"boss_relics":[{"not_picked":["Replay:Grab Bag","conspire:SeveredTorchhead"],"picked":"SlaversCollar"}],"items_purged_floors":[],"is_endless":false,"potions_floor_spawned":[5,7,13,18],"killed_by":"Centurion and Healer","ascension_level":0}}