{"host":"dbkc9h3etq50r1dq","time":1607769692,"event":{"mods":["AchievementEnabler","BaseMod","Block Reminder","Colored Powertips","Custom Start","Minty Spire (QoL Compilation)","Permanent Neow","Potion Indicator Mod","Rare Cards Sparkle","StSLib","SuperFastMode"],"gold_per_floor":[209,384,384,384,402,402,419,419,469,46,86,116,116,188,188,188,188],"floor_reached":16,"playtime":429,"items_purged":["Doubt"],"score":125,"play_id":"9e9ce017-676d-4ae3-9ae7-b6657ad4a8b7","local_time":"20201212184132","is_ascension_mode":true,"campfire_choices":[{"data":"Neutralize","floor":6,"key":"SMITH"},{"floor":8,"key":"REST"},{"floor":15,"key":"REST"}],"circlet_count":0,"master_deck":["Strike_G","Strike_G","Strike_G","Strike_G","Defend_G","Defend_G","Defend_G","Defend_G","Defend_G","Survivor","Neutralize+1","Setup","Escape Plan","Dagger Spray","HandOfGreed","Reflex","Tactician","Sucker Punch"],"relics":["Ring of the Snake","Singing Bowl","Bag of Marbles","Vajra","Happy Flower"],"acts_visited":["Exordium"],"potions_floor_usage":[14,16],"damage_taken":[{"damage":0.0,"enemies":"Cultist","floor":1.0,"turns":3.0},{"damage":2,"enemies":"2 Louse","floor":5,"turns":4},{"damage":7,"enemies":"Small Slimes","floor":7,"turns":4},{"damage":7,"enemies":"3 Louse","floor":11,"turns":2},{"damage":1,"enemies":"Blue Slaver","floor":12,"turns":2},{"damage":35,"enemies":"3 Sentries","floor":14,"turns":8},{"damage":34,"enemies":"The Guardian","floor":16,"turns":13}],"seed_played":"2303291032912266735","potions_obtained":[{"floor":1.0,"key":"Weak Potion"},{"floor":14,"key":"GamblersBrew"}],"is_trial":false,"path_per_floor":["M","?","?","?","M","R","M","R","T","$","M","M","?","E","R","B"],"character_chosen":"THE_SILENT","items_purchased":["HandOfGreed","Reflex","Vajra"],"campfire_rested":2,"item_purchase_floors":[10,10,10],"current_hp_per_floor":[70,70,45,45,43,43,36,57,57,57,50,51,44,9,30,0,0],"gold":188,"neow_bonus":"HUNDRED_GOLD","is_daily":false,"chose_seed":false,"campfire_upgraded":1,"win_rate":0.0,"timestamp":1607769692,"path_taken":["M","?","?","?","M","R","M","R","T","$","M","M","?","E","R","BOSS"],"items_purchased_type":["Card","Card","Relic"],"build_version":"2020-11-30","purchased_purges":1,"victory":false,"max_hp_per_floor":[70,70,70,70,70,70,70,70,70,70,70,72,72,72,72,72,72],"card_choices":[{"not_picked":["Slice","Caltrops"],"picked":"Setup","floor":1.0},{"not_picked":["Deflect","Predator"],"picked":"Escape Plan","floor":5},{"not_picked":["Predator","Prepared"],"picked":"Dagger Spray","floor":7},{"not_picked":["PiercingWail","Setup"],"picked":"Tactician","floor":11},{"not_picked":["Noxious Fumes","Heel Hook","Infinite Blades"],"picked":"Singing Bowl","floor":12},{"not_picked":["Tactician","Accuracy"],"picked":"Sucker Punch","floor":14}],"player_experience":113338,"relics_obtained":[{"floor":9,"key":"Bag of Marbles"},{"floor":14,"key":"Happy Flower"}],"event_choices":[{"damage_healed":0.0,"max_hp_gain":0.0,"max_hp_loss":0.0,"gold_gain":175.0,"event_name":"Liars Game","player_choice":"AGREE","floor":2.0,"gold_loss":0.0,"damage_taken":0.0,"cards_obtained":["Doubt"]},{"damage_healed":0.0,"max_hp_gain":0.0,"max_hp_loss":0.0,"gold_gain":0.0,"event_name":"Scrap Ooze","player_choice":"Success","floor":3.0,"gold_loss":0.0,"damage_taken":25.0,"relics_obtained":["Singing Bowl"]},{"damage_healed":0,"gold_gain":0,"player_choice":"Ignored","damage_taken":0,"max_hp_gain":0,"max_hp_loss":0,"event_name":"Shining Light","floor":4,"gold_loss":0},{"cards_removed":["Strike_G"],"damage_healed":0,"gold_gain":0,"player_choice":"Card Removal","damage_taken":7,"max_hp_gain":0,"max_hp_loss":0,"event_name":"Golden Wing","floor":13,"gold_loss":0}],"is_beta":false,"boss_relics":[],"items_purged_floors":[10],"is_endless":false,"potions_floor_spawned":[1,14],"killed_by":"The Guardian","ascension_level":5}}