{"host":"qqjv58wfhopf6ysa","time":1607765510,"event":{"mods":["AchievementEnabler","Aspiration","BaseMod","Conspire","Hubris","Infinite Spire","Minty Spire (QoL Compilation)","Quick Restart","Replay The Spire","StSLib","SuperFastMode","vexMod"],"gold_per_floor":[109,109,34,50,50,77,77,87,87,9,40,10,10,35,35,140,140,156,156,167,167,82,82,82],"floor_reached":23,"playtime":941,"items_purged":["Strike_B","Writhe"],"score":205,"play_id":"07214d2d-059b-47b0-8ba4-0a7a39ba8125","local_time":"20201212183150","is_ascension_mode":false,"campfire_choices":[{"data":"Cold Snap","floor":7,"key":"SMITH"},{"data":"Defend_B","floor":13,"key":"PURGE"},{"data":"Strike_B","floor":15,"key":"PURGE"}],"circlet_count":0,"master_deck":["Strike_B","Strike_B","Defend_B","Defend_B","Defend_B","Zap","Dualcast","Consume+1","Glacier+1","Cold Snap+1","FIFO Queue","ReplayTheSpireMod:Calculation Training"],"relics":["Cracked Core","aspiration:Nostalgia","infinitespire:DarkRift","Replay:Ringing Soul","Peace Pipe","conspire:GlowingRock","Emotion Chip","hubris:TerracottaHorce","HornCleat","vexMod:TimeEaterHat","Ornamental Fan"],"acts_visited":["Exordium","TheCity"],"potions_floor_usage":[],"damage_taken":[{"damage":4,"enemies":"Cultist","floor":1,"turns":4},{"damage":10,"enemies":"Small Slimes","floor":4,"turns":3},{"damage":23,"enemies":"Lagavulin","floor":6,"turns":8},{"damage":0,"enemies":"Jaw Worm","floor":8,"turns":5},{"damage":23,"enemies":"Gremlin Nob","floor":11,"turns":7},{"damage":0,"enemies":"Looter","floor":12,"turns":4},{"damage":6,"enemies":"3 Sentries","floor":14,"turns":7},{"damage":9,"enemies":"Slime Boss","floor":16,"turns":11},{"damage":20,"enemies":"3 Byrds","floor":18,"turns":6},{"damage":0,"enemies":"Chosen","floor":20,"turns":7},{"damage":61,"enemies":"Gremlin Leader","floor":23,"turns":9}],"seed_played":"93777301476412680","potions_obtained":[{"floor":1,"key":"BlessingOfTheForge"},{"floor":6,"key":"DistilledChaos"},{"floor":11,"key":"EssenceOfDarkness"},{"floor":18,"key":"PowerPotion"}],"is_trial":false,"path_per_floor":["M","?","$","M","?","E","R","M","T","$","E","M","R","E","R","B",null,"M","?","M","AVR","?","E"],"character_chosen":"DEFECT","items_purchased":["FIFO Queue"],"campfire_rested":0,"item_purchase_floors":[10],"current_hp_per_floor":[71,71,71,61,61,41,41,41,41,44,21,24,24,18,18,9,65,45,48,48,48,48,0,0],"gold":82,"neow_bonus":"NOSTALGIA","is_daily":false,"chose_seed":false,"campfire_upgraded":1,"win_rate":0.0,"timestamp":1607765510,"path_taken":["M","?","$","M","?","E","R","M","T","$","E","M","R","E","R","BOSS","M","?","M","AVR","?","E"],"items_purchased_type":["Card"],"build_version":"2020-11-30","purchased_purges":2,"victory":false,"max_hp_per_floor":[75,75,75,75,75,78,78,78,78,81,81,84,84,84,84,84,84,84,87,87,87,87,87,87],"card_choices":[{"not_picked":["Sweeping Beam","Chaos"],"picked":"Consume","floor":1},{"not_picked":["BasicCrystalCard","Panic Button"],"picked":"Glacier","floor":4},{"not_picked":["Turbo","Cold Snap","Static Discharge"],"picked":"SKIP","floor":6},{"not_picked":["Turbo","Static Discharge"],"picked":"Cold Snap","floor":6},{"not_picked":["ReplaySolidLightProjector","Ball Lightning","Rip and Tear"],"picked":"SKIP","floor":8},{"not_picked":["Amplify","Cold Snap","Beam Cell"],"picked":"SKIP","floor":11},{"not_picked":["ReplayTheSpireMod:GoodbyeWorld","Streamline"],"picked":"ReplayTheSpireMod:Calculation Training","floor":12},{"not_picked":["Loop","Turbo","Panic Button"],"picked":"SKIP","floor":14},{"not_picked":["Cold Snap","Compile Driver","Redo"],"picked":"SKIP","floor":18},{"not_picked":["hubris:Ukulele","Heatsinks","Barrage"],"picked":"SKIP","floor":20}],"player_experience":315764,"relics_obtained":[{"floor":6,"key":"Replay:Ringing Soul"},{"floor":9,"key":"Peace Pipe"},{"floor":11,"key":"conspire:GlowingRock"},{"floor":14,"key":"Emotion Chip"}],"event_choices":[{"damage_healed":0,"gold_gain":0,"player_choice":"Grow","damage_taken":0,"max_hp_gain":0,"max_hp_loss":0,"event_name":"Living Wall","floor":5,"gold_loss":0,"cards_upgraded":["Glacier"]},{"damage_healed":0,"gold_gain":0,"player_choice":"Opened","damage_taken":0,"relics_obtained":["HornCleat"],"max_hp_gain":0,"max_hp_loss":0,"event_name":"The Mausoleum","floor":19,"gold_loss":0,"cards_obtained":["Writhe"]},{"damage_healed":0,"gold_gain":0,"player_choice":"Obtained Relic","damage_taken":0,"relics_obtained":["Ornamental Fan"],"max_hp_gain":0,"max_hp_loss":0,"event_name":"Addict","floor":22,"gold_loss":85}],"is_beta":false,"boss_relics":[{"not_picked":["Replay:Ancient Bell","hubris:HollowSoul"],"picked":"hubris:TerracottaHorce"}],"items_purged_floors":[3,21],"is_endless":false,"potions_floor_spawned":[1,6,11,16,18,20],"killed_by":"Gremlin Leader","ascension_level":0}}