{"host":"njb27ds59h4j3ikk","time":1607810907,"event":{"mods":["AchievementEnabler","BaseMod","Better Altar","Better Match","Better Note","Better Sensory Stone","Better Skull","Better Third Choice","BetterRewards","Downfall","Hermit","Hubris","Minty Spire (QoL Compilation)","Permanent Neow","Quarter Circle Forward PUNCH!","Quick Restart","Rare Cards Sparkle","Replay The Spire","Shop Mod","StSLib","Trackpad","Transform Curses"],"gold_per_floor":[111,163,181,181,196,221,221,250,250,250,262,287,303,329,329,431,431,442,442,528,545,48,83,102,130,177,195,221,238,263,291,291,386,386,396,12,0,20,32,58,58,78,78,78,108,160,220,220,220,290,290,290,15,95,155],"floor_reached":56,"playtime":2369,"items_purged":[],"score":2430,"play_id":"702b64c8-a272-4f13-8a64-6de4eebb7446","local_time":"20201212170827","is_ascension_mode":true,"campfire_choices":[{"data":"Uppercut","floor":7.0,"key":"SMITH"},{"data":"Replay:Sssssssssshield","floor":10.0,"key":"SMITH"},{"data":"ReplayTheSpireMod:LeadingStrike","floor":15.0,"key":"SMITH"},{"floor":32,"key":"RECALL"},{"floor":49,"key":"DIG"},{"data":"ReplayReversal","floor":52,"key":"SMITH"}],"circlet_count":0,"master_deck":["Strike_R","Strike_R","Strike_R","Strike_R","Defend_R","Defend_R","Defend_R","Defend_R","Bash","Warcry+1","Sword Boomerang","Replay:Sssssssssshield+1","Wild Strike","Inflame+1","Iron Wave","Thunderclap","Headbutt","Uppercut+1","Run Through","Cleave","Bandage Up","ReplayTheSpireMod:LeadingStrike+1","Shrug It Off","Panacea","Perfected Strike","ReplayReversal+1","Pommel Strike","hubris:StunningStrike+1","CurseOfTheBell","Power Through+1","Apotheosis+1","Flex+1","Armaments+1","Feed+1","Demon Form+1","Double Tap+1","Pommel Strike+1","Shockwave+1","Limit Break+1","Sweeping Beam+1","Burning Pact+1","Static Discharge","Immolate+1","Auto Shields","hubris:Ukulele+1","Defy Death+1","Glass Knife+1","hubris:StunningStrike","Heavy Blade+1","Iron Wave+1","Replay:SS_fish_2+1","hubris:StunningStrike","Feel No Pain","Anger+1","Perfected Strike+1","Power Through","Headbutt+1","hubris:StunningStrike+1","Feel No Pain+1","Defy Death+1","Perfected Strike+1","Flex+1"],"relics":["Burning Blood","qcfpunch:Chain_With_Nametags","Pen Nib","CaptainsWheel","Red Skull","Blue Doll","Replay:Towering Pillar of Hats","Membership Card","Shuriken","qcfpunch:Handcuffs","MerchantsRug","Prayer Wheel","Art of War","Meat on the Bone","Guardian:PocketSentry","ReplayFunnel","Vajra","The Courier","qcfpunch:Unceasing_Flame","Nunchaku","qcfpunch:Fighting_Gloves","Magic Flower","Pet Ghost","trackpad:BerserkersDraught","trackpad:WondrousWand","ReplayTheSpireMod:Spearhead","qcfpunch:School_Backpack","Replay:Rubber Ducky","Centennial Puzzle","qcfpunch:Crimson_Sash","Letter Opener","ReplayTheSpireMod:Lightbulb","OrangePellets","trackpad:FieryHotPepper","Red Mask","PreservedInsect","Ring of Searing","Ring of Panic","Golden Egg","Replay:Bandana","Mercury Hourglass","ClockworkSouvenir","Onion Ring","trackpad:Mousetrap","Turnip","Bag of Preparation","trackpad:SappingStone","hubris:Reverence"],"acts_visited":["Exordium","TheCity","TheBeyond","TheEnding"],"potions_floor_usage":[55],"damage_taken":[{"damage":0.0,"enemies":"Cultist","floor":1.0,"turns":3.0},{"damage":0.0,"enemies":"Small Slimes","floor":3.0,"turns":3.0},{"damage":0.0,"enemies":"Jaw Worm","floor":5.0,"turns":2.0},{"damage":3.0,"enemies":"3 Sentries","floor":6.0,"turns":5.0},{"damage":0.0,"enemies":"Lagavulin","floor":8.0,"turns":5.0},{"damage":0.0,"enemies":"Looter","floor":11.0,"turns":1.0},{"damage":0.0,"enemies":"Gremlin Nob","floor":12.0,"turns":4.0},{"damage":0.0,"enemies":"Blue Slaver","floor":13.0,"turns":3.0},{"damage":5.0,"enemies":"3 Sentries","floor":14.0,"turns":5.0},{"damage":1.0,"enemies":"Fading Forest","floor":16.0,"turns":11.0},{"damage":0.0,"enemies":"Chosen","floor":18.0,"turns":4.0},{"damage":0.0,"enemies":"Shell Parasite","floor":21.0,"turns":2.0},{"damage":0.0,"enemies":"Gremlin Leader","floor":23.0,"turns":3.0},{"damage":20.0,"enemies":"Centurion and Healer","floor":24.0,"turns":3.0},{"damage":0.0,"enemies":"Replay:Snechameleon","floor":25.0,"turns":4.0},{"damage":12.0,"enemies":"Chosen and Byrds","floor":27.0,"turns":3.0},{"damage":0,"enemies":"Gremlin Leader","floor":28,"turns":4},{"damage":0,"enemies":"3 Cultists","floor":29,"turns":4},{"damage":0,"enemies":"Book of Stabbing","floor":31,"turns":4},{"damage":7,"enemies":"Automaton","floor":33,"turns":5},{"damage":0,"enemies":"Orb Walker","floor":35,"turns":2},{"damage":4,"enemies":"3 Shapes","floor":38,"turns":1},{"damage":0,"enemies":"Jaw Worm Horde","floor":39,"turns":3},{"damage":0,"enemies":"R_Hoarder","floor":40,"turns":6},{"damage":3,"enemies":"4 Shapes","floor":42,"turns":2},{"damage":11,"enemies":"Reptomancer","floor":45,"turns":2},{"damage":9,"enemies":"3 Darklings","floor":46,"turns":2},{"damage":4,"enemies":"Maw","floor":47,"turns":4},{"damage":14,"enemies":"hubris:GrandSnecko","floor":50,"turns":5},{"damage":4,"enemies":"Shield and Spear","floor":54,"turns":3},{"damage":16,"enemies":"The Heart","floor":55,"turns":4}],"seed_played":"-1708240323517363293","potions_obtained":[{"floor":1.0,"key":"HeartOfIron"},{"floor":11.0,"key":"Block Potion"},{"floor":13.0,"key":"sneckomod:MuddlingPotion"},{"floor":16.0,"key":"BloodPotion"},{"floor":18.0,"key":"SpeedPotion"},{"floor":27.0,"key":"Elixir"},{"floor":42,"key":"Weak Potion"},{"floor":54,"key":"Energy Potion"}],"is_trial":false,"path_per_floor":["M","?","M","?","M","E","R","E","T","R","M","E","M","E","R","B",null,"M","?","?","M","$","E","M","E","T","M","E","M","T","E","R","B",null,"M","$","?","M","M","E","?","M","T","T","E","M","M","?","R","B",null,"R","$","E","B",null],"character_chosen":"IRONCLAD","items_purchased":["qcfpunch:Chain_With_Nametags","Pen Nib","Warcry+1","Flashbang","Sword Boomerang","BargainBundle","Red Skull","Blue Doll","hexamod:EctoCoolerPotion","SkillPotion","Replay:Sssssssssshield","Wild Strike","Inflame","Membership Card","Shuriken","MerchantsRug","Iron Wave","qcfpunch:Fighting_Gloves","Demon Form+1","Magic Flower","Pet Ghost","trackpad:BerserkersDraught","trackpad:WondrousWand","BlessingOfTheForge","Letter Opener","ReplayTheSpireMod:Lightbulb","OrangePellets","trackpad:FieryHotPepper","Replay:SS_fish_2+1","ClockworkSouvenir","Onion Ring","trackpad:Mousetrap","Turnip","Perfected Strike+1","Bag of Preparation","trackpad:SappingStone"],"campfire_rested":0,"item_purchase_floors":[0,0,0,0,0,0,0,0,0,0,0,0,0,0,0,0,0,22,22,22,22,22,22,22,36,36,36,36,36,53,53,53,53,53,53,53],"current_hp_per_floor":[78,78,80,80,80,80,80,80,80,80,80,80,80,80,80,80,80,80,80,80,80,80,80,74,83,83,85,86,86,86,86,86,86,86,86,86,86,86,86,86,86,86,86,86,80,77,79,79,79,70,78,78,78,79,68],"gold":155,"neow_bonus":"","is_daily":false,"chose_seed":false,"campfire_upgraded":4,"win_rate":0.0,"timestamp":1607810907,"path_taken":["M","?","M","?","?","E","R","E","T","R","M","E","M","E","R","BOSS","M","?","?","?","$","E","M","E","T","M","E","M","?","E","R","BOSS","M","$","?","M","M","E","?","M","T","?","E","M","?","?","R","BOSS","R","$","E","BOSS"],"items_purchased_type":["Relic","Relic","Card","Potion","Card","Relic","Relic","Relic","Potion","Potion","Card","Card","Card","Relic","Relic","Relic","Card","Relic","Card","Relic","Relic","Relic","Relic","Potion","Relic","Relic","Relic","Relic","Card","Relic","Relic","Relic","Relic","Card","Relic","Relic"],"build_version":"2020-11-30","purchased_purges":0,"victory":true,"max_hp_per_floor":[80,80,80,80,80,80,80,80,80,80,80,80,80,80,80,80,80,80,80,80,80,80,80,83,83,83,86,86,86,86,86,86,86,86,86,86,86,86,86,86,86,86,86,86,86,88,90,90,90,90,90,90,90,90,90],"card_choices":[{"not_picked":["Wild Strike","Searing Blow"],"picked":"Thunderclap","floor":1.0},{"not_picked":["Dual Wield","True Grit"],"picked":"Headbutt","floor":3.0},{"not_picked":["Thunderclap","hubris:SharpeningStone"],"picked":"Uppercut","floor":5.0},{"not_picked":["Warcry","Entrench"],"picked":"Run Through","floor":6.0},{"not_picked":["Battle Trance","Bloodletting"],"picked":"Cleave","floor":8.0},{"not_picked":[],"picked":"Bandage Up","floor":11.0},{"not_picked":["Shrug It Off","Bloodletting"],"picked":"ReplayTheSpireMod:LeadingStrike","floor":11.0},{"not_picked":["Havoc","Whirlwind"],"picked":"Shrug It Off","floor":11.0},{"not_picked":[],"picked":"Panacea","floor":12.0},{"not_picked":["Body Slam","Corruption"],"picked":"Perfected Strike","floor":12.0},{"not_picked":["ReplayTheSpireMod:Strike From Hell","Spot Weakness"],"picked":"ReplayReversal","floor":13.0},{"not_picked":["Headbutt","Havoc","Wild Strike"],"picked":"SKIP","floor":13.0},{"not_picked":["Juggernaut","Clothesline"],"picked":"Pommel Strike","floor":14.0},{"not_picked":["Bludgeon","Offering"],"picked":"hubris:StunningStrike","floor":16.0},{"not_picked":["Whirlwind","Flex"],"picked":"Power Through+1","floor":18.0},{"not_picked":["Infernal Blade","ReplayTheSpireMod:Strike From Hell","True Grit"],"picked":"SKIP","floor":18.0},{"not_picked":["Thunderclap+1","Uppercut+1"],"picked":"Flex+1","floor":20.0},{"not_picked":["True Grit+1","Rampage"],"picked":"Armaments+1","floor":21.0},{"not_picked":["Seeing Red","ReplayTheSpireMod:Strike From Hell"],"picked":"Feed","floor":21.0},{"not_picked":["Clash","Warcry"],"picked":"Double Tap","floor":23.0},{"not_picked":["Warcry+1","Wild Strike"],"picked":"Pommel Strike+1","floor":24.0},{"not_picked":["Bloodletting","Anger+1"],"picked":"Shockwave+1","floor":24.0},{"not_picked":["Body Slam","ReplayTheSpireMod:Strike From Hell"],"picked":"Limit Break","floor":25.0},{"not_picked":["Conserve Battery","Machine Learning"],"picked":"Sweeping Beam+1","floor":27.0},{"not_picked":["True Grit","Sword Boomerang"],"picked":"Burning Pact+1","floor":27.0},{"not_picked":["Clash+1","Heavy Blade","ReplayTheSpireMod:Strike From Hell"],"picked":"SKIP","floor":27.0},{"not_picked":["Sunder","Chill"],"picked":"Static Discharge","floor":28},{"not_picked":["Warcry","Thunderclap"],"picked":"Immolate","floor":28},{"not_picked":["Glacier","Steam"],"picked":"Auto Shields","floor":29},{"not_picked":["Heavy Blade","Headbutt","Shrug It Off"],"picked":"SKIP","floor":29},{"not_picked":["Rampage+1","Cleave","Warcry"],"picked":"SKIP","floor":29},{"not_picked":["Sweeping Beam","Steam"],"picked":"hubris:Ukulele+1","floor":31},{"not_picked":["Body Slam","Entrench+1"],"picked":"Defy Death+1","floor":31},{"not_picked":["Corpse Explosion","Replay:Bag of Tricks","Unload"],"picked":"Glass Knife","floor":33},{"not_picked":["Impervious","Fiend Fire","Exhume"],"picked":"hubris:StunningStrike","floor":33},{"not_picked":["Armaments+1","Rage","Clash"],"picked":"Heavy Blade+1","floor":35},{"not_picked":["Body Slam","Battle Trance","Spot Weakness"],"picked":"Iron Wave+1","floor":35},{"not_picked":["Second Wind+1","Anger+1","Evolve"],"picked":"hubris:StunningStrike","floor":38},{"not_picked":["Cleave","Wild Strike+1","Body Slam"],"picked":"Feel No Pain","floor":38},{"not_picked":["Sword Boomerang+1","Brutality","Armaments+1"],"picked":"Anger+1","floor":39},{"not_picked":["Spot Weakness","Wild Strike","Body Slam+1"],"picked":"Perfected Strike+1","floor":39},{"not_picked":["Bloodletting","True Grit+1","Warcry+1","Brutality"],"picked":"SKIP","floor":40},{"not_picked":["Warcry+1","Body Slam+1","Combust"],"picked":"Power Through","floor":42},{"not_picked":["ReplayTheSpireMod:Strike From Hell+1","hubris:ReadiedAction+1","Wild Strike"],"picked":"Headbutt+1","floor":42},{"not_picked":["Seeing Red+1","Havoc+1","Perfected Strike+1"],"picked":"hubris:StunningStrike","floor":45},{"not_picked":["Twin Strike+1","Clash","Shrug It Off"],"picked":"Feel No Pain+1","floor":46},{"not_picked":["Dark Embrace","Sever Soul","Intimidate","Battle Trance"],"picked":"Singing Bowl","floor":46},{"not_picked":["Armaments","Replay:Undeath\u0027s Touch","Havoc"],"picked":"Defy Death+1","floor":47},{"not_picked":["Anger+1","Flame Barrier","Headbutt+1","Thunderclap+1"],"picked":"Singing Bowl","floor":47},{"not_picked":["Havoc","Dark Embrace+1"],"picked":"Flex+1","floor":54}],"player_experience":1180806,"relics_obtained":[{"floor":6.0,"key":"Prayer Wheel"},{"floor":8.0,"key":"Art of War"},{"floor":9.0,"key":"qcfpunch:Duffel_Bag"},{"floor":12.0,"key":"Meat on the Bone"},{"floor":13.0,"key":"Guardian:PocketSentry"},{"floor":14.0,"key":"ReplayFunnel"},{"floor":14.0,"key":"Vajra"},{"floor":17.0,"key":"Omamori"},{"floor":17.0,"key":"The Courier"},{"floor":17.0,"key":"qcfpunch:Unceasing_Flame"},{"floor":20.0,"key":"Nunchaku"},{"floor":23.0,"key":"ReplayTheSpireMod:Spearhead"},{"floor":25.0,"key":"qcfpunch:School_Backpack"},{"floor":26.0,"key":"Replay:Rubber Ducky"},{"floor":28,"key":"Centennial Puzzle"},{"floor":31,"key":"Question Card"},{"floor":40,"key":"PreservedInsect"},{"floor":41,"key":"Ring of Searing"},{"floor":41,"key":"Ring of Panic"},{"floor":43,"key":"Golden Egg"},{"floor":44,"key":"Singing Bowl"},{"floor":45,"key":"Replay:Bandana"},{"floor":49,"key":"Mercury Hourglass"},{"floor":54,"key":"hubris:Reverence"}],"event_choices":[{"damage_healed":0.0,"max_hp_gain":0.0,"max_hp_loss":0.0,"gold_gain":52.0,"event_name":"Golden Wing","player_choice":"Gained Gold","floor":2.0,"gold_loss":0.0,"damage_taken":0.0},{"damage_healed":0.0,"max_hp_gain":0.0,"max_hp_loss":0.0,"gold_gain":0.0,"event_name":"The Woman in Blue","player_choice":"Bought 0 Potions","floor":4.0,"gold_loss":0.0,"damage_taken":0.0},{"cards_removed":["Uppercut"],"damage_healed":0.0,"max_hp_gain":0.0,"max_hp_loss":0.0,"gold_gain":0.0,"event_name":"betterNote:BetterNote","player_choice":"Take \u0026 Give","floor":19.0,"gold_loss":0.0,"damage_taken":0.0,"cards_obtained":["Apotheosis"]},{"damage_healed":0,"gold_gain":0,"player_choice":"Paid","damage_taken":0,"relics_obtained":["Red Mask"],"max_hp_gain":0,"max_hp_loss":0,"event_name":"Tomb of Lord Red Mask","floor":37,"gold_loss":12},{"cards_removed":["Strike_R"],"damage_healed":0,"gold_gain":0,"player_choice":"Purged","damage_taken":0,"max_hp_gain":0,"max_hp_loss":0,"event_name":"Purifier","floor":48,"gold_loss":0}],"is_beta":false,"boss_relics":[{"not_picked":["Tiny House","Ectoplasm"],"picked":"Calling Bell"},{"not_picked":["trackpad:Trackpad","Black Blood"],"picked":"qcfpunch:Crimson_Sash"}],"items_purged_floors":[],"is_endless":false,"potions_floor_spawned":[1,11,13,16,18,27,28,33,42,45,46,54],"ascension_level":7}}