{"host":"pivahb1bacxk2eup","time":1607769464,"event":{"mods":["AchievementEnabler","BaseMod","Colored Map","Colored Powertips","Downfall","Hermit","Hero for Fun","Hubris","Jedi Mod","Jorbs\u0027s Wanderer Trilogy","Lobotomy","Marisa????????","Minty Spire (QoL Compilation)","Remilia??????","StSLib","The Alterego","The Animator","The Construct","The Hierophant","The Runesmith","The Servant 0.9.4","TheBandit","TheFirefly","Yuri Mod","thorton"],"gold_per_floor":[12,32,42,217,292,323,26,26,26,41,52,80,94,125,125,224,224,243,243,255,255,255,285,139,166,193,213,238,238,252,278,278,375,375,390,290,308,308,355,390,405,433,456,488,199,214,230,250,250,250,250,250,47,27,27],"floor_reached":56,"playtime":891,"items_purged":["Doubt"],"score":2265,"play_id":"12d48819-6056-4dcb-a2dc-4e0ad07797a8","local_time":"20201212053744","is_ascension_mode":true,"campfire_choices":[{"floor":8,"key":"RECALL"},{"data":"Serious_Punch","floor":15,"key":"SMITH"},{"floor":29,"key":"REST"},{"floor":32,"key":"REST"},{"floor":49,"key":"REST"},{"floor":52,"key":"REST"}],"circlet_count":0,"master_deck":["Strike_Y","Strike_Y","Strike_Y","Strike_Y","Strike_Y","Defend_Y","Defend_Y","Defend_Y","Defend_Y","Oh","Consecutive_Normal_Punch","Do_Nothing","Ignore","Hop","Wear_Disguise","Hip_Strike","Yawn","Side_Hop","Do_Nothing","Get_Hopes_Up","Yawn","Wear_Disguise","Consecutive_Normal_Punch","Terrifying_Presence","Consecutive_Normal_Punch","Normal_Punch+1","Consecutive_Normal_Punch+1","Get_Hopes_Up","Yawn","Wear_Disguise"],"relics":["Cape","WingedGreaves","hubris:OldNail","Happy Flower","hubris:CuriousFeather","hubris:TerracottaHorce","alterego_mod:SomeoneToFightFor","TungstenRod","Lantern","hubris:ToyBattleship","Omamori","hubris:SlimyHat","Toy Ornithopter","SacredBark","hubris:Icosahedron","Mango","Bag of Marbles","jedi:angrymask","Centennial Puzzle","jedi:firstaidkit","Sling","Art of War","Bronze Scales"],"acts_visited":["Exordium","TheCity","TheBeyond","TheEnding"],"potions_floor_usage":[3,50],"damage_taken":[{"damage":0,"enemies":"Cultist","floor":1,"turns":1},{"damage":0,"enemies":"Small Slimes","floor":2,"turns":1},{"damage":0,"enemies":"Jaw Worm","floor":3,"turns":1},{"damage":0,"enemies":"Lagavulin","floor":6,"turns":1},{"damage":0,"enemies":"2 Fungi Beasts","floor":10,"turns":2},{"damage":0,"enemies":"Lots of Slimes","floor":11,"turns":3},{"damage":0,"enemies":"3 Sentries","floor":12,"turns":2},{"damage":0,"enemies":"Exordium Wildlife","floor":13,"turns":1},{"damage":0,"enemies":"Lagavulin","floor":14,"turns":2},{"damage":0,"enemies":"Hexaghost","floor":16,"turns":1},{"damage":0,"enemies":"Spheric Guardian","floor":18,"turns":1},{"damage":0,"enemies":"Shell Parasite","floor":20,"turns":1},{"damage":0,"enemies":"Slavers","floor":23,"turns":2},{"damage":0,"enemies":"Gremlin Leader","floor":25,"turns":2},{"damage":0,"enemies":"Snake Plant","floor":27,"turns":1},{"damage":0,"enemies":"Book of Stabbing","floor":28,"turns":1},{"damage":0,"enemies":"Snecko","floor":30,"turns":1},{"damage":0,"enemies":"Slavers","floor":31,"turns":3},{"damage":0,"enemies":"hubris:MusketHawk","floor":33,"turns":1},{"damage":0,"enemies":"3 Darklings","floor":35,"turns":2},{"damage":0,"enemies":"Orb Walker","floor":37,"turns":1},{"damage":0,"enemies":"2 Orb Walkers","floor":39,"turns":1},{"damage":0,"enemies":"Giant Head","floor":40,"turns":1},{"damage":0,"enemies":"4 Shapes","floor":41,"turns":2},{"damage":0,"enemies":"Reptomancer","floor":42,"turns":1},{"damage":0,"enemies":"Giant Head","floor":44,"turns":1},{"damage":0,"enemies":"Writhing Mass","floor":46,"turns":1},{"damage":0,"enemies":"Transient","floor":47,"turns":1},{"damage":0,"enemies":"3 Darklings","floor":48,"turns":2},{"damage":0,"enemies":"Donu and Deca","floor":50,"turns":1},{"damage":0,"enemies":"Shield and Spear","floor":54,"turns":2},{"damage":0,"enemies":"The Heart","floor":55,"turns":3}],"seed_played":"6974009683128086164","potions_obtained":[{"floor":1,"key":"PowerPotion"},{"floor":2,"key":"FearPotion"},{"floor":3,"key":"Fruit Juice"},{"floor":10,"key":"Energy Potion"},{"floor":23,"key":"jedi:hoardpotion"}],"is_trial":false,"path_per_floor":["M","M","M","?","?","E","$","R","T","M","M","E","M","E","R","B",null,"M","?","M","?","?","E","$","E","T","M","E","R","M","E","R","B",null,"M","NS","M","?","?","E","M","E","T","E","$","M","M","M","R","B",null,"R","$","E","B",null],"character_chosen":"OPM","items_purchased":["hubris:OldNail","Wear_Disguise","Lantern","Sling","Art of War","Get_Hopes_Up","Yawn","Wear_Disguise"],"campfire_rested":4,"item_purchase_floors":[7,7,24,45,45,53,53,53],"current_hp_per_floor":[999,999,1004,1004,1004,1004,1004,1004,1004,1004,1004,1004,1004,1004,1004,1004,1004,1004,1004,1004,1004,1004,1004,1004,1004,1004,1004,1004,1004,1004,1004,1004,1004,1004,1004,1004,1004,1004,1018,1018,1018,1018,1018,1018,1018,1018,1018,1018,1018,1018,1018,1018,1018,1018,1018],"gold":27,"neow_bonus":"THREE_RARE_CARDS","is_daily":false,"chose_seed":false,"campfire_upgraded":1,"win_rate":0.0,"timestamp":1607769464,"path_taken":["M","M","M","?","?","E","$","R","T","M","?","E","M","E","R","BOSS","M","?","?","?","?","E","$","E","T","?","E","R","M","E","R","BOSS","M","NS","M","?","?","E","M","E","T","E","?","M","?","M","R","BOSS","R","$","E","BOSS"],"items_purchased_type":["Relic","Card","Card","Relic","Relic","Card","Card","Card"],"build_version":"2020-11-30","purchased_purges":1,"victory":true,"max_hp_per_floor":[999,999,1004,1004,1004,1004,1004,1004,1004,1004,1004,1004,1004,1004,1004,1004,1004,1004,1004,1004,1004,1004,1004,1004,1004,1004,1004,1004,1004,1004,1004,1004,1004,1004,1004,1004,1004,1004,1018,1018,1018,1018,1018,1018,1018,1018,1018,1018,1018,1018,1018,1018,1018,1018,1018],"card_choices":[{"not_picked":["Serious_Punch","Hip_Strike"],"picked":"Oh","floor":0},{"not_picked":["Side_Hop","Normal_Punch"],"picked":"Consecutive_Normal_Punch","floor":1},{"not_picked":["Toss_Stone","Consecutive_Normal_Punch"],"picked":"Do_Nothing","floor":2},{"not_picked":["Toss_Stone","Do_Nothing"],"picked":"Ignore","floor":3},{"not_picked":["Ignore","Toss_Stone"],"picked":"Hop","floor":6},{"not_picked":["Hop","Slap"],"picked":"Hip_Strike","floor":10},{"not_picked":["Hop","Consecutive_Normal_Punch"],"picked":"Yawn","floor":11},{"not_picked":["Wear_Disguise","Do_Nothing"],"picked":"Serious_Punch","floor":12},{"not_picked":["Do_Nothing","Toss_Stone"],"picked":"Side_Hop","floor":13},{"not_picked":["Side_Hop","Toss_Stone"],"picked":"Do_Nothing","floor":14},{"not_picked":["Terrifying_Presence","Oh"],"picked":"Get_Hopes_Up","floor":16},{"not_picked":["Slap+1","Ignore","Normal_Punch"],"picked":"SKIP","floor":18},{"not_picked":["Hop+1","Side_Hop","Toss_Stone"],"picked":"SKIP","floor":20},{"not_picked":["Normal_Punch","Ignore","Yawn"],"picked":"SKIP","floor":23},{"not_picked":["Slap+1","Toss_Stone","Terrifying_Presence"],"picked":"SKIP","floor":25},{"not_picked":["Do_Nothing","Side_Hop"],"picked":"Yawn","floor":27},{"not_picked":["Toss_Stone","Yawn"],"picked":"Wear_Disguise","floor":28},{"not_picked":["Side_Hop","Normal_Punch"],"picked":"Consecutive_Normal_Punch+1","floor":30},{"not_picked":["Toss_Stone","Side_Hop"],"picked":"Consecutive_Normal_Punch","floor":31},{"not_picked":["Oh","Serious_Punch"],"picked":"Terrifying_Presence","floor":33},{"not_picked":["Hop","Normal_Punch"],"picked":"Consecutive_Normal_Punch","floor":35},{"not_picked":["Wear_Disguise+1","Ignore+1","Hop"],"picked":"SKIP","floor":37},{"not_picked":["Wear_Disguise+1","Hop+1"],"picked":"Normal_Punch+1","floor":39},{"not_picked":["Normal_Punch+1","Wear_Disguise+1","Hop+1"],"picked":"SKIP","floor":40},{"not_picked":["Ignore","Normal_Punch+1","Yawn"],"picked":"SKIP","floor":41},{"not_picked":["Normal_Punch","Consecutive_Normal_Punch+1","Do_Nothing"],"picked":"SKIP","floor":42},{"not_picked":["Side_Hop","Ignore+1","Yawn"],"picked":"SKIP","floor":44},{"not_picked":["Do_Nothing+1","Normal_Punch"],"picked":"Consecutive_Normal_Punch+1","floor":46},{"not_picked":["Consecutive_Normal_Punch+1","Yawn","Ignore"],"picked":"SKIP","floor":47},{"not_picked":["Slap","Yawn+1","Serious_Side_Hops"],"picked":"SKIP","floor":48},{"not_picked":["Do_Nothing+1","Slap+1","Ignore"],"picked":"SKIP","floor":54}],"player_experience":496781,"relics_obtained":[{"floor":6,"key":"WingedGreaves"},{"floor":12,"key":"Happy Flower"},{"floor":14,"key":"hubris:CuriousFeather"},{"floor":23,"key":"TungstenRod"},{"floor":25,"key":"hubris:ToyBattleship"},{"floor":26,"key":"Omamori"},{"floor":28,"key":"hubris:SlimyHat"},{"floor":31,"key":"Toy Ornithopter"},{"floor":39,"key":"Mango"},{"floor":40,"key":"Bag of Marbles"},{"floor":42,"key":"jedi:angrymask"},{"floor":43,"key":"Centennial Puzzle"},{"floor":44,"key":"jedi:firstaidkit"},{"floor":54,"key":"Bronze Scales"}],"event_choices":[{"damage_healed":0,"gold_gain":175,"player_choice":"AGREE","damage_taken":0,"max_hp_gain":0,"max_hp_loss":0,"event_name":"Liars Game","floor":4,"gold_loss":0,"cards_obtained":["Doubt"]},{"damage_healed":0,"gold_gain":75,"player_choice":"Gather Gold","damage_taken":11,"max_hp_gain":0,"max_hp_loss":0,"event_name":"World of Goop","floor":5,"gold_loss":0},{"damage_healed":0,"gold_gain":0,"player_choice":"Damaged","damage_taken":100,"max_hp_gain":0,"max_hp_loss":0,"event_name":"Wheel of Change","floor":19,"gold_loss":0},{"damage_healed":0,"gold_gain":0,"player_choice":"Choice 2","damage_taken":0,"relics_obtained":["alterego_mod:SomeoneToFightFor"],"max_hp_gain":0,"max_hp_loss":0,"event_name":"Secret Garden","floor":21,"gold_loss":0},{"cards_removed":["Defend_Y"],"damage_healed":0,"gold_gain":0,"player_choice":"Purged","damage_taken":0,"max_hp_gain":0,"max_hp_loss":0,"event_name":"Purifier","floor":22,"gold_loss":0},{"damage_healed":0,"gold_gain":0,"player_choice":"Fight","damage_taken":0,"max_hp_gain":0,"max_hp_loss":0,"event_name":"Mysterious Sphere","floor":39,"gold_loss":0}],"is_beta":false,"boss_relics":[{"not_picked":["Cursed Key","Philosopher\u0027s Stone"],"picked":"hubris:TerracottaHorce"},{"not_picked":["hubris:ScarierMask","jedi:paperlyon"],"picked":"SacredBark"}],"items_purged_floors":[7],"is_endless":false,"potions_floor_spawned":[1,2,3,10,12,14,18,23,40,41,42,46,47],"ascension_level":5}}