{"host":"m0l7iybr7y7a2mwh","time":1607804665,"event":{"mods":["AchievementEnabler","AlwaysNeverKeys","BaseMod","Block Reminder","Colored Map","Colored Powertips","Highlight Path","Minty Spire (QoL Compilation)","Permanent Neow","Quick Restart","StSLib"],"gold_per_floor":[367,383,153,173,173,173,186,212,212,212,212],"floor_reached":10,"playtime":225,"items_purged":["Doubt"],"score":71,"play_id":"dcb7dc18-78d3-4b95-a5ed-f4ac4d6ba979","local_time":"20201213072425","is_ascension_mode":true,"campfire_choices":[{"data":"Capacitor","floor":6,"key":"SMITH"}],"circlet_count":0,"master_deck":["Strike_B","Strike_B","Strike_B","Strike_B","Defend_B","Defend_B","Defend_B","Defend_B","Zap","Dualcast","Capacitor+1"],"relics":["Cracked Core","MealTicket","Tiny Chest","Meat on the Bone","Ancient Tea Set"],"acts_visited":["Exordium"],"potions_floor_usage":[],"damage_taken":[{"damage":0,"enemies":"2 Louse","floor":1,"turns":1},{"damage":5,"enemies":"Cultist","floor":2,"turns":4},{"damage":5,"enemies":"Small Slimes","floor":4,"turns":4},{"damage":8,"enemies":"2 Fungi Beasts","floor":7,"turns":4},{"damage":54,"enemies":"Gremlin Nob","floor":8,"turns":6},{"damage":0,"enemies":"Lagavulin","floor":10,"turns":1}],"seed_played":"8775017777211905879","potions_obtained":[{"floor":2,"key":"Block Potion"}],"is_trial":false,"path_per_floor":["M","M","$","M","?","R","M","E","T","E"],"character_chosen":"DEFECT","items_purchased":["MealTicket"],"campfire_rested":0,"item_purchase_floors":[3],"current_hp_per_floor":[75,70,70,65,65,65,57,3,3,3,3],"gold":212,"neow_bonus":"TWO_FIFTY_GOLD","is_daily":false,"chose_seed":false,"campfire_upgraded":1,"win_rate":0.0,"timestamp":1607804665,"path_taken":["M","M","$","M","?","R","M","E","T","E"],"items_purchased_type":["Relic"],"build_version":"2020-11-30","purchased_purges":1,"victory":false,"max_hp_per_floor":[75,75,75,75,75,75,75,75,75,75,75],"card_choices":[{"not_picked":["Chaos","Ball Lightning","Melter"],"picked":"SKIP","floor":1},{"not_picked":["Barrage","Streamline"],"picked":"Capacitor","floor":2},{"not_picked":["Melter","Ball Lightning","Redo"],"picked":"SKIP","floor":4},{"not_picked":["Reprogram","Beam Cell","Conserve Battery"],"picked":"SKIP","floor":7},{"not_picked":["Compile Driver","Tempest","Sweeping Beam"],"picked":"SKIP","floor":8}],"player_experience":92316,"relics_obtained":[{"floor":8,"key":"Meat on the Bone"},{"floor":9,"key":"Ancient Tea Set"}],"event_choices":[{"damage_healed":0,"gold_gain":0,"player_choice":"Gave Potion","damage_taken":0,"relics_obtained":["Tiny Chest"],"max_hp_gain":0,"max_hp_loss":0,"event_name":"WeMeetAgain","floor":5,"gold_loss":0}],"is_beta":false,"boss_relics":[],"items_purged_floors":[3],"is_endless":false,"potions_floor_spawned":[2],"killed_by":"Lagavulin","ascension_level":1}}