{"host":"e40jm352kjzixotw","time":1607801210,"event":{"mods":["BaseMod","Better Altar","Colored Map","Colored Powertips","DeckTracker","Dota2Spire","Downfall","Minty Spire (QoL Compilation)","Relic Stats","StSLib","The Animator"],"gold_per_floor":[110,179,199,212,222,222,256,256,256,256,286,18,48,60,60,161,161,175,193,118,128,128,128,128,128,128],"floor_reached":25,"playtime":819,"items_purged":["Defend_G"],"score":320,"play_id":"5c495dd2-6962-41f1-89ae-2e46c2e39c7e","local_time":"20201212202650","is_ascension_mode":true,"campfire_choices":[{"floor":6,"key":"REST"},{"data":"Poisoned Stab","floor":8,"key":"SMITH"},{"floor":10,"key":"REST"},{"floor":15,"key":"REST"},{"floor":23,"key":"REST"}],"circlet_count":0,"master_deck":["Strike_G+1","Strike_G+1","Strike_G+1","Defend_G+1","Defend_G+1","Defend_G+1","Defend_G+1","Survivor","Neutralize","Masterful Stab","Poisoned Stab+1","Quick Slash","Dagger Spray","Apotheosis","Infinite Blades","CurseOfTheBell","Deadly Poison+1"],"relics":["Ring of the Snake","Boot","Dota2Spire:Dagon","Toy Ornithopter","Calling Bell","Regal Pillow","InkBottle","Torii"],"acts_visited":["Exordium","TheCity"],"potions_floor_usage":[14,14,19,21],"damage_taken":[{"damage":0,"enemies":"2 Louse","floor":1,"turns":2},{"damage":0,"enemies":"Jaw Worm","floor":3,"turns":3},{"damage":0,"enemies":"Cultist","floor":4,"turns":3},{"damage":16,"enemies":"Exordium Thugs","floor":5,"turns":5},{"damage":24,"enemies":"3 Sentries","floor":7,"turns":8},{"damage":20,"enemies":"Lagavulin","floor":11,"turns":5},{"damage":10,"enemies":"3 Sentries","floor":13,"turns":4},{"damage":0,"enemies":"Exordium Wildlife","floor":14,"turns":2},{"damage":17,"enemies":"Slime Boss","floor":16,"turns":6},{"damage":46,"enemies":"Shell Parasite","floor":18,"turns":6},{"damage":18,"enemies":"2 Thieves","floor":19,"turns":4},{"damage":6,"enemies":"Snake Plant","floor":21,"turns":4},{"damage":42,"enemies":"Book of Stabbing","floor":25,"turns":5}],"seed_played":"4044794587097001414","potions_obtained":[{"floor":1,"key":"Strength Potion"},{"floor":5,"key":"LiquidMemories"},{"floor":13,"key":"Strength Potion"},{"floor":14,"key":"Swift Potion"},{"floor":16,"key":"CunningPotion"},{"floor":18,"key":"Strength Potion"},{"floor":21,"key":"SteroidPotion"}],"is_trial":false,"path_per_floor":["M","?","M","M","M","R","E","R","T","R","E","$","E","M","R","B",null,"M","M","?","M","?","R","$","E"],"character_chosen":"THE_SILENT","items_purchased":["Apotheosis"],"campfire_rested":4,"item_purchase_floors":[12],"current_hp_per_floor":[63,63,63,63,47,68,44,44,44,65,45,45,35,45,66,49,65,19,6,6,5,5,41,41,0,0],"gold":128,"neow_bonus":"TRANSFORM_CARD","is_daily":false,"chose_seed":false,"campfire_upgraded":1,"win_rate":0.0,"timestamp":1607801210,"path_taken":["M","?","M","M","M","R","E","R","T","R","E","?","E","?","R","BOSS","M","M","?","M","?","R","?","E"],"items_purchased_type":["Card"],"build_version":"2020-11-30","purchased_purges":1,"victory":false,"max_hp_per_floor":[70,70,70,70,70,70,70,70,70,70,70,70,70,70,70,70,70,70,70,70,70,70,70,70,70,70],"relic_stats":{"Regal Pillow":15,"Torii":4,"counters":[13,57],"Boot":[43],"obtain_stats":[{"Calling Bell":17,"Regal Pillow":17,"Torii":17,"Dota2Spire:Dagon":11,"Boot":7,"Toy Ornithopter":13,"InkBottle":17,"Ring of the Snake":0},{"Calling Bell":9,"Regal Pillow":9,"Torii":9,"Dota2Spire:Dagon":6,"Boot":5,"Toy Ornithopter":7,"InkBottle":9,"Ring of the Snake":0},{"Calling Bell":38,"Regal Pillow":38,"Torii":38,"Dota2Spire:Dagon":26,"Boot":21,"Toy Ornithopter":30,"InkBottle":38,"Ring of the Snake":0}],"Toy Ornithopter":20,"InkBottle":[6],"Ring of the Snake":[26]},"card_choices":[{"not_picked":["Blur","Acrobatics"],"picked":"Poisoned Stab","floor":1},{"not_picked":["Underhanded Strike","Dagger Throw","Reflex"],"picked":"SKIP","floor":3},{"not_picked":["All Out Attack","Grand Finale"],"picked":"Quick Slash","floor":4},{"not_picked":["Leg Sweep","Cloak And Dagger"],"picked":"Dagger Spray","floor":5},{"not_picked":["Dagger Spray","Acrobatics","Flying Knee"],"picked":"SKIP","floor":7},{"not_picked":["Unload","Cloak And Dagger","Tactician"],"picked":"SKIP","floor":11},{"not_picked":["Quick Slash","Accuracy","Leg Sweep"],"picked":"SKIP","floor":13},{"not_picked":["Cloak And Dagger","Poisoned Stab"],"picked":"Infinite Blades","floor":14},{"not_picked":["Sucker Punch","Caltrops+1","Dagger Spray"],"picked":"SKIP","floor":18},{"not_picked":["Sucker Punch","Caltrops+1","Dagger Spray"],"picked":"SKIP","floor":18},{"not_picked":["Slice","Underhanded Strike"],"picked":"Deadly Poison+1","floor":19},{"not_picked":["Outmaneuver","Deadly Poison","Poisoned Stab"],"picked":"SKIP","floor":21}],"player_experience":1171929,"relics_obtained":[{"floor":7,"key":"Boot"},{"floor":11,"key":"Dota2Spire:Dagon"},{"floor":13,"key":"Toy Ornithopter"},{"floor":17,"key":"Regal Pillow"},{"floor":17,"key":"InkBottle"},{"floor":17,"key":"Torii"}],"event_choices":[{"damage_healed":0,"gold_gain":69,"player_choice":"Gained Gold","damage_taken":0,"max_hp_gain":0,"max_hp_loss":0,"event_name":"Golden Wing","floor":2,"gold_loss":0},{"cards_removed":["Strike_G"],"damage_healed":0,"gold_gain":0,"player_choice":"Gave Gold","damage_taken":0,"max_hp_gain":0,"max_hp_loss":0,"event_name":"Beggar","floor":20,"gold_loss":75},{"damage_healed":0,"gold_gain":0,"player_choice":"Simplicity","damage_taken":0,"max_hp_gain":0,"max_hp_loss":0,"event_name":"Back to Basics","floor":22,"gold_loss":0,"cards_upgraded":["Strike_G","Strike_G","Strike_G","Defend_G","Defend_G","Defend_G","Defend_G"]}],"is_beta":false,"boss_relics":[{"not_picked":["Snecko Eye","Cursed Key"],"picked":"Calling Bell"}],"items_purged_floors":[12],"is_endless":false,"potions_floor_spawned":[1,5,13,14,16,18,21],"killed_by":"Book of Stabbing","ascension_level":9}}