{"host":"qt939hhvrbc28rjp","time":1607800243,"event":{"mods":["BaseMod","Minty Spire (QoL Compilation)","Quick Restart","StSLib","SuperFastMode"],"gold_per_floor":[109,109,5,5,25,59,59,93,93,111,261,261,276,276,276,347,347,359,378,378,378],"floor_reached":20,"playtime":1659,"items_purged":["Defend_B"],"score":393,"play_id":"40dc88b9-b826-499e-8401-430e5351c780","local_time":"20201213041043","is_ascension_mode":true,"campfire_choices":[{"floor":7.0,"key":"DIG"},{"floor":12.0,"key":"REST"},{"floor":15.0,"key":"REST"}],"circlet_count":0,"master_deck":["AscendersBane","Strike_B","Strike_B+1","Defend_B","Defend_B+1","Zap+1","Dualcast","Capacitor","Coolheaded","Doom and Gloom","Chaos","Static Discharge","Leap","Chill","Echo Form","Core Surge+1","Consume+1","Static Discharge+1","Conserve Battery"],"relics":["Cracked Core","NeowsBlessing","Shovel","Blood Vial","Oddly Smooth Stone","White Beast Statue","Astrolabe"],"acts_visited":["Exordium","TheCity"],"potions_floor_usage":[20],"damage_taken":[{"damage":0.0,"enemies":"2 Louse","floor":1.0,"turns":1.0},{"damage":0.0,"enemies":"Cultist","floor":5.0,"turns":1.0},{"damage":0.0,"enemies":"Lagavulin","floor":6.0,"turns":1.0},{"damage":35.0,"enemies":"Gremlin Nob","floor":8.0,"turns":4.0},{"damage":4.0,"enemies":"Small Slimes","floor":10.0,"turns":2.0},{"damage":6.0,"enemies":"2 Fungi Beasts","floor":13.0,"turns":3.0},{"damage":30.0,"enemies":"Slime Boss","floor":16.0,"turns":10.0},{"damage":23.0,"enemies":"2 Thieves","floor":18.0,"turns":3.0},{"damage":19.0,"enemies":"Shell Parasite","floor":19.0,"turns":6.0},{"damage":22,"enemies":"Masked Bandits","floor":20,"turns":2}],"seed_played":"3940430594138100578","potions_obtained":[{"floor":1.0,"key":"EssenceOfSteel"},{"floor":10.0,"key":"PotionOfCapacity"},{"floor":13.0,"key":"BlessingOfTheForge"},{"floor":16.0,"key":"FocusPotion"}],"is_trial":false,"path_per_floor":["M","?","$","?","M","E","R","E","T","M","?","R","M","?","R","B",null,"M","M","?"],"character_chosen":"DEFECT","items_purchased":["Coolheaded"],"campfire_rested":2,"item_purchase_floors":[3],"current_hp_per_floor":[64,64,64,43,43,43,43,10,10,8,8,29,25,18,39,11,56,35,18,0,0],"gold":378,"neow_bonus":"THREE_ENEMY_KILL","is_daily":false,"chose_seed":false,"campfire_upgraded":0,"win_rate":0.0,"timestamp":1607800243,"path_taken":["M","?","$","?","M","E","R","E","T","M","?","R","M","?","R","BOSS","M","M","?"],"items_purchased_type":["Card"],"build_version":"2020-11-30","purchased_purges":1,"victory":false,"max_hp_per_floor":[71,71,71,71,71,71,71,71,71,71,71,71,71,71,71,71,71,71,71,71,71],"card_choices":[{"not_picked":["Coolheaded","Skim"],"picked":"Capacitor","floor":1.0},{"not_picked":["Rebound","Capacitor"],"picked":"Doom and Gloom","floor":5.0},{"not_picked":["Turbo","Redo"],"picked":"Chaos","floor":6.0},{"not_picked":["Lockon","Beam Cell"],"picked":"Static Discharge","floor":8.0},{"not_picked":["Cold Snap","Seek"],"picked":"Leap","floor":10.0},{"not_picked":["Tempest","Leap"],"picked":"Chill","floor":13.0},{"not_picked":["All For One","Hyperbeam"],"picked":"Echo Form","floor":16.0},{"not_picked":["Steam Power","Rip and Tear+1"],"picked":"Conserve Battery","floor":18.0},{"not_picked":["Conserve Battery","Steam","Go for the Eyes"],"picked":"SKIP","floor":19.0}],"player_experience":1370198,"relics_obtained":[{"floor":6.0,"key":"Shovel"},{"floor":7.0,"key":"Blood Vial"},{"floor":8.0,"key":"Oddly Smooth Stone"},{"floor":9.0,"key":"White Beast Statue"}],"event_choices":[{"damage_healed":0.0,"max_hp_gain":0.0,"max_hp_loss":0.0,"gold_gain":0.0,"event_name":"Upgrade Shrine","player_choice":"Upgraded","floor":2.0,"gold_loss":0.0,"damage_taken":0.0,"cards_upgraded":["Zap"]},{"damage_healed":0.0,"max_hp_gain":0.0,"max_hp_loss":0.0,"gold_gain":0.0,"event_name":"Shining Light","player_choice":"Entered Light","floor":4.0,"gold_loss":0.0,"damage_taken":21.0,"cards_upgraded":["Defend_B","Strike_B"]},{"damage_healed":0.0,"max_hp_gain":0.0,"max_hp_loss":0.0,"gold_gain":150.0,"event_name":"Liars Game","player_choice":"AGREE","floor":11.0,"gold_loss":0.0,"damage_taken":0.0,"cards_obtained":["Doubt"]},{"cards_removed":["Doubt"],"damage_healed":0.0,"max_hp_gain":0.0,"max_hp_loss":0.0,"gold_gain":0.0,"event_name":"Golden Wing","player_choice":"Card Removal","floor":14.0,"gold_loss":0.0,"damage_taken":7.0},{"damage_healed":0,"gold_gain":0,"player_choice":"Fought Bandits","damage_taken":0,"max_hp_gain":0,"max_hp_loss":0,"event_name":"Masked Bandits","floor":20,"gold_loss":0}],"is_beta":false,"boss_relics":[{"not_picked":["FrozenCore","Snecko Eye"],"picked":"Astrolabe"}],"items_purged_floors":[3],"is_endless":false,"potions_floor_spawned":[1,10,13,16,18,19],"killed_by":"Masked Bandits","ascension_level":18}}