{"host":"kqqjvufdj6ouyvqb","time":1607771885,"event":{"mods":["BaseMod","HololiveMod","LagranYue(拉格朗・月)","Lobotomy","LobotomyExtend","Minty Spire (QoL Compilation)","Prisma Mod","Quick Restart","Replay The Spire","Shop Mod","StSLib","WarShipGirlsR/战舰少女R mod","[IsaacMod]以撒尖塔"],"gold_per_floor":[80,80,36,53,53,84,84,144,168,188,218,245,576,619,704,781,831,850,850,131,142,155,155,252,66,66,82,114,171,171,471,471,575,575,604,621,28,39,64,64,64,75,121,171,182,182,199,223,223,306,383,383,413,11,11,28,48,48,84,84,84,54,54,64,64,78,78,193,193,214,236,247,32,42,54,66,78,118,137,163,190,202,489,501,631,643,669,697,709,721,645,645,679,679,733,733,762,762,17,66,66,296,558,574,596,596,596,24,31,31,31,31,81,81,81,88,88,124,124,525,525],"floor_reached":120,"playtime":10256,"items_purged":["Pain","Pot Of Greed+1","Pot Of Greed+1","Pain","Pot Of Greed+1","Regret"],"score":4183,"play_id":"78b39ac0-0f72-4d65-a839-06212b26a34e","local_time":"20201212191805","daily_mods":["SealedDeck","Vintage","Heirloom","Flight"],"is_ascension_mode":true,"campfire_choices":[{"data":"Hololive_CallDoris","floor":7.0,"key":"SMITH"},{"data":"Hololive_CallYozoraMel","floor":23,"key":"SMITH"},{"data":"Hololive_CallTsunomakiWatame","floor":32,"key":"SMITH"},{"data":"Hololive_CallRoboco","floor":40,"key":"SMITH"},{"data":"Hololive_OvertimeWork","floor":46,"key":"SMITH"},{"floor":49,"key":"DIG"},{"data":"Hololive_FlyingPonyTail","floor":58,"key":"SMITH"},{"data":"Hololive_CallOmaruPolka","floor":65,"key":"SMITH"},{"data":"Hololive_CallYogiri","floor":67,"key":"SMITH"},{"data":"Hololive_CallShishiroBotan","floor":75,"key":"SMITH"},{"data":"Hololive_CallHimemoriLuna","floor":76,"key":"SMITH"},{"data":"Hololive_LuckPotion","floor":77,"key":"SMITH"},{"data":"Hololive_ILoveYou","floor":82,"key":"SMITH"},{"data":"Regret","floor":84,"key":"PURGE"},{"data":"Hololive_CallHoushouMarine","floor":92,"key":"SMITH"},{"data":"Hololive_RevenueBasedLive","floor":96,"key":"SMITH"},{"data":"Hololive_Trident","floor":98,"key":"SMITH"},{"data":"Hololive_CallMomosuzuNene+4","floor":101,"key":"SMITH"},{"data":"1","floor":110,"key":"LIFT"},{"data":"2","floor":112,"key":"LIFT"},{"data":"3","floor":117,"key":"LIFT"},{"floor":119,"key":"DIG"}],"circlet_count":0,"master_deck":["AscendersBane","Hololive_RevenueBasedLive+1","Hololive_CallManoAloe+1","Hololive_CallAyundaRisu+1","Hololive_CallTsunomakiWatame+1","Hololive_CallYukihanaLamy+1","Hololive_ILoveYou+1","Hololive_LuckPotion+1","Hololive_OvertimeWork+1","Hololive_CandyCastle+1","Hololive_CallDoris+1","Hololive_CallShishiroBotan+1","Hololive_CallHoushouMarine+1","Hololive_CallYuzukiChoco+1","Hololive_Thief+1","Hololive_FlyingPonyTail+1","Hololive_CallRoboco+1","Hololive_AWSL","Hololive_CallOmaruPolka+1","Hololive_CallMurasakiShion+1","Hololive_CallYozoraMel+1","Hololive_Teleport+1","Hololive_CallYogiri+1","Hololive_DurableLive+1","Hololive_CallOkamiMio+1","Hololive_CallAiraniIofifteen+1","Chrysalis+1","Hololive_CallTokoyamiTowa+1","Hololive_Spy+1","Hololive_CallHimemoriLuna+1","Hololive_HighAtkLowDef+1","Hololive_CallTokinoSora+1","Hololive_CallMomosuzuNene+7","Pot Of Greed+1","Pot Of Greed+1","Hololive_CallHoshimachiSuisei+1","Hololive_CallShiranuiFlare+1","Hololive_CallNekomataOkayu+1","Hololive_WolfAndLamb+1","Hololive_Rebirth+1","Hololive_CallAkaiHaato+1","Hololive_Trident+1","Hololive_CallAZKi+1","Hololive_CallSakuraMiko+1","Hololive_CallFriendA+1","Hololive_CallSpadeEcho+1","Hololive_CallMinatoAqua+1","Hololive_DurableLive+1","Hololive_Recruit+1"],"relics":["Hololive_TheStar","replay:Trail_Library","HushsDoor","Peace Pipe","Happy Flower","LetterFromLob","The Courier","Ring of Fury","Bag of Marbles","DoctorsRemote","Oddly Smooth Stone","PreservedInsect","AnarchistCookbook","TheBean","SatanicBible","Replay:Mystery Machine","MerchantsRug","Art of War","FossilizedHelix","Lantern","Nunchaku","Vajra","Golden Egg","Chaos","White Beast Statue","BloodBag","Quantum Egg","GuppysCollar","Succubus","Divine Protection","DeadEye","Pet Ghost","Bottled Flame","GnawedLeaf","LagranYue:ReturningEmperorRelic","UnicornStump","Replay:Towering Pillar of Hats","Coffee Dripper","Bottled Lightning","GuppysTail","Membership Card","Potion Belt","MealTicket","Grinning Jar","Leech","Blue Doll","Smiling Mask","SalivaCoin","Pen Nib","Frozen Egg 2","TheBible","Blue Candle","Moonlight_r","DeathBook","LagranYue:MagicReflectiveArmorRelic","Ice Cream","Toy Ornithopter","HowToJump","Eternal Feather","BookofShadows","Strange Spoon","PillsDrop","MoneyPower","Replay:Bandana","Bag of Preparation","Bronze Scales","Mercury Hourglass","Replay:Baseball","Sling","Omamori","Anchor","War Paint","Chameleon Ring","Gremlin Food","Molten Egg 2","Singing Bowl","BookOfRevelations","InkBottle","Girya","Hololive_FriedShrimpLion","Toolbox","ReplayTheSpireMod:Shallot","Replay:Accelerometer","Juzu Bracelet","Golden Idol","HonorFeather","Mango"],"acts_visited":["Exordium","TheCity","TheBeyond","Exordium","TheCity","TheBeyond","Exordium"],"potions_floor_usage":[33,51,51,81,100,102,103,103],"damage_taken":[{"damage":0.0,"enemies":"Jaw Worm","floor":1.0,"turns":3.0},{"damage":0.0,"enemies":"Cultist","floor":4.0,"turns":3.0},{"damage":0.0,"enemies":"Lagavulin","floor":6.0,"turns":5.0},{"damage":0.0,"enemies":"Lagavulin Event","floor":8.0,"turns":3.0},{"damage":0.0,"enemies":"Small Slimes","floor":10.0,"turns":2.0},{"damage":0.0,"enemies":"Exordium Wildlife","floor":11.0,"turns":2.0},{"damage":0.0,"enemies":"3 Sentries","floor":14.0,"turns":3.0},{"damage":0.0,"enemies":"Fading Forest","floor":16.0,"turns":13.0},{"damage":0,"enemies":"Chosen","floor":18,"turns":4},{"damage":0,"enemies":"Shell Parasite","floor":21,"turns":3},{"damage":0,"enemies":"Snake Plant","floor":22,"turns":2},{"damage":0,"enemies":"Centurion and Healer","floor":24,"turns":4},{"damage":0,"enemies":"Chosen and Byrds","floor":27,"turns":3},{"damage":0,"enemies":"Slavers","floor":28,"turns":3},{"damage":0,"enemies":"Sentry and Sphere","floor":29,"turns":4},{"damage":0,"enemies":"Automaton","floor":33,"turns":7},{"damage":0,"enemies":"3 Shapes","floor":35,"turns":3},{"damage":0,"enemies":"3 Darklings","floor":36,"turns":3},{"damage":0,"enemies":"4 Shapes","floor":38,"turns":2},{"damage":0,"enemies":"Mind Bloom Boss Battle","floor":39,"turns":3},{"damage":0,"enemies":"Jaw Worm Horde","floor":42,"turns":3},{"damage":0,"enemies":"R_Hoarder","floor":44,"turns":4},{"damage":0,"enemies":"3 Darklings","floor":45,"turns":1},{"damage":0,"enemies":"Sphere and 2 Shapes","floor":47,"turns":3},{"damage":0,"enemies":"Time Eater","floor":50,"turns":5},{"damage":0,"enemies":"Donu and Deca","floor":51,"turns":8},{"damage":0,"enemies":"Gremlin Nob","floor":53,"turns":2},{"damage":0,"enemies":"Small Slimes","floor":56,"turns":1},{"damage":0,"enemies":"Cultist","floor":57,"turns":1},{"damage":0,"enemies":"2 Louse","floor":59,"turns":1},{"damage":0,"enemies":"Blue Slaver","floor":64,"turns":1},{"damage":0,"enemies":"3 Louse","floor":66,"turns":1},{"damage":0,"enemies":"LittleHush","floor":68,"turns":11},{"damage":0,"enemies":"2 Thieves","floor":71,"turns":2},{"damage":0,"enemies":"3 Byrds","floor":72,"turns":2},{"damage":0,"enemies":"Centurion and Healer","floor":74,"turns":3},{"damage":0,"enemies":"Gremlin Leader","floor":78,"turns":2},{"damage":0,"enemies":"3 Cultists","floor":80,"turns":1},{"damage":0,"enemies":"Sentry and Sphere","floor":81,"turns":2},{"damage":0,"enemies":"LittleHush","floor":85,"turns":9},{"damage":0,"enemies":"3 Darklings","floor":87,"turns":2},{"damage":0,"enemies":"3 Shapes","floor":88,"turns":1},{"damage":0,"enemies":"Spire Growth","floor":93,"turns":3},{"damage":0,"enemies":"Nemesis","floor":95,"turns":3},{"damage":0,"enemies":"3 Darklings","floor":97,"turns":2},{"damage":0,"enemies":"Jaw Worm Horde","floor":100,"turns":2},{"damage":0,"enemies":"LittleHush","floor":102,"turns":8},{"damage":0,"enemies":"LittleHush","floor":103,"turns":31},{"damage":0,"enemies":"Cultist","floor":105,"turns":2},{"damage":0,"enemies":"3 Sentries","floor":113,"turns":1},{"damage":0,"enemies":"3 Sentries","floor":118,"turns":2},{"damage":508,"enemies":"Delirium","floor":120,"turns":6}],"seed_played":"3717053191246284141","potions_obtained":[{"floor":1.0,"key":"Cursed Concoction"},{"floor":6.0,"key":"FearPotion"},{"floor":16.0,"key":"Elixir"},{"floor":17.0,"key":"Explosive Potion"},{"floor":21,"key":"SkillPotion"},{"floor":24,"key":"Swift Potion"},{"floor":28,"key":"LiquidMemories"},{"floor":29,"key":"GamblersBrew"},{"floor":33,"key":"Adrenaline Potion"},{"floor":38,"key":"Dexterity Potion"},{"floor":39,"key":"SkillPotion"},{"floor":53,"key":"AttackPotion"},{"floor":56,"key":"Adrenaline Potion"},{"floor":57,"key":"AttackPotion"},{"floor":59,"key":"ColorlessPotion"},{"floor":72,"key":"FairyPotion"},{"floor":81,"key":"AttackPotion"},{"floor":89,"key":"Elixir"},{"floor":100,"key":"Elixir"},{"floor":102,"key":"Adrenaline Potion"},{"floor":103,"key":"SteroidPotion"}],"is_trial":true,"path_per_floor":["M","?","$","M","?","E","R","?","T","M","M","T","?","E","R","B",null,"M","?","$","M","M","R","M","$","T","M","E","M","?","?","R","B",null,"M","M","$","M","?","R","?","M","T","E","M","R","M","T","R","B","B",null,"M","$","?","M","M","R","M","?","T","?","?","M","R","M","R","B",null,"M","M","M","$","M","R","R","R","E","?","M","M","R","?","R","B",null,"M","M","?","?","$","R","M","?","E","R","M","R","$","M","R","B","B",null,"M","?","?","$","?","R","?","R","E","$","?","?","R","?","R","B"],"character_chosen":"Hololive_HololiveCharacter","items_purchased":["Hololive_CallShishiroBotan","Hololive_CallMurasakiShion","Hololive_CallYozoraMel","MerchantsRug","Art of War","FossilizedHelix","Hololive_Teleport","Golden Egg","GuppysCollar","Hololive_CallOkamiMio","ReplayTheSpireMod:ShopPack","Matryoshka","DeadEye","Hololive_CallAiraniIofifteen","GuppysTail","Hololive_CallTokinoSora","Membership Card","Potion Belt","MealTicket","Grinning Jar","Hololive_CallHoshimachiSuisei","Leech","Blue Doll","Whetstone","Hololive_CallAkaiHaato+1","Ice Cream","Hololive_CallAZKi+1","Hololive_CallSakuraMiko+1","Strange Spoon","PillsDrop","MoneyPower","Replay:Bandana","Hololive_CallSpadeEcho+1","Hololive_CallMinatoAqua+1","Mercury Hourglass","Replay:Baseball","Sling","Omamori","Anchor","War Paint","Chameleon Ring","Gremlin Food","Molten Egg 2","FairyPotion","FairyPotion","Girya","Hololive_FriedShrimpLion","Toolbox","ReplayTheSpireMod:Shallot","Replay:Accelerometer","Juzu Bracelet"],"campfire_rested":0,"item_purchase_floors":[3,20,20,20,20,20,20,25,34,37,37,37,37,37,52,52,54,54,54,54,54,54,54,54,73,73,91,91,91,91,91,91,99,99,99,99,99,99,99,99,99,99,99,104,104,108,108,108,108,108,108],"current_hp_per_floor":[27,18,18,18,18,18,18,18,18,18,18,18,18,18,18,18,32,33,25,25,26,27,27,35,35,35,36,52,64,64,64,64,65,52,53,54,54,55,63,63,63,64,64,65,66,66,67,67,67,68,69,56,58,58,58,60,62,62,64,74,74,74,74,75,75,76,76,77,77,48,51,53,68,72,72,72,72,75,52,54,62,62,62,62,89,89,90,91,91,91,91,91,95,95,96,96,100,100,100,101,101,97,98,85,86,86,86,86,79,86,86,86,89,89,89,58,85,90,104,0,0],"gold":525,"neow_bonus":"","is_daily":false,"chose_seed":false,"campfire_upgraded":16,"win_rate":0.0,"timestamp":1607771885,"path_taken":["M","?","?","?","?","E","R","?","T","M","M","?","?","E","R","BOSS","M","?","$","M","?","R","M","$","T","M","E","M","?","?","R","BOSS","M","?","$","M","?","R","?","M","T","E","M","R","M","?","R","BOSS","BOSS","M","$","?","M","M","R","M","?","T","?","?","M","R","M","R","BOSS","M","?","?","$","M","R","R","R","E","?","M","?","R","?","R","BOSS","M","M","?","?","$","R","M","?","E","R","M","R","$","M","R","BOSS","BOSS","M","?","?","$","?","R","?","R","E","?","?","?","R","?","R","BOSS"],"items_purchased_type":["Card","Card","Card","Relic","Relic","Relic","Card","Relic","Relic","Card","Relic","Relic","Relic","Card","Relic","Card","Relic","Relic","Relic","Relic","Card","Relic","Relic","Relic","Card","Relic","Card","Card","Relic","Relic","Relic","Relic","Card","Card","Relic","Relic","Relic","Relic","Relic","Relic","Relic","Relic","Relic","Potion","Potion","Relic","Relic","Relic","Relic","Relic","Relic"],"build_version":"2020-11-30","purchased_purges":6,"victory":false,"max_hp_per_floor":[30,30,30,30,30,30,30,30,30,30,30,30,30,30,30,30,35,36,41,41,42,43,43,44,44,44,45,56,64,64,64,64,65,52,53,54,54,55,63,63,63,64,64,65,66,66,67,67,67,68,69,56,58,58,58,60,62,62,64,74,74,74,74,75,75,76,76,77,77,77,78,79,79,80,80,80,80,81,86,87,88,88,88,88,89,89,90,91,91,91,91,91,95,95,96,96,100,100,100,101,101,97,98,85,86,86,86,86,86,86,86,86,89,89,89,89,89,90,104,105,105],"card_choices":[{"not_picked":[],"picked":"Bomb","floor":0.0},{"not_picked":["Hololive_CallManoAloe","Hololive_FlyingPonyTail","Hololive_CallYukihanaLamy"],"picked":"Hololive_CallHoushouMarine","floor":6.0},{"not_picked":["Bomb","Hololive_FlyingPonyTail","Hololive_LuckPotion"],"picked":"Hololive_CallYuzukiChoco","floor":8.0},{"not_picked":["Hololive_Breathe","Hololive_IdolExercise","Hololive_OvertimeWork"],"picked":"Hololive_FlyingPonyTail","floor":13.0},{"not_picked":["Hololive_DevilCharm","Bomb","Hololive_RevenueBasedLive"],"picked":"Hololive_CallRoboco","floor":14.0},{"not_picked":["Hololive_StarCraft","Hololive_BeCareful","Hololive_WolfAndLamb"],"picked":"Hololive_AWSL","floor":16.0},{"not_picked":["Hololive_Psychosis","Hololive_CallManoAloe","Hololive_Sequa"],"picked":"Hololive_CallOmaruPolka","floor":17.0},{"not_picked":["Hololive_LuckPotion","Hololive_OvertimeWork","Hololive_DDD"],"picked":"Hololive_CallYogiri","floor":28},{"not_picked":["Hololive_IdolExercise","Hololive_OpenUp","Hololive_StarCraft"],"picked":"Hololive_DurableLive","floor":33},{"not_picked":["The Bomb","Apotheosis","Panache"],"picked":"Chrysalis","floor":37},{"not_picked":["Replay:BasicMightCard","Panache","Trip"],"picked":"Finesse","floor":37},{"not_picked":["Good Instincts","Impatience","Panacea"],"picked":"BettingIsNotGood","floor":37},{"not_picked":["Hololive_Drill","Hololive_ManjiGathering","Hololive_CallCivia"],"picked":"Hololive_CallTokoyamiTowa+1","floor":39},{"not_picked":["Hololive_CallNatsuiroMatsuri+1","Hololive_StrengthChampion","Hololive_DurableLive"],"picked":"Hololive_Spy+1","floor":44},{"not_picked":["Hololive_MaximGun","Hololive_StarCraft","Hololive_WolfAndLamb"],"picked":"Hololive_HighAtkLowDef","floor":50},{"not_picked":["Hololive_ASMR","Hololive_MaximGun","Hololive_DiamondStrike"],"picked":"Hololive_AWSL","floor":51},{"not_picked":["Hololive_DevilCharm","Hololive_HuntDinosaur","Hololive_FlyingPonyTail"],"picked":"Hololive_CallMomosuzuNene","floor":53},{"not_picked":[],"picked":"Hololive_CallNekomataOkayu","floor":62},{"not_picked":[],"picked":"Hololive_WolfAndLamb","floor":62},{"not_picked":["Hololive_OpenUp","Hololive_DiamondStrike","Hololive_Nanodesu"],"picked":"Hololive_Rebirth","floor":68},{"not_picked":["Hololive_Breathe","Hololive_Drill","Hololive_Rebound+1"],"picked":"Hololive_Trident","floor":78},{"not_picked":["Hololive_StarCraft","Hololive_ScarfAndHalo","Hololive_AWSL"],"picked":"Hololive_ASMR","floor":85},{"not_picked":["Hololive_CallYukihanaLamy+1","Hololive_Breathe","Hololive_Drill"],"picked":"Hololive_CallFriendA+1","floor":95},{"not_picked":["Hololive_Nanodesu+1","Hololive_ScarfAndHalo+1","Hololive_BeCareful"],"picked":"Hololive_DurableLive","floor":102},{"not_picked":["Hololive_BeCareful","Hololive_Rebirth","Hololive_MaximGun+1"],"picked":"Hololive_Recruit","floor":103},{"not_picked":["Hololive_Trident+1","Hololive_HuntDinosaur","Hololive_StrengthChampion+1","Hololive_CocoNews+1"],"picked":"Singing Bowl","floor":113}],"player_experience":164618,"relics_obtained":[{"floor":1.0,"key":"Happy Flower"},{"floor":1.0,"key":"LetterFromLob"},{"floor":4.0,"key":"The Courier"},{"floor":5.0,"key":"Ring of Fury"},{"floor":6.0,"key":"Bag of Marbles"},{"floor":8.0,"key":"DoctorsRemote"},{"floor":9.0,"key":"Oddly Smooth Stone"},{"floor":10.0,"key":"PreservedInsect"},{"floor":11.0,"key":"AnarchistCookbook"},{"floor":12.0,"key":"TheBean"},{"floor":13.0,"key":"Old Coin"},{"floor":14.0,"key":"SatanicBible"},{"floor":18,"key":"Replay:Mystery Machine"},{"floor":21,"key":"Lantern"},{"floor":22,"key":"Nunchaku"},{"floor":24,"key":"Vajra"},{"floor":26,"key":"Chaos"},{"floor":27,"key":"White Beast Statue"},{"floor":28,"key":"Pear"},{"floor":29,"key":"Cauldron"},{"floor":35,"key":"Succubus"},{"floor":36,"key":"Divine Protection"},{"floor":38,"key":"Pet Ghost"},{"floor":39,"key":"Strawberry"},{"floor":42,"key":"Bottled Flame"},{"floor":43,"key":"GnawedLeaf"},{"floor":43,"key":"Runic Dome"},{"floor":44,"key":"LagranYue:ReturningEmperorRelic"},{"floor":45,"key":"UnicornStump"},{"floor":47,"key":"Replay:Bottled Eggs"},{"floor":48,"key":"Replay:Towering Pillar of Hats"},{"floor":48,"key":"Coffee Dripper"},{"floor":49,"key":"ChampionBelt"},{"floor":56,"key":"Smiling Mask"},{"floor":57,"key":"SalivaCoin"},{"floor":59,"key":"Pen Nib"},{"floor":61,"key":"Frozen Egg 2"},{"floor":64,"key":"TheBible"},{"floor":66,"key":"Blue Candle"},{"floor":71,"key":"DeathBook"},{"floor":72,"key":"LagranYue:MagicReflectiveArmorRelic"},{"floor":74,"key":"MawBank"},{"floor":80,"key":"Toy Ornithopter"},{"floor":81,"key":"HowToJump"},{"floor":87,"key":"Eternal Feather"},{"floor":88,"key":"BookofShadows"},{"floor":93,"key":"Bag of Preparation"},{"floor":97,"key":"Bronze Scales"},{"floor":100,"key":"Singing Bowl"},{"floor":105,"key":"BookOfRevelations"},{"floor":119,"key":"Mango"}],"event_choices":[{"damage_healed":0.0,"max_hp_gain":0.0,"max_hp_loss":0.0,"gold_gain":0.0,"event_name":"Shining Light","player_choice":"Entered Light","floor":2.0,"gold_loss":0.0,"damage_taken":9.0,"cards_upgraded":["Hololive_CallManoAloe","Hololive_CallAyundaRisu"]},{"damage_healed":0.0,"max_hp_gain":0.0,"max_hp_loss":0.0,"gold_gain":0.0,"event_name":"Dead Adventurer","player_choice":"Searched \u00271\u0027 times","floor":8.0,"gold_loss":0.0,"damage_taken":0.0},{"damage_healed":0,"gold_gain":0,"player_choice":"Shed Blood","damage_taken":13,"max_hp_gain":5,"max_hp_loss":0,"event_name":"Forgotten Altar","floor":19,"gold_loss":0},{"damage_healed":0,"gold_gain":0,"player_choice":"Fight","damage_taken":0,"max_hp_gain":0,"max_hp_loss":0,"event_name":"MindBloom","floor":39,"gold_loss":0},{"cards_removed":["Hololive_AWSL"],"damage_healed":0,"gold_gain":0,"player_choice":"Offered Rare","damage_taken":0,"max_hp_gain":10,"max_hp_loss":0,"event_name":"Bonfire Elementals","floor":60,"gold_loss":0},{"damage_healed":0,"gold_gain":0,"player_choice":"Shed Blood","damage_taken":28,"max_hp_gain":5,"max_hp_loss":0,"event_name":"Forgotten Altar","floor":79,"gold_loss":0},{"damage_healed":0,"gold_gain":275,"player_choice":"Desecrate","damage_taken":0,"max_hp_gain":0,"max_hp_loss":0,"event_name":"Golden Shrine","floor":83,"gold_loss":0,"cards_obtained":["Regret"]},{"damage_healed":0,"gold_gain":0,"player_choice":"Got Potions","damage_taken":0,"max_hp_gain":0,"max_hp_loss":0,"event_name":"Lab","floor":89,"gold_loss":0},{"damage_healed":0,"gold_gain":0,"player_choice":"Rummage","damage_taken":0,"relics_obtained":["WarpedTongs"],"max_hp_gain":0,"max_hp_loss":0,"event_name":"Accursed Blacksmith","floor":90,"gold_loss":0,"cards_obtained":["Pain"]},{"cards_removed":["Hololive_ASMR"],"damage_healed":0,"gold_gain":0,"player_choice":"Removed Attack","damage_taken":0,"max_hp_gain":0,"max_hp_loss":0,"event_name":"Falling","floor":94,"gold_loss":0},{"damage_healed":0,"gold_gain":0,"cards_transformed":["Finesse"],"player_choice":"Change","damage_taken":0,"max_hp_gain":0,"max_hp_loss":0,"event_name":"Living Wall","floor":106,"gold_loss":0,"cards_obtained":["ReplayTheSpireMod:Trickstab"]},{"damage_healed":0,"gold_gain":0,"player_choice":"Box","damage_taken":0,"relics_obtained":["InkBottle"],"max_hp_gain":0,"max_hp_loss":0,"event_name":"Big Fish","floor":107,"gold_loss":0,"cards_obtained":["Regret"]},{"cards_removed":["ReplayTheSpireMod:Trickstab"],"damage_healed":0,"gold_gain":0,"player_choice":"Card Removal","damage_taken":7,"max_hp_gain":0,"max_hp_loss":0,"event_name":"Golden Wing","floor":109,"gold_loss":0},{"cards_removed":["BettingIsNotGood"],"damage_healed":0,"gold_gain":0,"player_choice":"Offered Uncommon","damage_taken":0,"max_hp_gain":0,"max_hp_loss":0,"event_name":"Bonfire Elementals","floor":111,"gold_loss":0},{"damage_healed":0,"gold_gain":0,"player_choice":"Full Heal","damage_taken":0,"max_hp_gain":0,"max_hp_loss":0,"event_name":"Wheel of Change","floor":115,"gold_loss":0},{"damage_healed":0,"gold_gain":0,"player_choice":"Take Damage","damage_taken":31,"relics_obtained":["Golden Idol"],"max_hp_gain":0,"max_hp_loss":0,"event_name":"Golden Idol","floor":116,"gold_loss":0}],"is_beta":false,"boss_relics":[{"not_picked":["Ectoplasm","SacredBark"],"picked":"Tiny House"},{"not_picked":[]},{"not_picked":["Sozu","Toolbox"],"picked":"Quantum Egg"},{"not_picked":[]},{"not_picked":["GuppysHead","Black Star"],"picked":"Bottled Lightning"},{"not_picked":[]},{"not_picked":["GraspOfShadows"],"picked":"TwistingMind"},{"not_picked":[]},{"not_picked":["BlightedDurian"],"picked":"Accursed"},{"not_picked":[]},{"not_picked":["GraspOfShadows"],"picked":"TwistingMind"},{"not_picked":[]}],"items_purged_floors":[20,54,73,91,104,108],"is_endless":true,"potions_floor_spawned":[1,6,8,14,16,21,24,28,29,33,35,36,38,39,42,44,45,47,50,51,53,56,57,59,64,66,68,71,72,74,78,80,81,85,87,88,93,95,97,100,102,103,105,113,118],"killed_by":"Delirium","ascension_level":20}}