{"host":"p7j7o00jacnw7qzt","time":1607735759,"event":{"mods":["BaseMod","Colored Map","Colored Powertips","DeckTracker","Highlight Path","Minty Spire (QoL Compilation)","Relic Stats"],"gold_per_floor":[110,35,35,47,47,47,82,95,95,95,110,144,161,177,177,252,252,269,269,269,288,288,288,288,288],"floor_reached":24,"playtime":800,"items_purged":[],"score":462,"play_id":"d7702b33-1bfa-4e72-b6dc-61889c69feef","local_time":"20201211201559","is_ascension_mode":true,"campfire_choices":[{"data":"Pommel Strike","floor":6.0,"key":"SMITH"},{"data":"Body Slam","floor":10.0,"key":"SMITH"},{"data":"Evolve","floor":15.0,"key":"SMITH"}],"circlet_count":0,"master_deck":["AscendersBane","Strike_R","Strike_R","Strike_R","Strike_R","Defend_R","Defend_R","Defend_R","Defend_R+1","Bash+1","Pommel Strike+1","Body Slam+1","Evolve+1","Power Through","Barricade","Entrench","Ghostly","Ghostly","Ghostly"],"relics":["Burning Blood","NeowsBlessing","Bottled Flame","Mummified Hand","Mercury Hourglass","Mark of Pain","Smiling Mask"],"acts_visited":["Exordium","TheCity"],"potions_floor_usage":[24,24],"damage_taken":[{"damage":0.0,"enemies":"Small Slimes","floor":1.0,"turns":1.0},{"damage":0.0,"enemies":"Jaw Worm","floor":4.0,"turns":1.0},{"damage":0.0,"enemies":"Gremlin Nob","floor":7.0,"turns":1.0},{"damage":0.0,"enemies":"2 Louse","floor":8.0,"turns":3.0},{"damage":6.0,"enemies":"Looter","floor":11.0,"turns":3.0},{"damage":16.0,"enemies":"Lagavulin","floor":12.0,"turns":5.0},{"damage":1.0,"enemies":"2 Fungi Beasts","floor":13.0,"turns":3.0},{"damage":13.0,"enemies":"Exordium Thugs","floor":14.0,"turns":4.0},{"damage":31.0,"enemies":"The Guardian","floor":16.0,"turns":13.0},{"damage":15.0,"enemies":"Shell Parasite","floor":18.0,"turns":5.0},{"damage":15.0,"enemies":"2 Thieves","floor":21.0,"turns":5.0},{"damage":31,"enemies":"Book of Stabbing","floor":24,"turns":5}],"seed_played":"7548326403442643758","potions_obtained":[{"floor":8.0,"key":"BlessingOfTheForge"},{"floor":12.0,"key":"ElixirPotion"},{"floor":13.0,"key":"LiquidMemories"},{"floor":16.0,"key":"EntropicBrew"},{"floor":18.0,"key":"FearPotion"}],"is_trial":false,"path_per_floor":["M","?","?","M","?","R","E","M","T","R","M","E","M","M","R","B",null,"M","?","?","M","?","T","E"],"character_chosen":"IRONCLAD","items_purchased":[],"campfire_rested":0,"item_purchase_floors":[],"current_hp_per_floor":[74,74,79,80,56,56,62,68,68,68,68,58,63,56,56,31,68,59,40,40,31,31,31,0,0],"gold":288,"neow_bonus":"THREE_ENEMY_KILL","is_daily":false,"chose_seed":false,"campfire_upgraded":3,"win_rate":0.0,"timestamp":1607735759,"path_taken":["M","?","?","M","?","R","E","M","T","R","?","E","M","M","R","BOSS","M","?","?","M","?","?","E"],"items_purchased_type":[],"build_version":"2020-11-30","purchased_purges":0,"victory":false,"max_hp_per_floor":[75,75,80,80,80,80,80,80,80,80,80,80,80,80,80,80,80,80,40,40,40,40,40,40,40],"relic_stats":{"counters":[12,48],"Mummified Hand":[9],"Smiling Mask":0,"obtain_stats":[{"Bottled Flame":7,"NeowsBlessing":0,"Mummified Hand":9,"Mark of Pain":17,"Smiling Mask":23,"Burning Blood":0,"Mercury Hourglass":12},{"Bottled Flame":3,"NeowsBlessing":0,"Mummified Hand":4,"Mark of Pain":9,"Smiling Mask":11,"Burning Blood":0,"Mercury Hourglass":6},{"Bottled Flame":3,"NeowsBlessing":0,"Mummified Hand":6,"Mark of Pain":33,"Smiling Mask":43,"Burning Blood":0,"Mercury Hourglass":14}],"Burning Blood":61,"Mercury Hourglass":[101]},"card_choices":[{"not_picked":["Iron Wave","Intimidate"],"picked":"Pommel Strike","floor":1.0},{"not_picked":["Iron Wave","Cleave","Twin Strike"],"picked":"SKIP","floor":4.0},{"not_picked":["Headbutt","Clash"],"picked":"Body Slam","floor":7.0},{"not_picked":["Anger","Flex","Cleave"],"picked":"SKIP","floor":8.0},{"not_picked":["Twin Strike","Pommel Strike"],"picked":"Evolve","floor":11.0},{"not_picked":["Limit Break","Spot Weakness"],"picked":"Power Through","floor":12.0},{"not_picked":["Iron Wave","Ghostly Armor","Metallicize"],"picked":"SKIP","floor":13.0},{"not_picked":["Iron Wave","Ghostly Armor","Metallicize"],"picked":"SKIP","floor":13.0},{"not_picked":["Clothesline","Twin Strike","Wild Strike"],"picked":"SKIP","floor":14.0},{"not_picked":["Bludgeon","Demon Form"],"picked":"Barricade","floor":16.0},{"not_picked":["Body Slam","Spot Weakness"],"picked":"Entrench","floor":18.0},{"not_picked":["Flex","Intimidate","Headbutt"],"picked":"SKIP","floor":21.0}],"player_experience":786859,"relics_obtained":[{"floor":7.0,"key":"Bottled Flame"},{"floor":9.0,"key":"Mummified Hand"},{"floor":12.0,"key":"Mercury Hourglass"},{"floor":23.0,"key":"Smiling Mask"}],"event_choices":[{"cards_removed":["Strike_R"],"damage_healed":0.0,"max_hp_gain":0.0,"max_hp_loss":0.0,"gold_gain":0.0,"event_name":"The Cleric","player_choice":"Card Removal","floor":2.0,"gold_loss":75.0,"damage_taken":0.0},{"damage_healed":0.0,"max_hp_gain":5.0,"max_hp_loss":0.0,"gold_gain":0.0,"event_name":"Big Fish","player_choice":"Donut","floor":3.0,"gold_loss":0.0,"damage_taken":0.0},{"damage_healed":0.0,"max_hp_gain":0.0,"max_hp_loss":0.0,"gold_gain":0.0,"event_name":"Shining Light","player_choice":"Entered Light","floor":5.0,"gold_loss":0.0,"damage_taken":24.0,"cards_upgraded":["Defend_R","Bash"]},{"damage_healed":0.0,"max_hp_gain":0.0,"max_hp_loss":40.0,"gold_gain":0.0,"event_name":"Ghosts","player_choice":"Became a Ghost","floor":19.0,"gold_loss":0.0,"damage_taken":0.0,"cards_obtained":["Ghostly","Ghostly","Ghostly"]},{"damage_healed":0.0,"max_hp_gain":0.0,"max_hp_loss":0.0,"gold_gain":0.0,"event_name":"The Mausoleum","player_choice":"Ignored","floor":20.0,"gold_loss":0.0,"damage_taken":0.0},{"damage_healed":0.0,"max_hp_gain":0.0,"max_hp_loss":0.0,"gold_gain":0.0,"event_name":"Vampires","player_choice":"Ignored","floor":22.0,"gold_loss":0.0,"damage_taken":0.0}],"is_beta":false,"boss_relics":[{"not_picked":["Runic Pyramid","Empty Cage"],"picked":"Mark of Pain"}],"items_purged_floors":[],"is_endless":false,"potions_floor_spawned":[8,12,13,16,18],"killed_by":"Book of Stabbing","ascension_level":20}}