{"host":"2pffx5rqbod9ds0c","time":1607793134,"event":{"mods":["BaseMod","Better Altar","Better Match","Better Note","Better Sensory Stone","Better Skull","Better Third Choice","Custom Start","Hubris","Minty Spire (QoL Compilation)","Quick Restart","Relic Stats","Robot Space Explorer","Spicy Shops","StSLib"],"gold_per_floor":[114,114,81,81,98,133,133,148,173,173,208,226,236,261,261,361,361,375,179,179,179,197,226,226,246,299,324,324,405,431,444,444,539,539,554,564,575,575,595,623,623,623,623,623,111,127,152,166,166,166],"floor_reached":51,"playtime":1416,"items_purged":["Regret"],"score":1079,"play_id":"b84145dd-170c-4f8e-bbfe-cfc0b746b6df","local_time":"20201212091214","is_ascension_mode":true,"campfire_choices":[{"data":"RobotSpaceExplorer:MiniLasers","floor":10.0,"key":"SMITH"},{"data":"RobotSpaceExplorer:LaserBurst","floor":15.0,"key":"SMITH"},{"data":"RobotSpaceExplorer:PowerGlove","floor":24,"key":"SMITH"},{"floor":32,"key":"REST"},{"floor":41,"key":"REST"},{"floor":44,"key":"REST"},{"floor":49,"key":"RECALL"}],"circlet_count":0,"master_deck":["RobotSpaceExplorer:Scan","RobotSpaceExplorer:MiniLasers+1","RobotSpaceExplorer:MiniDrones+1","RobotSpaceExplorer:LaserBurst+1","Apotheosis+1","RobotSpaceExplorer:MiniBoosters+1","RobotSpaceExplorer:ShovelStrike+1","hubris:DuctTapeCard","RobotSpaceExplorer:ChargingLaser+1","RobotSpaceExplorer:PowerCollector"],"relics":["RobotSpaceExplorer:RoboCore","hubris:Icosahedron","betterThird:SlimedRelic","PreservedInsect","Smiling Mask","Oddly Smooth Stone","Ice Cream","RobotSpaceExplorer:FoglandsKnife","Pandora\u0027s Box","Orrery","Juzu Bracelet","Nunchaku","Whetstone","hubris:DuctTape","hubris:TenFootPole","Molten Egg 2","Fusion Hammer","Bag of Marbles","Ancient Tea Set","hubris:Towel","InkBottle","hubris:ToyBattleship","Art of War","hubris:Reverence"],"acts_visited":["Exordium","TheCity","TheBeyond"],"potions_floor_usage":[40,50],"damage_taken":[{"damage":1.0,"enemies":"Jaw Worm","floor":1.0,"turns":3.0},{"damage":5.0,"enemies":"Small Slimes","floor":5.0,"turns":3.0},{"damage":0.0,"enemies":"Gremlin Nob","floor":6.0,"turns":2.0},{"damage":5.0,"enemies":"2 Louse","floor":8.0,"turns":3.0},{"damage":3.0,"enemies":"Lagavulin","floor":11.0,"turns":3.0},{"damage":2.0,"enemies":"Exordium Wildlife","floor":12.0,"turns":3.0},{"damage":2.0,"enemies":"2 Fungi Beasts","floor":13.0,"turns":3.0},{"damage":19.0,"enemies":"3 Sentries","floor":14.0,"turns":4.0},{"damage":3.0,"enemies":"Slime Boss","floor":16.0,"turns":6.0},{"damage":2.0,"enemies":"Chosen","floor":18.0,"turns":2.0},{"damage":0,"enemies":"Shell Parasite","floor":22,"turns":3},{"damage":0,"enemies":"Gremlin Leader","floor":23,"turns":2},{"damage":19,"enemies":"Snake Plant","floor":25,"turns":2},{"damage":19,"enemies":"Book of Stabbing","floor":27,"turns":3},{"damage":18,"enemies":"Slavers","floor":30,"turns":3},{"damage":13,"enemies":"Snecko","floor":31,"turns":3},{"damage":7,"enemies":"Collector","floor":33,"turns":4},{"damage":4,"enemies":"Orb Walker","floor":35,"turns":2},{"damage":8,"enemies":"3 Darklings","floor":36,"turns":3},{"damage":0,"enemies":"Maw","floor":37,"turns":4},{"damage":0,"enemies":"Sphere and 2 Shapes","floor":39,"turns":3},{"damage":23,"enemies":"Reptomancer","floor":40,"turns":3},{"damage":17,"enemies":"4 Shapes","floor":46,"turns":3},{"damage":0,"enemies":"Giant Head","floor":47,"turns":4},{"damage":0,"enemies":"Jaw Worm Horde","floor":48,"turns":2},{"damage":26,"enemies":"Time Eater","floor":50,"turns":4}],"seed_played":"-1019443325153046261","potions_obtained":[{"floor":5.0,"key":"Block Potion"},{"floor":11.0,"key":"LiquidBronze"},{"floor":12.0,"key":"Regen Potion"},{"floor":18.0,"key":"ColorlessPotion"},{"floor":35,"key":"Energy Potion"}],"is_trial":false,"path_per_floor":["M","?","?","?","M","E","?","M","T","R","E","M","M","E","R","B",null,"M","$","?","?","M","E","R","M","T","E","?","T","E","M","R","B",null,"M","M","M","?","M","E","R","?","T","R","$","M","E","M","R","B",null],"character_chosen":"RobotSpaceExplorer","items_purchased":["Orrery","RobotSpaceExplorer:ChargingLaser+1","hubris:ToyBattleship","Art of War","RobotSpaceExplorer:PowerCollector"],"campfire_rested":3,"item_purchase_floors":[19,45,45,45,45],"current_hp_per_floor":[74,74,63,63,58,58,58,53,53,53,50,48,46,39,39,36,75,73,73,85,85,85,85,85,66,66,47,47,47,29,16,41,34,85,81,73,73,73,73,50,75,75,75,85,85,68,68,68,68,42],"gold":166,"neow_bonus":"THREE_CARDS","is_daily":false,"chose_seed":false,"campfire_upgraded":3,"win_rate":0.0,"timestamp":1607793134,"path_taken":["M","?","?","?","M","E","?","M","T","R","E","M","M","E","R","BOSS","M","$","?","?","M","E","R","M","T","E","?","?","E","M","R","BOSS","M","M","M","?","M","E","R","?","T","R","?","M","E","M","R","BOSS"],"items_purchased_type":["Relic","Card","Relic","Relic","Card"],"build_version":"2020-11-30","purchased_purges":1,"victory":true,"max_hp_per_floor":[75,75,75,75,75,75,75,75,75,75,75,75,75,75,75,75,75,75,75,85,85,85,85,85,85,85,85,85,85,85,85,85,85,85,85,85,85,85,85,85,85,85,85,85,85,85,85,85,85,85],"relic_stats":{"Nunchaku":[9],"counters":[26,80],"Pandora\u0027s Box":["RobotSpaceExplorer:Reload","RobotSpaceExplorer:BigMissile","RobotSpaceExplorer:ScrapToss","RobotSpaceExplorer:Ammunition","RobotSpaceExplorer:StarDust","RobotSpaceExplorer:BlastShield","RobotSpaceExplorer:MakeshiftVolley","RobotSpaceExplorer:FranticSearch"],"PreservedInsect":389,"Juzu Bracelet":0,"Art of War":[0],"Whetstone":["RobotSpaceExplorer:MiniDrones"],"Smiling Mask":25,"obtain_stats":[{"Ice Cream":11,"hubris:DuctTape":29,"Oddly Smooth Stone":9,"RobotSpaceExplorer:RoboCore":0,"PreservedInsect":4,"Juzu Bracelet":23,"Whetstone":27,"hubris:Towel":42,"Smiling Mask":6,"Ancient Tea Set":40,"RobotSpaceExplorer:FoglandsKnife":14,"Nunchaku":26,"hubris:Icosahedron":2,"betterThird:SlimedRelic":3,"Orrery":19,"Pandora\u0027s Box":17,"Molten Egg 2":31,"Fusion Hammer":34,"hubris:TenFootPole":30,"Bag of Marbles":37,"hubris:ToyBattleship":45,"Art of War":45,"InkBottle":43,"hubris:Reverence":47},{"Ice Cream":5,"hubris:DuctTape":14,"Oddly Smooth Stone":4,"RobotSpaceExplorer:RoboCore":0,"PreservedInsect":1,"Juzu Bracelet":12,"Whetstone":14,"hubris:Towel":22,"Smiling Mask":3,"Ancient Tea Set":22,"RobotSpaceExplorer:FoglandsKnife":8,"Nunchaku":13,"hubris:Icosahedron":1,"betterThird:SlimedRelic":1,"Orrery":10,"Pandora\u0027s Box":9,"Molten Egg 2":16,"Fusion Hammer":17,"hubris:TenFootPole":15,"Bag of Marbles":20,"hubris:ToyBattleship":22,"Art of War":22,"InkBottle":22,"hubris:Reverence":24},{"Ice Cream":14,"hubris:DuctTape":42,"Oddly Smooth Stone":11,"RobotSpaceExplorer:RoboCore":0,"PreservedInsect":3,"Juzu Bracelet":37,"Whetstone":42,"hubris:Towel":67,"Smiling Mask":8,"Ancient Tea Set":67,"RobotSpaceExplorer:FoglandsKnife":24,"Nunchaku":39,"hubris:Icosahedron":3,"betterThird:SlimedRelic":3,"Orrery":32,"Pandora\u0027s Box":30,"Molten Egg 2":48,"Fusion Hammer":52,"hubris:TenFootPole":45,"Bag of Marbles":61,"hubris:ToyBattleship":67,"Art of War":67,"InkBottle":67,"hubris:Reverence":74}],"InkBottle":[6]},"card_choices":[{"not_picked":["RobotSpaceExplorer:ScrapMissile","RobotSpaceExplorer:GlueShot"],"picked":"RobotSpaceExplorer:MiniDrones","floor":0.0},{"not_picked":["RobotSpaceExplorer:BigMissile","RobotSpaceExplorer:Blitz"],"picked":"RobotSpaceExplorer:LaserBurst","floor":1.0},{"not_picked":["RobotSpaceExplorer:SurgingStrike","RobotSpaceExplorer:ScrapMissile","RobotSpaceExplorer:Counterblock"],"picked":"SKIP","floor":5.0},{"not_picked":["RobotSpaceExplorer:GlueShot","RobotSpaceExplorer:ScrapMissile"],"picked":"RobotSpaceExplorer:PowerGlove","floor":6.0},{"not_picked":["RobotSpaceExplorer:ImprovisedAttack","RobotSpaceExplorer:StarDust","RobotSpaceExplorer:ShovelStrike"],"picked":"SKIP","floor":8.0},{"not_picked":["RobotSpaceExplorer:FranticSearch","RobotSpaceExplorer:Pulsar","RobotSpaceExplorer:IronShell"],"picked":"SKIP","floor":11.0},{"not_picked":["RobotSpaceExplorer:ScrapToss","RobotSpaceExplorer:Electropulse","RobotSpaceExplorer:RigExplosive"],"picked":"SKIP","floor":12.0},{"not_picked":["RobotSpaceExplorer:DoubleFind","RobotSpaceExplorer:Counterblock"],"picked":"RobotSpaceExplorer:Autoloader","floor":13.0},{"not_picked":["RobotSpaceExplorer:SwiftStep","RobotSpaceExplorer:Smokescreen","RobotSpaceExplorer:Probe"],"picked":"SKIP","floor":14.0},{"not_picked":["RobotSpaceExplorer:SurgingShield","RobotSpaceExplorer:Reload","RobotSpaceExplorer:LuckyStrike+1"],"picked":"SKIP","floor":18.0},{"not_picked":["RobotSpaceExplorer:FreezingShield","RobotSpaceExplorer:SurgingStrike"],"picked":"RobotSpaceExplorer:MiniBoosters+1","floor":19.0},{"not_picked":["RobotSpaceExplorer:ScrapShield","RobotSpaceExplorer:FrostMissile+1","RobotSpaceExplorer:ExhaustFan"],"picked":"SKIP","floor":22},{"not_picked":["RobotSpaceExplorer:FrostMissile","RobotSpaceExplorer:Scanner","RobotSpaceExplorer:StunGrenade+1"],"picked":"SKIP","floor":23},{"not_picked":["RobotSpaceExplorer:ScrapToss","RobotSpaceExplorer:Smokescreen"],"picked":"RobotSpaceExplorer:PowerGlove","floor":25},{"not_picked":["RobotSpaceExplorer:Jetpack","RobotSpaceExplorer:Probe"],"picked":"RobotSpaceExplorer:ShovelStrike+1","floor":27},{"not_picked":["RobotSpaceExplorer:MetalStrike","RobotSpaceExplorer:Probe","RobotSpaceExplorer:IronShell"],"picked":"SKIP","floor":30},{"not_picked":["RobotSpaceExplorer:Autoloader","RobotSpaceExplorer:FrostMissile+1","RobotSpaceExplorer:Blitz+1"],"picked":"SKIP","floor":31},{"not_picked":["RobotSpaceExplorer:Asteroid+1","RobotSpaceExplorer:BlastShield"],"picked":"RobotSpaceExplorer:Exploration","floor":33},{"not_picked":["RobotSpaceExplorer:ScrapMissile+1","RobotSpaceExplorer:GlueShot+1","RobotSpaceExplorer:MiniDrones+1"],"picked":"SKIP","floor":35},{"not_picked":["RobotSpaceExplorer:DualCore","RobotSpaceExplorer:ToxicBomb+1","RobotSpaceExplorer:RigExplosive"],"picked":"SKIP","floor":36},{"not_picked":["RobotSpaceExplorer:SwiftStep+1","RobotSpaceExplorer:Ammunition+1","RobotSpaceExplorer:GearShield+1"],"picked":"SKIP","floor":37},{"not_picked":["RobotSpaceExplorer:Wormhole","RobotSpaceExplorer:SurgingStrike+1","RobotSpaceExplorer:RigExplosive"],"picked":"SKIP","floor":39},{"not_picked":["RobotSpaceExplorer:FrostMissile+1","RobotSpaceExplorer:IronShell","RobotSpaceExplorer:SurgingShield+1"],"picked":"SKIP","floor":40},{"not_picked":["RobotSpaceExplorer:Ammunition+1","RobotSpaceExplorer:FranticSearch","RobotSpaceExplorer:Counterblock"],"picked":"SKIP","floor":46},{"not_picked":["RobotSpaceExplorer:MiniDrones+1","RobotSpaceExplorer:PowerCollector+1","RobotSpaceExplorer:SurgingStrike+1"],"picked":"SKIP","floor":47},{"not_picked":["RobotSpaceExplorer:SwiftStep+1","RobotSpaceExplorer:ScrapShield+1","RobotSpaceExplorer:Counterblock+1"],"picked":"SKIP","floor":48}],"player_experience":750995,"relics_obtained":[{"floor":6.0,"key":"Smiling Mask"},{"floor":9.0,"key":"Oddly Smooth Stone"},{"floor":11.0,"key":"Ice Cream"},{"floor":14.0,"key":"RobotSpaceExplorer:FoglandsKnife"},{"floor":23,"key":"Juzu Bracelet"},{"floor":26,"key":"Nunchaku"},{"floor":27,"key":"Whetstone"},{"floor":29,"key":"hubris:DuctTape"},{"floor":30,"key":"hubris:TenFootPole"},{"floor":31,"key":"Molten Egg 2"},{"floor":37,"key":"Bag of Marbles"},{"floor":40,"key":"Ancient Tea Set"},{"floor":43,"key":"InkBottle"},{"floor":47,"key":"hubris:Reverence"}],"event_choices":[{"damage_healed":0.0,"max_hp_gain":0.0,"max_hp_loss":0.0,"gold_gain":0.0,"event_name":"betterThird:BetterGoop","player_choice":"Slimed","floor":3.0,"gold_loss":33.0,"damage_taken":11.0},{"damage_healed":0.0,"max_hp_gain":0.0,"max_hp_loss":0.0,"gold_gain":0.0,"event_name":"Big Fish","player_choice":"Box","floor":4.0,"gold_loss":0.0,"damage_taken":0.0,"relics_obtained":["PreservedInsect"],"cards_obtained":["Regret"]},{"damage_healed":58.0,"max_hp_gain":0.0,"max_hp_loss":75.0,"gold_gain":0.0,"event_name":"betterThird:BetterShining","player_choice":"Embrace","floor":7.0,"gold_loss":0.0,"damage_taken":0.0},{"cards_removed":["RobotSpaceExplorer:Autoloader"],"damage_healed":2.0,"max_hp_gain":10.0,"max_hp_loss":0.0,"gold_gain":0.0,"event_name":"Bonfire Elementals","player_choice":"Offered Rare","floor":20.0,"gold_loss":0.0,"damage_taken":0.0},{"damage_healed":0,"gold_gain":0,"player_choice":"Ignored","damage_taken":0,"max_hp_gain":0,"max_hp_loss":0,"event_name":"Transmorgrifier","floor":21,"gold_loss":0},{"cards_removed":["Apotheosis"],"damage_healed":0,"gold_gain":0,"player_choice":"Take \u0026 Give","damage_taken":0,"max_hp_gain":0,"max_hp_loss":0,"event_name":"betterNote:BetterNote","floor":28,"gold_loss":0,"cards_obtained":["RobotSpaceExplorer:Exploration"]},{"cards_removed":["RobotSpaceExplorer:PowerGlove"],"damage_healed":0,"gold_gain":0,"player_choice":"Removed Power","damage_taken":0,"max_hp_gain":0,"max_hp_loss":0,"event_name":"Falling","floor":38,"gold_loss":0}],"is_beta":false,"boss_relics":[{"not_picked":["Coffee Dripper","Busted Crown"],"picked":"Pandora\u0027s Box"},{"not_picked":["hubris:CrackedHourglass","SlaversCollar"],"picked":"Fusion Hammer"}],"items_purged_floors":[19],"is_endless":false,"potions_floor_spawned":[5,11,12,18,22,27,35,36,39],"ascension_level":1}}