{"host":"k5dhp0bkccqfauyu","time":1607738807,"event":{"mods":["BaseMod","Better Note","Better Skull","Better Vampires","Colored Map","Colored Powertips","DeckTracker","Minty Spire (QoL Compilation)","Permanent Neow","StSLib","SuperFastMode"],"gold_per_floor":[119,135,150,65,65,92,92,126,177,189,214,62,88,88,88,88,88],"floor_reached":16,"playtime":422,"items_purged":["Strike_P"],"score":236,"play_id":"6f5b301b-5af7-44e5-aa24-5b738e7299d0","local_time":"20201212130647","is_ascension_mode":true,"campfire_choices":[{"floor":7,"key":"REST"},{"data":"Eruption","floor":10,"key":"SMITH"},{"data":"ForeignInfluence","floor":15,"key":"SMITH"}],"circlet_count":0,"master_deck":["AscendersBane","Strike_P","Strike_P+1","Strike_P","Defend_P","Defend_P","Defend_P","Defend_P","Eruption+1","Vigilance+1","Scrawl","FearNoEvil","Halt","FlurryOfBlows","MentalFortress","CrushJoints","ForeignInfluence+1","MentalFortress","PanicButton","Vengeance"],"relics":["PureWater","Mercury Hourglass","PreservedInsect","MawBank","Oddly Smooth Stone"],"acts_visited":["Exordium"],"potions_floor_usage":[8,8],"damage_taken":[{"damage":4,"enemies":"2 Louse","floor":1,"turns":3},{"damage":0,"enemies":"Small Slimes","floor":2,"turns":2},{"damage":0,"enemies":"Jaw Worm","floor":3,"turns":2},{"damage":27,"enemies":"Gremlin Nob","floor":6,"turns":4},{"damage":12,"enemies":"3 Sentries","floor":8,"turns":5},{"damage":6,"enemies":"Looter","floor":11,"turns":2},{"damage":4,"enemies":"Gremlin Nob","floor":13,"turns":3},{"damage":19,"enemies":"Slime Boss","floor":16,"turns":7}],"seed_played":"9098861123114351906","potions_obtained":[{"floor":1,"key":"Energy Potion"},{"floor":6,"key":"SkillPotion"}],"is_trial":false,"path_per_floor":["M","M","M","$","?","E","R","E","T","R","M","$","E","?","R","B"],"character_chosen":"WATCHER","items_purchased":["MentalFortress","PanicButton"],"campfire_rested":1,"item_purchase_floors":[4,12],"current_hp_per_floor":[57,57,57,57,37,10,30,18,18,18,12,12,8,8,8,0,0],"gold":88,"neow_bonus":"ONE_RANDOM_RARE_CARD","is_daily":false,"chose_seed":false,"campfire_upgraded":2,"win_rate":0.0,"timestamp":1607738807,"path_taken":["M","M","M","$","?","E","R","E","T","R","M","$","E","?","R","BOSS"],"items_purchased_type":["Card","Card"],"build_version":"2020-11-30","purchased_purges":1,"victory":false,"max_hp_per_floor":[68,68,68,68,68,68,68,68,68,68,68,68,68,68,68,68,68],"card_choices":[{"not_picked":["CutThroughFate","Consecrate"],"picked":"FearNoEvil","floor":1},{"not_picked":["CutThroughFate","Evaluate"],"picked":"Halt","floor":2},{"not_picked":["SashWhip","Prostrate"],"picked":"FlurryOfBlows","floor":3},{"not_picked":["Halt","Evaluate"],"picked":"CrushJoints","floor":6},{"not_picked":["BowlingBash","ForeignInfluence","Protect"],"picked":"SKIP","floor":8},{"not_picked":["BowlingBash","Protect"],"picked":"ForeignInfluence","floor":8},{"not_picked":["EmptyFist","Wallop"],"picked":"MentalFortress","floor":11},{"not_picked":["Evaluate","SandsOfTime"],"picked":"Vengeance","floor":13}],"player_experience":1750171,"relics_obtained":[{"floor":6,"key":"Mercury Hourglass"},{"floor":8,"key":"PreservedInsect"},{"floor":9,"key":"MawBank"},{"floor":13,"key":"Oddly Smooth Stone"}],"event_choices":[{"damage_healed":0,"gold_gain":0,"player_choice":"Entered Light","damage_taken":20,"max_hp_gain":0,"max_hp_loss":0,"event_name":"Shining Light","floor":5,"gold_loss":0,"cards_upgraded":["Vigilance","Strike_P"]},{"damage_healed":0,"gold_gain":0,"player_choice":"Ignored","damage_taken":0,"max_hp_gain":0,"max_hp_loss":0,"event_name":"Liars Game","floor":14,"gold_loss":0}],"is_beta":false,"boss_relics":[],"items_purged_floors":[12],"is_endless":false,"potions_floor_spawned":[1,6],"killed_by":"Slime Boss","ascension_level":20}}