{"host":"7w1f7px7r26mario","time":1607764282,"event":{"mods":["Act Like it!","BaseMod","Conspire","Gensokyo","GungeonMod","Lobotomy","Minty Spire (QoL Compilation)","Relic Stats","Replay The Spire","StSLib","TestMod","[IsaacMod]ÒÔÈö¼âËþ"],"gold_per_floor":[110,110,110,35,45,76,76,111,111,111,111,141,141,174,14,110,110,128,128,47,59,72,101,101,101,127,140,154,179,199,231,231,333,333,353,353,369,380,396,427,427,438,438,448,459,459,479,504,504,504,504,504,504,537,537],"floor_reached":56,"playtime":66898,"items_purged":["Strike_R"],"score":2151,"play_id":"46b85531-9e43-4753-ace3-f259123cfeb5","local_time":"20201212171122","is_ascension_mode":true,"campfire_choices":[{"data":"Spot Weakness","floor":10.0,"key":"SMITH"},{"data":"Exhume","floor":13.0,"key":"SMITH"},{"data":"Inflame","floor":24.0,"key":"SMITH"},{"data":"Defend_R","floor":32.0,"key":"PURGE"},{"data":"Replay:Undeath\u0027s Touch","floor":41.0,"key":"SMITH"},{"floor":46.0,"key":"RECALL"},{"data":"Spot Weakness","floor":49.0,"key":"SMITH"},{"data":"Massacre","floor":52.0,"key":"SMITH"}],"circlet_count":0,"master_deck":["Strike_R","Strike_R","Defend_R","Defend_R","Defend_R","Infernal Blade+1","ReplayTheSpireMod:Stacked+1","Dark Shackles+1","Spot Weakness+1","Exhume+1","Blood for Blood","Inflame+1","Corruption+1","Massacre+1","Dark Embrace+1","Replay:Undeath\u0027s Touch+1","True Grit","Armaments+1","Night Terror+1","Spot Weakness+1","Replay:Many Hands+1","Life Link+1","Heavy Blade+1","Infernal Blade+1","Demon Form+1","Pommel Strike+1","Body Slam+1","ReplayReversal+1","Seeing Red+1","Reaper+1"],"relics":["Burning Blood","testmod-TestBox","HushsDoor","BFFS","testmod-BlackFramedGlasses","Astrolabe","testmod-EnergyCheck","Gensokyo:YoukaiFlower","Omamori","Gensokyo:Mercy","Pet Ghost","conspire:DecoderRing","Ring of Peace","ReplayTheSpireMod:Ring of Addiction","White Beast Statue","Toy Ornithopter","Golden Egg","GuppysHead","Nilry\u0027s Codex","conspire:RoyalGoblet","PreservedInsect","Art of War","MoneyPower","Gremlin Horn","DemoMod:PoisonVial","testmod-D_4","ReplayTheSpireMod:Ninjato","Garlic","BookofShadows"],"acts_visited":["Gensokyo:Gensokyo","Gensokyo:Gensokyoer","TheBeyond","TheEnding"],"potions_floor_usage":[55,55],"damage_taken":[{"damage":6.0,"enemies":"Gensokyo:2_Kodama","floor":1.0,"turns":4.0},{"damage":0.0,"enemies":"Gensokyo:Gryphon","floor":5.0,"turns":2.0},{"damage":33.0,"enemies":"Gensokyo:Cirno","floor":6.0,"turns":10.0},{"damage":0.0,"enemies":"Gensokyo:Aya","floor":8.0,"turns":6.0},{"damage":7.0,"enemies":"Gensokyo:Cirno","floor":12.0,"turns":9.0},{"damage":13.0,"enemies":"Gensokyo:Mamizou","floor":14.0,"turns":7.0},{"damage":20.0,"enemies":"Gensokyo:Kokoro","floor":16.0,"turns":10.0},{"damage":0.0,"enemies":"Gensokyo:CosmicMonolith","floor":18.0,"turns":5.0},{"damage":0.0,"enemies":"Gensokyo:AngelMirror","floor":21.0,"turns":3.0},{"damage":0.0,"enemies":"Gensokyo:Swordslinger","floor":22.0,"turns":4.0},{"damage":0.0,"enemies":"Gensokyo:Koishi","floor":23.0,"turns":5.0},{"damage":5.0,"enemies":"Gensokyo:Monolith_and_Dog","floor":27.0,"turns":5.0},{"damage":19.0,"enemies":"Gensokyo:3_Gloops","floor":28.0,"turns":5.0},{"damage":2.0,"enemies":"Gensokyo:Reisen","floor":29.0,"turns":4.0},{"damage":0.0,"enemies":"Gensokyo:Wraith","floor":30.0,"turns":5.0},{"damage":0.0,"enemies":"Gensokyo:Koishi","floor":31.0,"turns":5.0},{"damage":39.0,"enemies":"Gensokyo:Kaguya","floor":33.0,"turns":8.0},{"damage":0.0,"enemies":"3 Shapes","floor":35.0,"turns":2.0},{"damage":0.0,"enemies":"Orb Walker","floor":37.0,"turns":2.0},{"damage":0.0,"enemies":"4 Shapes","floor":38.0,"turns":2.0},{"damage":0.0,"enemies":"Maw","floor":39.0,"turns":7.0},{"damage":0.0,"enemies":"Nemesis","floor":40.0,"turns":3.0},{"damage":0.0,"enemies":"Writhing Mass","floor":42.0,"turns":3.0},{"damage":0.0,"enemies":"3 Darklings","floor":44.0,"turns":2.0},{"damage":34.0,"enemies":"4 Shapes","floor":45.0,"turns":3.0},{"damage":0.0,"enemies":"Spire Growth","floor":47.0,"turns":3.0},{"damage":0.0,"enemies":"R_Hoarder","floor":48.0,"turns":4.0},{"damage":14.0,"enemies":"conspire:OrnateMirror","floor":50.0,"turns":3.0},{"damage":0.0,"enemies":"Shield and Spear","floor":54.0,"turns":2.0},{"damage":3,"enemies":"Delirium","floor":55,"turns":29}],"seed_played":"-8044712308336307242","potions_obtained":[{"floor":5.0,"key":"Toxic Potion"},{"floor":6.0,"key":"Languid Potion"},{"floor":11.0,"key":"Milkshake"},{"floor":11.0,"key":"FairyPotion"},{"floor":14.0,"key":"Adrenaline Potion"},{"floor":16.0,"key":"DemoMod:BlankPotion"},{"floor":18.0,"key":"Reflective Coating"},{"floor":23.0,"key":"Toxic Potion"},{"floor":27.0,"key":"SteroidPotion"},{"floor":28.0,"key":"Toxic Potion"},{"floor":29.0,"key":"BloodPotion"},{"floor":30.0,"key":"SteroidPotion"},{"floor":31.0,"key":"Strength Potion"},{"floor":33.0,"key":"FearPotion"},{"floor":35.0,"key":"SteroidPotion"},{"floor":37.0,"key":"Dexterity Potion"},{"floor":38.0,"key":"BloodPotion"},{"floor":39.0,"key":"DemoMod:BlankPotion"},{"floor":40.0,"key":"EssenceOfSteel"},{"floor":42.0,"key":"Block Potion"},{"floor":45.0,"key":"SpeedPotion"},{"floor":47.0,"key":"Languid Potion"},{"floor":48.0,"key":"testmod-TestPotion"},{"floor":54.0,"key":"DemoMod:LeadSkinPotion"}],"is_trial":false,"path_per_floor":["M","?","?","$","M","E","?","E","T","R","?","E","R","E","R","B",null,"M","?","$","M","M","E","R","?","T","M","M","E","M","E","R","B",null,"M","$","M","M","M","E","R","M","T","M","M","R","M","E","R","B",null,"R","$","E","B",null],"character_chosen":"IRONCLAD","items_purchased":["Dark Embrace"],"campfire_rested":0,"item_purchase_floors":[20],"current_hp_per_floor":[76,76,76,76,80,58,58,70,70,70,70,78,78,76,76,71,78,78,63,63,72,76,76,76,69,69,74,63,71,74,74,74,45,67,74,74,74,74,74,74,74,74,74,74,46,46,55,70,70,67,72,72,72,72,72],"gold":537,"neow_bonus":"DOUBLE_BOSS_RELIC","is_daily":false,"chose_seed":false,"campfire_upgraded":6,"win_rate":0.0,"timestamp":1607764282,"path_taken":["M","?","?","$","M","E","?","E","T","R","?","E","R","E","R","BOSS","M","?","$","M","M","E","R","?","T","M","M","E","M","E","R","BOSS","M","$","?","M","M","E","R","?","T","M","?","R","?","E","R","BOSS","R","$","E","BOSS"],"items_purchased_type":["Card"],"build_version":"2020-11-30","purchased_purges":1,"victory":true,"max_hp_per_floor":[80,80,80,80,80,80,80,80,80,80,80,80,80,80,80,80,80,78,78,78,78,76,76,76,76,76,74,74,74,74,74,74,74,74,74,74,74,74,74,74,74,74,74,74,74,74,74,74,74,74,74,74,74,72,72],"relic_stats":{"Gremlin Horn":[20,21],"counters":[30,162],"Astrolabe":["Infernal Blade","ReplayTheSpireMod:Stacked","Dark Shackles"],"PreservedInsect":317,"Art of War":[18],"obtain_stats":[{"Golden Egg":12,"conspire:RoyalGoblet":17,"Gremlin Horn":29,"DemoMod:PoisonVial":31,"Nilry\u0027s Codex":15,"DemoMod:GlassGuonStoneRelic":8,"Burning Blood":0,"BFFS":0,"testmod-BlackFramedGlasses":0,"Pet Ghost":8,"Frozen Eye":23,"conspire:DecoderRing":9,"Ring of Peace":11,"KeepersGift":0,"BookofShadows":54,"testmod-TestBox":0,"ReplayTheSpireMod:Ninjato":40,"Astrolabe":0,"ReplayTheSpireMod:Ring of Addiction":11,"PreservedInsect":19,"Omamori":6,"MoneyPower":26,"White Beast Statue":11,"Gensokyo:Mercy":7,"testmod-D_4":34,"Gensokyo:YoukaiFlower":2,"Art of War":23,"Garlic":48,"GuppysHead":14,"HushsDoor":0,"testmod-EnergyCheck":0,"Toy Ornithopter":11},{"Golden Egg":5,"conspire:RoyalGoblet":7,"Gremlin Horn":14,"DemoMod:PoisonVial":16,"Nilry\u0027s Codex":6,"DemoMod:GlassGuonStoneRelic":4,"Burning Blood":0,"BFFS":0,"testmod-BlackFramedGlasses":0,"Pet Ghost":4,"Frozen Eye":10,"conspire:DecoderRing":4,"Ring of Peace":4,"KeepersGift":0,"BookofShadows":29,"testmod-TestBox":0,"ReplayTheSpireMod:Ninjato":22,"Astrolabe":0,"ReplayTheSpireMod:Ring of Addiction":4,"PreservedInsect":8,"Omamori":3,"MoneyPower":11,"White Beast Statue":4,"Gensokyo:Mercy":3,"testmod-D_4":17,"Gensokyo:YoukaiFlower":1,"Art of War":11,"Garlic":27,"GuppysHead":6,"HushsDoor":0,"testmod-EnergyCheck":0,"Toy Ornithopter":4},{"Golden Egg":31,"conspire:RoyalGoblet":48,"Gremlin Horn":79,"DemoMod:PoisonVial":89,"Nilry\u0027s Codex":38,"DemoMod:GlassGuonStoneRelic":22,"Burning Blood":0,"BFFS":0,"testmod-BlackFramedGlasses":0,"Pet Ghost":22,"Frozen Eye":60,"conspire:DecoderRing":22,"Ring of Peace":22,"KeepersGift":0,"BookofShadows":133,"testmod-TestBox":0,"ReplayTheSpireMod:Ninjato":113,"Astrolabe":0,"ReplayTheSpireMod:Ring of Addiction":22,"PreservedInsect":53,"Omamori":16,"MoneyPower":65,"White Beast Statue":22,"Gensokyo:Mercy":16,"testmod-D_4":97,"Gensokyo:YoukaiFlower":4,"Art of War":65,"Garlic":128,"GuppysHead":38,"HushsDoor":0,"testmod-EnergyCheck":0,"Toy Ornithopter":22}],"Burning Blood":88,"Toy Ornithopter":18},"card_choices":[{"not_picked":[],"picked":"BettingIsNotGood","floor":0.0},{"not_picked":["Dual Wield","Shrug It Off"],"picked":"Carnage","floor":1.0},{"not_picked":["Clash","Headbutt"],"picked":"Spot Weakness","floor":5.0},{"not_picked":["Disarm","Warcry"],"picked":"Exhume","floor":6.0},{"not_picked":["Hemokinesis","Thunderclap","Brutality"],"picked":"SKIP","floor":8.0},{"not_picked":["Cleave","Twin Strike"],"picked":"Blood for Blood","floor":12.0},{"not_picked":["Flex","Thunderclap"],"picked":"Inflame","floor":14.0},{"not_picked":["Demonic Infusion","Fiend Fire"],"picked":"Corruption","floor":16.0},{"not_picked":["Havoc","Body Slam"],"picked":"Massacre","floor":18.0},{"not_picked":["Armaments","ReplayTheSpireMod:Corrosion Curse"],"picked":"Replay:Undeath\u0027s Touch","floor":21.0},{"not_picked":["Headbutt","Warcry"],"picked":"True Grit","floor":22.0},{"not_picked":["Rage","Iron Wave"],"picked":"Armaments+1","floor":23.0},{"not_picked":["Clash","Wild Strike"],"picked":"Spot Weakness","floor":27.0},{"not_picked":["Sword Boomerang","Clothesline","Searing Blow"],"picked":"SKIP","floor":28.0},{"not_picked":["Replay:Many Hands","Iron Wave+1","Warcry"],"picked":"SKIP","floor":29.0},{"not_picked":["Iron Wave+1","Warcry"],"picked":"Replay:Many Hands","floor":29.0},{"not_picked":["Sword Boomerang","Heavy Blade+1"],"picked":"Life Link+1","floor":30.0},{"not_picked":["Headbutt+1","Shrug It Off","Armaments"],"picked":"SKIP","floor":31.0},{"not_picked":["Sword Boomerang","Body Slam"],"picked":"Heavy Blade+1","floor":35.0},{"not_picked":["Pommel Strike","Massacre+1"],"picked":"Infernal Blade+1","floor":37.0},{"not_picked":["Clash+1","Heavy Blade"],"picked":"Demon Form","floor":38.0},{"not_picked":["Run Through+1","Thunderclap+1","Headbutt"],"picked":"SKIP","floor":39.0},{"not_picked":["Thunderclap+1","Perfected Strike+1"],"picked":"Pommel Strike+1","floor":40.0},{"not_picked":["Blood for Blood+1","ReplayReversal"],"picked":"Body Slam+1","floor":42.0},{"not_picked":["DemoMod:WhiteBlade","Blood for Blood+1"],"picked":"ReplayReversal+1","floor":44.0},{"not_picked":["Uppercut+1","Warcry","Flex"],"picked":"SKIP","floor":45.0},{"not_picked":["Carnage","Twin Strike","Life Link"],"picked":"SKIP","floor":47.0},{"not_picked":["Anger","Exhume"],"picked":"Seeing Red+1","floor":48.0},{"not_picked":["Blood for Blood","Anger"],"picked":"Reaper","floor":54.0}],"player_experience":186425,"relics_obtained":[{"floor":6.0,"key":"Omamori"},{"floor":8.0,"key":"Pet Ghost"},{"floor":9.0,"key":"conspire:DecoderRing"},{"floor":11.0,"key":"Ring of Peace"},{"floor":11.0,"key":"ReplayTheSpireMod:Ring of Addiction"},{"floor":11.0,"key":"White Beast Statue"},{"floor":11.0,"key":"Toy Ornithopter"},{"floor":12.0,"key":"Golden Egg"},{"floor":14.0,"key":"GuppysHead"},{"floor":23.0,"key":"Art of War"},{"floor":26.0,"key":"MoneyPower"},{"floor":29.0,"key":"Gremlin Horn"},{"floor":31.0,"key":"DemoMod:PoisonVial"},{"floor":40.0,"key":"ReplayTheSpireMod:Ninjato"},{"floor":48.0,"key":"Garlic"},{"floor":54.0,"key":"BookofShadows"}],"event_choices":[{"damage_healed":0.0,"max_hp_gain":0.0,"max_hp_loss":0.0,"gold_gain":0.0,"event_name":"conspire:Investor","player_choice":"Leave","floor":3.0,"gold_loss":0.0,"damage_taken":0.0}],"is_beta":false,"boss_relics":[{"not_picked":["conspire:SeveredTorchhead","Replay:Drink Me"],"picked":"conspire:RoyalGoblet"},{"not_picked":[]},{"not_picked":["Tiny House","Ring of Chaos"],"picked":"testmod-D_4"},{"not_picked":[]}],"items_purged_floors":[4],"is_endless":false,"potions_floor_spawned":[5,6,12,14,16,18,21,22,23,27,28,29,30,31,33,35,37,38,39,40,42,44,45,47,48,54],"ascension_level":6}}