{"host":"bixuo0n4q745us7v","time":1607801466,"event":{"mods":["2.2 Compatiblity","Act Like it!","BaseMod","Beaked The Cultist","Block Reminder","Custom Start","Downfall","Minty Spire (QoL Compilation)","Relic Sorter","Robot Space Explorer","StSLib","The Cursed"],"gold_per_floor":[118,118,130,130,140,171,171,4,79,106,106,35,110,124,124,225,225,240,240,1,14,14,46,46,58,112,130,157,82,82,97,97,201,201,221,238,72,88,88,120,120,120],"floor_reached":41,"playtime":4318,"items_purged":["RobotSpaceExplorer:Defend"],"score":469,"play_id":"8b395251-aac0-48c5-af97-3a969eb63b26","local_time":"20201212203106","is_ascension_mode":false,"campfire_choices":[{"floor":7,"key":"REST"},{"data":"RobotSpaceExplorer:Pulsar","floor":11,"key":"SMITH"},{"data":"RobotSpaceExplorer:StarLightning","floor":15,"key":"SMITH"},{"data":"expansioncontent:CaCaw","floor":24,"key":"SMITH"},{"floor":32,"key":"REST"}],"circlet_count":0,"master_deck":["RobotSpaceExplorer:Strike","RobotSpaceExplorer:Strike","RobotSpaceExplorer:Strike","RobotSpaceExplorer:Defend","RobotSpaceExplorer:Defend","RobotSpaceExplorer:Scan","RobotSpaceExplorer:MiniLasers","RobotSpaceExplorer:SurgingShield","RobotSpaceExplorer:BigMissile","RobotSpaceExplorer:Pulsar+1","RobotSpaceExplorer:ShovelStrike","expansioncontent:BronzeBeam","RobotSpaceExplorer:StarLightning+1","RobotSpaceExplorer:SlimeMissile","RobotSpaceExplorer:StunGrenade+1","RobotSpaceExplorer:PlasmaMissile","expansioncontent:CaCaw+1","RobotSpaceExplorer:SurgingShield","RobotSpaceExplorer:DoubleFind","RobotSpaceExplorer:Arsenal","expansioncontent:Corrupt","RobotSpaceExplorer:PlasmaMissile"],"relics":["RobotSpaceExplorer:RoboCore","MealTicket","Oddly Smooth Stone","Sundial","Toy Ornithopter","beaked:SacredNecklace","Blood Vial","Enchiridion","Lantern","Regal Pillow","CaptainsWheel","HornCleat","Black Star","RobotSpaceExplorer:BottledGravity","Darkstone Periapt","Bronze Scales"],"acts_visited":["Exordium","TheCity","TheBeyond"],"potions_floor_usage":[6,10,16,23,33,38,40],"damage_taken":[{"damage":0,"enemies":"Cultist","floor":1,"turns":3},{"damage":1,"enemies":"Small Slimes","floor":3,"turns":4},{"damage":6,"enemies":"Jaw Worm","floor":5,"turns":4},{"damage":17,"enemies":"3 Sentries","floor":6,"turns":10},{"damage":8,"enemies":"Gremlin Nob","floor":10,"turns":3},{"damage":0,"enemies":"Looter","floor":14,"turns":2},{"damage":8,"enemies":"Slime Boss","floor":16,"turns":10},{"damage":0,"enemies":"3 Byrds","floor":18,"turns":4},{"damage":0,"enemies":"Spheric Guardian","floor":21,"turns":2},{"damage":1,"enemies":"Gremlin Leader","floor":23,"turns":7},{"damage":9,"enemies":"Snecko","floor":25,"turns":5},{"damage":3,"enemies":"Snake Plant","floor":27,"turns":4},{"damage":16,"enemies":"Slavers","floor":28,"turns":6},{"damage":3,"enemies":"Shelled Parasite and Fungi","floor":31,"turns":3},{"damage":3,"enemies":"Champ","floor":33,"turns":12},{"damage":0,"enemies":"Orb Walker","floor":35,"turns":3},{"damage":0,"enemies":"3 Shapes","floor":36,"turns":4},{"damage":27,"enemies":"Maw","floor":38,"turns":8},{"damage":70,"enemies":"Nemesis","floor":40,"turns":7},{"damage":15,"enemies":"Writhing Mass","floor":41,"turns":5}],"seed_played":"930580959893913079","potions_obtained":[{"floor":1,"key":"DuplicationPotion"},{"floor":5,"key":"FearPotion"},{"floor":10,"key":"Block Potion"},{"floor":18,"key":"AttackPotion"},{"floor":27,"key":"SpeedPotion"},{"floor":33,"key":"Weak Potion"},{"floor":38,"key":"SkillPotion"}],"is_trial":false,"path_per_floor":["M","?","M","?","M","E","R","$","T","E","R","$","?","M","R","B",null,"M","?","$","M","?","E","R","M","T","M","E","?","T","M","R","B",null,"M","M","$","M","T","E","M"],"character_chosen":"RobotSpaceExplorer","items_purchased":["expansioncontent:BronzeBeam","RobotSpaceExplorer:StarLightning","expansioncontent:CaCaw","Blood Vial","expansioncontent:Corrupt"],"campfire_rested":2,"item_purchase_floors":[8,12,20,20,37],"current_hp_per_floor":[82,57,56,56,50,33,57,72,72,64,64,79,68,68,68,65,82,82,82,82,82,66,72,72,65,65,64,50,50,50,49,82,80,82,82,82,82,60,60,10,0,0],"gold":120,"neow_bonus":"TEN_PERCENT_HP_BONUS","is_daily":false,"chose_seed":false,"campfire_upgraded":3,"win_rate":0.0,"timestamp":1607801466,"path_taken":["M","?","M","?","M","E","R","$","T","E","R","?","?","M","R","BOSS","M","?","$","M","?","E","R","M","T","M","E","?","?","M","R","BOSS","M","M","$","M","?","E","?"],"items_purchased_type":["Card","Card","Card","Relic","Card"],"build_version":"2020-11-30","purchased_purges":1,"victory":false,"max_hp_per_floor":[82,82,82,82,82,82,82,82,82,82,82,82,82,82,82,82,82,82,82,82,82,82,82,82,82,82,82,82,82,82,82,82,82,82,82,82,82,82,82,82,82,82],"card_choices":[{"not_picked":["RobotSpaceExplorer:BigMissile","RobotSpaceExplorer:Jetpack"],"picked":"RobotSpaceExplorer:SurgingShield","floor":1},{"not_picked":["RobotSpaceExplorer:Pulsar","RobotSpaceExplorer:GlueShot"],"picked":"RobotSpaceExplorer:BigMissile","floor":3},{"not_picked":["RobotSpaceExplorer:Counterblock","RobotSpaceExplorer:Autoloader"],"picked":"RobotSpaceExplorer:ShovelStrike","floor":5},{"not_picked":["RobotSpaceExplorer:ShockKick","RobotSpaceExplorer:ScrapShield","RobotSpaceExplorer:ExhaustFan"],"picked":"SKIP","floor":6},{"not_picked":["RobotSpaceExplorer:SlimeMissile","RobotSpaceExplorer:ImprovisedAttack","RobotSpaceExplorer:FranticSearch"],"picked":"SKIP","floor":10},{"not_picked":["RobotSpaceExplorer:StunGrenade","RobotSpaceExplorer:Probe"],"picked":"RobotSpaceExplorer:SlimeMissile","floor":14},{"not_picked":["RobotSpaceExplorer:Probe","RobotSpaceExplorer:SlimeMissile"],"picked":"RobotSpaceExplorer:StunGrenade+1","floor":18},{"not_picked":["RobotSpaceExplorer:MakeshiftVolley","RobotSpaceExplorer:Smokescreen","RobotSpaceExplorer:ShockKick+1"],"picked":"SKIP","floor":21},{"not_picked":["RobotSpaceExplorer:SurgingStrike","RobotSpaceExplorer:Discharger+1"],"picked":"RobotSpaceExplorer:SurgingShield","floor":23},{"not_picked":["RobotSpaceExplorer:MiniDrones+1","RobotSpaceExplorer:SelfCleaning","RobotSpaceExplorer:Counterblock+1"],"picked":"SKIP","floor":25},{"not_picked":["RobotSpaceExplorer:SwiftStep+1","RobotSpaceExplorer:Counterblock","RobotSpaceExplorer:MiniDrones+1"],"picked":"SKIP","floor":27},{"not_picked":["RobotSpaceExplorer:SelfCleaning","RobotSpaceExplorer:Calculate"],"picked":"RobotSpaceExplorer:DoubleFind","floor":28},{"not_picked":["RobotSpaceExplorer:GlueSpray","RobotSpaceExplorer:MakeshiftVolley","RobotSpaceExplorer:Pulsar"],"picked":"SKIP","floor":31},{"not_picked":["RobotSpaceExplorer:Scanner","RobotSpaceExplorer:Comet"],"picked":"RobotSpaceExplorer:Arsenal","floor":33},{"not_picked":["RobotSpaceExplorer:StarDust+1","RobotSpaceExplorer:DoubleFind","RobotSpaceExplorer:MetalStrike"],"picked":"SKIP","floor":35},{"not_picked":["RobotSpaceExplorer:Counterblock+1","RobotSpaceExplorer:SelfCleaning","RobotSpaceExplorer:MiniDrones"],"picked":"SKIP","floor":36},{"not_picked":["RobotSpaceExplorer:Reload+1","RobotSpaceExplorer:Counterblock"],"picked":"RobotSpaceExplorer:PlasmaMissile","floor":38},{"not_picked":["RobotSpaceExplorer:ShovelStrike+1","RobotSpaceExplorer:JunkDive+1","RobotSpaceExplorer:Scanner"],"picked":"SKIP","floor":40}],"player_experience":587738,"relics_obtained":[{"floor":6,"key":"Oddly Smooth Stone"},{"floor":9,"key":"Sundial"},{"floor":10,"key":"Toy Ornithopter"},{"floor":22,"key":"Enchiridion"},{"floor":23,"key":"Lantern"},{"floor":26,"key":"Regal Pillow"},{"floor":28,"key":"CaptainsWheel"},{"floor":30,"key":"HornCleat"},{"floor":39,"key":"RobotSpaceExplorer:BottledGravity"},{"floor":40,"key":"Darkstone Periapt"},{"floor":40,"key":"Bronze Scales"}],"event_choices":[{"damage_healed":0,"gold_gain":0,"player_choice":"Success","damage_taken":25,"relics_obtained":["MealTicket"],"max_hp_gain":0,"max_hp_loss":0,"event_name":"Scrap Ooze","floor":2,"gold_loss":0},{"damage_healed":0,"gold_gain":0,"cards_transformed":["RobotSpaceExplorer:Defend"],"player_choice":"Change","damage_taken":0,"max_hp_gain":0,"max_hp_loss":0,"event_name":"Living Wall","floor":4,"gold_loss":0,"cards_obtained":["RobotSpaceExplorer:Pulsar"]},{"damage_healed":0,"gold_gain":75,"player_choice":"Gather Gold","damage_taken":11,"max_hp_gain":0,"max_hp_loss":0,"event_name":"World of Goop","floor":13,"gold_loss":0},{"damage_healed":0,"gold_gain":0,"player_choice":"Read","damage_taken":0,"max_hp_gain":0,"max_hp_loss":0,"event_name":"The Library","floor":19,"gold_loss":0,"cards_obtained":["RobotSpaceExplorer:PlasmaMissile"]},{"damage_healed":0,"gold_gain":0,"player_choice":"Obtained Book","damage_taken":16,"max_hp_gain":0,"max_hp_loss":0,"event_name":"Cursed Tome","floor":22,"gold_loss":0},{"cards_removed":["RobotSpaceExplorer:Strike"],"damage_healed":0,"gold_gain":0,"player_choice":"Gave Gold","damage_taken":0,"max_hp_gain":0,"max_hp_loss":0,"event_name":"Beggar","floor":29,"gold_loss":75}],"is_beta":false,"boss_relics":[{"not_picked":["Philosopher\u0027s Stone","Cursed Key"],"picked":"beaked:SacredNecklace"},{"not_picked":["Empty Cage","Snecko Eye"],"picked":"Black Star"}],"items_purged_floors":[8],"is_endless":false,"potions_floor_spawned":[1,5,10,18,27,33,38],"killed_by":"Writhing Mass","ascension_level":0}}