{"host":"zxkjcgzis4pm3za5","time":1612880877,"event":{"mods":["AchievementEnabler","BaseMod","Colored Map","Colored Powertips","Minty Spire (QoL Compilation)","Quick Restart","RNG Fix","Random Character Button","Relic Sorter","Relic Stats","StSLib"],"gold_per_floor":[113,126,142,142,142,176,176,176,176],"floor_reached":8,"language":"ENG","playtime":301,"items_purged":[],"score":109,"play_id":"3b6593df-f6fe-4a3a-aea6-f80d6d33c0b6","local_time":"20210209195757","is_ascension_mode":true,"campfire_choices":[{"floor":7,"key":"REST"}],"circlet_count":0,"master_deck":["AscendersBane","Strike_P","Strike_P","Strike_P","Strike_P","Defend_P","Defend_P","Defend_P","Defend_P","Eruption","Vigilance","FearNoEvil","Vengeance","FlyingSleeves","Devotion"],"relics":["PureWater","CloakClasp","Golden Idol","Art of War","TeardropLocket"],"acts_visited":["Exordium"],"potions_floor_usage":[6],"damage_taken":[{"damage":1,"enemies":"2 Louse","floor":1,"turns":3},{"damage":0,"enemies":"Jaw Worm","floor":2,"turns":3},{"damage":0,"enemies":"Cultist","floor":3,"turns":2},{"damage":17,"enemies":"3 Sentries","floor":6,"turns":8},{"damage":84,"enemies":"Gremlin Nob","floor":8,"turns":4}],"seed_played":"5490797689045537228","potions_obtained":[{"floor":1,"key":"Dexterity Potion"},{"floor":2,"key":"SpeedPotion"}],"is_trial":false,"path_per_floor":["M","M","M","?","?","E","R","E"],"character_chosen":"WATCHER","items_purchased":[],"campfire_rested":1,"item_purchase_floors":[],"current_hp_per_floor":[60,60,60,39,21,4,22,0,0],"gold":176,"neow_bonus":"ONE_RARE_RELIC","is_daily":false,"chose_seed":false,"campfire_upgraded":0,"win_rate":0.0,"timestamp":1612880877,"path_taken":["M","M","?","?","?","E","R","E"],"items_purchased_type":[],"build_version":"2020-12-22","purchased_purges":0,"victory":false,"max_hp_per_floor":[62,62,62,62,62,62,62,62,62],"relic_stats":{"counters":[5,20],"Golden Idol":7,"CloakClasp":[49],"Art of War":[1],"obtain_stats":[{"Golden Idol":4,"CloakClasp":0,"Art of War":5,"TeardropLocket":6,"PureWater":0},{"Golden Idol":3,"CloakClasp":0,"Art of War":3,"TeardropLocket":4,"PureWater":0},{"Golden Idol":8,"CloakClasp":0,"Art of War":8,"TeardropLocket":16,"PureWater":0}]},"card_choices":[{"not_picked":["FlurryOfBlows","FlyingSleeves"],"picked":"FearNoEvil","floor":1},{"not_picked":["ClearTheMind","CrushJoints"],"picked":"Vengeance","floor":2},{"not_picked":["Crescendo","EmptyBody"],"picked":"FlyingSleeves","floor":3},{"not_picked":["CrushJoints","Halt"],"picked":"Devotion","floor":6}],"player_experience":342699,"relics_obtained":[{"floor":6,"key":"TeardropLocket"}],"event_choices":[{"damage_healed":0,"gold_gain":0,"player_choice":"Take Damage","damage_taken":21,"relics_obtained":["Golden Idol"],"max_hp_gain":0,"max_hp_loss":0,"event_name":"Golden Idol","floor":4,"gold_loss":0},{"damage_healed":0,"gold_gain":0,"player_choice":"Success","damage_taken":18,"relics_obtained":["Art of War"],"max_hp_gain":0,"max_hp_loss":0,"event_name":"Scrap Ooze","floor":5,"gold_loss":0}],"is_beta":false,"boss_relics":[],"items_purged_floors":[],"is_endless":false,"potions_floor_spawned":[1,2,3],"killed_by":"Gremlin Nob","ascension_level":19}}