{"host":"w05x4i13f2m9joq1","time":1612856574,"event":{"mods":["100% Spire Juice","Act Like it!","BaseMod","Better Altar","Better Match","Better Note","Better Sensory Stone","Better Skull","Better Third Choice","BetterRewards","CapriCore","Colored Map","Colored Powertips","Defective Defect","Downfall","Duelist Mod","Gensokyo","GifTheSpireLib","Googly Eyes","Infinite Spire","Ironclad Rager","Lobotomy","LobotomyExtend","Marisa????????","Melee Mod","Minty Spire (QoL Compilation)","Morshu Shopkeeper - ENHANCED","MostiFishMod","Quick Restart","Rare Cards Sparkle","Reliquary","Replay The Spire","Shop Mod","Spicy Shops","Spire Birthday Party","StSLib","The IronCluck","Uncapped","everything is the same but u backflip on backflip","slay the spire mod where everything is the same but ironclad has a cowboy hat"],"gold_per_floor":[16,30,45,59,76,109,119,135,135,146,172,172,26,56,56,157,157,174,203,219,55,55,89,39,39,65,90,101,113,141,161,161,261,261,277,289,289,309,2,34,48,81,106,106,125,125,155,167,167,263,263,271,271,-1329,-1309,-1309,-1309,-1276,-1276,-1201,-1201,-1176,-1165,-1147,-1147,-1147,-1048,-1048,-1035,-962,-962,-947,-937,-908,-908,-881,-804,-804,-769,-755,-755,-755,-755,-659,-659,-639,-628,-617,-604,-592,-559,-559,-533,-479,-454,-442,-442,-442,-442,-442,-342,-342,-325,-306,-306,-306,-306,-306,-274,-263,-185,12,12,39,39,40,40,140,140,154,173,173,247,247,278,296,309,309],"floor_reached":127,"language":"ENG","playtime":3674,"items_purged":["Shame"],"score":3850,"play_id":"2f8966bd-5b04-4961-b7fe-4851c6ab3860","local_time":"20210209024254","is_ascension_mode":true,"campfire_choices":[{"data":"Twin Strike","floor":12,"key":"SMITH"},{"data":"Offering","floor":15,"key":"SMITH"},{"floor":25,"key":"REST"},{"data":"Pommel Strike","floor":32,"key":"SMITH"},{"data":"MostiFishMod:RacingGame","floor":44,"key":"SMITH"},{"data":"Replay:Undeath\u0027s Touch","floor":49,"key":"SMITH"},{"data":"Cleave","floor":57,"key":"SMITH"},{"data":"Run Through","floor":59,"key":"SMITH"},{"data":"Reaper","floor":61,"key":"SMITH"},{"data":"Twin Strike","floor":66,"key":"SMITH"},{"data":"infinitespire:Fortify","floor":75,"key":"SMITH"},{"data":"Limit Break","floor":78,"key":"SMITH"},{"data":"Thunderclap","floor":81,"key":"SMITH"},{"data":"Thunderclap","floor":83,"key":"SMITH"},{"data":"Bash","floor":100,"key":"SMITH"},{"data":"infinitespire:Starlight","floor":108,"key":"SMITH"},{"floor":113,"key":"REST"},{"data":"MostiFishMod:KnuckleDown","floor":115,"key":"SMITH"},{"data":"Twin Strike","floor":117,"key":"SMITH"}],"circlet_count":0,"master_deck":["Bash+1","Twin Strike","Twin Strike","Twin Strike","Twin Strike","Twin Strike","Iron Wave","Iron Wave","Iron Wave","Iron Wave","Replay:Undeath\u0027s Touch+1","Twin Strike","Dropkick","Reaper+1","Cleave","Flex","Thunderclap+1","Perfected Strike","Cleave","Offering+1","Thunderclap+1","Pommel Strike+1","Sword Boomerang","Run Through","Uppercut+1","Pommel Strike+1","Metallicize+1","Headbutt+1","Perfected Strike","MostiFishMod:RacingGame+1","Twin Strike+1","Run Through+1","Cleave+1","Cleave+1","infinitespire:OneForAll+1","Flex+1","Massacre+1","Seeing Red","Twin Strike+1","ICR:VitalStrike+1","Iron Wave+1","Thunderclap+1","Iron Wave+1","Pommel Strike+1","Iron Wave+1","Limit Break+1","infinitespire:Fortify+1","Cleave+1","Replay:Undeath\u0027s Touch+1","Run Through+1","Thunderclap+1","MostiFishMod:RainCloud+1","Twin Strike+1","Inflame","Twin Strike+1","ReplayTheSpireMod:Muscle Training+1","ReplayTheSpireMod:Muscle Training+1","MostiFishMod:RacingGame+1","Twin Strike+1","infinitespire:Starlight+1","ReplayTheSpireMod:LeadingStrike+1","Twin Strike+1","MostiFishMod:KnuckleDown+1","Twin Strike+1","Cleave+1"],"relics":["Burning Blood","DaveBox","xbg","SynthV:TestCard","LetterFromLob","Paper Frog","Simple Rune","Omamori","Pen Nib","GreenFoldingFan","Red Mask","Membership Card","Bag of Marbles","Orichalcum","ThornShield","infinitespire:Broken Mirror","ExusiaiGun","Boot","Molten Egg 2","Bottled Lightning","Tiny Chest","champ:DeflectingBracers","King of Hearts","Calipers","reliquary:KinkedSpring","reliquary:Knoch","Replay:Towering Pillar of Hats","Bottled Flame","ReplayTheSpireMod:Spearhead","SynthV:MejaisSoulstealer","Nunchaku","Ginger","ChewingGum","Replay:Accelerometer","champ:DuelingGlove","reliquary:WeakTea","infinitespire:Eraser","Unceasing Top","reliquary:RedPaperclip","Darkstone Periapt","Du-Vu Doll","Ornamental Fan","Centennial Puzzle","Juzu Bracelet","RhineFirstAidKit","infinitespire:WardingShard","Dream Catcher","Slimebound:PreparedRelic","infinitespire:Midas Blood","HonorFeather","MutagenicStrength","reliquary:WeakTea","Oddly Smooth Stone"],"acts_visited":["Exordium","TheCity","TheBeyond","Exordium","TheCity","TheBeyond","Exordium","TheCity"],"potions_floor_usage":[6,6,11,11,16,16,33,33],"damage_taken":[{"damage":12,"enemies":"Jaw Worm","floor":1,"turns":2},{"damage":0,"enemies":"2 Louse","floor":2,"turns":1},{"damage":0,"enemies":"Cultist","floor":3,"turns":2},{"damage":5,"enemies":"Lots of Slimes","floor":4,"turns":3},{"damage":13,"enemies":"Large Slime","floor":5,"turns":2},{"damage":4,"enemies":"Gremlin Nob","floor":6,"turns":2},{"damage":4,"enemies":"Red Slaver","floor":7,"turns":2},{"damage":15,"enemies":"Exordium Thugs","floor":8,"turns":3},{"damage":1,"enemies":"Exordium Wildlife","floor":10,"turns":2},{"damage":10,"enemies":"3 Sentries","floor":11,"turns":4},{"damage":0,"enemies":"Gremlin Nob","floor":14,"turns":2},{"damage":41,"enemies":"Hexaghost","floor":16,"turns":4},{"damage":26,"enemies":"Shell Parasite","floor":18,"turns":3},{"damage":13,"enemies":"Masked Bandits","floor":19,"turns":3},{"damage":10,"enemies":"3 Byrds","floor":20,"turns":2},{"damage":63,"enemies":"Nightmare","floor":23,"turns":4},{"damage":2,"enemies":"theDuelist:KaibaA2","floor":27,"turns":1},{"damage":6,"enemies":"Cultist and Chosen","floor":28,"turns":3},{"damage":13,"enemies":"3 Cultists","floor":29,"turns":3},{"damage":10,"enemies":"Replay:Snechameleon","floor":30,"turns":2},{"damage":7,"enemies":"Shelled Parasite and Fungi","floor":31,"turns":2},{"damage":53,"enemies":"Automaton","floor":33,"turns":5},{"damage":10,"enemies":"3 Shapes","floor":35,"turns":1},{"damage":2,"enemies":"Orb Walker","floor":36,"turns":1},{"damage":28,"enemies":"4 Shapes","floor":38,"turns":2},{"damage":2,"enemies":"R_Hoarder","floor":40,"turns":1},{"damage":2,"enemies":"Jaw Worm Horde","floor":41,"turns":1},{"damage":2,"enemies":"Reptomancer","floor":42,"turns":1},{"damage":2,"enemies":"Sphere and 2 Shapes","floor":45,"turns":1},{"damage":2,"enemies":"Nemesis","floor":47,"turns":1},{"damage":2,"enemies":"3 Darklings","floor":48,"turns":1},{"damage":4,"enemies":"Awakened One","floor":50,"turns":2},{"damage":2,"enemies":"Jaw Worm","floor":52,"turns":1},{"damage":4,"enemies":"2 Louse","floor":55,"turns":1},{"damage":6,"enemies":"Lagavulin","floor":58,"turns":1},{"damage":7,"enemies":"3 Sentries","floor":62,"turns":1},{"damage":4,"enemies":"Small Slimes","floor":63,"turns":1},{"damage":4,"enemies":"Blue Slaver","floor":64,"turns":1},{"damage":6,"enemies":"Hexaghost","floor":67,"turns":1},{"damage":4,"enemies":"Shell Parasite","floor":69,"turns":1},{"damage":5,"enemies":"2 Thieves","floor":72,"turns":1},{"damage":7,"enemies":"Cultist and Chosen","floor":73,"turns":1},{"damage":9,"enemies":"Slavers","floor":74,"turns":1},{"damage":5,"enemies":"Gremlin Leader","floor":76,"turns":1},{"damage":4,"enemies":"Replay:Snechameleon","floor":79,"turns":1},{"damage":9,"enemies":"Centurion and Healer","floor":80,"turns":1},{"damage":5,"enemies":"Collector","floor":84,"turns":1},{"damage":7,"enemies":"3 Shapes","floor":86,"turns":1},{"damage":4,"enemies":"Orb Walker","floor":87,"turns":1},{"damage":11,"enemies":"3 Darklings","floor":88,"turns":1},{"damage":8,"enemies":"Writhing Mass","floor":89,"turns":1},{"damage":4,"enemies":"Spire Growth","floor":90,"turns":1},{"damage":4,"enemies":"R_Hoarder","floor":91,"turns":1},{"damage":4,"enemies":"Nemesis","floor":93,"turns":1},{"damage":4,"enemies":"Reptomancer","floor":95,"turns":1},{"damage":10,"enemies":"Transient","floor":96,"turns":1},{"damage":19,"enemies":"Awakened One","floor":101,"turns":2},{"damage":3,"enemies":"Cultist","floor":103,"turns":1},{"damage":4,"enemies":"2 Louse","floor":104,"turns":1},{"damage":3,"enemies":"Gremlin Nob","floor":109,"turns":1},{"damage":3,"enemies":"Jaw Worm","floor":110,"turns":1},{"damage":26,"enemies":"Looter","floor":112,"turns":2},{"damage":2,"enemies":"Lagavulin","floor":114,"turns":1},{"damage":2,"enemies":"Lagavulin","floor":116,"turns":1},{"damage":2,"enemies":"The Guardian","floor":118,"turns":1},{"damage":2,"enemies":"Spheric Guardian","floor":120,"turns":1},{"damage":2,"enemies":"Shell Parasite","floor":121,"turns":1},{"damage":2,"enemies":"Gremlin Leader","floor":125,"turns":1},{"damage":2,"enemies":"Snake Plant","floor":126,"turns":1},{"damage":85,"enemies":"Nightmare_Alpha","floor":127,"turns":2}],"seed_played":"-2433200610632200642","potions_obtained":[{"floor":2,"key":"champ:CounterPotion"},{"floor":3,"key":"Block Potion"},{"floor":7,"key":"Elixir"},{"floor":10,"key":"Weak Potion"},{"floor":11,"key":"BloodPotion"},{"floor":14,"key":"bronze:BurnAndBuffPotion"},{"floor":19,"key":"PowerPotion"},{"floor":27,"key":"FearPotion"},{"floor":33,"key":"ElixirPotion"},{"floor":35,"key":"Swift Potion"},{"floor":36,"key":"AttackPotion"},{"floor":40,"key":"SteroidPotion"},{"floor":58,"key":"FearPotion"}],"is_trial":false,"path_per_floor":["M","M","M","M","M","E","M","M","T","M","E","R","$","E","R","B",null,"M","?","M","$","?","NM","?","R","T","E","M","M","E","M","R","B",null,"M","M","AVR","M","$","E","M","E","T","R","M","?","E","M","R","B",null,"M","?","$","M","$","R","E","R","T","R","E","M","M","E","R","B",null,"M","T","?","M","M","E","R","E","T","R","E","M","R","?","R","B",null,"M","M","M","M","M","E","T","E","T","E","M","?","?","$","R","B",null,"M","M","?","T","?","R","E","M","T","M","R","E","R","?","R","B",null,"M","M","?","T","?","E","M","NM"],"character_chosen":"IRONCLAD","items_purchased":["Omamori","Membership Card","Sword Boomerang","Molten Egg 2","Bottled Lightning","Cleave+1","Replay:Towering Pillar of Hats","Bottled Flame","ReplayTheSpireMod:Spearhead","SynthV:MejaisSoulstealer"],"campfire_rested":2,"item_purchase_floors":[13,21,21,39,39,39,54,54,54,54],"current_hp_per_floor":[45,51,57,58,51,53,55,54,54,67,72,72,72,72,72,51,72,62,72,72,72,72,25,25,46,46,60,72,72,72,72,72,39,72,72,72,72,60,60,72,72,72,72,72,72,72,72,72,72,72,72,72,72,72,72,72,72,72,72,72,72,72,72,72,72,72,72,72,72,72,72,72,72,72,72,72,72,72,72,72,72,72,72,72,72,72,72,72,72,72,72,72,72,72,72,72,72,72,72,72,69,72,72,72,72,72,54,54,67,72,72,62,72,72,72,72,72,72,72,72,72,72,72,72,72,72,0,0],"gold":309,"neow_bonus":"IRONCLAD_BERSERKER","is_daily":false,"chose_seed":false,"campfire_upgraded":17,"win_rate":0.0,"timestamp":1612856574,"path_taken":["M","M","M","M","M","E","M","M","T","M","E","R","$","E","R","BOSS","M","?","M","$","?","NM","?","R","T","E","M","M","E","?","R","BOSS","M","M","AVR","?","$","E","M","E","T","R","M","?","E","M","R","BOSS","M","?","$","M","$","R","E","R","T","R","E","M","?","E","R","BOSS","M","?","?","M","M","E","R","E","T","R","E","?","R","?","R","BOSS","M","M","M","M","M","E","?","E","T","E","M","?","?","$","R","BOSS","M","M","?","?","?","R","E","M","T","M","R","E","R","?","R","BOSS","M","M","?","?","?","E","M","NM"],"items_purchased_type":["Relic","Relic","Card","Relic","Relic","Card","Relic","Relic","Relic","Relic"],"build_version":"2020-12-22","purchased_purges":1,"victory":false,"max_hp_per_floor":[72,72,72,72,72,72,72,72,72,72,72,72,72,72,72,72,72,72,72,72,72,72,72,72,72,72,72,72,72,72,72,72,72,72,72,72,72,72,72,72,72,72,72,72,72,72,72,72,72,72,72,72,72,72,72,72,72,72,72,72,72,72,72,72,72,72,72,72,72,72,72,72,72,72,72,72,72,72,72,72,72,72,72,72,72,72,72,72,72,72,72,72,72,72,72,72,72,72,72,72,72,72,72,72,72,72,72,72,72,72,72,72,72,72,72,72,72,72,72,72,72,72,72,72,72,72,72,72],"card_choices":[{"not_picked":["Armaments","Defy Death"],"picked":"Replay:Undeath\u0027s Touch","floor":1},{"not_picked":["Anger","Cleave","True Grit","Warcry"],"picked":"Twin Strike","floor":2},{"not_picked":["Clothesline","Searing Blow","Run Through","Blood for Blood"],"picked":"Dropkick","floor":3},{"not_picked":["Iron Wave","Clash","Bloodletting","Hemokinesis"],"picked":"Reaper","floor":4},{"not_picked":["ReplayTheSpireMod:Strike From Hell","Second Wind","Disarm","Rupture","Shrug It Off"],"picked":"SKIP","floor":5},{"not_picked":["Clothesline","Heavy Blade","Wild Strike","Flex"],"picked":"Cleave","floor":6},{"not_picked":["Clash","infinitespire:OneForAll","Flame Barrier","Uppercut"],"picked":"Flex","floor":7},{"not_picked":["Cleave","Hemokinesis","Headbutt","Sword Boomerang"],"picked":"Thunderclap","floor":8},{"not_picked":["Headbutt","Heavy Blade","MostiFishMod:BrandingRite","Entrench"],"picked":"Perfected Strike","floor":10},{"not_picked":["MostiFishMod:#F4004","Impervious","Warcry","Reckless Charge"],"picked":"Cleave","floor":11},{"not_picked":["Massacre","Replay:Undeath\u0027s Touch","Burning Pact","Body Slam"],"picked":"Offering","floor":14},{"not_picked":["Hemokinesis","Massacre","Body Slam+1","Havoc"],"picked":"Thunderclap","floor":18},{"not_picked":["Headbutt","Anger","Second Wind","Cleave"],"picked":"Pommel Strike+1","floor":19},{"not_picked":["True Grit","Shockwave+1","Sword Boomerang","ReplayTheSpireMod:Strike From Hell"],"picked":"Spot Weakness+1","floor":20},{"not_picked":["Combust+1","Pommel Strike","MostiFishMod:FireWorks","Infernal Blade+1"],"picked":"Run Through","floor":23},{"not_picked":["Whirlwind","Shrug It Off","MostiFishMod:PerfectStrikeMKII","ReplayTheSpireMod:Strike From Hell"],"picked":"Uppercut+1","floor":27},{"not_picked":["Uppercut","True Grit","Body Slam","Infernal Blade"],"picked":"Pommel Strike","floor":28},{"not_picked":["Warcry","Intimidate","Searing Blow+1","Dark Embrace"],"picked":"Metallicize+1","floor":29},{"not_picked":["Warcry","Abandon","Body Slam+1","Wild Strike+1"],"picked":"Headbutt+1","floor":30},{"not_picked":["Second Wind","Rage+1","Clothesline","Flex"],"picked":"Perfected Strike","floor":31},{"not_picked":["MostiFishMod:PerfectStrikeMKII","MostiFishMod:NewArrival","MostiFishMod:DoubleSword","MostiFishMod:TemporaryOutbreak"],"picked":"MostiFishMod:RacingGame","floor":33},{"not_picked":["Wild Strike+1","Armaments+1","Rampage","Evolve"],"picked":"Twin Strike","floor":35},{"not_picked":["Defy Death","Sword Boomerang+1","Armaments+1","Power Through"],"picked":"Run Through","floor":36},{"not_picked":["Anger+1","Shockwave","MostiFishMod:BrandingRite","Perfected Strike"],"picked":"Cleave","floor":38},{"not_picked":["Dark Embrace","Perfected Strike+1","Hemogenesis+1","MostiFishMod:WingOfPhoenix"],"picked":"infinitespire:OneForAll+1","floor":40},{"not_picked":["Dark Embrace+1","Carnage+1","Armaments","Anger+1"],"picked":"Flex+1","floor":41},{"not_picked":["Hemokinesis+1","Shockwave+1","Burning Pact","Armaments"],"picked":"Massacre+1","floor":42},{"not_picked":["Clash+1","Rage","Dark Embrace","Evolve+1"],"picked":"Inflame","floor":45},{"not_picked":["Armaments","MostiFishMod:Chiaki","Clash+1","Barricade"],"picked":"Seeing Red","floor":47},{"not_picked":["Flex+1","Rupture","Heavy Blade+1","Shrug It Off"],"picked":"Twin Strike+1","floor":48},{"not_picked":["MostiFishMod:FlyOverUtopia","MostiFishMod:Mania","Hemogenesis+1","Immolate+1"],"picked":"ICR:VitalStrike+1","floor":50},{"not_picked":["ReplayTheSpireMod:Strike From Hell+1","Abandon","Body Slam+1","Shrug It Off"],"picked":"Iron Wave+1","floor":52},{"not_picked":["Heavy Blade+1","Anger+1","Headbutt+1","Clothesline+1","Evolve"],"picked":"SKIP","floor":55},{"not_picked":["Carnage+1","Replay:Many Hands","Clothesline+1","ReplayReversal"],"picked":"Thunderclap+1","floor":58},{"not_picked":["Armaments","Clash+1","Reckless Charge+1","Defy Death"],"picked":"Iron Wave+1","floor":62},{"not_picked":["Clash+1","Iron Wave+1","Evolve","Sword Boomerang+1"],"picked":"Pommel Strike+1","floor":63},{"not_picked":["Impervious","Anger+1","Clothesline+1","Shrug It Off"],"picked":"Iron Wave+1","floor":64},{"not_picked":["MostiFishMod:NewArrival","Reaper+1","Juggernaut","Eclipse"],"picked":"Limit Break","floor":67},{"not_picked":["infinitespire:Starlight","ReplayTheSpireMod:Chaos Vortex"],"picked":"infinitespire:Fortify","floor":68},{"not_picked":["ReplayTheSpireMod:Strike From Hell+1","True Grit","Iron Wave+1","Metallicize","Clash+1"],"picked":"SKIP","floor":69},{"not_picked":["Double Tap","Flex","Sword Boomerang+1","ReplayTheSpireMod:Strike From Hell+1"],"picked":"Cleave+1","floor":72},{"not_picked":["Clothesline+1","Flex","Clash+1","Sword Boomerang+1","Wild Strike+1"],"picked":"SKIP","floor":73},{"not_picked":["Clothesline+1","Feel No Pain","Wild Strike+1","Headbutt+1"],"picked":"Replay:Undeath\u0027s Touch+1","floor":74},{"not_picked":["Armaments","Headbutt+1","ReplayReversal","Feel No Pain"],"picked":"Run Through+1","floor":76},{"not_picked":["Abandon+1","Demonic Infusion","Clash+1","True Grit"],"picked":"Thunderclap+1","floor":79},{"not_picked":["Ghostly Armor","Shockwave+1","Warcry","Hemokinesis+1","Flame Barrier"],"picked":"SKIP","floor":80},{"not_picked":["Replay:Many Hands","Brutality","Demonic Infusion","MostiFishMod:404NotFound+1"],"picked":"MostiFishMod:RainCloud+1","floor":84},{"not_picked":["Headbutt+1","Anger+1","Body Slam+1","MostiFishMod:BrandingRite","Sever Soul+1"],"picked":"SKIP","floor":86},{"not_picked":["ICR:Frenzy+1","Infernal Blade","Cleave+1","MostiFishMod:#F4004+1"],"picked":"Twin Strike+1","floor":87},{"not_picked":["Heavy Blade+1","Shrug It Off","Flame Barrier","Warcry"],"picked":"Inflame","floor":88},{"not_picked":["Havoc","MostiFishMod:WingOfPhoenix","Reckless Charge+1","Shrug It Off","MostiFishMod:BrandingRite"],"picked":"SKIP","floor":89},{"not_picked":["Headbutt+1","ICR:PowerAttack+1","Disarm+1","ReplayTheSpireMod:Stacked"],"picked":"Twin Strike+1","floor":90},{"not_picked":["MostiFishMod:404NotFound+1","Fire Breathing+1","Havoc","Iron Wave+1","Clothesline+1"],"picked":"SKIP","floor":91},{"not_picked":["ICR:PowerAttack+1","Defy Death","Barricade","Carnage+1"],"picked":"ReplayTheSpireMod:Muscle Training+1","floor":93},{"not_picked":["Flex","Cleave+1","Searing Blow+1","ReplayTheSpireMod:Strike From Hell+1","True Grit+1"],"picked":"SKIP","floor":95},{"not_picked":["Flex","Cleave+1","Searing Blow+1","ReplayTheSpireMod:Strike From Hell+1","True Grit+1"],"picked":"SKIP","floor":95},{"not_picked":["Wild Strike+1","ReplayTheSpireMod:Strike From Hell+1","Armaments+1","Shrug It Off"],"picked":"ReplayTheSpireMod:Muscle Training+1","floor":96},{"not_picked":["Brutality","Hemogenesis+1","Berserk","MostiFishMod:Chiaki"],"picked":"MostiFishMod:RacingGame","floor":101},{"not_picked":["ReplayTheSpireMod:Strike From Hell+1","Infernal Blade","Clothesline+1","Life Link","Inflame"],"picked":"SKIP","floor":103},{"not_picked":["MostiFishMod:FlyOverUtopia","Inflame","Pummel+1","Wild Strike+1"],"picked":"Twin Strike+1","floor":104},{"not_picked":["ReplayTheSpireMod:??????????????????????","infinitespire:Execution"],"picked":"infinitespire:Starlight","floor":107},{"not_picked":["Fire Breathing","MostiFishMod:#F4004","Perfected Strike+1","Run Through+1","Reckless Charge+1"],"picked":"SKIP","floor":109},{"not_picked":["ICR:Frenzy+1","Ghostly Armor","Heavy Blade+1","Replay:Undeath\u0027s Touch+1"],"picked":"ReplayTheSpireMod:LeadingStrike+1","floor":110},{"not_picked":["Rage","Sword Boomerang+1","ReplayTheSpireMod:Strike From Hell+1","Perfected Strike+1","Clothesline+1"],"picked":"SKIP","floor":112},{"not_picked":["Perfected Strike+1","Body Slam+1","Sword Boomerang+1","Flex"],"picked":"Twin Strike+1","floor":113},{"not_picked":["Whirlwind+1","ReplayTheSpireMod:Strike From Hell+1","Reckless Charge+1","Dark Embrace"],"picked":"MostiFishMod:KnuckleDown","floor":114},{"not_picked":["Feel No Pain","Armaments","True Grit+1","Clash+1","Clothesline+1"],"picked":"SKIP","floor":120},{"not_picked":["Dual Wield+1","ReplayTheSpireMod:Muscle Training","Metallicize","Anger+1","ICR:Frenzy+1"],"picked":"SKIP","floor":121},{"not_picked":["Uppercut+1","Perfected Strike+1","Blood for Blood+1","Abandon","True Grit+1"],"picked":"SKIP","floor":125},{"not_picked":["Thunderclap+1","Wild Strike+1","Second Wind","Abandon"],"picked":"Cleave+1","floor":126}],"player_experience":186412,"relics_obtained":[{"floor":1,"key":"SynthV:TestCard"},{"floor":1,"key":"LetterFromLob"},{"floor":6,"key":"reliquary:PorcupineQuills"},{"floor":9,"key":"Paper Frog"},{"floor":11,"key":"Simple Rune"},{"floor":14,"key":"Pen Nib"},{"floor":19,"key":"Red Mask"},{"floor":23,"key":"Bag of Marbles"},{"floor":26,"key":"Orichalcum"},{"floor":27,"key":"ThornShield"},{"floor":30,"key":"infinitespire:Broken Mirror"},{"floor":40,"key":"Tiny Chest"},{"floor":42,"key":"champ:DeflectingBracers"},{"floor":43,"key":"King of Hearts"},{"floor":47,"key":"Calipers"},{"floor":58,"key":"Nunchaku"},{"floor":60,"key":"reliquary:PurpleTingedLeaf"},{"floor":62,"key":"Ginger"},{"floor":70,"key":"Replay:Accelerometer"},{"floor":74,"key":"champ:DuelingGlove"},{"floor":76,"key":"reliquary:WeakTea"},{"floor":77,"key":"infinitespire:Eraser"},{"floor":79,"key":"Unceasing Top"},{"floor":91,"key":"Darkstone Periapt"},{"floor":92,"key":"Du-Vu Doll"},{"floor":93,"key":"Ornamental Fan"},{"floor":94,"key":"Centennial Puzzle"},{"floor":95,"key":"Juzu Bracelet"},{"floor":106,"key":"infinitespire:WardingShard"},{"floor":109,"key":"Dream Catcher"},{"floor":111,"key":"Slimebound:PreparedRelic"},{"floor":114,"key":"infinitespire:Midas Blood"},{"floor":123,"key":"reliquary:SculptingSteel"},{"floor":125,"key":"Oddly Smooth Stone"}],"event_choices":[{"damage_healed":0,"gold_gain":0,"player_choice":"Fought Bandits","damage_taken":0,"max_hp_gain":0,"max_hp_loss":0,"event_name":"Masked Bandits","floor":19,"gold_loss":0},{"damage_healed":0,"gold_gain":0,"player_choice":"Bet on Murderer","damage_taken":0,"max_hp_gain":0,"max_hp_loss":0,"event_name":"The Joust","floor":24,"gold_loss":50},{"cards_removed":["Inflame"],"damage_healed":0,"gold_gain":0,"player_choice":"Removed Power","damage_taken":0,"max_hp_gain":0,"max_hp_loss":0,"event_name":"Falling","floor":46,"gold_loss":0},{"damage_healed":0,"gold_gain":0,"player_choice":"Gave Potion","damage_taken":0,"relics_obtained":["reliquary:Knoch"],"max_hp_gain":0,"max_hp_loss":0,"event_name":"WeMeetAgain","floor":53,"gold_loss":0},{"damage_healed":0,"gold_gain":0,"player_choice":"Ignored","damage_taken":0,"max_hp_gain":0,"max_hp_loss":0,"event_name":"N\u0027loth","floor":71,"gold_loss":0},{"damage_healed":0,"gold_gain":0,"player_choice":"Ignored","damage_taken":0,"max_hp_gain":0,"max_hp_loss":0,"event_name":"Vampires","floor":82,"gold_loss":0},{"cards_removed":["Spot Weakness"],"damage_healed":0,"gold_gain":0,"player_choice":"Removed Skill","damage_taken":0,"max_hp_gain":0,"max_hp_loss":0,"event_name":"Falling","floor":98,"gold_loss":0},{"damage_healed":0,"gold_gain":0,"player_choice":"Forge","damage_taken":0,"max_hp_gain":0,"max_hp_loss":0,"event_name":"Accursed Blacksmith","floor":105,"gold_loss":0,"cards_upgraded":["MostiFishMod:RacingGame"]},{"damage_healed":0,"gold_gain":0,"player_choice":"Inject Mutagens","damage_taken":0,"relics_obtained":["MutagenicStrength"],"max_hp_gain":0,"max_hp_loss":0,"event_name":"Drug Dealer","floor":122,"gold_loss":0},{"damage_healed":0,"gold_gain":0,"player_choice":"Read","damage_taken":0,"max_hp_gain":0,"max_hp_loss":0,"event_name":"The Library","floor":124,"gold_loss":0,"cards_obtained":["Twin Strike"]}],"is_beta":false,"boss_relics":[{"not_picked":["SacredBark","MoonlightInvasionPlan"],"picked":"GreenFoldingFan"},{"not_picked":["Sozu","Fusion Hammer"],"picked":"ExusiaiGun"},{"not_picked":["Empty Cage","PatriotShield"],"picked":"reliquary:KinkedSpring"},{"not_picked":["RhineSuit","Astrolabe"],"picked":"ChewingGum"},{"not_picked":["Ring of Chaos","reliquary:Ember"],"picked":"reliquary:RedPaperclip"},{"not_picked":["Coffee Dripper","Kintsugi"],"picked":"RhineFirstAidKit"},{"not_picked":["Kintsugi","Replay:Wanted Poster","Replay:Ancient Bell"]}],"items_purged_floors":[39],"is_endless":true,"potions_floor_spawned":[2,3,7,10,11,14,19,27,33,35,36,40,47,48,58,64,67,69,73,74,76,86,90,91,93,101,112,114,118,121],"killed_by":"Nightmare_Alpha","ascension_level":3}}