{"host":"6xsbn6ynqlzwllfm","time":1612893945,"event":{"mods":["2.2 Compatiblity","BaseMod","Bestiary","Colored Map","Colored Powertips","Curses Come First","Highlight Path","Keyboard Shortcuts","Minty Spire (QoL Compilation)","Relic Stats","Slay the Relics Exporter","StSLib","SuperFastMode"],"gold_per_floor":[116,130,130,144,144,176,203,203,248,266,293,303,338,364,364,437,437,450,481,28,40,40,75,88,88,88,88,88,88],"floor_reached":28,"language":"ENG","playtime":1640,"items_purged":[],"score":562,"play_id":"0cbe6452-5ddf-4884-bee9-fbcd4ee4bb09","local_time":"20210209130545","is_ascension_mode":true,"campfire_choices":[{"floor":8.0,"key":"REST"},{"data":"EmptyFist","floor":15,"key":"SMITH"},{"data":"Prostrate","floor":25,"key":"SMITH"}],"circlet_count":0,"master_deck":["AscendersBane","Strike_P","Strike_P","Strike_P","Strike_P","Defend_P","Defend_P","Defend_P","Eruption","Vigilance","SashWhip","DeceiveReality","EmptyFist+1","BowlingBash","ReachHeaven","SpiritShield","FlurryOfBlows","CutThroughFate","Prostrate+1","Vault","Consecrate+1","Worship+1","Vault","Adaptation","ClearTheMind+1"],"relics":["PureWater","Tiny Chest","Strawberry","Odd Mushroom","Bag of Preparation","Molten Egg 2","Nunchaku","Cursed Key","Red Mask","Shuriken","DollysMirror","Nloth\u0027s Gift","Yang"],"acts_visited":["Exordium","TheCity"],"potions_floor_usage":[13,16,28],"damage_taken":[{"damage":0.0,"enemies":"2 Louse","floor":1.0,"turns":4.0},{"damage":1.0,"enemies":"Small Slimes","floor":2.0,"turns":4.0},{"damage":0.0,"enemies":"Cultist","floor":4.0,"turns":3.0},{"damage":47.0,"enemies":"Lagavulin","floor":6.0,"turns":10.0},{"damage":13.0,"enemies":"The Mushroom Lair","floor":7.0,"turns":5.0},{"damage":0.0,"enemies":"Large Slime","floor":10.0,"turns":4.0},{"damage":10,"enemies":"Gremlin Nob","floor":11,"turns":3},{"damage":2,"enemies":"2 Fungi Beasts","floor":12,"turns":3},{"damage":2,"enemies":"3 Sentries","floor":13,"turns":3},{"damage":70,"enemies":"The Guardian","floor":16,"turns":9},{"damage":9,"enemies":"Shell Parasite","floor":18,"turns":3},{"damage":0,"enemies":"Masked Bandits","floor":19,"turns":3},{"damage":0,"enemies":"Chosen","floor":21,"turns":2},{"damage":0,"enemies":"Gremlin Leader","floor":23,"turns":3},{"damage":0,"enemies":"3 Cultists","floor":24,"turns":5},{"damage":57,"enemies":"Book of Stabbing","floor":28,"turns":7}],"seed_played":"-368111834968128510","potions_obtained":[{"floor":2.0,"key":"Fire Potion"},{"floor":6.0,"key":"FairyPotion"},{"floor":12,"key":"AttackPotion"},{"floor":13,"key":"PowerPotion"},{"floor":19,"key":"Energy Potion"},{"floor":21,"key":"EssenceOfSteel"},{"floor":23,"key":"Fire Potion"}],"is_trial":false,"path_per_floor":["M","M","?","M","?","E","?","R","T","M","E","M","E","T","R","B",null,"M","?","$","M","?","E","M","R","T","T","E"],"character_chosen":"WATCHER","items_purchased":["Shuriken","DollysMirror"],"campfire_rested":1,"item_purchase_floors":[20,20],"current_hp_per_floor":[61,60,53,53,53,13,22,44,44,44,34,32,30,30,30,13,60,51,51,51,51,51,51,51,51,51,51,0,0],"gold":88,"neow_bonus":"RANDOM_COMMON_RELIC","is_daily":false,"chose_seed":false,"campfire_upgraded":2,"win_rate":0.0,"timestamp":1612893945,"path_taken":["M","M","?","M","?","E","?","R","T","M","E","M","E","?","R","BOSS","M","?","$","M","?","E","?","R","T","?","E"],"items_purchased_type":["Relic","Relic"],"build_version":"2020-12-22","purchased_purges":0,"victory":false,"max_hp_per_floor":[68,68,68,68,68,75,75,75,75,75,75,75,75,75,75,75,75,75,75,75,75,75,75,75,75,75,75,75,75],"relic_stats":{"Nunchaku":[8],"counters":[16,71],"Shuriken":[9],"Tiny Chest":2,"Yang":[28],"Bag of Preparation":[22],"Nloth\u0027s Gift":0,"Cursed Key":0,"obtain_stats":[{"Yang":23,"Bag of Preparation":9,"Odd Mushroom":7,"Cursed Key":17,"Lizard Tail":11,"Nunchaku":14,"Shuriken":20,"DollysMirror":20,"Strawberry":6,"Tiny Chest":0,"Molten Egg 2":13,"Red Mask":19,"Nloth\u0027s Gift":22,"PureWater":0},{"Yang":14,"Bag of Preparation":5,"Odd Mushroom":5,"Cursed Key":10,"Lizard Tail":7,"Nunchaku":9,"Shuriken":12,"DollysMirror":12,"Strawberry":4,"Tiny Chest":0,"Molten Egg 2":9,"Red Mask":12,"Nloth\u0027s Gift":13,"PureWater":0},{"Yang":59,"Bag of Preparation":26,"Odd Mushroom":26,"Cursed Key":48,"Lizard Tail":33,"Nunchaku":39,"Shuriken":54,"DollysMirror":54,"Strawberry":21,"Tiny Chest":0,"Molten Egg 2":39,"Red Mask":54,"Nloth\u0027s Gift":56,"PureWater":0}]},"card_choices":[{"not_picked":["Pray","PathToVictory"],"picked":"SashWhip","floor":1.0},{"not_picked":["Halt","Study"],"picked":"DeceiveReality","floor":2.0},{"not_picked":["Wireheading","Protect"],"picked":"EmptyFist","floor":4.0},{"not_picked":["EmptyBody","Prostrate"],"picked":"BowlingBash","floor":6.0},{"not_picked":["Pray","Collect"],"picked":"ReachHeaven","floor":7.0},{"not_picked":["InnerPeace","BowlingBash"],"picked":"SpiritShield","floor":10.0},{"not_picked":["Study","Ragnarok"],"picked":"FlurryOfBlows","floor":11},{"not_picked":["FlyingSleeves","SashWhip"],"picked":"CutThroughFate","floor":12},{"not_picked":["PathToVictory","WreathOfFlame"],"picked":"Prostrate","floor":13},{"not_picked":["SpiritShield","Wish"],"picked":"Vault","floor":16},{"not_picked":["Study","Evaluate+1"],"picked":"Consecrate+1","floor":18},{"not_picked":["FlyingSleeves+1","SignatureMove+1"],"picked":"Worship+1","floor":19},{"not_picked":["Evaluate","SashWhip+1","EmptyFist+1"],"picked":"SKIP","floor":21},{"not_picked":["Protect+1","WreathOfFlame"],"picked":"Adaptation","floor":23},{"not_picked":["Meditate","Indignation"],"picked":"ClearTheMind+1","floor":24}],"player_experience":1412580,"relics_obtained":[{"floor":6.0,"key":"Strawberry"},{"floor":7.0,"key":"Odd Mushroom"},{"floor":9.0,"key":"Bag of Preparation"},{"floor":11,"key":"Lizard Tail"},{"floor":13,"key":"Molten Egg 2"},{"floor":14,"key":"Nunchaku"},{"floor":19,"key":"Red Mask"},{"floor":23,"key":"Yang"}],"event_choices":[{"cards_removed":["Defend_P"],"damage_healed":0.0,"max_hp_gain":0.0,"max_hp_loss":0.0,"gold_gain":0.0,"event_name":"Golden Wing","player_choice":"Card Removal","floor":3.0,"gold_loss":0.0,"damage_taken":7.0},{"damage_healed":0.0,"max_hp_gain":0.0,"max_hp_loss":0.0,"gold_gain":0.0,"event_name":"Liars Game","player_choice":"Ignored","floor":5.0,"gold_loss":0.0,"damage_taken":0.0},{"damage_healed":0.0,"max_hp_gain":0.0,"max_hp_loss":0.0,"gold_gain":0.0,"event_name":"Mushrooms","player_choice":"Fought Mushrooms","floor":7.0,"gold_loss":0.0,"damage_taken":0.0},{"damage_healed":0,"gold_gain":0,"player_choice":"Fought Bandits","damage_taken":0,"max_hp_gain":0,"max_hp_loss":0,"event_name":"Masked Bandits","floor":19,"gold_loss":0},{"damage_healed":0,"gold_gain":0,"player_choice":"Traded Relic","damage_taken":0,"relics_obtained":["Nloth\u0027s Gift"],"max_hp_gain":0,"max_hp_loss":0,"event_name":"N\u0027loth","floor":22,"relics_lost":["Lizard Tail"],"gold_loss":0}],"is_beta":false,"boss_relics":[{"not_picked":["Runic Dome","Empty Cage"],"picked":"Cursed Key"}],"items_purged_floors":[],"is_endless":false,"potions_floor_spawned":[2,6,12,13,19,21,23],"killed_by":"Book of Stabbing","ascension_level":20}}