{"host":"94llj6gteolxpmtb","time":1612839238,"event":{"mods":["BaseMod","Better Match","Better Note","BetterRewards","Colored Powertips","Googly Eyes","Minty Spire (QoL Compilation)","Quick Restart","StSLib"],"gold_per_floor":[115,290,310,327,327,327,341,341,341,354,367,139,170,200,200,295,295,295,295],"floor_reached":18,"language":"ENG","playtime":799,"items_purged":["Doubt"],"score":162,"play_id":"2f8779cc-8947-4851-af07-aef06020aafb","local_time":"20210208195357","is_ascension_mode":false,"campfire_choices":[{"data":"Gash","floor":6,"key":"SMITH"},{"floor":15,"key":"REST"}],"circlet_count":0,"master_deck":["Strike_B","Strike_B","Strike_B","Strike_B","Defend_B","Defend_B","Defend_B","Defend_B","Zap","Dualcast","Go for the Eyes","Gash+1","Conserve Battery","Sunder","Go for the Eyes","Static Discharge+1","Loop+1","Beam Cell","Go for the Eyes","Electrodynamics+1"],"relics":["Cracked Core","Vajra","Frozen Egg 2","Mercury Hourglass","Bronze Scales","Ancient Tea Set","Gremlin Horn","Inserter"],"acts_visited":["Exordium","TheCity"],"potions_floor_usage":[13,13,13],"damage_taken":[{"damage":6,"enemies":"Jaw Worm","floor":1,"turns":3},{"damage":0,"enemies":"Small Slimes","floor":3,"turns":3},{"damage":0,"enemies":"Cultist","floor":4,"turns":3},{"damage":18,"enemies":"Exordium Thugs","floor":7,"turns":5},{"damage":2,"enemies":"Large Slime","floor":10,"turns":5},{"damage":0,"enemies":"2 Fungi Beasts","floor":11,"turns":2},{"damage":4,"enemies":"Gremlin Nob","floor":13,"turns":3},{"damage":28,"enemies":"The Guardian","floor":16,"turns":8},{"damage":0,"enemies":"Spheric Guardian","floor":18,"turns":2}],"seed_played":"4069803082370033048","potions_obtained":[{"floor":1,"key":"Ancient Potion"},{"floor":4,"key":"AttackPotion"},{"floor":7,"key":"BlessingOfTheForge"},{"floor":10,"key":"GamblersBrew"}],"is_trial":false,"path_per_floor":["M","?","M","M","?","R","M","T","T","M","M","$","E","?","R","B",null,"M"],"character_chosen":"DEFECT","items_purchased":["Loop+1","Beam Cell","Go for the Eyes"],"campfire_rested":1,"item_purchase_floors":[12,12,12],"current_hp_per_floor":[69,69,69,69,69,69,51,51,51,49,49,49,45,45,67,39,75,75,75],"gold":295,"neow_bonus":"RANDOM_COMMON_RELIC","is_daily":false,"chose_seed":false,"campfire_upgraded":1,"win_rate":0.0,"timestamp":1612839237,"path_taken":["M","?","M","M","?","R","?","?","T","M","M","$","E","?","R","BOSS","M"],"items_purchased_type":["Card","Card","Card"],"build_version":"2020-12-22","purchased_purges":1,"victory":false,"max_hp_per_floor":[75,75,75,75,75,75,75,75,75,75,75,75,75,75,75,75,75,75,75],"card_choices":[{"not_picked":["Auto Shields","Defragment"],"picked":"Go for the Eyes","floor":1},{"not_picked":["Loop","BootSequence"],"picked":"Gash","floor":3},{"not_picked":["Tempest","Auto Shields"],"picked":"Conserve Battery","floor":4},{"not_picked":["Stack","Double Energy"],"picked":"Sunder","floor":7},{"not_picked":["Auto Shields","Steam"],"picked":"Go for the Eyes","floor":10},{"not_picked":["Sweeping Beam","Hologram"],"picked":"Static Discharge+1","floor":11},{"not_picked":["Melter","Force Field","Genetic Algorithm"],"picked":"SKIP","floor":13},{"not_picked":["Fission","Meteor Strike"],"picked":"Electrodynamics+1","floor":16}],"player_experience":57460,"relics_obtained":[{"floor":8,"key":"Mercury Hourglass"},{"floor":9,"key":"Bronze Scales"},{"floor":13,"key":"Ancient Tea Set"}],"event_choices":[{"damage_healed":0,"gold_gain":175,"player_choice":"AGREE","damage_taken":0,"max_hp_gain":0,"max_hp_loss":0,"event_name":"Liars Game","floor":2,"gold_loss":0,"cards_obtained":["Doubt"]},{"damage_healed":0,"gold_gain":0,"player_choice":"Gave Potion","damage_taken":0,"relics_obtained":["Frozen Egg 2"],"max_hp_gain":0,"max_hp_loss":0,"event_name":"WeMeetAgain","floor":5,"gold_loss":0},{"damage_healed":0,"gold_gain":30,"player_choice":"Searched \u00272\u0027 times","damage_taken":0,"relics_obtained":["Gremlin Horn"],"max_hp_gain":0,"max_hp_loss":0,"event_name":"Dead Adventurer","floor":14,"gold_loss":0}],"is_beta":false,"boss_relics":[{"not_picked":["Busted Crown","Runic Dome"],"picked":"Inserter"}],"items_purged_floors":[12],"is_endless":false,"potions_floor_spawned":[1,4,7,10],"killed_by":"Spheric Guardian","ascension_level":0}}