{"host":"c44ey07ufggfw2m8","time":1612883386,"event":{"mods":["2.2 Compatiblity","BaseMod","Colored Map","DeckTracker","Highlight Path","Keyboard Shortcuts","Minty Spire (QoL Compilation)","Permanent Neow","Quick Restart","StSLib","SuperFastMode","UnlockEverythingMod"],"gold_per_floor":[112,62,82,99,99,125,125,154,232,232,246,264,264,280,280,375,375,392,410,267,279,279,306,306,322,371,371,387,387,387,406,406,523,535,564,592,426,440,440,440,490,490,553,553,572,592,592,39,39,39],"floor_reached":51,"language":"KOR","playtime":1706,"items_purged":["Strike_P","Writhe","Normality"],"score":924,"play_id":"6149e09a-0da2-49a3-b4e4-dc6a105ca18a","local_time":"20210210000946","is_ascension_mode":true,"campfire_choices":[{"data":"Eruption","floor":7.0,"key":"SMITH"},{"data":"ConjureBlade","floor":10.0,"key":"SMITH"},{"floor":15.0,"key":"REST"},{"floor":24.0,"key":"DIG"},{"floor":27.0,"key":"DIG"},{"floor":30.0,"key":"DIG"},{"floor":32.0,"key":"DIG"},{"floor":40,"key":"DIG"},{"floor":42,"key":"DIG"},{"floor":47,"key":"DIG"},{"floor":49,"key":"DIG"}],"circlet_count":0,"master_deck":["Defend_P","Defend_P","Eruption+1","Vigilance","ThirdEye","ConjureBlade+1","BowlingBash","EmptyFist+1","Tantrum","Adaptation+1","Halt","Vault","Sanctity+1","WreathOfFlame","InnerPeace","Doubt","LessonLearned","Vault","ClearTheMind+1","TalkToTheHand","MentalFortress+1","Omniscience","Purity"],"relics":["HolyWater","Shovel","MealTicket","Sundial","Cursed Key","Bronze Scales","Happy Flower","Centennial Puzzle","Pear","Lantern","Tiny Chest","MawBank","Gremlin Horn","Calipers","CeramicFish","Dream Catcher","Bird Faced Urn","Strawberry","Ornamental Fan"],"acts_visited":["Exordium","TheCity","TheBeyond"],"potions_floor_usage":[46,50,50],"damage_taken":[{"damage":1.0,"enemies":"2 Louse","floor":1.0,"turns":6.0},{"damage":0.0,"enemies":"Cultist","floor":3.0,"turns":3.0},{"damage":2.0,"enemies":"Jaw Worm","floor":4.0,"turns":4.0},{"damage":10.0,"enemies":"Gremlin Nob","floor":6.0,"turns":3.0},{"damage":10.0,"enemies":"3 Sentries","floor":8.0,"turns":4.0},{"damage":13.0,"enemies":"Blue Slaver","floor":11.0,"turns":2.0},{"damage":0.0,"enemies":"Large Slime","floor":12.0,"turns":2.0},{"damage":7.0,"enemies":"Looter","floor":14.0,"turns":4.0},{"damage":6.0,"enemies":"The Guardian","floor":16.0,"turns":6.0},{"damage":5.0,"enemies":"2 Thieves","floor":18.0,"turns":4.0},{"damage":0.0,"enemies":"Spheric Guardian","floor":19.0,"turns":2.0},{"damage":0.0,"enemies":"Snecko","floor":21.0,"turns":3.0},{"damage":12.0,"enemies":"Slavers","floor":23.0,"turns":5.0},{"damage":0.0,"enemies":"Cultist and Chosen","floor":25.0,"turns":5.0},{"damage":9.0,"enemies":"Snake Plant","floor":28.0,"turns":3.0},{"damage":0.0,"enemies":"Centurion and Healer","floor":31.0,"turns":4.0},{"damage":17.0,"enemies":"Automaton","floor":33.0,"turns":7.0},{"damage":0.0,"enemies":"Orb Walker","floor":35.0,"turns":3.0},{"damage":0,"enemies":"3 Darklings","floor":36,"turns":5},{"damage":11,"enemies":"Sphere and 2 Shapes","floor":38,"turns":6},{"damage":0,"enemies":"Mind Bloom Boss Battle","floor":41,"turns":4},{"damage":3,"enemies":"Maw","floor":45,"turns":9},{"damage":6,"enemies":"Jaw Worm Horde","floor":46,"turns":6},{"damage":56,"enemies":"Awakened One","floor":50,"turns":8}],"seed_played":"6394704282134460918","potions_obtained":[{"floor":1.0,"key":"Fire Potion"},{"floor":8.0,"key":"Dexterity Potion"},{"floor":12.0,"key":"SkillPotion"},{"floor":13.0,"key":"LiquidMemories"},{"floor":14.0,"key":"Swift Potion"},{"floor":19.0,"key":"FearPotion"},{"floor":23.0,"key":"LiquidMemories"},{"floor":31.0,"key":"AttackPotion"},{"floor":41,"key":"Strength Potion"},{"floor":46,"key":"Weak Potion"}],"is_trial":false,"path_per_floor":["M","?","M","M","?","E","R","E","T","R","M","M","?","M","R","B",null,"M","M","$","M","?","E","R","M","T","R","M","?","R","M","R","B",null,"M","M","$","M","?","R","?","R","T","?","M","M","R","$","R","B",null],"character_chosen":"WATCHER","items_purchased":["Sanctity","TalkToTheHand","Strawberry","Omniscience","DuplicationPotion","Purity"],"campfire_rested":1,"item_purchase_floors":[20,37,48,48,48,48],"current_hp_per_floor":[46,46,46,44,44,34,34,24,24,24,11,11,11,4,25,19,59,54,54,69,69,69,57,57,57,57,67,58,58,58,58,58,41,72,72,72,82,71,71,71,71,71,71,71,68,62,62,84,84,33],"gold":39,"neow_bonus":"TRANSFORM_TWO_CARDS","is_daily":false,"chose_seed":false,"campfire_upgraded":2,"win_rate":0.0,"timestamp":1612883386,"path_taken":["M","?","M","M","?","E","R","E","T","R","M","?","?","?","R","BOSS","M","M","$","M","?","E","R","M","T","R","M","?","R","M","R","BOSS","M","M","$","M","?","R","?","R","T","?","M","M","R","$","R","BOSS"],"items_purchased_type":["Card","Card","Relic","Card","Potion","Card"],"build_version":"2020-12-22","purchased_purges":3,"victory":true,"max_hp_per_floor":[72,72,72,72,72,72,72,72,72,72,72,72,72,72,72,72,72,72,72,72,72,72,72,72,72,72,82,82,82,82,82,82,82,82,82,82,82,82,82,82,82,82,82,82,82,82,82,89,89,89],"card_choices":[{"not_picked":["DeceiveReality","ThirdEye","ClearTheMind"],"picked":"SKIP","floor":1.0},{"not_picked":["Prostrate","EmptyBody"],"picked":"BowlingBash","floor":3.0},{"not_picked":["BowlingBash","JustLucky","ClearTheMind"],"picked":"SKIP","floor":4.0},{"not_picked":["Prostrate","WindmillStrike"],"picked":"EmptyFist","floor":6.0},{"not_picked":["Indignation","Alpha"],"picked":"Tantrum","floor":8.0},{"not_picked":["FollowUp","SashWhip","Protect"],"picked":"SKIP","floor":11.0},{"not_picked":["PathToVictory","BowlingBash"],"picked":"Adaptation","floor":12.0},{"not_picked":["ClearTheMind","WindmillStrike"],"picked":"Halt","floor":14.0},{"not_picked":["MasterReality","Brilliance"],"picked":"Vault","floor":16.0},{"not_picked":["Halt+1","Crescendo","CarveReality"],"picked":"SKIP","floor":18.0},{"not_picked":["FlyingSleeves","Halt","Weave"],"picked":"SKIP","floor":19.0},{"not_picked":["Prostrate","Weave","CrushJoints"],"picked":"SKIP","floor":21.0},{"not_picked":["EmptyBody","FlyingSleeves","LikeWater+1"],"picked":"SKIP","floor":23.0},{"not_picked":["Consecrate","Crescendo","WreathOfFlame"],"picked":"SKIP","floor":25.0},{"not_picked":["EmptyBody","WindmillStrike","PathToVictory"],"picked":"SKIP","floor":28.0},{"not_picked":["Protect","Pray"],"picked":"LessonLearned","floor":31.0},{"not_picked":["SpiritShield","Ragnarok"],"picked":"Vault","floor":33.0},{"not_picked":["Prostrate","FlyingSleeves","PathToVictory+1"],"picked":"SKIP","floor":35.0},{"not_picked":["CutThroughFate","EmptyFist"],"picked":"ClearTheMind+1","floor":36},{"not_picked":["Crescendo","JustLucky","ThirdEye+1"],"picked":"SKIP","floor":38},{"not_picked":["Protect+1","EmptyFist+1"],"picked":"MentalFortress+1","floor":45},{"not_picked":["Prostrate+1","Worship","Meditate"],"picked":"SKIP","floor":46}],"player_experience":123150,"relics_obtained":[{"floor":6.0,"key":"Shovel"},{"floor":8.0,"key":"MealTicket"},{"floor":9.0,"key":"Sundial"},{"floor":23.0,"key":"Bronze Scales"},{"floor":24.0,"key":"Happy Flower"},{"floor":26.0,"key":"Centennial Puzzle"},{"floor":27.0,"key":"Pear"},{"floor":30.0,"key":"Tiny Chest"},{"floor":32.0,"key":"MawBank"},{"floor":40,"key":"Gremlin Horn"},{"floor":41,"key":"Calipers"},{"floor":42,"key":"CeramicFish"},{"floor":43,"key":"Dream Catcher"},{"floor":47,"key":"Bird Faced Urn"},{"floor":49,"key":"Ornamental Fan"}],"event_choices":[{"cards_removed":["Strike_P"],"damage_healed":0.0,"max_hp_gain":0.0,"max_hp_loss":0.0,"gold_gain":0.0,"event_name":"The Cleric","player_choice":"Card Removal","floor":2.0,"gold_loss":50.0,"damage_taken":0.0},{"damage_healed":0.0,"max_hp_gain":0.0,"max_hp_loss":0.0,"gold_gain":0.0,"event_name":"NoteForYourself","player_choice":"Ignored","floor":5.0,"gold_loss":0.0,"damage_taken":0.0},{"damage_healed":0.0,"max_hp_gain":0.0,"max_hp_loss":0.0,"gold_gain":0.0,"event_name":"Lab","player_choice":"Got Potions","floor":13.0,"gold_loss":0.0,"damage_taken":0.0},{"damage_healed":0.0,"max_hp_gain":0.0,"max_hp_loss":0.0,"gold_gain":0.0,"cards_transformed":["Strike_P","Defend_P"],"event_name":"Drug Dealer","player_choice":"Became Test Subject","floor":22.0,"gold_loss":0.0,"damage_taken":0.0,"cards_obtained":["WreathOfFlame","InnerPeace"]},{"damage_healed":0.0,"max_hp_gain":0.0,"max_hp_loss":0.0,"gold_gain":0.0,"event_name":"The Mausoleum","player_choice":"Opened","floor":29.0,"gold_loss":0.0,"damage_taken":0.0,"relics_obtained":["Lantern"],"cards_obtained":["Writhe"]},{"damage_healed":0,"gold_gain":0,"player_choice":"Ignored","damage_taken":0,"max_hp_gain":0,"max_hp_loss":0,"event_name":"Tomb of Lord Red Mask","floor":39,"gold_loss":0},{"damage_healed":0,"gold_gain":0,"player_choice":"Fight","damage_taken":0,"max_hp_gain":0,"max_hp_loss":0,"event_name":"MindBloom","floor":41,"gold_loss":0},{"damage_healed":0,"gold_gain":0,"player_choice":"Bought 0 Potions","damage_taken":0,"max_hp_gain":0,"max_hp_loss":0,"event_name":"The Woman in Blue","floor":44,"gold_loss":0}],"is_beta":false,"boss_relics":[{"not_picked":["Black Star","Ectoplasm"],"picked":"Cursed Key"},{"not_picked":["SlaversCollar","Fusion Hammer"],"picked":"HolyWater"}],"items_purged_floors":[20,37,48],"is_endless":false,"potions_floor_spawned":[1,8,12,14,16,19,23,31,41,45,46],"ascension_level":7}}