{"host":"vyjryxuuuxkt43k4","time":1612831401,"event":{"mods":["AchievementEnabler","BaseMod","Colored Map","DeckTracker","Keyboard Shortcuts","Minty Spire (QoL Compilation)","Permanent Neow","Quick Restart","StSLib","SuperFastMode","everything is the same but u backflip on backflip"],"gold_per_floor":[362,378,8,8,34,67,67,86,86,101,101,114,134,145,145,219,219,239,239,252,122,122,122,140,140,140,140,153,153,153],"floor_reached":29,"language":"KOR","playtime":1018,"items_purged":["Strike_B"],"score":540,"play_id":"98a9fd05-332f-4895-be1b-3d67e5b5341c","local_time":"20210209094321","is_ascension_mode":true,"campfire_choices":[{"data":"Sunder","floor":7.0,"key":"SMITH"},{"floor":11.0,"key":"REST"},{"data":"Recycle","floor":15.0,"key":"SMITH"},{"data":"Dualcast","floor":23,"key":"SMITH"},{"data":"Zap","floor":25,"key":"SMITH"},{"data":"Turbo","floor":27,"key":"SMITH"}],"circlet_count":0,"master_deck":["AscendersBane","Strike_B","Strike_B","Strike_B","Defend_B","Defend_B","Defend_B","Defend_B","Zap+1","Dualcast+1","Lockon","Sunder+1","Biased Cognition","Ball Lightning","Skim","Turbo+1","Recycle+1","Defragment+1","All For One","Beam Cell","Hologram","Go for the Eyes+1","Compile Driver"],"relics":["Cracked Core","Torii","Bag of Preparation","Question Card","Dead Branch","SlaversCollar","Strawberry"],"acts_visited":["Exordium","TheCity"],"potions_floor_usage":[],"damage_taken":[{"damage":7.0,"enemies":"Cultist","floor":1.0,"turns":4.0},{"damage":9.0,"enemies":"Jaw Worm","floor":2.0,"turns":4.0},{"damage":27.0,"enemies":"Gremlin Nob","floor":6.0,"turns":4.0},{"damage":13.0,"enemies":"Small Slimes","floor":8.0,"turns":2.0},{"damage":7.0,"enemies":"Exordium Thugs","floor":10.0,"turns":3.0},{"damage":1.0,"enemies":"Blue Slaver","floor":12.0,"turns":2.0},{"damage":8.0,"enemies":"Exordium Wildlife","floor":13.0,"turns":3.0},{"damage":1.0,"enemies":"3 Louse","floor":14.0,"turns":2.0},{"damage":0,"enemies":"Slime Boss","floor":16,"turns":5},{"damage":0,"enemies":"Chosen","floor":18,"turns":2},{"damage":11,"enemies":"3 Byrds","floor":20,"turns":4},{"damage":0,"enemies":"Snecko","floor":24,"turns":2},{"damage":32,"enemies":"Cultist and Chosen","floor":28,"turns":7},{"damage":16,"enemies":"Shelled Parasite and Fungi","floor":29,"turns":1}],"seed_played":"-2684839541608927269","potions_obtained":[{"floor":1.0,"key":"EssenceOfSteel"},{"floor":13.0,"key":"Energy Potion"},{"floor":14.0,"key":"Fruit Juice"},{"floor":28,"key":"Strength Potion"}],"is_trial":false,"path_per_floor":["M","M","$","?","T","E","R","M","T","M","R","M","M","M","R","B",null,"M","?","M","$","?","R","M","R","T","R","M","M"],"character_chosen":"DEFECT","items_purchased":["Torii","PowerPotion","Energy Potion"],"campfire_rested":1,"item_purchase_floors":[3,3,21],"current_hp_per_floor":[57,48,48,53,53,26,26,13,13,6,26,25,17,21,21,21,61,61,40,29,29,29,29,29,29,36,36,4,0,0],"gold":153,"neow_bonus":"TWO_FIFTY_GOLD","is_daily":false,"chose_seed":false,"campfire_upgraded":5,"win_rate":0.0,"timestamp":1612831401,"path_taken":["M","M","$","?","?","E","R","M","T","?","R","M","M","M","R","BOSS","M","?","M","$","?","R","M","R","T","R","M","?"],"items_purchased_type":["Relic","Potion","Potion"],"build_version":"2020-12-22","purchased_purges":1,"victory":false,"max_hp_per_floor":[64,64,64,69,69,69,69,69,69,69,69,69,69,74,74,74,74,74,79,79,79,79,79,79,79,86,86,86,86,86],"card_choices":[{"not_picked":["Heatsinks","Steam"],"picked":"Lockon","floor":1.0},{"not_picked":["Scrape","Beam Cell"],"picked":"Sunder","floor":2.0},{"not_picked":["Sweeping Beam","Coolheaded"],"picked":"Biased Cognition","floor":6.0},{"not_picked":["Streamline","Beam Cell","Gash"],"picked":"Ball Lightning","floor":8.0},{"not_picked":["Ball Lightning","Storm","Streamline"],"picked":"Skim","floor":10.0},{"not_picked":["Steam","Double Energy","Chill"],"picked":"Turbo","floor":12.0},{"not_picked":["Barrage","Doom and Gloom","Rip and Tear"],"picked":"Recycle","floor":13.0},{"not_picked":["Gash","Recycle","Leap"],"picked":"Defragment","floor":14.0},{"not_picked":["Creative AI","Buffer","Echo Form"],"picked":"All For One","floor":16},{"not_picked":["Leap","Hello World","Steam Power"],"picked":"Beam Cell","floor":18},{"not_picked":["Genetic Algorithm","Streamline+1","Defragment"],"picked":"Hologram","floor":20},{"not_picked":["Darkness","Leap","Chaos"],"picked":"Go for the Eyes+1","floor":24},{"not_picked":["Turbo","Recycle","Storm"],"picked":"Compile Driver","floor":28}],"player_experience":845155,"relics_obtained":[{"floor":5.0,"key":"Bag of Preparation"},{"floor":6.0,"key":"Question Card"},{"floor":9.0,"key":"Dead Branch"},{"floor":26,"key":"Strawberry"}],"event_choices":[{"damage_healed":0.0,"max_hp_gain":5.0,"max_hp_loss":0.0,"gold_gain":0.0,"event_name":"Big Fish","player_choice":"Donut","floor":4.0,"gold_loss":0.0,"damage_taken":0.0},{"damage_healed":0,"gold_gain":0,"player_choice":"Shed Blood","damage_taken":26,"max_hp_gain":5,"max_hp_loss":0,"event_name":"Forgotten Altar","floor":19,"gold_loss":0},{"damage_healed":0,"gold_gain":0,"player_choice":"Forge","damage_taken":0,"max_hp_gain":0,"max_hp_loss":0,"event_name":"Accursed Blacksmith","floor":22,"gold_loss":0,"cards_upgraded":["Defragment"]}],"is_beta":false,"boss_relics":[{"not_picked":["FrozenCore","Tiny House"],"picked":"SlaversCollar"}],"items_purged_floors":[21],"is_endless":false,"potions_floor_spawned":[1,13,14,28],"killed_by":"Shelled Parasite and Fungi","ascension_level":19}}