{"host":"08z5bj28eube4vug","time":1612914863,"event":{"mods":["100% Spire Juice","2.2 Compatiblity","Abigail Mod","Act Like it!","BaseMod","Beaked The Cultist","Bestiary","Friendly Minions","Gensokyo","GungeonMod","Hallownest","Kiyohime????","Koishi","Lobotomy","Marisa????????","Minty Spire (QoL Compilation)","Prisma Mod","Remilia??????","Replay The Spire","Spire Arcade","StSLib","Td1madao Mod","The Alterego","The Bug Knight","The Jungle","The Sage","The Senshi","The Servant 0.9.4","Waifu the Spire","WarShipGirlsR/????R mod","Yuri Mod"],"gold_per_floor":[115,115,126,136,153,153,173,173,197,167,10,20,55,19,19,114,114,126,126,126,23,23,23,58,58,58,76,107,117,6,6,6,109,109,121,94,113,83,83,83,45,62,62,62,72,6,41,41,41,41],"floor_reached":51,"language":"ENG","playtime":3039,"items_purged":["Hallucinations"],"score":841,"play_id":"1a324f67-03cb-4f2f-8c08-6326caad9c06","local_time":"20210210025423","is_ascension_mode":true,"campfire_choices":[{"data":"Moonworks:ReflectiveShell","floor":6,"key":"SMITH"},{"data":"Moonworks:Ambush","floor":8,"key":"SMITH"},{"data":"Moonworks:RagingMadness","floor":15,"key":"SMITH"},{"data":"Moonworks:TacticalRetreat","floor":23,"key":"SMITH"},{"data":"Moonworks:AngelHand","floor":25,"key":"SMITH"},{"data":"Moonworks:IndiscriminateFireSupport","floor":32,"key":"SMITH"},{"data":"Moonworks:CrystalBarrier","floor":40,"key":"SMITH"},{"data":"Moonworks:LulusLuckyEgg","floor":44,"key":"SMITH"},{"data":"Replay:Sssssssssshield","floor":49,"key":"SMITH"}],"circlet_count":0,"master_deck":["Moonworks:Strike","Moonworks:Strike","Moonworks:Strike","Moonworks:Strike+1","Moonworks:Defend","Moonworks:Defend","Moonworks:Defend","Moonworks:Defend","Moonworks:Ambush+1","Moonworks:LongDistanceShot+1","Moonworks:SakisCookie","Moonworks:LulusLuckyEgg+1","Moonworks:ReflectiveShell+1","Moonworks:NicePresent","Moonworks:NicePresent","Moonworks:ImOnFire","Moonworks:NicePresent","Moonworks:NicePresent+1","Moonworks:BigMagnum","Moonworks:RagingMadness+1","Moonworks:AngelHand+1","Moonworks:ForcedRevival","Moonworks:TacticalRetreat+1","Moonworks:NicePresent","Moonworks:SakisCookie","Moonworks:IndiscriminateFireSupport+1","Flash of Steel","Moonworks:CrystalBarrier+1","Moonworks:IndiscriminateFireSupport+1","Moonworks:DeployBits+1","Moonworks:x16BigRocket+1","Moonworks:NicePresent","Moonworks:LulusLuckyEgg","Replay:Sssssssssshield+1","Moonworks:SakisCookie+1"],"relics":["Moonworks:BrokenBomb","Moonworks:Homemark","Whetstone","Chameleon Ring","Coffee Dripper","alterego_mod:SomeoneToFightFor","HollowMod:PaleOreRelic","Question Card","The Courier","ReplayTheSpireMod:CursedCoin","Garlic","DemoMod:GlassGuonStoneRelic","Busted Crown","Eternal Feather","Lizard Tail"],"acts_visited":["Exordium","TheCity","TheBeyond"],"potions_floor_usage":[16,16,24,24,29,33,42,45,47,50],"damage_taken":[{"damage":15,"enemies":"Jaw Worm","floor":1,"turns":4},{"damage":0,"enemies":"Cultist","floor":3,"turns":5},{"damage":0,"enemies":"2 Louse","floor":4,"turns":2},{"damage":1,"enemies":"Exordium Thugs","floor":5,"turns":4},{"damage":2,"enemies":"Exordium Wildlife","floor":7,"turns":6},{"damage":0,"enemies":"2 Fungi Beasts","floor":12,"turns":3},{"damage":5,"enemies":"Lagavulin","floor":13,"turns":3},{"damage":18,"enemies":"Hexaghost","floor":16,"turns":6},{"damage":10,"enemies":"Chosen","floor":18,"turns":3},{"damage":5,"enemies":"Shell Parasite","floor":21,"turns":4},{"damage":0,"enemies":"Gremlin Leader","floor":24,"turns":4},{"damage":5,"enemies":"Chosen and Byrds","floor":27,"turns":4},{"damage":5,"enemies":"Book of Stabbing","floor":28,"turns":7},{"damage":0,"enemies":"Snake Plant","floor":29,"turns":3},{"damage":17,"enemies":"Automaton","floor":33,"turns":9},{"damage":0,"enemies":"Orb Walker","floor":35,"turns":3},{"damage":5,"enemies":"3 Darklings","floor":37,"turns":2},{"damage":5,"enemies":"Transient","floor":42,"turns":5},{"damage":0,"enemies":"Maw","floor":45,"turns":7},{"damage":5,"enemies":"Reptomancer","floor":47,"turns":4},{"damage":5,"enemies":"Replay:Hell Engine","floor":50,"turns":18}],"seed_played":"566389137377061849","potions_obtained":[{"floor":5,"key":"Energy Potion"},{"floor":10,"key":"FairyPotion"},{"floor":10,"key":"SneckoOil"},{"floor":13,"key":"Reflective Coating"},{"floor":16,"key":"Fruit Juice"},{"floor":21,"key":"Reflective Coating"},{"floor":24,"key":"PowerPotion"},{"floor":28,"key":"Adrenaline Potion"},{"floor":33,"key":"LiquidMemories"},{"floor":42,"key":"AttackPotion"},{"floor":45,"key":"AttackPotion"}],"is_trial":false,"path_per_floor":["M","?","M","M","M","R","M","R","T","?","$","M","E","$","R","B",null,"M","?","?","M","$","R","E","R","T","M","E","M","$","?","R","B",null,"M","$","M","?","$","R","$","M","T","R","M","$","E","?","R","B",null],"character_chosen":"THE_STARBREAKER","items_purchased":["Moonworks:NicePresent+1","Moonworks:RagingMadness","ReplayTheSpireMod:CursedCoin","Garlic","Moonworks:DeployBits+1","Adrenaline Potion","Replay:Sssssssssshield"],"campfire_rested":0,"item_purchase_floors":[11,14,30,30,36,41,46],"current_hp_per_floor":[45,45,45,45,46,46,44,44,44,44,44,44,41,41,41,30,58,50,50,50,50,50,50,55,55,55,64,66,67,67,67,67,60,65,67,67,67,67,67,67,67,67,67,67,67,67,67,67,67,62],"gold":41,"neow_bonus":"THREE_CARDS","is_daily":false,"chose_seed":false,"campfire_upgraded":9,"win_rate":0.0,"timestamp":1612914863,"path_taken":["M","?","M","?","M","R","M","R","T","?","$","M","E","?","R","BOSS","M","?","?","?","?","R","E","R","T","M","E","M","$","?","R","BOSS","M","?","M","?","$","R","$","?","T","R","M","$","E","?","R","BOSS"],"items_purchased_type":["Card","Card","Relic","Relic","Card","Potion","Card"],"build_version":"2020-12-22","purchased_purges":1,"victory":true,"max_hp_per_floor":[60,60,60,60,60,60,60,60,60,60,60,60,60,60,60,67,67,67,67,67,67,67,67,67,67,67,67,67,67,67,67,67,67,67,67,67,67,67,67,67,67,67,67,67,67,67,67,67,67,67],"card_choices":[{"not_picked":["Moonworks:TacticalRetreat","Moonworks:NicePresent"],"picked":"Moonworks:SakisCookie","floor":0},{"not_picked":["Moonworks:DeployBits","Moonworks:EvilSpyWorkPreparation"],"picked":"Moonworks:LulusLuckyEgg","floor":1},{"not_picked":["Moonworks:EvilSpyWorkPreparation","Moonworks:RagingMadness"],"picked":"Moonworks:NicePresent","floor":3},{"not_picked":["Moonworks:DeployBits","Moonworks:CloudOfSeagulls"],"picked":"Moonworks:NicePresent","floor":4},{"not_picked":["Moonworks:CloudOfSeagulls","Moonworks:LulusLuckyEgg"],"picked":"Moonworks:ImOnFire","floor":5},{"not_picked":["Moonworks:ImOnFire","Moonworks:EvilMastermind"],"picked":"Moonworks:NicePresent","floor":7},{"not_picked":["Moonworks:CloudOfSeagulls","Moonworks:EvilSpyWorkPreparation"],"picked":"Moonworks:BigMagnum","floor":12},{"not_picked":["Moonworks:EvilSpyWorkPreparation","Moonworks:NicePresent"],"picked":"Moonworks:BigMagnum","floor":13},{"not_picked":["Moonworks:DeployBits+1","Moonworks:ImOnFire"],"picked":"Moonworks:AngelHand","floor":18},{"not_picked":["Moonworks:FullSpeedAlicianrone","Moonworks:ImOnFire"],"picked":"Moonworks:TacticalRetreat","floor":21},{"not_picked":["Moonworks:LulusLuckyEgg","Moonworks:x16BigRocket"],"picked":"Moonworks:NicePresent","floor":24},{"not_picked":["Moonworks:BigMagnum","Moonworks:LulusLuckyEgg","Moonworks:WindyEnchantment"],"picked":"Moonworks:SakisCookie","floor":27},{"not_picked":["Moonworks:BigBangBell","Moonworks:JonathanRush","Moonworks:MiracleRedBeanIceCream"],"picked":"Moonworks:IndiscriminateFireSupport","floor":28},{"not_picked":["Moonworks:BeyondHell+1","Moonworks:BackdoorTrade","Moonworks:ReproductionOfRecords","Moonworks:IntelligenceOfficer+1"],"picked":"SKIP","floor":29},{"not_picked":["Moonworks:AccelHyper","Moonworks:Wanted","Moonworks:GoAway"],"picked":"Moonworks:CrystalBarrier","floor":33},{"not_picked":["Moonworks:WindyEnchantment"],"picked":"Moonworks:IndiscriminateFireSupport+1","floor":35},{"not_picked":["Moonworks:SweetBattle"],"picked":"Moonworks:x16BigRocket+1","floor":37},{"not_picked":[],"picked":"Moonworks:NicePresent","floor":38},{"not_picked":["Moonworks:IndiscriminateFireSupport+1"],"picked":"Moonworks:LulusLuckyEgg","floor":42},{"not_picked":["Moonworks:BindingChains","Moonworks:ImOnFire"],"picked":"SKIP","floor":45},{"not_picked":["Moonworks:JonathanRush"],"picked":"Moonworks:SakisCookie+1","floor":47}],"player_experience":906381,"relics_obtained":[{"floor":9,"key":"Whetstone"},{"floor":13,"key":"Chameleon Ring"},{"floor":24,"key":"HollowMod:PaleOreRelic"},{"floor":26,"key":"Question Card"},{"floor":28,"key":"The Courier"},{"floor":43,"key":"Eternal Feather"},{"floor":47,"key":"Lizard Tail"}],"event_choices":[{"damage_healed":0,"gold_gain":0,"player_choice":"1 cards matched","damage_taken":0,"max_hp_gain":0,"max_hp_loss":0,"event_name":"Match and Keep!","floor":2,"gold_loss":0,"cards_obtained":["Moonworks:ReflectiveShell"]},{"damage_healed":0,"gold_gain":0,"player_choice":"Bought 2 Potions","damage_taken":0,"max_hp_gain":0,"max_hp_loss":0,"event_name":"The Woman in Blue","floor":10,"gold_loss":0},{"damage_healed":0,"gold_gain":0,"player_choice":"Choice 2","damage_taken":0,"relics_obtained":["alterego_mod:SomeoneToFightFor"],"max_hp_gain":0,"max_hp_loss":0,"event_name":"Secret Garden","floor":19,"gold_loss":0},{"damage_healed":0,"gold_gain":0,"cards_transformed":["Moonworks:BigMagnum"],"player_choice":"Transformed","damage_taken":0,"max_hp_gain":0,"max_hp_loss":0,"event_name":"Transmorgrifier","floor":20,"gold_loss":0,"cards_obtained":["Moonworks:ForcedRevival"]},{"damage_healed":0,"gold_gain":0,"player_choice":"1 cards matched","damage_taken":0,"max_hp_gain":0,"max_hp_loss":0,"event_name":"Match and Keep!","floor":31,"gold_loss":0,"cards_obtained":["Flash of Steel"]},{"damage_healed":0,"gold_gain":0,"player_choice":"Ignored","damage_taken":0,"max_hp_gain":0,"max_hp_loss":0,"event_name":"Purifier","floor":48,"gold_loss":0}],"is_beta":false,"boss_relics":[{"not_picked":["ReplayTheSpireMod:DimensionalGlitch","Empty Cage"],"picked":"Coffee Dripper"},{"not_picked":["Painkiller Herb","SlaversCollar"],"picked":"Busted Crown"}],"items_purged_floors":[30],"is_endless":false,"potions_floor_spawned":[5,13,16,21,24,28,33,42,45],"ascension_level":5}}