{"host":"08z5bj28eube4vug","time":1612911795,"event":{"mods":["100% Spire Juice","2.2 Compatiblity","Abigail Mod","Act Like it!","BaseMod","Beaked The Cultist","Bestiary","Friendly Minions","Gensokyo","GungeonMod","Hallownest","Kiyohime????","Koishi","Lobotomy","Marisa????????","Minty Spire (QoL Compilation)","Prisma Mod","Remilia??????","Replay The Spire","Spire Arcade","StSLib","Td1madao Mod","The Alterego","The Bug Knight","The Jungle","The Sage","The Senshi","The Servant 0.9.4","Waifu the Spire","WarShipGirlsR/????R mod","Yuri Mod"],"gold_per_floor":[219,235,235,252,271,271,290,290,290,290,306,326,326,1,1,106,106,120,84,84,101,101,101,136,16,39,39,59,75,75,90,90,90,90],"floor_reached":33,"language":"ENG","playtime":1296,"items_purged":[],"score":324,"play_id":"0f1d5c11-9075-4b9e-954b-015132d30629","local_time":"20210210020315","is_ascension_mode":true,"campfire_choices":[{"data":"Moonworks:Ambush","floor":6,"key":"SMITH"},{"data":"Moonworks:IndiscriminateFireSupport","floor":8,"key":"SMITH"},{"data":"Moonworks:ImOnFire","floor":10,"key":"SMITH"},{"data":"Moonworks:RagingMadness","floor":15,"key":"SMITH"},{"data":"Moonworks:MetallicMonocoque","floor":23,"key":"SMITH"},{"floor":25,"key":"REST"},{"data":"Moonworks:IndiscriminateFireSupport","floor":30,"key":"SMITH"},{"floor":32,"key":"REST"}],"circlet_count":0,"master_deck":["Moonworks:Strike+1","Moonworks:Strike+1","Moonworks:Strike+1","Moonworks:Strike+1","Moonworks:Defend+1","Moonworks:Defend+1","Moonworks:Defend+1","Moonworks:Defend+1","Moonworks:Ambush+1","Moonworks:LongDistanceShot+1","Moonworks:NicePresent","Moonworks:ImOnFire+1","Moonworks:NicePresent","Moonworks:IndiscriminateFireSupport+1","Moonworks:NicePresent","Moonworks:RagingMadness+1","Moonworks:MetallicMonocoque+1","PrismaMod:IllyaInstallRuler","Moonworks:IndiscriminateFireSupport+1","Moonworks:IndiscriminateFireSupport+1","Moonworks:DeployBits","J.A.X.","Moonworks:SakisCookie","Moonworks:BackdoorTrade"],"relics":["Moonworks:BrokenBomb","Moonworks:Homemark","Onion Ring","ReplayTheSpireMod:Shallot","beaked:SacredDeck","DemoMod:NanoMachines","Smiling Mask"],"acts_visited":["Exordium","TheCity"],"potions_floor_usage":[16,16,28,33,33],"damage_taken":[{"damage":1,"enemies":"Cultist","floor":1,"turns":3},{"damage":4,"enemies":"2 Louse","floor":2,"turns":3},{"damage":0,"enemies":"Jaw Worm","floor":4,"turns":3},{"damage":0,"enemies":"2 Fungi Beasts","floor":5,"turns":3},{"damage":19,"enemies":"Blue Slaver","floor":7,"turns":2},{"damage":7,"enemies":"Exordium Wildlife","floor":11,"turns":2},{"damage":0,"enemies":"Gremlin Gang","floor":12,"turns":2},{"damage":21,"enemies":"Hexaghost","floor":16,"turns":8},{"damage":1,"enemies":"3 Byrds","floor":18,"turns":5},{"damage":23,"enemies":"Chosen","floor":21,"turns":5},{"damage":16,"enemies":"HollowMod:Nosk","floor":24,"turns":5},{"damage":0,"enemies":"3 Cultists","floor":28,"turns":2},{"damage":0,"enemies":"Snecko","floor":29,"turns":5},{"damage":19,"enemies":"Shelled Parasite and Fungi","floor":31,"turns":5},{"damage":57,"enemies":"Automaton","floor":33,"turns":6}],"seed_played":"-3619394530382530640","potions_obtained":[{"floor":7,"key":"Languid Potion"},{"floor":11,"key":"Swift Potion"},{"floor":16,"key":"Elixir"},{"floor":18,"key":"DemoMod:LeadSkinPotion"},{"floor":28,"key":"BlessingOfTheForge"}],"is_trial":false,"path_per_floor":["M","M","?","M","M","R","M","R","T","R","M","M","?","$","R","B",null,"M","$","?","M","?","R","E","R","T","$","M","M","R","M","R","B"],"character_chosen":"THE_STARBREAKER","items_purchased":["Moonworks:RagingMadness","ReplayTheSpireMod:Shallot","Moonworks:IndiscriminateFireSupport+1"],"campfire_rested":2,"item_purchase_floors":[14,14,19],"current_hp_per_floor":[59,55,55,55,55,55,36,36,36,36,29,29,29,29,29,8,47,46,46,46,23,23,23,7,25,25,25,25,25,25,8,26,0,0],"gold":90,"neow_bonus":"HUNDRED_GOLD","is_daily":false,"chose_seed":false,"campfire_upgraded":6,"win_rate":0.0,"timestamp":1612911795,"path_taken":["M","M","?","M","M","R","M","R","T","R","M","M","?","$","R","BOSS","M","$","?","M","?","R","E","R","T","?","M","M","R","M","R","BOSS"],"items_purchased_type":["Card","Relic","Card"],"build_version":"2020-12-22","purchased_purges":0,"victory":false,"max_hp_per_floor":[60,60,60,60,60,60,60,60,60,60,60,60,60,60,60,60,60,60,60,60,60,60,60,60,60,60,60,60,60,60,60,60,60,60],"card_choices":[{"not_picked":["Moonworks:DeployBits","Moonworks:JonathanRush"],"picked":"Moonworks:NicePresent","floor":1},{"not_picked":["Moonworks:CompletionReward","Moonworks:Heat300Percent"],"picked":"Moonworks:ImOnFire","floor":2},{"not_picked":["Moonworks:TreasureThief","Moonworks:LulusLuckyEgg"],"picked":"Moonworks:NicePresent","floor":4},{"not_picked":["Moonworks:BackdoorTrade","Moonworks:SakisCookie"],"picked":"Moonworks:IndiscriminateFireSupport","floor":5},{"not_picked":["Moonworks:MiracleWalker","Moonworks:Poppoformation","Moonworks:ScrambledEve"],"picked":"SKIP","floor":7},{"not_picked":["Moonworks:CookingTime","Moonworks:Poppoformation"],"picked":"Moonworks:NicePresent","floor":11},{"not_picked":["Moonworks:CloudOfSeagulls","Moonworks:BigMagnum","Moonworks:JonathanRush"],"picked":"SKIP","floor":12},{"not_picked":["Moonworks:Blazing","Moonworks:RocketCannon"],"picked":"Moonworks:MetallicMonocoque","floor":16},{"not_picked":["Moonworks:NicePresent","Moonworks:CloudOfSeagulls"],"picked":"Moonworks:IndiscriminateFireSupport","floor":18},{"not_picked":["Moonworks:WindyEnchantment+1","Moonworks:MiracleRedBeanIceCream"],"picked":"Moonworks:DeployBits","floor":21},{"not_picked":["Moonworks:DeployBits","Moonworks:IntelligenceOfficer","Moonworks:SweetBattle"],"picked":"SKIP","floor":24},{"not_picked":["Moonworks:RocketCannon","Moonworks:UnluckyCharm","Moonworks:TreasureThief"],"picked":"SKIP","floor":28},{"not_picked":["Moonworks:BigBangBell+1","Moonworks:JonathanRush"],"picked":"Moonworks:SakisCookie","floor":29},{"not_picked":["Moonworks:ForcedRevival","Moonworks:IndiscriminateFireSupport"],"picked":"Moonworks:BackdoorTrade","floor":31}],"player_experience":905085,"relics_obtained":[{"floor":9,"key":"Onion Ring"},{"floor":24,"key":"DemoMod:NanoMachines"},{"floor":26,"key":"Smiling Mask"}],"event_choices":[{"damage_healed":0,"gold_gain":0,"player_choice":"Simplicity","damage_taken":0,"max_hp_gain":0,"max_hp_loss":0,"event_name":"Back to Basics","floor":20,"gold_loss":0,"cards_upgraded":["Moonworks:Strike","Moonworks:Strike","Moonworks:Strike","Moonworks:Strike","Moonworks:Defend","Moonworks:Defend","Moonworks:Defend","Moonworks:Defend"]},{"damage_healed":0,"gold_gain":0,"player_choice":"Obtain J.A.X.","damage_taken":0,"max_hp_gain":0,"max_hp_loss":0,"event_name":"Drug Dealer","floor":22,"gold_loss":0,"cards_obtained":["J.A.X."]}],"is_beta":false,"boss_relics":[{"not_picked":["theSenshi:MoonKaleidoScopeRelic","Tiny House"],"picked":"beaked:SacredDeck"}],"items_purged_floors":[],"is_endless":false,"potions_floor_spawned":[7,11,16,18,28],"killed_by":"Automaton","ascension_level":5}}