{"host":"36t3qd3wjvajtu1z","time":1612834543,"event":{"mods":["2.2 Compatiblity","AchievementEnabler","BaseMod","Block Reminder","Colored Powertips","Minty Spire (QoL Compilation)","Permanent Neow","Quick Restart","Random Character Button","Rare Cards Sparkle","Relic Stats","Slay-I","StSLib"],"gold_per_floor":[19,32,42,42,66,100,100,100,100,114,130,165,201,234,234,332,332,357,357,357,382,400,400,400,441,441,13,13,13,26,62,62,62,62],"floor_reached":33,"language":"ENG","playtime":2051,"items_purged":["Strike_G+1"],"score":595,"play_id":"61922f76-e7a1-4727-bdc3-59a10f30066d","local_time":"20210208173543","is_ascension_mode":true,"campfire_choices":[{"floor":7.0,"key":"REST"},{"floor":15.0,"key":"REST"},{"data":"Bullet Time","floor":23.0,"key":"SMITH"},{"data":"Apotheosis","floor":32.0,"key":"SMITH"}],"circlet_count":0,"master_deck":["AscendersBane","Strike_G+1","Strike_G+1","Strike_G+1","Strike_G+1","Defend_G+1","Defend_G+1","Defend_G+1","Defend_G+1","Defend_G+1","Survivor","Neutralize","Unload","Endless Agony","Poisoned Stab","Slice","Adrenaline","Underhanded Strike","Dagger Spray","Backflip","Backflip","Bullet Time","Bullet Time+1","Eviscerate","Cloak And Dagger","Reflex","Ghostly","Ghostly","Ghostly","Apotheosis+1","Accuracy","Doubt","Blade Dance"],"relics":["Ring of the Snake","Golden Idol","HornCleat","Pear","StrikeDummy","Odd Mushroom","Tiny Chest","Cursed Key","Ninja Scroll","Turnip","MutagenicStrength","Question Card"],"acts_visited":["Exordium","TheCity"],"potions_floor_usage":[33,33],"damage_taken":[{"damage":0.0,"enemies":"Small Slimes","floor":1.0,"turns":3.0},{"damage":1.0,"enemies":"Cultist","floor":2.0,"turns":5.0},{"damage":1.0,"enemies":"Jaw Worm","floor":3.0,"turns":4.0},{"damage":5.0,"enemies":"Blue Slaver","floor":5.0,"turns":3.0},{"damage":27.0,"enemies":"Gremlin Nob","floor":6.0,"turns":4.0},{"damage":0.0,"enemies":"2 Fungi Beasts","floor":10.0,"turns":2.0},{"damage":7.0,"enemies":"Large Slime","floor":11.0,"turns":6.0},{"damage":15.0,"enemies":"3 Sentries","floor":12.0,"turns":6.0},{"damage":0.0,"enemies":"The Mushroom Lair","floor":13.0,"turns":2.0},{"damage":21.0,"enemies":"Lagavulin","floor":14.0,"turns":4.0},{"damage":12.0,"enemies":"The Guardian","floor":16.0,"turns":15.0},{"damage":3.0,"enemies":"3 Byrds","floor":18.0,"turns":4.0},{"damage":0.0,"enemies":"Shell Parasite","floor":21.0,"turns":3.0},{"damage":7.0,"enemies":"Centurion and Healer","floor":22.0,"turns":4.0},{"damage":18.0,"enemies":"Book of Stabbing","floor":25.0,"turns":5.0},{"damage":0.0,"enemies":"Snake Plant","floor":30.0,"turns":3.0},{"damage":3.0,"enemies":"Slavers","floor":31.0,"turns":8.0},{"damage":21,"enemies":"Collector","floor":33,"turns":9}],"seed_played":"-7288233816727879459","potions_obtained":[{"floor":1.0,"key":"DuplicationPotion"},{"floor":5.0,"key":"Block Potion"},{"floor":8.0,"key":"EntropicBrew"},{"floor":12.0,"key":"Explosive Potion"},{"floor":14.0,"key":"Block Potion"},{"floor":16.0,"key":"LiquidBronze"},{"floor":22.0,"key":"LiquidBronze"},{"floor":31.0,"key":"DistilledChaos"}],"is_trial":false,"path_per_floor":["M","M","M","?","M","E","R","?","T","M","M","E","?","E","R","B",null,"M","?","?","M","M","R","?","E","T","$","T","?","M","E","R","B"],"character_chosen":"THE_SILENT","items_purchased":["Apotheosis","Accuracy","PowerPotion"],"campfire_rested":2,"item_purchase_floors":[27,27,27],"current_hp_per_floor":[59,58,57,57,52,25,43,43,53,53,46,31,31,10,31,19,57,54,54,54,54,47,47,35,17,17,17,17,17,17,14,14,0,0],"gold":62,"neow_bonus":"THREE_RARE_CARDS","is_daily":false,"chose_seed":false,"campfire_upgraded":2,"win_rate":0.0,"timestamp":1612834543,"path_taken":["M","M","M","?","M","E","R","?","T","M","?","E","?","E","R","BOSS","M","?","?","M","M","R","?","E","T","$","?","?","M","E","R","BOSS"],"items_purchased_type":["Card","Card","Potion"],"build_version":"2020-12-22","purchased_purges":1,"victory":false,"max_hp_per_floor":[66,66,66,60,60,60,60,60,70,70,70,70,70,70,70,70,70,70,70,70,70,70,70,35,35,35,35,35,35,35,35,35,35,35],"relic_stats":{"counters":[18,90],"Golden Idol":91,"Tiny Chest":1,"Turnip":[5],"Cursed Key":1,"Question Card":0,"obtain_stats":[{"HornCleat":6,"Pear":9,"Golden Idol":4,"Ninja Scroll":25,"MutagenicStrength":29,"Tiny Chest":14,"Turnip":28,"Odd Mushroom":13,"StrikeDummy":12,"Cursed Key":17,"Question Card":31,"Ring of the Snake":0},{"HornCleat":5,"Pear":5,"Golden Idol":3,"Ninja Scroll":15,"MutagenicStrength":15,"Tiny Chest":10,"Turnip":15,"Odd Mushroom":9,"StrikeDummy":8,"Cursed Key":11,"Question Card":17,"Ring of the Snake":0},{"HornCleat":19,"Pear":19,"Golden Idol":12,"Ninja Scroll":70,"MutagenicStrength":70,"Tiny Chest":39,"Turnip":70,"Odd Mushroom":35,"StrikeDummy":33,"Cursed Key":54,"Question Card":81,"Ring of the Snake":0}],"Ring of the Snake":[35]},"card_choices":[{"not_picked":["Phantasmal Killer","Glass Knife"],"picked":"Unload","floor":0.0},{"not_picked":["Concentrate","Deadly Poison"],"picked":"Endless Agony","floor":1.0},{"not_picked":["Deadly Poison","Infinite Blades"],"picked":"Poisoned Stab","floor":2.0},{"not_picked":["Backflip","Setup"],"picked":"Slice","floor":3.0},{"not_picked":["Crippling Poison","Flying Knee"],"picked":"Adrenaline","floor":5.0},{"not_picked":["PiercingWail","Poisoned Stab","Bane"],"picked":"SKIP","floor":6.0},{"not_picked":["Dodge and Roll","Sucker Punch"],"picked":"Underhanded Strike","floor":10.0},{"not_picked":["Finisher","Bane"],"picked":"Dagger Spray","floor":11.0},{"not_picked":["Dodge and Roll","Quick Slash"],"picked":"Backflip","floor":12.0},{"not_picked":["Slice","Choke"],"picked":"Backflip","floor":13.0},{"not_picked":["Backstab","Choke"],"picked":"Bullet Time","floor":14.0},{"not_picked":["Night Terror","Storm of Steel"],"picked":"Bullet Time","floor":16.0},{"not_picked":["Bane","Cloak And Dagger"],"picked":"Eviscerate","floor":18.0},{"not_picked":["Catalyst","Deadly Poison"],"picked":"Cloak And Dagger","floor":21.0},{"not_picked":["Caltrops","Endless Agony"],"picked":"Reflex","floor":22.0},{"not_picked":["Blade Dance","Acrobatics","Sucker Punch"],"picked":"SKIP","floor":25.0},{"not_picked":["Bouncing Flask","Distraction","Dodge and Roll"],"picked":"SKIP","floor":30.0},{"not_picked":["Cloak And Dagger","Predator"],"picked":"Blade Dance","floor":31.0}],"player_experience":445055,"relics_obtained":[{"floor":6.0,"key":"HornCleat"},{"floor":9.0,"key":"Pear"},{"floor":12.0,"key":"StrikeDummy"},{"floor":13.0,"key":"Odd Mushroom"},{"floor":14.0,"key":"Tiny Chest"},{"floor":25.0,"key":"Ninja Scroll"},{"floor":28.0,"key":"Turnip"},{"floor":31.0,"key":"Question Card"}],"event_choices":[{"damage_healed":0.0,"max_hp_gain":0.0,"max_hp_loss":6.0,"gold_gain":0.0,"event_name":"Golden Idol","player_choice":"Lose Max HP","floor":4.0,"gold_loss":0.0,"damage_taken":0.0,"relics_obtained":["Golden Idol"]},{"damage_healed":0.0,"max_hp_gain":0.0,"max_hp_loss":0.0,"gold_gain":0.0,"event_name":"Lab","player_choice":"Got Potions","floor":8.0,"gold_loss":0.0,"damage_taken":0.0},{"damage_healed":0.0,"max_hp_gain":0.0,"max_hp_loss":0.0,"gold_gain":0.0,"event_name":"Mushrooms","player_choice":"Fought Mushrooms","floor":13.0,"gold_loss":0.0,"damage_taken":0.0},{"damage_healed":0.0,"max_hp_gain":0.0,"max_hp_loss":0.0,"gold_gain":0.0,"event_name":"Vampires","player_choice":"Ignored","floor":19.0,"gold_loss":0.0,"damage_taken":0.0},{"damage_healed":0.0,"max_hp_gain":0.0,"max_hp_loss":0.0,"gold_gain":0.0,"event_name":"Back to Basics","player_choice":"Simplicity","floor":20.0,"gold_loss":0.0,"damage_taken":0.0,"cards_upgraded":["Strike_G","Strike_G","Strike_G","Strike_G","Strike_G","Defend_G","Defend_G","Defend_G","Defend_G","Defend_G"]},{"damage_healed":0.0,"max_hp_gain":0.0,"max_hp_loss":35.0,"gold_gain":0.0,"event_name":"Ghosts","player_choice":"Became a Ghost","floor":24.0,"gold_loss":0.0,"damage_taken":0.0,"cards_obtained":["Ghostly","Ghostly","Ghostly"]},{"damage_healed":0.0,"max_hp_gain":0.0,"max_hp_loss":0.0,"gold_gain":0.0,"event_name":"Drug Dealer","player_choice":"Inject Mutagens","floor":29.0,"gold_loss":0.0,"damage_taken":0.0,"relics_obtained":["MutagenicStrength"]}],"is_beta":false,"boss_relics":[{"not_picked":["Ectoplasm","Astrolabe"],"picked":"Cursed Key"}],"items_purged_floors":[27],"is_endless":false,"potions_floor_spawned":[1,5,10,12,14,16,22,31],"killed_by":"Collector","ascension_level":19}}