{"host":"3asmp5aovk69ekg9","time":1612831352,"event":{"mods":["100% Spire Juice","BaseMod","BetterRewards","Colored Map","Colored Powertips","Dark Map","Hermit","Koishi","Magitek Elite","Minty Spire (QoL Compilation)","Permanent Neow","Remove Card Discount Mod","Shade Mod","StSLib","The Alterego","The Cursed","The Death Knight","The Fake Hero","The IronCluck","The Marked","The Senshi","The Wild Card"],"gold_per_floor":[110,75,150,164,175,204,204,238,238,271,213,227,25,44,44,140,140,156,1,1,1,1,27,27,40,40,65,103,131,174,203,215,332,344,370,393,16,35,51,51,80,80,80,110,110,110,110,14,14,14,14,14,10,40,40,40],"floor_reached":55,"language":"ENG","playtime":6056,"items_purged":["hermit:Strike_Hermit","hermit:Strike_Hermit","hermit:Covet","hermit:Strike_Hermit","hermit:Defend_Hermit","hermit:Strike_Hermit","hermit:Defend_Hermit","hermit:Defend_Hermit","hermit:Defend_Hermit","hermit:Snapshot","hermit:Vantage+1","hermit:PistolWhip","Doubt","hermit:SprayPray+1"],"score":1184,"play_id":"8b7b469f-9db4-4f20-ac0e-97993842b9e8","local_time":"20210208164232","is_ascension_mode":true,"campfire_choices":[{"data":"Apotheosis","floor":7.0,"key":"SMITH"},{"floor":15.0,"key":"RECALL"},{"floor":32.0,"key":"REST"},{"floor":40.0,"key":"DIG"},{"floor":42.0,"key":"DIG"},{"floor":46,"key":"DIG"},{"floor":49,"key":"REST"},{"floor":52,"key":"REST"}],"circlet_count":0,"master_deck":["hermit:Grudge","hermit:ShadowCloak+1","hermit:Midnight","Apotheosis+1","hermit:ShadowCloak+1","hermit:Grudge","hermit:Malice","hermit:FlashPowder","hermit:FlashPowder+1","hermit:LowProfile+1","hermit:Manifest+1","hermit:FlashPowder+1","hermit:FinalCanter","hermit:TakeAim+1","hermit:Malice","hermit:GhostlyPresence+1","Shame","Injury","hermit:Midnight+1","Panacea+1","Parasite","hermit:TakeAim+1","hermit:ShadowCloak+1","hermit:Brawl+1"],"relics":["hermit:Momento","Membership Card","Mango","Torii","Anchor","Turnip","Pantograph","Toxic Egg 2","Happy Flower","Bottled Lightning","HandDrill","Cursed Key","Lee\u0027s Waffle","Matryoshka","Toy Ornithopter","Molten Egg 2","MawBank","Nunchaku","InkBottle","hermit:DentedPlate","Frozen Egg 2","Sling","Shovel","Tintinnabulum","CaptainsWheel","theSenshi:SailorFukuRelic","Omamori","Mercury Hourglass","PreservedInsect","DollysMirror","Orichalcum"],"acts_visited":["Exordium","TheCity","TheBeyond","TheEnding"],"potions_floor_usage":[54],"damage_taken":[{"damage":0.0,"enemies":"Small Slimes","floor":1.0,"turns":4.0},{"damage":1.0,"enemies":"Jaw Worm","floor":4.0,"turns":2.0},{"damage":0.0,"enemies":"2 Louse","floor":5.0,"turns":3.0},{"damage":6.0,"enemies":"3 Sentries","floor":6.0,"turns":4.0},{"damage":3.0,"enemies":"Gremlin Nob","floor":8.0,"turns":5.0},{"damage":4.0,"enemies":"3 Sentries","floor":10.0,"turns":6.0},{"damage":0.0,"enemies":"Blue Slaver","floor":12.0,"turns":4.0},{"damage":0.0,"enemies":"Exordium Wildlife","floor":14.0,"turns":4.0},{"damage":0.0,"enemies":"Hexaghost","floor":16.0,"turns":9.0},{"damage":1.0,"enemies":"2 Thieves","floor":18.0,"turns":2.0},{"damage":31.0,"enemies":"Book of Stabbing","floor":23.0,"turns":6.0},{"damage":1.0,"enemies":"Shell Parasite","floor":25.0,"turns":5.0},{"damage":0.0,"enemies":"Cultist and Chosen","floor":27.0,"turns":8.0},{"damage":1.0,"enemies":"Gremlin Leader","floor":28.0,"turns":5.0},{"damage":1.0,"enemies":"Snake Plant","floor":29.0,"turns":5.0},{"damage":2.0,"enemies":"Book of Stabbing","floor":30.0,"turns":6.0},{"damage":0.0,"enemies":"Centurion and Healer","floor":31.0,"turns":6.0},{"damage":17.0,"enemies":"Automaton","floor":33.0,"turns":10.0},{"damage":1.0,"enemies":"3 Darklings","floor":35.0,"turns":3.0},{"damage":12.0,"enemies":"3 Shapes","floor":36.0,"turns":6.0},{"damage":0.0,"enemies":"3 Darklings","floor":38.0,"turns":6.0},{"damage":1.0,"enemies":"Writhing Mass","floor":39.0,"turns":8.0},{"damage":13.0,"enemies":"Reptomancer","floor":41.0,"turns":9.0},{"damage":79,"enemies":"Giant Head","floor":44,"turns":14},{"damage":1,"enemies":"Time Eater","floor":50,"turns":16},{"damage":39,"enemies":"Shield and Spear","floor":54,"turns":8},{"damage":124,"enemies":"The Heart","floor":55,"turns":8}],"seed_played":"2171870002056643938","potions_obtained":[{"floor":4.0,"key":"Block Potion"},{"floor":8.0,"key":"Dexterity Potion"},{"floor":10.0,"key":"Strength Potion"},{"floor":23.0,"key":"SkillPotion"},{"floor":28.0,"key":"SkillPotion"},{"floor":29.0,"key":"Swift Potion"},{"floor":30.0,"key":"DeathKnight:RimePotion"},{"floor":35.0,"key":"ColorlessPotion"},{"floor":39.0,"key":"SkillPotion"},{"floor":44,"key":"Weak Potion"}],"is_trial":false,"path_per_floor":["M","?","?","M","M","E","R","E","T","E","$","M","$","M","R","B",null,"M","$","?","?","$","E","?","M","T","M","E","M","E","M","R","B",null,"M","M","$","M","M","R","E","R","T","E","?","R","?","$","R","B",null,"R","$","E","B"],"character_chosen":"HERMIT","items_purchased":["hermit:Grudge","Membership Card","Mango","hermit:ShadowCloak","hermit:Midnight","Apotheosis","Torii","hermit:ShadowCloak","hermit:Grudge","hermit:Malice","Anchor","hermit:LowProfile+1","hermit:Vantage+1","Bottled Lightning","HandDrill","hermit:TakeAim","hermit:Malice","Lee\u0027s Waffle","Frozen Egg 2","Panacea+1","Sling","Shovel","hermit:TakeAim+1","DollysMirror"],"campfire_rested":3,"item_purchase_floors":[0,0,0,0,0,0,0,0,0,0,0,11,11,13,13,19,19,19,37,37,37,37,48,48],"current_hp_per_floor":[34,56,45,44,44,38,38,35,35,31,31,31,31,31,31,56,81,80,96,68,68,68,37,37,36,36,36,35,44,42,42,70,79,111,110,108,108,108,107,107,100,101,102,24,25,26,27,28,67,92,93,128,128,94,0,0],"gold":40,"neow_bonus":"","is_daily":false,"chose_seed":false,"campfire_upgraded":1,"win_rate":0.0,"timestamp":1612831352,"path_taken":["M","?","?","M","M","E","R","E","T","E","$","M","$","M","R","BOSS","M","$","?","?","$","E","?","M","T","M","E","M","E","M","R","BOSS","M","M","$","M","M","R","E","R","T","E","?","R","?","$","R","BOSS","R","$","E","BOSS"],"items_purchased_type":["Card","Relic","Relic","Card","Card","Card","Relic","Card","Card","Card","Relic","Card","Card","Relic","Relic","Card","Card","Relic","Relic","Card","Relic","Relic","Card","Relic"],"build_version":"2020-12-22","purchased_purges":14,"victory":false,"max_hp_per_floor":[89,89,89,89,89,89,89,89,89,89,89,89,89,89,89,89,89,89,96,96,96,96,96,96,96,96,96,96,96,96,96,96,96,128,128,128,128,128,128,128,128,128,128,128,128,128,128,128,128,128,128,128,128,128,128,128],"card_choices":[{"not_picked":["hermit:Headshot","hermit:Combo","hermit:Vantage"],"picked":"SKIP","floor":1.0},{"not_picked":["hermit:ItchyTrigger","hermit:Headshot","hermit:Roulette"],"picked":"SKIP","floor":4.0},{"not_picked":["hermit:Ricochet","hermit:Headshot","hermit:Shortfuse"],"picked":"SKIP","floor":5.0},{"not_picked":["hermit:BlackWind","hermit:Coalescence"],"picked":"hermit:FlashPowder","floor":6.0},{"not_picked":["hermit:Glare","hermit:Shortfuse"],"picked":"hermit:PistolWhip","floor":8.0},{"not_picked":["hermit:WideOpen","hermit:Roulette"],"picked":"hermit:FlashPowder+1","floor":10.0},{"not_picked":["hermit:TakeCover+1","hermit:Shortfuse"],"picked":"hermit:Manifest+1","floor":12.0},{"not_picked":["hermit:Cheat+1","hermit:Misfire"],"picked":"hermit:FlashPowder+1","floor":14.0},{"not_picked":["hermit:Dissolve+1","hermit:FromBeyond+1"],"picked":"hermit:FinalCanter","floor":16.0},{"not_picked":["hermit:TrackingShot","hermit:Glare+1","hermit:Headshot"],"picked":"SKIP","floor":18.0},{"not_picked":["hermit:BodyArmor+1","hermit:CalledShot"],"picked":"hermit:GhostlyPresence+1","floor":23.0},{"not_picked":["hermit:Horror+1","hermit:GhostlyPresence+1","hermit:Feint+1"],"picked":"SKIP","floor":25.0},{"not_picked":["hermit:TrackingShot+1","hermit:LoneWolf+1","hermit:Showdown+1"],"picked":"SKIP","floor":27.0},{"not_picked":["hermit:Roulette+1","hermit:Ricochet+1","hermit:Combo"],"picked":"SKIP","floor":28.0},{"not_picked":["hermit:BodyArmor+1","hermit:Determination"],"picked":"hermit:Midnight+1","floor":29.0},{"not_picked":["hermit:TakeAim","hermit:Maintenance+1","hermit:BlackWind+1"],"picked":"SKIP","floor":30.0},{"not_picked":["hermit:Snipe+1","hermit:Roulette+1","hermit:Manifest+1"],"picked":"SKIP","floor":31.0},{"not_picked":["hermit:LowProfile+1","hermit:HighCaliber+1","hermit:Desperado+1"],"picked":"SKIP","floor":35.0},{"not_picked":["hermit:Maintenance+1","hermit:Ricochet+1"],"picked":"hermit:SprayPray+1","floor":36.0},{"not_picked":["hermit:HighCaliber+1","hermit:Gestalt+1","hermit:LowProfile+1"],"picked":"SKIP","floor":38.0},{"not_picked":["hermit:CalledShot+1","hermit:Scavenge+1","hermit:Quickdraw+1"],"picked":"SKIP","floor":39.0},{"not_picked":["hermit:Vantage+1","hermit:PistolWhip+1","hermit:SprayPray+1"],"picked":"SKIP","floor":41.0},{"not_picked":["hermit:TakeCover+1","hermit:Enervate+1","hermit:Combo+1"],"picked":"SKIP","floor":44},{"not_picked":["hermit:Roughhouse+1","hermit:PistolWhip+1"],"picked":"hermit:Brawl+1","floor":54}],"player_experience":1309689,"relics_obtained":[{"floor":6.0,"key":"Turnip"},{"floor":8.0,"key":"Pantograph"},{"floor":9.0,"key":"Toxic Egg 2"},{"floor":10.0,"key":"Happy Flower"},{"floor":23.0,"key":"Matryoshka"},{"floor":26.0,"key":"Molten Egg 2"},{"floor":26.0,"key":"MawBank"},{"floor":28.0,"key":"Nunchaku"},{"floor":30.0,"key":"InkBottle"},{"floor":40.0,"key":"Tintinnabulum"},{"floor":41.0,"key":"CaptainsWheel"},{"floor":42.0,"key":"theSenshi:SailorFukuRelic"},{"floor":43.0,"key":"Omamori"},{"floor":44,"key":"Mercury Hourglass"},{"floor":46,"key":"PreservedInsect"},{"floor":54,"key":"Orichalcum"}],"event_choices":[{"damage_healed":22.0,"max_hp_gain":0.0,"max_hp_loss":0.0,"gold_gain":0.0,"event_name":"The Cleric","player_choice":"Healed","floor":2.0,"gold_loss":35.0,"damage_taken":0.0},{"damage_healed":0.0,"max_hp_gain":0.0,"max_hp_loss":0.0,"gold_gain":75.0,"event_name":"World of Goop","player_choice":"Gather Gold","floor":3.0,"gold_loss":0.0,"damage_taken":11.0},{"damage_healed":0.0,"max_hp_gain":0.0,"max_hp_loss":0.0,"gold_gain":0.0,"event_name":"Back to Basics","player_choice":"Simplicity","floor":21.0,"gold_loss":0.0,"damage_taken":0.0,"cards_upgraded":[]},{"damage_healed":0.0,"max_hp_gain":0.0,"max_hp_loss":0.0,"gold_gain":0.0,"event_name":"Addict","player_choice":"Stole Relic","floor":24.0,"gold_loss":0.0,"damage_taken":0.0,"relics_obtained":["Toy Ornithopter"],"cards_obtained":["Shame"]},{"damage_healed":0,"gold_gain":0,"player_choice":"Ignored","damage_taken":0,"max_hp_gain":0,"max_hp_loss":0,"event_name":"Tomb of Lord Red Mask","floor":45,"gold_loss":0}],"is_beta":false,"boss_relics":[{"not_picked":["Runic Pyramid","hermit:BartenderGlass"],"picked":"Cursed Key"},{"not_picked":["Coffee Dripper","theSenshi:MoonKaleidoScopeRelic"],"picked":"hermit:DentedPlate"}],"items_purged_floors":[0,0,0,0,11,11,11,11,13,19,37,37,53,53],"is_endless":false,"potions_floor_spawned":[4,8,10,16,23,28,29,30,31,35,39,44],"killed_by":"The Heart","ascension_level":7}}