{"host":"qy1e0kd24tpj3i2m","time":1612895357,"event":{"mods":["Act Like it!","BaseMod","Better Skull","Better Vampires","Colored Map","Colored Powertips","Custom Start","Displayed Cursed Tome","Faster Ascension Climbing","Friendly Minions","GifTheSpireLib","Gremlin Skip","Highlight Path","Minty Spire (QoL Compilation)","Permanent Neow","Poor People Problems","Quick Restart","Red Circlet Mod","Relic Filter Mod","Relic Sorter","Reorder Act Four","SacredBarkPlus","Shop Mod","StSLib","SuperFastMode","Transform Curses","没有小屋子和绿帽子啦"],"gold_per_floor":[110,122,147,147,159,159,159,159,171,183,206,293,305,337,349,432,444,467,479,491,503,535,547,569,581,663,675,675],"floor_reached":27,"language":"ZHS","playtime":487,"items_purged":[],"score":427,"play_id":"086ef769-b7bc-45e6-b050-3ae1cfa7857b","local_time":"20210210032917","is_ascension_mode":true,"campfire_choices":[{"data":"Bludgeon","floor":6.0,"key":"SMITH"},{"data":"Flex","floor":10.0,"key":"SMITH"},{"data":"Reckless Charge","floor":13.0,"key":"SMITH"},{"data":"Juggernaut","floor":15.0,"key":"SMITH"},{"data":"True Grit","floor":23.0,"key":"SMITH"},{"data":"Demon Form","floor":25.0,"key":"SMITH"}],"circlet_count":0,"master_deck":["AscendersBane","Defend_R","Defend_R","Defend_R","Defend_R","Bash","Flex+1","Reckless Charge+1","Bludgeon+1","Headbutt","Juggernaut+1","Power Through","Burning Pact","Demon Form+1","Shrug It Off","Bite","Bite","Bite","Bite","Bite","True Grit+1","Sword Boomerang+1"],"relics":["Burning Blood","Smiling Mask","Boot","MawBank","Ornamental Fan","Mark of Pain","Pantograph"],"acts_visited":["Exordium","TheCity"],"potions_floor_usage":[],"damage_taken":[{"damage":2.0,"enemies":"Cultist","floor":1.0,"turns":4.0},{"damage":4.0,"enemies":"2 Louse","floor":2.0,"turns":3.0},{"damage":2.0,"enemies":"Jaw Worm","floor":5.0,"turns":3.0},{"damage":4.0,"enemies":"Blue Slaver","floor":11.0,"turns":3.0},{"damage":6.0,"enemies":"Looter","floor":14.0,"turns":2.0},{"damage":15.0,"enemies":"The Guardian","floor":16.0,"turns":9.0},{"damage":0.0,"enemies":"Spheric Guardian","floor":18.0,"turns":2.0},{"damage":7.0,"enemies":"Chosen","floor":22.0,"turns":3.0},{"damage":38.0,"enemies":"Snecko","floor":24.0,"turns":6.0},{"damage":42,"enemies":"Slavers","floor":27,"turns":3}],"seed_played":"2498373434741023268","potions_obtained":[{"floor":5.0,"key":"SkillPotion"},{"floor":11.0,"key":"CultistPotion"},{"floor":14.0,"key":"SkillPotion"},{"floor":16.0,"key":"SneckoOil"}],"is_trial":false,"path_per_floor":["M","M","T","?","M","R","?","?","T","R","M","?","R","M","R","B",null,"M","?","?","?","M","R","M","R","T","E"],"character_chosen":"IRONCLAD","items_purchased":[],"campfire_rested":0,"item_purchase_floors":[],"current_hp_per_floor":[72,74,74,74,75,75,75,57,57,57,59,48,48,48,48,39,66,72,51,51,51,56,56,34,34,34,0,0],"gold":675,"neow_bonus":"RANDOM_COMMON_RELIC","is_daily":false,"chose_seed":false,"campfire_upgraded":6,"win_rate":0.0,"timestamp":1612895357,"path_taken":["M","M","?","?","?","R","?","?","T","R","M","?","R","M","R","BOSS","M","?","?","?","M","R","M","R","T","E"],"items_purchased_type":[],"build_version":"2020-12-22","purchased_purges":0,"victory":false,"max_hp_per_floor":[75,75,75,75,75,75,75,75,75,75,75,75,75,75,75,75,75,75,80,56,56,56,56,56,56,56,56,56],"card_choices":[{"not_picked":["Wild Strike","Bloodletting"],"picked":"Flex","floor":1.0},{"not_picked":["Battle Trance","Clash","Warcry"],"picked":"SKIP","floor":2.0},{"not_picked":["Reckless Charge","Hemokinesis"],"picked":"Juggernaut","floor":5.0},{"not_picked":["Headbutt","Flex"],"picked":"Power Through","floor":11.0},{"not_picked":["Body Slam","Hemokinesis"],"picked":"Burning Pact","floor":14.0},{"not_picked":["Exhume","Feed"],"picked":"Demon Form","floor":16.0},{"not_picked":["Clash","Sword Boomerang"],"picked":"Shrug It Off","floor":18.0},{"not_picked":["Shockwave","Intimidate"],"picked":"True Grit","floor":22.0},{"not_picked":["Hemokinesis+1","Iron Wave"],"picked":"Sword Boomerang+1","floor":24.0}],"player_experience":999875,"relics_obtained":[{"floor":3.0,"key":"Boot"},{"floor":9.0,"key":"Ornamental Fan"},{"floor":26.0,"key":"Pantograph"}],"event_choices":[{"damage_healed":0.0,"max_hp_gain":0.0,"max_hp_loss":0.0,"gold_gain":0.0,"event_name":"Match and Keep!","player_choice":"3 cards matched","floor":4.0,"gold_loss":0.0,"damage_taken":0.0,"cards_obtained":["Reckless Charge","Bludgeon","Headbutt"]},{"damage_healed":0.0,"max_hp_gain":0.0,"max_hp_loss":0.0,"gold_gain":0.0,"event_name":"Dead Adventurer","player_choice":"Searched \u00270\u0027 times","floor":7.0,"gold_loss":0.0,"damage_taken":0.0},{"damage_healed":0.0,"max_hp_gain":0.0,"max_hp_loss":0.0,"gold_gain":0.0,"event_name":"Scrap Ooze","player_choice":"Success","floor":8.0,"gold_loss":0.0,"damage_taken":18.0,"relics_obtained":["MawBank"]},{"damage_healed":0.0,"max_hp_gain":0.0,"max_hp_loss":0.0,"gold_gain":75.0,"event_name":"World of Goop","player_choice":"Gather Gold","floor":12.0,"gold_loss":0.0,"damage_taken":11.0},{"damage_healed":0.0,"max_hp_gain":5.0,"max_hp_loss":0.0,"gold_gain":0.0,"event_name":"Forgotten Altar","player_choice":"Shed Blood","floor":19.0,"gold_loss":0.0,"damage_taken":26.0},{"damage_healed":0.0,"max_hp_gain":0.0,"max_hp_loss":24.0,"gold_gain":0.0,"event_name":"Vampires","player_choice":"Became a vampire","floor":20.0,"gold_loss":0.0,"damage_taken":0.0,"cards_obtained":["Bite","Bite","Bite","Bite","Bite"]},{"damage_healed":0.0,"max_hp_gain":0.0,"max_hp_loss":0.0,"gold_gain":0.0,"event_name":"Ghosts","player_choice":"Ignored","floor":21.0,"gold_loss":0.0,"damage_taken":0.0}],"is_beta":false,"boss_relics":[{"not_picked":["Fusion Hammer","SlaversCollar"],"picked":"Mark of Pain"}],"items_purged_floors":[],"is_endless":false,"potions_floor_spawned":[5,11,14,16],"killed_by":"Slavers","ascension_level":20}}