{"host":"yrtk68ixj64vhhh3","time":1612873163,"event":{"mods":["2.2 Compatiblity","AchievementEnabler","Aspiration","BaseMod","Better Altar","Better Match","Better Note","Better Silent Start","Better Skull","Better Third Choice","Colored Map","Colored Powertips","Conspire","Dio Mod","Downfall","Energized Spire","Hubris","Infinite Spire","Minty Spire (QoL Compilation)","Prisma Mod","RNG Fix","Random Character Button","Random Character Mod","Reliquary","StSLib","Steal the Spire","Td1madao Mod","The Animator","The Bug Knight","The Mystic","The Poker Player","The Wild Card","TheBandit","TheHero"],"gold_per_floor":[110,110,110,110,130,130,153,184,210,251,251,276,276,307,307,433,433,454,454,729,654,67,111,134,134,134,134,134,158,174,174,174,174,174],"floor_reached":33,"language":"ENG","playtime":2694,"items_purged":["Burn"],"score":306,"play_id":"3177e2c0-0433-4a5b-8835-efcc3807562c","local_time":"20210210011923","is_ascension_mode":false,"campfire_choices":[{"data":"dioMod:ComboFever","floor":6,"key":"SMITH"},{"floor":11,"key":"REST"},{"floor":13,"key":"REST"},{"floor":15,"key":"REST"},{"floor":25,"key":"REST"},{"floor":32,"key":"REST"}],"circlet_count":0,"master_deck":["dioMod:Strike","dioMod:Strike","dioMod:Strike","dioMod:Strike","Bite","dioMod:Defend","dioMod:Defend","dioMod:Defend","dioMod:Defend","dioMod:StreetSign","A Thousand Cuts","Injury","dioMod:ComboFever+1","dioMod:VengefulMuda","dioMod:Freeze","dioMod:LaserVision","dioMod:DarkRebirth","dioMod:SecretPlan","dioMod:PhantomBlood","dioMod:BloodSplash","Mayhem","dioMod:CautiousMuda","dioMod:BloodShield+1","dioMod:ComposedMuda","infinitespire:Starlight","hubris:Fate","dioMod:BloodTransfusion","dioMod:BlendIn+1","dioMod:DisarmingVoice+1"],"relics":["dioMod:VampireBlood","Mango","Golden Idol","Bag of Preparation","reliquary:Knoch","HollowMod:PaleOreRelic","Tiny Chest","hubris:Backtick","Burning Blood","hubris:64BitClover","reliquary:PartyBalloon","Dream Catcher","Pantograph","hubris:Towel"],"acts_visited":["Exordium","TheCity"],"potions_floor_usage":[16,16,16,33,33,33],"damage_taken":[{"damage":5,"enemies":"Jaw Worm","floor":1,"turns":4},{"damage":1,"enemies":"2 Louse","floor":5,"turns":3},{"damage":7,"enemies":"Small Slimes","floor":7,"turns":5},{"damage":46,"enemies":"Gremlin Nob","floor":8,"turns":5},{"damage":45,"enemies":"HollowMod:MossKnight","floor":10,"turns":14},{"damage":39,"enemies":"Exordium Thugs","floor":12,"turns":5},{"damage":27,"enemies":"3 Sentries","floor":14,"turns":7},{"damage":43,"enemies":"Hexaghost","floor":16,"turns":11},{"damage":16,"enemies":"Chosen","floor":18,"turns":8},{"damage":70,"enemies":"Slavers","floor":23,"turns":9},{"damage":44,"enemies":"Shell Parasite","floor":24,"turns":8},{"damage":23,"enemies":"Snecko","floor":29,"turns":5},{"damage":60,"enemies":"Snake Plant","floor":30,"turns":7},{"damage":111,"enemies":"Collector","floor":33,"turns":14}],"seed_played":"-4873162916954936267","potions_obtained":[{"floor":5,"key":"DistilledChaos"},{"floor":7,"key":"SpeedPotion"},{"floor":12,"key":"LiquidBronze"},{"floor":23,"key":"bronze:BurnAndBuffPotion"},{"floor":24,"key":"Block Potion"},{"floor":29,"key":"Ancient Potion"}],"is_trial":false,"path_per_floor":["M","?","?","?","M","R","M","E","T","E","R","M","R","E","R","B",null,"M","?","?","?","$","E","M","R","T","AVR","T","M","M","?","R","B"],"character_chosen":"THE_DEFAULT","items_purchased":["Mayhem","dioMod:CautiousMuda","hubris:64BitClover"],"campfire_rested":5,"item_purchase_floors":[22,22,22],"current_hp_per_floor":[81,81,83,83,90,90,93,52,52,24,52,21,49,35,63,29,96,91,91,91,91,91,40,20,48,48,48,48,36,20,20,48,0,0],"gold":174,"neow_bonus":"TEN_PERCENT_HP_BONUS","is_daily":false,"chose_seed":false,"campfire_upgraded":1,"win_rate":0.0,"timestamp":1612873163,"path_taken":["M","?","?","?","M","R","M","E","T","E","R","M","R","E","R","BOSS","M","?","?","?","$","E","M","R","T","AVR","?","M","?","?","R","BOSS"],"items_purchased_type":["Card","Card","Relic"],"build_version":"2020-12-22","purchased_purges":1,"victory":false,"max_hp_per_floor":[82,82,96,96,96,96,96,96,96,96,96,96,96,96,96,96,96,96,96,96,96,96,96,96,96,96,96,96,96,96,96,96,96,96],"card_choices":[{"not_picked":["dioMod:WRYYY","dioMod:HeavyLifting"],"picked":"dioMod:StreetSign","floor":1},{"not_picked":["dioMod:Pluck","dioMod:WRYYY"],"picked":"dioMod:ComboFever","floor":5},{"not_picked":["dioMod:BloodSuck","dioMod:CautiousMuda"],"picked":"dioMod:VengefulMuda","floor":7},{"not_picked":["dioMod:RoadRoller","dioMod:Diversion"],"picked":"dioMod:Freeze","floor":8},{"not_picked":["dioMod:HeavyLifting","dioMod:Freeze"],"picked":"dioMod:LaserVision","floor":10},{"not_picked":["dioMod:CutDeep","dioMod:FlyAway"],"picked":"dioMod:DarkRebirth","floor":12},{"not_picked":["dioMod:SadisticLaugh","dioMod:Roundabout"],"picked":"dioMod:SecretPlan","floor":14},{"not_picked":["dioMod:PathToHeaven","dioMod:TheWalk"],"picked":"dioMod:PhantomBlood","floor":16},{"not_picked":["dioMod:CutDeep+1","dioMod:BloodTransfusion+1"],"picked":"dioMod:BloodSplash","floor":18},{"not_picked":["dioMod:BlendIn","dioMod:BloodSplash"],"picked":"dioMod:BloodShield+1","floor":23},{"not_picked":["dioMod:StreetSign","dioMod:CoffinBath"],"picked":"dioMod:ComposedMuda","floor":24},{"not_picked":["dioMod:LaserVision","dioMod:BloodSplash"],"picked":"dioMod:BloodTransfusion","floor":29},{"not_picked":["dioMod:StreetSign","dioMod:Refresh"],"picked":"dioMod:BlendIn+1","floor":30},{"not_picked":["dioMod:VengefulMuda+1","dioMod:Hiss"],"picked":"dioMod:DisarmingVoice+1","floor":32}],"player_experience":809187,"relics_obtained":[{"floor":8,"key":"Bag of Preparation"},{"floor":9,"key":"reliquary:Knoch"},{"floor":10,"key":"HollowMod:PaleOreRelic"},{"floor":14,"key":"Tiny Chest"},{"floor":23,"key":"reliquary:PartyBalloon"},{"floor":28,"key":"Pantograph"}],"event_choices":[{"damage_healed":81,"gold_gain":0,"player_choice":"Embrace Burn","damage_taken":0,"max_hp_gain":0,"max_hp_loss":82,"event_name":"betterThird:BetterShining","floor":2,"gold_loss":0},{"damage_healed":0,"gold_gain":0,"player_choice":"Take Wound","damage_taken":0,"relics_obtained":["Golden Idol"],"max_hp_gain":0,"max_hp_loss":0,"event_name":"Golden Idol","floor":4,"gold_loss":0,"cards_obtained":["Injury"]},{"damage_healed":0,"gold_gain":0,"player_choice":"Ignored","damage_taken":0,"max_hp_gain":0,"max_hp_loss":0,"event_name":"betterNote:BetterNote","floor":19,"gold_loss":0,"cards_obtained":["PrismaMod:MiyuCheapChannelHeal"]},{"damage_healed":0,"gold_gain":275,"player_choice":"Desecrate","damage_taken":0,"max_hp_gain":0,"max_hp_loss":0,"event_name":"Golden Shrine","floor":20,"gold_loss":0,"cards_obtained":["Regret"]},{"cards_removed":["Regret"],"damage_healed":0,"gold_gain":0,"player_choice":"Gave Gold","damage_taken":0,"max_hp_gain":0,"max_hp_loss":0,"event_name":"Beggar","floor":21,"gold_loss":75}],"is_beta":false,"boss_relics":[{"not_picked":["hubris:Stopwatch","aspiration:FutureDiary"],"picked":"hubris:Backtick"}],"items_purged_floors":[22],"is_endless":false,"potions_floor_spawned":[5,7,12,14,23,24,29],"killed_by":"Collector","ascension_level":0}}