{"host":"kpyf5rnb72uwap8k","time":1612868475,"event":{"mods":["AchievementEnabler","BaseMod","Colored Map","Colored Powertips","DeckTracker","Minty Spire (QoL Compilation)","Permanent Neow","Quick Restart","StSLib","SuperFastMode"],"gold_per_floor":[115,135,55,55,130,130,144,174,174,174,188,188,208,221,221,326,326,341,354,354,135,149,149,182,182,236,236,236],"floor_reached":27,"language":"KOR","playtime":659,"items_purged":["Strike_B"],"score":256,"play_id":"a4add776-4711-4dff-94ab-f3a452f05fc6","local_time":"20210209200115","is_ascension_mode":true,"campfire_choices":[{"data":"Hologram","floor":6.0,"key":"SMITH"},{"data":"Static Discharge","floor":10.0,"key":"SMITH"},{"data":"Conserve Battery","floor":12.0,"key":"SMITH"},{"data":"Loop","floor":15.0,"key":"SMITH"},{"floor":23.0,"key":"REST"},{"floor":25.0,"key":"REST"}],"circlet_count":0,"master_deck":["Strike_B","Defend_B","Defend_B","Defend_B","Defend_B","Zap+1","Dualcast","Rebound","Hologram+1","Static Discharge+1","Doom and Gloom","Melter","Conserve Battery+1","Loop+1","Coolheaded","Multi-Cast","Conserve Battery","Seek","Storm","Storm"],"relics":["Cracked Core","Calipers","FossilizedHelix","Empty Cage","Ice Cream","Vajra"],"acts_visited":["Exordium","TheCity"],"potions_floor_usage":[],"damage_taken":[{"damage":0.0,"enemies":"Cultist","floor":1.0,"turns":3.0},{"damage":0.0,"enemies":"2 Louse","floor":2.0,"turns":2.0},{"damage":0.0,"enemies":"Small Slimes","floor":7.0,"turns":2.0},{"damage":26.0,"enemies":"Lagavulin","floor":8.0,"turns":4.0},{"damage":0.0,"enemies":"Exordium Wildlife","floor":11.0,"turns":3.0},{"damage":0.0,"enemies":"Exordium Thugs","floor":13.0,"turns":3.0},{"damage":0.0,"enemies":"Blue Slaver","floor":14.0,"turns":4.0},{"damage":1.0,"enemies":"Slime Boss","floor":16.0,"turns":8.0},{"damage":5.0,"enemies":"3 Byrds","floor":18.0,"turns":2.0},{"damage":11.0,"enemies":"Chosen","floor":19.0,"turns":4.0},{"damage":22.0,"enemies":"3 Cultists","floor":22.0,"turns":4.0},{"damage":26.0,"enemies":"Gremlin Leader","floor":24.0,"turns":5.0},{"damage":60,"enemies":"Slavers","floor":27,"turns":3}],"seed_played":"2142391714251565789","potions_obtained":[{"floor":2.0,"key":"Energy Potion"},{"floor":11.0,"key":"ColorlessPotion"},{"floor":14.0,"key":"BlessingOfTheForge"},{"floor":19.0,"key":"EssenceOfSteel"}],"is_trial":false,"path_per_floor":["M","M","$","$","?","R","M","E","T","R","M","R","M","M","R","B",null,"M","M","?","$","M","R","E","R","T","E"],"character_chosen":"DEFECT","items_purchased":["Static Discharge","Seek","Storm"],"campfire_rested":2,"item_purchase_floors":[3,21,21],"current_hp_per_floor":[75,75,75,75,68,68,68,42,42,42,42,42,42,42,42,41,75,70,59,59,59,37,59,33,55,55,0,0],"gold":236,"neow_bonus":"UPGRADE_CARD","is_daily":false,"chose_seed":false,"campfire_upgraded":4,"win_rate":0.0,"timestamp":1612868475,"path_taken":["M","M","?","$","?","R","M","E","T","R","M","R","M","?","R","BOSS","M","M","?","$","M","R","E","R","T","E"],"items_purchased_type":["Card","Card","Card"],"build_version":"2020-12-22","purchased_purges":1,"victory":false,"max_hp_per_floor":[75,75,75,75,75,75,75,75,75,75,75,75,75,75,75,75,75,75,75,75,75,75,75,75,75,75,75,75],"card_choices":[{"not_picked":["Aggregate","Sweeping Beam"],"picked":"Rebound","floor":1.0},{"not_picked":["Capacitor","Go for the Eyes"],"picked":"Hologram","floor":2.0},{"not_picked":["Barrage","Redo"],"picked":"Doom and Gloom","floor":7.0},{"not_picked":["Fission","White Noise"],"picked":"Melter","floor":8.0},{"not_picked":["Cold Snap","Barrage"],"picked":"Conserve Battery","floor":11.0},{"not_picked":["Chill","Genetic Algorithm"],"picked":"Loop","floor":13.0},{"not_picked":["Ball Lightning","Turbo"],"picked":"Coolheaded","floor":14.0},{"not_picked":["Buffer","Thunder Strike"],"picked":"Multi-Cast","floor":16.0},{"not_picked":["Reprogram+1","Rebound"],"picked":"Conserve Battery","floor":18.0},{"not_picked":["Stack","Compile Driver+1","Blizzard"],"picked":"SKIP","floor":19.0},{"not_picked":["FTL","Steam","Gash"],"picked":"SKIP","floor":22.0},{"not_picked":["Hologram+1","Doom and Gloom"],"picked":"Storm","floor":24.0}],"player_experience":261714,"relics_obtained":[{"floor":8.0,"key":"Calipers"},{"floor":9.0,"key":"FossilizedHelix"},{"floor":24.0,"key":"Ice Cream"},{"floor":26.0,"key":"Vajra"}],"event_choices":[{"damage_healed":0.0,"max_hp_gain":0.0,"max_hp_loss":0.0,"gold_gain":75.0,"event_name":"FaceTrader","player_choice":"Touch","floor":5.0,"gold_loss":0.0,"damage_taken":7.0},{"damage_healed":0.0,"max_hp_gain":0.0,"max_hp_loss":0.0,"gold_gain":0.0,"event_name":"Vampires","player_choice":"Ignored","floor":20.0,"gold_loss":0.0,"damage_taken":0.0}],"is_beta":false,"boss_relics":[{"not_picked":["SlaversCollar","Fusion Hammer"],"picked":"Empty Cage"}],"items_purged_floors":[21],"is_endless":false,"potions_floor_spawned":[2,11,14,19],"killed_by":"Slavers","ascension_level":2}}