{"host":"j37i0m9ltjmpbz2t","time":1612873463,"event":{"mods":["BaseMod","Minty Spire (QoL Compilation)","StSLib","The Construct","UnlockEverythingMod"],"gold_per_floor":[10013,10031,10106,23,43,74,74,74,74,97,97,125,144,175,475,576,576,595,694,769,149,149,180,180,208,234,14,46,46,56,76,76,176,176,186,204,88,98,98,125,5,5,30,30,30,57,75,92,92,92,92,92,92,122,122],"floor_reached":56,"language":"ZHS","playtime":3186,"items_purged":["construct:Defend_Gold","construct:Strike_Gold","construct:DefenseMode+1","construct:Strike_Gold+1"],"score":1829,"play_id":"1c4ef505-3e0c-454e-b64a-b1a50107e6ce","local_time":"20210209202423","is_ascension_mode":false,"campfire_choices":[{"floor":7.0,"key":"DIG"},{"floor":11.0,"key":"RECALL"},{"floor":15.0,"key":"DIG"},{"floor":24.0,"key":"DIG"},{"data":"1","floor":32.0,"key":"LIFT"},{"data":"2","floor":42.0,"key":"LIFT"},{"data":"3","floor":49,"key":"LIFT"},{"floor":52,"key":"DIG"}],"circlet_count":4,"master_deck":["construct:Strike_Gold+1","construct:Strike_Gold+1","construct:Defend_Gold+1","construct:Defend_Gold+1","construct:Defend_Gold+1","construct:Defend_Gold+1","construct:AttackMode+1","construct:Forcefield+2","construct:ForceCore+1","construct:ScrapCannon+1","construct:Bunker+1","construct:Autoturret+1","construct:Tumble+1","construct:HardReboot+1","construct:BatteryCore+1","construct:Autoturret+1","construct:ForceCore+1","construct:Autoturret+1","construct:Failsafe+1","construct:Construct_Overclock+1","construct:SaveState+1","construct:FlameCore+1","construct:ScopeCore+1","construct:PanicFire+1","construct:ChargeShot+1","construct:GuardCore+1","construct:GuardCore+1","construct:GuardCore+1","construct:GuardCore+1"],"relics":["construct:Cogwheel","NeowsBlessing","The Courier","Mango","Regal Pillow","Unceasing Top","Shovel","Sling","Blue Candle","Molten Egg 2","Girya","Bag of Marbles","Nunchaku","StoneCalendar","construct:MasterCore","construct:FoamFinger","Mercury Hourglass","Pantograph","Ornamental Fan","White Beast Statue","CaptainsWheel","Meat on the Bone","Tiny Chest","Incense Burner","Lantern","Bronze Scales","Matryoshka","Potion Belt","Vajra","Mummified Hand","War Paint","Gambling Chip","Art of War","InkBottle","Ginger","Pen Nib","Singing Bowl","TungstenRod","Ancient Tea Set","HornCleat","StrikeDummy","Eternal Feather","Toy Ornithopter","Question Card","Prayer Wheel","Bag of Preparation","construct:RocketBooster","Boot","Toxic Egg 2","Happy Flower","FossilizedHelix","Centennial Puzzle","Frozen Egg 2","Omamori","Blood Vial","WingedGreaves","Pear","MealTicket","Strawberry","Shuriken","construct:MegaBattery","Letter Opener","Gremlin Horn","Odd Mushroom","Bird Faced Urn","Juzu Bracelet","Old Coin","Fusion Hammer","Sundial","Bottled Lightning","Thread and Needle","Ice Cream","Torii","Lizard Tail","Orichalcum","Whetstone","Anchor","Oddly Smooth Stone","Sozu","DollysMirror","Calipers","Turnip","Circlet"],"acts_visited":["Exordium","TheCity","TheBeyond","TheEnding"],"potions_floor_usage":[55],"damage_taken":[{"damage":0.0,"enemies":"2 Louse","floor":1.0,"turns":1.0},{"damage":0.0,"enemies":"Jaw Worm","floor":2.0,"turns":1.0},{"damage":0.0,"enemies":"Cultist","floor":5.0,"turns":1.0},{"damage":0.0,"enemies":"Gremlin Nob","floor":6.0,"turns":2.0},{"damage":0.0,"enemies":"The Mushroom Lair","floor":10.0,"turns":1.0},{"damage":0.0,"enemies":"Lagavulin","floor":12.0,"turns":1.0},{"damage":0.0,"enemies":"Exordium Wildlife","floor":13.0,"turns":1.0},{"damage":0.0,"enemies":"3 Sentries","floor":14.0,"turns":2.0},{"damage":0.0,"enemies":"The Guardian","floor":16.0,"turns":3.0},{"damage":0.0,"enemies":"3 Byrds","floor":18.0,"turns":1.0},{"damage":0.0,"enemies":"Slavers","floor":23.0,"turns":2.0},{"damage":0.0,"enemies":"Book of Stabbing","floor":25.0,"turns":2.0},{"damage":0.0,"enemies":"Slavers","floor":28.0,"turns":2.0},{"damage":0.0,"enemies":"Spheric Guardian","floor":30.0,"turns":2.0},{"damage":0.0,"enemies":"Snecko","floor":31.0,"turns":2.0},{"damage":0.0,"enemies":"Automaton","floor":33.0,"turns":3.0},{"damage":0.0,"enemies":"3 Darklings","floor":35.0,"turns":2.0},{"damage":0.0,"enemies":"Orb Walker","floor":36.0,"turns":1.0},{"damage":0.0,"enemies":"Maw","floor":38.0,"turns":2.0},{"damage":0.0,"enemies":"Giant Head","floor":40.0,"turns":3.0},{"damage":0,"enemies":"Nemesis","floor":46,"turns":1},{"damage":0,"enemies":"3 Darklings","floor":47,"turns":1},{"damage":0,"enemies":"4 Shapes","floor":48,"turns":1},{"damage":0,"enemies":"Donu and Deca","floor":50,"turns":2},{"damage":0,"enemies":"Shield and Spear","floor":54,"turns":1},{"damage":0,"enemies":"The Heart","floor":55,"turns":4}],"seed_played":"-3173202126644890624","potions_obtained":[{"floor":1.0,"key":"Energy Potion"},{"floor":5.0,"key":"Regen Potion"},{"floor":6.0,"key":"Explosive Potion"},{"floor":10.0,"key":"SkillPotion"},{"floor":12.0,"key":"SmokeBomb"},{"floor":13.0,"key":"PowerPotion"},{"floor":16.0,"key":"FearPotion"}],"is_trial":false,"path_per_floor":["M","M","?","$","M","E","R","?","T","?","R","E","M","E","R","B",null,"M","?","T","$","?","E","R","E","T","$","E","?","M","M","R","B",null,"M","M","$","M","T","E","$","R","T","?","$","E","M","M","R","B",null,"R","$","E","B",null],"character_chosen":"THE_CONSTRUCT_MOD","items_purchased":["Mango","Regal Pillow","Unceasing Top","Shovel","Sling","Blue Candle","Molten Egg 2","Girya","Bag of Marbles","Nunchaku","StoneCalendar","construct:MasterCore","construct:FoamFinger","Mercury Hourglass","Pantograph","Ornamental Fan","White Beast Statue","CaptainsWheel","Meat on the Bone","Tiny Chest","Incense Burner","Lantern","Bronze Scales","construct:ScrapCannon+1","Matryoshka","Potion Belt","Vajra","Mummified Hand","War Paint","Gambling Chip","Art of War","InkBottle","Ginger","Pen Nib","Singing Bowl","TungstenRod","Ancient Tea Set","HornCleat","StrikeDummy","Eternal Feather","Toy Ornithopter","Question Card","Prayer Wheel","Bag of Preparation","construct:RocketBooster","Boot","Toxic Egg 2","Happy Flower","FossilizedHelix","Centennial Puzzle","Frozen Egg 2","Omamori","Blood Vial","WingedGreaves","Pear","MealTicket","Strawberry","Bottled Lightning","Thread and Needle","construct:Autoturret+1","construct:Failsafe+1","Anchor","DollysMirror"],"campfire_rested":0,"item_purchase_floors":[4,4,4,4,4,4,4,4,4,4,4,4,4,4,4,4,4,4,4,4,4,4,4,4,4,4,4,4,4,4,4,4,4,4,4,4,4,4,4,4,4,4,4,4,4,4,4,4,4,4,4,4,4,4,4,4,4,21,21,21,21,27,37],"current_hp_per_floor":[300,300,289,320,324,326,333,333,333,333,333,335,337,337,337,339,339,339,339,339,339,339,341,341,341,341,341,341,341,345,347,347,347,347,349,351,351,353,353,355,355,355,355,357,357,359,363,365,365,365,365,365,365,367,367],"gold":122,"neow_bonus":"THREE_ENEMY_KILL","is_daily":false,"chose_seed":false,"campfire_upgraded":0,"win_rate":0.0,"timestamp":1612873463,"path_taken":["M","M","?","$","M","E","R","?","T","?","R","E","M","E","R","BOSS","M","?","?","$","?","E","R","E","T","?","E","?","M","M","R","BOSS","M","M","$","M","?","E","?","R","T","?","$","E","M","M","R","BOSS","R","$","E","BOSS"],"items_purchased_type":["Relic","Relic","Relic","Relic","Relic","Relic","Relic","Relic","Relic","Relic","Relic","Relic","Relic","Relic","Relic","Relic","Relic","Relic","Relic","Relic","Relic","Relic","Relic","Card","Relic","Relic","Relic","Relic","Relic","Relic","Relic","Relic","Relic","Relic","Relic","Relic","Relic","Relic","Relic","Relic","Relic","Relic","Relic","Relic","Relic","Relic","Relic","Relic","Relic","Relic","Relic","Relic","Relic","Relic","Relic","Relic","Relic","Relic","Relic","Card","Card","Relic","Relic"],"build_version":"2020-12-22","purchased_purges":4,"victory":true,"max_hp_per_floor":[300,300,300,331,333,333,333,333,333,333,333,335,337,337,337,339,339,339,339,339,339,339,341,341,341,341,341,341,341,345,347,347,347,347,349,351,351,353,353,355,355,355,355,357,357,359,363,365,365,365,365,365,365,367,367],"card_choices":[{"not_picked":["construct:Forcefield","construct:Missile","construct:Analyze"],"picked":"SKIP","floor":1.0},{"not_picked":["construct:Missile","construct:Analyze"],"picked":"construct:Forcefield","floor":1.0},{"not_picked":["construct:MetalShell","construct:Backfire"],"picked":"construct:ForceCore","floor":2.0},{"not_picked":["construct:Forcefield+1","construct:FocusedBeam+1","construct:Reinforce+1","construct:Backfire+1"],"picked":"Singing Bowl","floor":5.0},{"not_picked":["construct:Analyze+1","construct:GuardCore+1","construct:Backfire+1"],"picked":"construct:Bunker+1","floor":5.0},{"not_picked":["construct:QuickAttack+1","construct:ReactiveShield+1","construct:SyphonStrike+1"],"picked":"construct:Autoturret+1","floor":6.0},{"not_picked":["construct:ModeShift+1","construct:Analyze+1","construct:Backfire+1"],"picked":"construct:Tumble+1","floor":10.0},{"not_picked":["construct:ModeShift+1","construct:CripplingShot+1","construct:Impenetrable+1","construct:ShiftStrike+1"],"picked":"Singing Bowl","floor":12.0},{"not_picked":["construct:SweepLaser+1","construct:Backfire+1","construct:UnbalancingBlast+1","construct:ModeShift+1"],"picked":"Singing Bowl","floor":13.0},{"not_picked":["construct:SweepLaser+1","construct:ElectricArmor+1","construct:FierceBash+1"],"picked":"construct:HardReboot+1","floor":13.0},{"not_picked":["construct:SaveState+1","construct:ClusterMines+1","construct:ShieldBurst+1"],"picked":"construct:BatteryCore+1","floor":14.0},{"not_picked":["construct:GatlingGun+1","construct:GoldenBullet+1","construct:ShiftingStance+1","construct:LongRangeLance+1"],"picked":"Singing Bowl","floor":16.0},{"not_picked":["construct:ElectricArmor+1","construct:Boost+1","construct:Accumulate+1"],"picked":"construct:Autoturret+1","floor":18.0},{"not_picked":["construct:Enhance+1","construct:ClusterMines+1","construct:Anticipate+1"],"picked":"construct:ForceCore+1","floor":18.0},{"not_picked":["construct:Backfire+1","construct:GatlingGun+1","construct:SuppressiveFire+1","construct:ClockworkEgg+1"],"picked":"Singing Bowl","floor":23.0},{"not_picked":["construct:Forcefield+1","construct:LaserCore+1","construct:ClusterMines+1"],"picked":"construct:Construct_Overclock+1","floor":25.0},{"not_picked":["construct:Anticipate+1","construct:Backfire+1","construct:Forcefield+1"],"picked":"construct:SaveState+1","floor":28.0},{"not_picked":["construct:Chainstrike+1","construct:Boost+1","construct:OneWayMirror+1","construct:Overcharge+1"],"picked":"Singing Bowl","floor":30.0},{"not_picked":["construct:SweepLaser+1","construct:FierceBash+1","construct:Accumulate+1","construct:CripplingShot+1"],"picked":"Singing Bowl","floor":30.0},{"not_picked":["construct:CripplingShot+1","construct:Backup+1","construct:GatlingGun+1"],"picked":"construct:ScopeCore+1","floor":31.0},{"not_picked":["construct:VentSteam+1","construct:FocusedBeam+1","construct:Versatility+1","construct:Failsafe+1"],"picked":"Singing Bowl","floor":31.0},{"not_picked":["construct:Multistage+1","construct:SiegeForm+1","construct:LongRangeLance+1"],"picked":"construct:PanicFire+1","floor":33.0},{"not_picked":["construct:SyphonStrike+1","construct:QuickAttack+1","construct:Anticipate+1","construct:ShiftStrike+1"],"picked":"Singing Bowl","floor":35.0},{"not_picked":["construct:Isolate+1","construct:Missile+1","construct:VentSteam+1"],"picked":"construct:ChargeShot+1","floor":35.0},{"not_picked":["construct:Forcefield+1","construct:GoldenBullet+1","construct:Missile+1"],"picked":"construct:GuardCore+1","floor":36.0},{"not_picked":["construct:Autoturret+1","construct:Forcefield+1","construct:Stasis+1","construct:ScrapCannon+1"],"picked":"Singing Bowl","floor":36.0},{"not_picked":["construct:GatlingGun+1","construct:ShiftGuard+1","construct:Analyze+1","construct:VentSteam+1"],"picked":"Singing Bowl","floor":38.0},{"not_picked":["construct:Chainstrike+1","construct:ClusterMines+1","construct:ModeShift+1"],"picked":"construct:GuardCore+1","floor":38.0},{"not_picked":["construct:SweepLaser+1","construct:Boost+1","construct:SyphonStrike+1","construct:ElectricArmor+1"],"picked":"Singing Bowl","floor":40.0},{"not_picked":["Mind Blast+1","Good Instincts+1","Blind+1","Flash of Steel+1"],"picked":"Singing Bowl","floor":44},{"not_picked":["construct:Analyze+1","construct:Accumulate+1","construct:SuppressiveFire+1","construct:Synchronize+1"],"picked":"Singing Bowl","floor":46},{"not_picked":["construct:Versatility+1","construct:MemoryTap+1","construct:SyphonStrike+1","construct:ClusterMines+1"],"picked":"Singing Bowl","floor":47},{"not_picked":["construct:PointDefense+1","construct:BatteryAcid+1","construct:Failsafe+1","construct:Accumulate+1"],"picked":"Singing Bowl","floor":47},{"not_picked":["construct:CripplingShot+1","construct:HardReboot+1","construct:Synchronize+1","construct:Antimatter+1"],"picked":"Singing Bowl","floor":48},{"not_picked":["construct:QuickAttack+1","construct:Accumulate+1","construct:Boost+1"],"picked":"construct:GuardCore+1","floor":48},{"not_picked":["construct:ShiftGuard+1","construct:OneWayMirror+1","construct:Disrupt+1","construct:Boost+1"],"picked":"Singing Bowl","floor":54}],"player_experience":182762,"relics_obtained":[{"floor":6.0,"key":"Shuriken"},{"floor":7.0,"key":"construct:MegaBattery"},{"floor":9.0,"key":"Letter Opener"},{"floor":9.0,"key":"Gremlin Horn"},{"floor":10.0,"key":"Odd Mushroom"},{"floor":12.0,"key":"Bird Faced Urn"},{"floor":14.0,"key":"Juzu Bracelet"},{"floor":15.0,"key":"Old Coin"},{"floor":20.0,"key":"Sundial"},{"floor":23.0,"key":"Torii"},{"floor":24.0,"key":"Lizard Tail"},{"floor":25.0,"key":"Orichalcum"},{"floor":26.0,"key":"Whetstone"},{"floor":28.0,"key":"Oddly Smooth Stone"},{"floor":39.0,"key":"Calipers"},{"floor":40.0,"key":"Turnip"},{"floor":43.0,"key":"Circlet"},{"floor":46,"key":"Circlet"},{"floor":52,"key":"Circlet"},{"floor":54,"key":"Circlet"}],"event_choices":[{"damage_healed":0.0,"max_hp_gain":0.0,"max_hp_loss":0.0,"gold_gain":75.0,"event_name":"World of Goop","player_choice":"Gather Gold","floor":3.0,"gold_loss":0.0,"damage_taken":11.0},{"cards_removed":["construct:Strike_Gold"],"damage_healed":0.0,"max_hp_gain":0.0,"max_hp_loss":0.0,"gold_gain":0.0,"event_name":"Living Wall","player_choice":"Forget","floor":8.0,"gold_loss":0.0,"damage_taken":0.0},{"damage_healed":0.0,"max_hp_gain":0.0,"max_hp_loss":0.0,"gold_gain":0.0,"event_name":"Mushrooms","player_choice":"Fought Mushrooms","floor":10.0,"gold_loss":0.0,"damage_taken":0.0},{"damage_healed":0.0,"max_hp_gain":0.0,"max_hp_loss":0.0,"gold_gain":99.0,"event_name":"Nest","player_choice":"Stole From Cult","floor":19.0,"gold_loss":0.0,"damage_taken":0.0},{"damage_healed":0.0,"max_hp_gain":0.0,"max_hp_loss":0.0,"gold_gain":0.0,"event_name":"The Mausoleum","player_choice":"Opened","floor":22.0,"gold_loss":0.0,"damage_taken":0.0,"relics_obtained":["Ice Cream"]},{"damage_healed":0.0,"max_hp_gain":0.0,"max_hp_loss":0.0,"gold_gain":0.0,"event_name":"The Library","player_choice":"Read","floor":29.0,"gold_loss":0.0,"damage_taken":0.0,"cards_obtained":["construct:FlameCore"]},{"damage_healed":0,"gold_gain":0,"player_choice":"Memory 1","damage_taken":0,"max_hp_gain":0,"max_hp_loss":0,"event_name":"SensoryStone","floor":44,"gold_loss":0}],"is_beta":false,"boss_relics":[{"not_picked":["Cursed Key","SlaversCollar"],"picked":"Fusion Hammer"},{"not_picked":["Pandora\u0027s Box","Astrolabe"],"picked":"Sozu"}],"items_purged_floors":[4,21,27,41],"is_endless":false,"potions_floor_spawned":[1,5,6,10,12,13,14,16,18,23,25,28,30,31,33,35,36,38,40,46,47,48,54],"ascension_level":0}}