{"host":"fdq5pmhluajjrf8d","time":1612829584,"event":{"mods":["BaseMod","Minty Spire (QoL Compilation)"],"gold_per_floor":[114,132,144,164,182,182,210,210,210,210,210,242,242,252,252,252,252],"floor_reached":16,"language":"ENG","playtime":732,"items_purged":[],"score":224,"play_id":"fcb56d15-3f65-407f-bd30-402aee38898a","local_time":"20210208191304","is_ascension_mode":true,"campfire_choices":[{"floor":6,"key":"REST"},{"floor":8,"key":"REST"},{"floor":10,"key":"REST"},{"data":"Redo","floor":13,"key":"SMITH"},{"floor":15,"key":"REST"}],"circlet_count":0,"master_deck":["AscendersBane","Strike_B","Strike_B","Strike_B","Defend_B","Defend_B","Zap","Dualcast","Doom and Gloom","Glacier","Conserve Battery","Double Energy","Redo+1","Blizzard"],"relics":["Cracked Core","Shuriken","Bag of Marbles","Blood Vial"],"acts_visited":["Exordium"],"potions_floor_usage":[12,16,16],"damage_taken":[{"damage":0,"enemies":"2 Louse","floor":1,"turns":3},{"damage":0,"enemies":"Cultist","floor":2,"turns":3},{"damage":12,"enemies":"Jaw Worm","floor":3,"turns":3},{"damage":4,"enemies":"Exordium Wildlife","floor":4,"turns":4},{"damage":8,"enemies":"Blue Slaver","floor":5,"turns":4},{"damage":28,"enemies":"Lagavulin","floor":7,"turns":6},{"damage":32,"enemies":"Gremlin Nob","floor":12,"turns":5},{"damage":0,"enemies":"3 Louse","floor":14,"turns":1},{"damage":53,"enemies":"Hexaghost","floor":16,"turns":11}],"seed_played":"4259101818533776560","potions_obtained":[{"floor":5,"key":"PotionOfCapacity"},{"floor":12,"key":"SteroidPotion"},{"floor":14,"key":"DuplicationPotion"}],"is_trial":false,"path_per_floor":["M","M","M","M","M","R","E","R","T","R","?","E","R","M","R","B"],"character_chosen":"DEFECT","items_purchased":[],"campfire_rested":4,"item_purchase_floors":[],"current_hp_per_floor":[46,46,34,30,22,43,15,36,36,57,57,25,25,27,48,0,0],"gold":252,"neow_bonus":"TRANSFORM_TWO_CARDS","is_daily":false,"chose_seed":false,"campfire_upgraded":1,"win_rate":0.0,"timestamp":1612829584,"path_taken":["M","M","M","M","M","R","E","R","T","R","?","E","R","?","R","BOSS"],"items_purchased_type":[],"build_version":"2020-12-22","purchased_purges":0,"victory":false,"max_hp_per_floor":[71,71,71,71,71,71,71,71,71,71,71,71,71,71,71,71,71],"card_choices":[{"not_picked":["Rebound","Coolheaded"],"picked":"Conserve Battery","floor":1},{"not_picked":["Tempest","Compile Driver"],"picked":"Double Energy","floor":2},{"not_picked":["Gash","Reinforced Body"],"picked":"Redo","floor":3},{"not_picked":["Hyperbeam","Coolheaded","Turbo"],"picked":"SKIP","floor":4},{"not_picked":["Force Field","Steam Power","Streamline"],"picked":"SKIP","floor":5},{"not_picked":["Steam","Double Energy"],"picked":"Blizzard","floor":7},{"not_picked":["Fusion","Rebound","Streamline"],"picked":"SKIP","floor":12},{"not_picked":["Turbo","Chaos","Ball Lightning"],"picked":"SKIP","floor":14}],"player_experience":1975297,"relics_obtained":[{"floor":7,"key":"Shuriken"},{"floor":9,"key":"Bag of Marbles"},{"floor":12,"key":"Blood Vial"}],"event_choices":[{"cards_removed":["Defend_B"],"damage_healed":0,"gold_gain":0,"player_choice":"Purged","damage_taken":0,"max_hp_gain":0,"max_hp_loss":0,"event_name":"Purifier","floor":11,"gold_loss":0}],"is_beta":false,"boss_relics":[],"items_purged_floors":[],"is_endless":false,"potions_floor_spawned":[5,12,14],"killed_by":"Hexaghost","ascension_level":20}}