{"host":"36qke0usa4c48kdx","time":1612857441,"event":{"mods":["AchievementEnabler","BaseMod","Colored Map","Downfall","Hermit","Marisa????????","Minty Spire (QoL Compilation)","READ ME - Guardian Mod","Replay The Spire","StSLib","The Bug Knight","The Cursed","The Disciple","The Jungle","The Servant 0.9.4"],"gold_per_floor":[111,122,122,231,256,288,288,288,315,344,344,22,22,38,38,133,133,145,164,164,164,214,228,257,17,44,44,76,76,94,94,94,94,94],"floor_reached":33,"language":"ENG","playtime":2108,"items_purged":["Defend_S","Replay:Sluggish"],"score":390,"play_id":"0972f19c-640d-4347-b253-42445c4bf27d","local_time":"20210209085721","is_ascension_mode":true,"campfire_choices":[{"floor":8.0,"key":"REST"},{"data":"TimeTheft","floor":11.0,"key":"SMITH"},{"floor":15.0,"key":"REST"},{"floor":27.0,"key":"REST"},{"floor":29.0,"key":"REST"},{"data":"PendulumOfEternity","floor":32.0,"key":"SMITH"}],"circlet_count":0,"master_deck":["Strike_S+1","Strike_S+1","Strike_S+1","Defend_S+1","Defend_S+1","Defend_S+1","KidneyShot+1","Exchange","Snipe+1","Deadline","Ricochet","ShatteredReality","TrueSight+1","TimeTheft+1","Hightail","Moondial","PendulumOfEternity+1","Defy","SilverBlades","SwitchThreat","Initiator","FlawlessForm","Solidify","Solidify","DoubleEdge+1"],"relics":["Uniform","NeowsBlessing","Oddly Smooth Stone","Replay:Baseball","PreservedInsect","Whetstone","Shuriken","Philosopher\u0027s Stone","Ring of Fury","Ring of Hypnosis","Bag of Preparation","ReplayTheSpireMod:CursedCoin","FossilizedHelix","Lantern","Molten Egg 2"],"acts_visited":["Exordium","TheCity"],"potions_floor_usage":[33],"damage_taken":[{"damage":0.0,"enemies":"Cultist","floor":1.0,"turns":1.0},{"damage":0.0,"enemies":"2 Louse","floor":2.0,"turns":1.0},{"damage":0.0,"enemies":"3 Sentries","floor":6.0,"turns":1.0},{"damage":11.0,"enemies":"Lagavulin","floor":10.0,"turns":3.0},{"damage":12.0,"enemies":"Jaw Worm","floor":14.0,"turns":4.0},{"damage":4.0,"enemies":"Hexaghost","floor":16.0,"turns":9.0},{"damage":17.0,"enemies":"Shell Parasite","floor":18.0,"turns":4.0},{"damage":14.0,"enemies":"Centurion and Healer","floor":19.0,"turns":6.0},{"damage":13.0,"enemies":"Cultist and Chosen","floor":23.0,"turns":5.0},{"damage":20.0,"enemies":"Book of Stabbing","floor":24.0,"turns":4.0},{"damage":0.0,"enemies":"HollowMod:Nosk","floor":28.0,"turns":5.0},{"damage":0.0,"enemies":"Sentry and Sphere","floor":30.0,"turns":3.0},{"damage":41,"enemies":"Collector","floor":33,"turns":3}],"seed_played":"-1216840442631950457","potions_obtained":[{"floor":6.0,"key":"AttackPotion"},{"floor":10.0,"key":"SkillPotion"},{"floor":23.0,"key":"LiquidBronze"},{"floor":30.0,"key":"Doom Potion"}],"is_trial":false,"path_per_floor":["M","M","?","?","T","E","?","R","T","E","R","$","?","M","R","B",null,"M","M","?","?","$","M","E","$","T","R","E","R","M","?","R","B"],"character_chosen":"THE_SERVANT","items_purchased":["Shuriken","ReplayTheSpireMod:CursedCoin","FlawlessForm","Solidify"],"campfire_rested":4,"item_purchase_floors":[12,22,25,25],"current_hp_per_floor":[65,65,52,26,26,26,26,45,45,34,34,34,34,22,41,37,65,48,34,34,34,34,21,1,1,1,20,20,39,39,39,39,0,0],"gold":94,"neow_bonus":"THREE_ENEMY_KILL","is_daily":false,"chose_seed":false,"campfire_upgraded":2,"win_rate":0.0,"timestamp":1612857441,"path_taken":["M","?","?","?","?","E","?","R","T","E","R","$","?","?","R","BOSS","M","M","?","?","?","M","E","$","T","R","E","R","?","?","R","BOSS"],"items_purchased_type":["Relic","Relic","Card","Card"],"build_version":"2020-12-22","purchased_purges":2,"victory":false,"max_hp_per_floor":[65,65,65,65,65,65,65,65,65,65,65,65,65,65,65,65,65,65,65,65,65,65,65,65,65,65,65,65,65,65,65,65,65,65],"card_choices":[{"not_picked":["Spin","Collapse"],"picked":"Snipe","floor":1.0},{"not_picked":["TimeWarp","FastForward"],"picked":"Deadline","floor":2.0},{"not_picked":["TimeWarp","Potential"],"picked":"Ricochet","floor":4.0},{"not_picked":["Revamp","Ricochet"],"picked":"ShatteredReality","floor":4.0},{"not_picked":["Rearm","Advance"],"picked":"TrueSight","floor":6.0},{"not_picked":["Ricochet","Unruled"],"picked":"TimeTheft","floor":10.0},{"not_picked":["Moonlight","FastForward"],"picked":"Moondial","floor":14.0},{"not_picked":["MurderousAura","TrueSight"],"picked":"PendulumOfEternity","floor":16.0},{"not_picked":["Replace","StarChef"],"picked":"Defy","floor":18.0},{"not_picked":["Orbit+1","DancingSilver"],"picked":"SilverBlades","floor":19.0},{"not_picked":["BottledTime","DoubleEdge","Potential"],"picked":"SKIP","floor":23.0},{"not_picked":["Reset+1","Luminosity"],"picked":"Initiator","floor":24.0},{"not_picked":["Revamp","FastForward"],"picked":"DoubleEdge+1","floor":28.0},{"not_picked":["Defy","DoubleEdge+1","Rewind+1"],"picked":"SKIP","floor":30.0}],"player_experience":749228,"relics_obtained":[{"floor":5.0,"key":"Oddly Smooth Stone"},{"floor":6.0,"key":"Replay:Baseball"},{"floor":9.0,"key":"PreservedInsect"},{"floor":10.0,"key":"Whetstone"},{"floor":20.0,"key":"Ring of Fury"},{"floor":20.0,"key":"Ring of Hypnosis"},{"floor":24.0,"key":"FossilizedHelix"},{"floor":26.0,"key":"Lantern"},{"floor":28.0,"key":"Molten Egg 2"}],"event_choices":[{"damage_healed":0.0,"max_hp_gain":0.0,"max_hp_loss":0.0,"gold_gain":0.0,"event_name":"Shining Light","player_choice":"Entered Light","floor":3.0,"gold_loss":0.0,"damage_taken":13.0,"cards_upgraded":["Defend_S","Defend_S"]},{"damage_healed":0.0,"max_hp_gain":0.0,"max_hp_loss":0.0,"gold_gain":0.0,"cards_transformed":["Strike_S"],"event_name":"Transmorgrifier","player_choice":"Transformed","floor":13.0,"gold_loss":0.0,"damage_taken":0.0,"cards_obtained":["Hightail"]},{"damage_healed":0.0,"max_hp_gain":0.0,"max_hp_loss":0.0,"gold_gain":0.0,"event_name":"Back to Basics","player_choice":"Simplicity","floor":31.0,"gold_loss":0.0,"damage_taken":0.0,"cards_upgraded":["Strike_S","Strike_S","Strike_S","Defend_S"]}],"is_beta":false,"boss_relics":[{"not_picked":["Black Star","Runic Dome"],"picked":"Philosopher\u0027s Stone"}],"items_purged_floors":[12,22],"is_endless":false,"potions_floor_spawned":[6,10,23,30],"killed_by":"Collector","ascension_level":3}}