{"host":"soyfmymeou4emntr","time":1612837997,"event":{"mods":["BaseMod","Minty Spire (QoL Compilation)","Permanent Neow","Relic Sorter","Relic Stats","StSLib"],"gold_per_floor":[110,121,133,54,104,133,133,151,231,231,263,263,11,28,28,102,102,120,35,35,54,54,54,66,66,66,100,120,138,166,216,216,288,288,308,319,319,329,349,349,374,374,374,402,419,419,419],"floor_reached":46,"language":"ENG","playtime":7787,"items_purged":[],"score":1160,"play_id":"b242c9cf-df80-4d3d-a625-c81c3840b954","local_time":"20210208193317","is_ascension_mode":true,"campfire_choices":[{"data":"Doom and Gloom","floor":7.0,"key":"SMITH"},{"data":"Loop","floor":12.0,"key":"SMITH"},{"data":"Coolheaded","floor":15.0,"key":"SMITH"},{"data":"Biased Cognition","floor":23.0,"key":"SMITH"},{"data":"Chill","floor":25.0,"key":"SMITH"},{"floor":32.0,"key":"REST"},{"data":"Recycle","floor":40,"key":"SMITH"},{"floor":42,"key":"REST"}],"circlet_count":0,"master_deck":["AscendersBane","Zap","Dualcast","Genetic Algorithm","Doom and Gloom+1","Rebound","Loop+1","Chill+1","Coolheaded+1","Melter+1","Reboot","Core Surge+1","Biased Cognition+1","Recycle+1","FTL+1","Hyperbeam+1","Ball Lightning+1","Machine Learning","Scrape+1","Blizzard+1","Cold Snap+1","Decay","Glacier","Barrage+1","Multi-Cast+1","Chill","Thunder Strike+1","Sweeping Beam+1","Turbo","Hologram","Decay","Blizzard+1"],"relics":["Cracked Core","NeowsBlessing","Gambling Chip","Molten Egg 2","Anchor","Pandora\u0027s Box","Nunchaku","Bag of Preparation","Pear","DataDisk","Cursed Key","Letter Opener","Boot"],"acts_visited":["Exordium","TheCity","TheBeyond"],"potions_floor_usage":[41,46],"damage_taken":[{"damage":0.0,"enemies":"Cultist","floor":1.0,"turns":1.0},{"damage":0.0,"enemies":"Jaw Worm","floor":2.0,"turns":1.0},{"damage":0.0,"enemies":"2 Louse","floor":3.0,"turns":2.0},{"damage":19.0,"enemies":"Lagavulin","floor":6.0,"turns":7.0},{"damage":4.0,"enemies":"Exordium Wildlife","floor":8.0,"turns":4.0},{"damage":22.0,"enemies":"Gremlin Nob","floor":11.0,"turns":4.0},{"damage":13.0,"enemies":"Exordium Thugs","floor":14.0,"turns":4.0},{"damage":4.0,"enemies":"The Guardian","floor":16.0,"turns":9.0},{"damage":0.0,"enemies":"Spheric Guardian","floor":18.0,"turns":1.0},{"damage":1.0,"enemies":"2 Thieves","floor":21.0,"turns":2.0},{"damage":5.0,"enemies":"3 Cultists","floor":24.0,"turns":3.0},{"damage":15.0,"enemies":"Book of Stabbing","floor":27.0,"turns":6.0},{"damage":6.0,"enemies":"Shelled Parasite and Fungi","floor":28.0,"turns":4.0},{"damage":0.0,"enemies":"Snecko","floor":29.0,"turns":5.0},{"damage":16.0,"enemies":"Slavers","floor":30.0,"turns":5.0},{"damage":0.0,"enemies":"Automaton","floor":33.0,"turns":10.0},{"damage":9,"enemies":"Orb Walker","floor":35,"turns":4},{"damage":0,"enemies":"3 Shapes","floor":36,"turns":3},{"damage":1,"enemies":"Maw","floor":38,"turns":6},{"damage":0,"enemies":"4 Shapes","floor":39,"turns":3},{"damage":36,"enemies":"Reptomancer","floor":41,"turns":4},{"damage":30,"enemies":"Nemesis","floor":44,"turns":7},{"damage":0,"enemies":"Jaw Worm Horde","floor":45,"turns":4},{"damage":21,"enemies":"Giant Head","floor":46,"turns":9}],"seed_played":"6593184151857874581","potions_obtained":[{"floor":2.0,"key":"Dexterity Potion"},{"floor":3.0,"key":"DuplicationPotion"},{"floor":14.0,"key":"LiquidBronze"},{"floor":24.0,"key":"SteroidPotion"},{"floor":30.0,"key":"Dexterity Potion"},{"floor":36,"key":"GamblersBrew"},{"floor":41,"key":"SpeedPotion"},{"floor":44,"key":"SkillPotion"}],"is_trial":false,"path_per_floor":["M","M","M","$","?","E","R","M","T","?","E","R","$","M","R","B",null,"M","?","?","M","$","R","M","R","T","E","M","M","E","?","R","B",null,"M","M","?","M","M","R","E","R","T","E","M","E"],"character_chosen":"DEFECT","items_purchased":["Loop","Reboot","Regen Potion"],"campfire_rested":2,"item_purchase_floors":[4,13,13],"current_hp_per_floor":[64,64,64,64,64,45,45,41,41,34,12,12,12,11,11,7,55,55,55,55,54,54,54,49,49,49,44,38,38,22,22,46,46,72,63,63,63,62,62,62,26,50,50,20,20,0,0],"gold":419,"neow_bonus":"THREE_ENEMY_KILL","is_daily":false,"chose_seed":false,"campfire_upgraded":6,"win_rate":0.0,"timestamp":1612837997,"path_taken":["M","?","M","$","?","E","R","?","T","?","E","R","?","M","R","BOSS","M","?","?","M","$","R","M","R","T","E","M","M","E","?","R","BOSS","M","M","?","M","M","R","E","R","T","E","?","E"],"items_purchased_type":["Card","Card","Potion"],"build_version":"2020-12-22","purchased_purges":0,"victory":false,"max_hp_per_floor":[71,71,71,71,71,71,71,71,71,71,71,71,71,71,71,71,71,71,71,71,71,71,71,71,71,71,81,81,81,81,81,81,81,81,81,81,81,81,81,81,81,81,81,81,81,81,81],"relic_stats":{"Nunchaku":[13],"counters":[24,105],"Gambling Chip":[66],"Pandora\u0027s Box":["Recycle","FTL","Hyperbeam","Ball Lightning","Machine Learning","Scrape","Blizzard"],"Bag of Preparation":[26],"Letter Opener":[34],"Cursed Key":1,"Boot":[0],"obtain_stats":[{"Pear":27,"NeowsBlessing":0,"Bag of Preparation":26,"Letter Opener":41,"Cursed Key":34,"Boot":44,"Anchor":11,"Nunchaku":19,"DataDisk":30,"Gambling Chip":6,"Molten Egg 2":9,"Pandora\u0027s Box":17,"Cracked Core":0},{"Pear":12,"NeowsBlessing":0,"Bag of Preparation":11,"Letter Opener":21,"Cursed Key":16,"Boot":22,"Anchor":6,"Nunchaku":9,"DataDisk":15,"Gambling Chip":4,"Molten Egg 2":5,"Pandora\u0027s Box":8,"Cracked Core":0},{"Pear":43,"NeowsBlessing":0,"Bag of Preparation":37,"Letter Opener":85,"Cursed Key":67,"Boot":92,"Anchor":18,"Nunchaku":32,"DataDisk":57,"Gambling Chip":11,"Molten Egg 2":14,"Pandora\u0027s Box":31,"Cracked Core":0}]},"card_choices":[{"not_picked":["Go for the Eyes","Force Field"],"picked":"Genetic Algorithm","floor":1.0},{"not_picked":["Go for the Eyes","Blizzard"],"picked":"Doom and Gloom","floor":2.0},{"not_picked":["Hologram","Chaos"],"picked":"Rebound","floor":3.0},{"not_picked":["Redo","Leap"],"picked":"Chill","floor":6.0},{"not_picked":["Leap","Streamline"],"picked":"Coolheaded","floor":8.0},{"not_picked":["Beam Cell+1","Streamline+1"],"picked":"Melter+1","floor":11.0},{"not_picked":["Barrage+1","Darkness"],"picked":"Core Surge+1","floor":14.0},{"not_picked":["Electrodynamics","Meteor Strike+1"],"picked":"Biased Cognition","floor":16.0},{"not_picked":["Rip and Tear+1","Gash+1"],"picked":"Cold Snap+1","floor":18.0},{"not_picked":["Gash+1","Compile Driver+1"],"picked":"Glacier","floor":21.0},{"not_picked":["Darkness","Rebound+1","Ball Lightning+1"],"picked":"SKIP","floor":27.0},{"not_picked":["Compile Driver+1","Redo"],"picked":"Barrage+1","floor":28.0},{"not_picked":["Chill","Rebound+1"],"picked":"Multi-Cast","floor":29.0},{"not_picked":["Go for the Eyes+1","Leap"],"picked":"Chill","floor":30.0},{"not_picked":["Amplify","Meteor Strike+1"],"picked":"Thunder Strike+1","floor":33.0},{"not_picked":["Barrage+1","Gash+1"],"picked":"Sweeping Beam+1","floor":35},{"not_picked":["Steam","Sweeping Beam+1"],"picked":"Turbo","floor":36},{"not_picked":["Conserve Battery+1","Static Discharge","Barrage+1"],"picked":"SKIP","floor":38},{"not_picked":["Sweeping Beam+1","Lockon+1","Stack+1"],"picked":"SKIP","floor":39},{"not_picked":["Auto Shields","Gash+1"],"picked":"Hologram","floor":41},{"not_picked":["Coolheaded","Rainbow","Ball Lightning+1"],"picked":"SKIP","floor":44},{"not_picked":["Hologram","Coolheaded+1"],"picked":"Blizzard+1","floor":45}],"player_experience":3132966,"relics_obtained":[{"floor":6.0,"key":"Gambling Chip"},{"floor":9.0,"key":"Molten Egg 2"},{"floor":11.0,"key":"Anchor"},{"floor":26.0,"key":"Bag of Preparation"},{"floor":27.0,"key":"Pear"},{"floor":30.0,"key":"DataDisk"},{"floor":41,"key":"Letter Opener"},{"floor":44,"key":"Boot"}],"event_choices":[{"damage_healed":0.0,"max_hp_gain":0.0,"max_hp_loss":0.0,"gold_gain":50.0,"event_name":"Golden Shrine","player_choice":"Pray","floor":5.0,"gold_loss":0.0,"damage_taken":0.0},{"cards_removed":["Strike_B"],"damage_healed":0.0,"max_hp_gain":0.0,"max_hp_loss":0.0,"gold_gain":0.0,"event_name":"Golden Wing","player_choice":"Card Removal","floor":10.0,"gold_loss":0.0,"damage_taken":7.0},{"damage_healed":0.0,"max_hp_gain":0.0,"max_hp_loss":0.0,"gold_gain":0.0,"event_name":"Addict","player_choice":"Obtained Relic","floor":19.0,"gold_loss":85.0,"damage_taken":0.0,"relics_obtained":["Nunchaku"]},{"damage_healed":0.0,"max_hp_gain":0.0,"max_hp_loss":0.0,"gold_gain":0.0,"event_name":"Forgotten Altar","player_choice":"Smashed Altar","floor":20.0,"gold_loss":0.0,"damage_taken":0.0,"cards_obtained":["Decay"]},{"damage_healed":0.0,"max_hp_gain":0.0,"max_hp_loss":0.0,"gold_gain":50.0,"event_name":"Nest","player_choice":"Stole From Cult","floor":31.0,"gold_loss":0.0,"damage_taken":0.0},{"damage_healed":0,"gold_gain":0,"player_choice":"Forge","damage_taken":0,"max_hp_gain":0,"max_hp_loss":0,"event_name":"Accursed Blacksmith","floor":37,"gold_loss":0,"cards_upgraded":["Multi-Cast"]}],"is_beta":false,"boss_relics":[{"not_picked":["Snecko Eye","Runic Dome"],"picked":"Pandora\u0027s Box"},{"not_picked":["Tiny House","SacredBark"],"picked":"Cursed Key"}],"items_purged_floors":[],"is_endless":false,"potions_floor_spawned":[2,3,14,24,30,36,41,44],"killed_by":"Giant Head","ascension_level":20}}