{"host":"p1093t59nho0xj5h","time":1612913470,"event":{"mods":["2.2 Compatiblity","Act Like it!","BaseMod","Better Note","Better Synergies","Better Third Choice","BetterRewards","Bossed Relics","BshForSts","Colored Map","Colored Powertips","Communication Mod","Curses Come First","Displayed Cursed Tome","GifTheSpireLib","Highlight Path","Hubris","Minty Spire (QoL Compilation)","Permanent Neow","Quick Restart","Rare Cards Sparkle","Replay The Spire","Shop Mod","Small Relic Pack","StS++","StSLib","Stuff the Spire","Weighted Paths","yUi"],"gold_per_floor":[113,113,113,125,50,77,47,47,74,84,84,111,128,153,153,248,248,263,103,114,126,139,139,159,159,159,191,241,254,254,269,269,368,368,431,476,476,531,95,95,121,0,68,145,145,158,58,58,58],"floor_reached":51,"language":"ENG","playtime":5118,"items_purged":["Regret","Defend_R"],"score":566,"play_id":"eef1f475-523e-4400-9421-58678ba677f3","local_time":"20210209183110","is_ascension_mode":false,"campfire_choices":[{"data":"Bash","floor":8.0,"key":"SMITH"},{"floor":11.0,"key":"REST"},{"data":"Berserk","floor":15.0,"key":"SMITH"},{"data":"Cleave","floor":23.0,"key":"SMITH"},{"data":"Ghostly Armor","floor":25.0,"key":"SMITH"},{"data":"Double Tap","floor":30.0,"key":"SMITH"},{"data":"ReplayTheSpireMod:Corrosion Curse","floor":32.0,"key":"SMITH"},{"floor":40.0,"key":"REST"},{"floor":46.0,"key":"REST"},{"floor":49.0,"key":"DIG"}],"circlet_count":0,"master_deck":["Strike_R","Strike_R","Strike_R+1","Defend_R","Bash+1","Shrug It Off","Thunderclap","Ghostly Armor+1","Cleave+1","Berserk+1","hubris:ReadiedAction","Double Tap+1","Dark Embrace+1","StSpp:TheBiggerTheyAre+1","Body Slam","Thunderclap","hubris:StunningStrike","Reaper","Flame Barrier","Entrench","relicPack:TruthCard","LessonLearned","Core Surge","StSpp:MakeshiftWeapon","Body Slam+1","StSpp:MuscleMemory+1","Offering","Uppercut","Defy Death+1","StuffTheSpire:Incineration+1","Shockwave"],"relics":["Burning Blood","StuffTheSpire:GrapeVine","hubris:Icosahedron","ReplayTheSpireMod:Ninjato","hubris:ToyBattleship","Replay:Rubber Ducky","StSpp:SailorCap","StuffTheSpire:BottledHeartBeat","hubris:GrandSneckoEye","Sundial","Replay:Kaleidoscope","relicPack:KazumaCape","Replay:Bottled Snecko","relicPack:EdsArm","MerchantsRug","StoneCalendar","Red Mask","InkBottle","StuffTheSpire:Saxophone","Bottled Tornado"],"acts_visited":["Exordium","TheCity","TheBeyond"],"potions_floor_usage":[50,50,50],"damage_taken":[{"damage":10.0,"enemies":"Small Slimes","floor":1.0,"turns":4.0},{"damage":6.0,"enemies":"Cultist","floor":4.0,"turns":4.0},{"damage":47.0,"enemies":"3 Sentries","floor":6.0,"turns":11.0},{"damage":9.0,"enemies":"2 Louse","floor":10.0,"turns":4.0},{"damage":3.0,"enemies":"Lagavulin","floor":12.0,"turns":7.0},{"damage":0.0,"enemies":"2 Fungi Beasts","floor":13.0,"turns":2.0},{"damage":3.0,"enemies":"3 Sentries","floor":14.0,"turns":6.0},{"damage":39.0,"enemies":"Fading Forest","floor":16.0,"turns":11.0},{"damage":0.0,"enemies":"3 Byrds","floor":18.0,"turns":4.0},{"damage":0.0,"enemies":"Spheric Guardian","floor":20.0,"turns":2.0},{"damage":2.0,"enemies":"Chosen and Byrds","floor":21.0,"turns":4.0},{"damage":13.0,"enemies":"Shelled Parasite and Fungi","floor":22.0,"turns":4.0},{"damage":5.0,"enemies":"Sentry and Sphere","floor":24.0,"turns":4.0},{"damage":15.0,"enemies":"Book of Stabbing","floor":27.0,"turns":4.0},{"damage":0.0,"enemies":"Snake Plant","floor":29.0,"turns":4.0},{"damage":11.0,"enemies":"Snecko","floor":31.0,"turns":5.0},{"damage":32.0,"enemies":"Collector","floor":33.0,"turns":5.0},{"damage":13.0,"enemies":"3 Shapes","floor":35.0,"turns":3.0},{"damage":36.0,"enemies":"2 Orb Walkers","floor":38.0,"turns":5.0},{"damage":17.0,"enemies":"Nemesis","floor":41.0,"turns":6.0},{"damage":47.0,"enemies":"Reptomancer","floor":44.0,"turns":6.0},{"damage":27.0,"enemies":"Orb Walker","floor":47.0,"turns":4.0},{"damage":76,"enemies":"Replay:Hell Engine","floor":50,"turns":7}],"seed_played":"-8070196777018821349","potions_obtained":[{"floor":7.0,"key":"BloodPotion"},{"floor":7.0,"key":"StSpp:SecondWindPotion"},{"floor":10.0,"key":"Fire Potion"},{"floor":13.0,"key":"StSpp:ScatteredPotion"},{"floor":14.0,"key":"StSpp:InhibitionPotion"},{"floor":18.0,"key":"DistilledChaos"},{"floor":21.0,"key":"Fruit Juice"},{"floor":29.0,"key":"SkillPotion"},{"floor":33.0,"key":"BlessingOfTheForge"}],"is_trial":false,"path_per_floor":["M","?","?","M","$","E","?","R","T","M","R","E","M","E","R","B",null,"M","$","M","M","M","R","M","R","T","E","?","M","R","M","R","B",null,"M","?","?","?","$","R","E","?","T","E","R","M","$","R_BF","B",null],"character_chosen":"IRONCLAD","items_purchased":["Dark Embrace+1","StSpp:MuscleMemory+1","Offering","Uppercut","MerchantsRug","StuffTheSpire:Saxophone","BloodPotion","Shockwave"],"campfire_rested":3,"item_purchase_floors":[19,39,39,39,39,48,48,48],"current_hp_per_floor":[76,76,76,76,76,35,35,35,35,32,56,59,65,80,80,63,80,80,80,80,85,78,78,79,79,79,70,70,76,76,71,71,45,85,88,66,66,40,40,64,59,59,59,32,56,41,41,41,7],"gold":58,"neow_bonus":"RANDOM_COMMON_RELIC","is_daily":false,"chose_seed":false,"campfire_upgraded":6,"win_rate":0.0,"timestamp":1612913470,"path_taken":["M","?","?","M","$","E","?","R","T","M","R","E","M","E","R","BOSS","M","$","M","?","M","R","M","R","T","E","?","M","R","M","R","BOSS","M","?","?","?","$","R","E","?","T","E","R","M","$","R_BF","BOSS"],"items_purchased_type":["Card","Card","Card","Card","Relic","Relic","Potion","Card"],"build_version":"2020-12-22","purchased_purges":2,"victory":true,"max_hp_per_floor":[80,80,80,80,80,80,80,80,80,80,80,80,80,80,80,80,80,80,80,80,85,85,85,85,85,85,85,85,85,85,85,85,85,85,88,88,83,83,83,83,83,83,83,83,83,83,83,83,83],"card_choices":[{"not_picked":["Warcry","StuffTheSpire:RagingBull"],"picked":"Shrug It Off","floor":1.0},{"not_picked":["StSpp:Sprint","Warcry"],"picked":"Thunderclap","floor":4.0},{"not_picked":["StSpp:Vengeance","Wild Strike"],"picked":"Ghostly Armor","floor":6.0},{"not_picked":["Wild Strike","ReplayTheSpireMod:Muscle Training"],"picked":"Cleave","floor":10.0},{"not_picked":["Spot Weakness","ReplayTheSpireMod:LeadingStrike"],"picked":"Berserk","floor":12.0},{"not_picked":["Burning Pact","StSpp:Succumb"],"picked":"hubris:ReadiedAction","floor":13.0},{"not_picked":["Reckless Charge","Warcry","StSpp:Sprint"],"picked":"SKIP","floor":14.0},{"not_picked":["Limit Break","Hemogenesis"],"picked":"Double Tap","floor":16.0},{"not_picked":["Entrench","Abandon","StSpp:Vengeance"],"picked":"SKIP","floor":18.0},{"not_picked":["Body Slam","Heavy Blade"],"picked":"StSpp:TheBiggerTheyAre+1","floor":20.0},{"not_picked":["Abandon","StSpp:Succumb+1"],"picked":"Body Slam","floor":21.0},{"not_picked":["StuffTheSpire:RagingBull","Iron Wave","StuffTheSpire:Resist"],"picked":"SKIP","floor":22.0},{"not_picked":["hubris:ReadiedAction","Dual Wield+1"],"picked":"Thunderclap","floor":24.0},{"not_picked":["Thunderclap","Heavy Blade+1"],"picked":"hubris:StunningStrike","floor":27.0},{"not_picked":["Clash","Perfected Strike"],"picked":"ReplayTheSpireMod:Corrosion Curse","floor":29.0},{"not_picked":["True Grit","Combust","ReplayTheSpireMod:Strike From Hell"],"picked":"SKIP","floor":31.0},{"not_picked":["Offering","StSpp:BladeOfBlood"],"picked":"Reaper","floor":33.0},{"not_picked":["Flex+1","StSpp:Succumb+1"],"picked":"Flame Barrier","floor":35.0},{"not_picked":["StuffTheSpire:BloodClot+1","ReplayTheSpireMod:LeadingStrike+1"],"picked":"Entrench","floor":36.0},{"not_picked":["Iron Wave","StSpp:Vengeance"],"picked":"ReplayTheSpireMod:Muscle Training+1","floor":36.0},{"not_picked":["Carnage+1","Run Through"],"picked":"Body Slam+1","floor":38.0},{"not_picked":["StuffTheSpire:Slingshot","ReplayTheSpireMod:Muscle Training+1"],"picked":"Defy Death+1","floor":41.0},{"not_picked":["StSpp:IntoTheAbyss","hubris:SharpeningStone","Flex"],"picked":"SKIP","floor":44.0},{"not_picked":["Replay:Undeath\u0027s Touch","Combust"],"picked":"StuffTheSpire:Incineration+1","floor":47.0}],"player_experience":73968,"relics_obtained":[{"floor":6.0,"key":"hubris:ToyBattleship"},{"floor":9.0,"key":"Replay:Rubber Ducky"},{"floor":12.0,"key":"StSpp:SailorCap"},{"floor":14.0,"key":"StuffTheSpire:BottledHeartBeat"},{"floor":26.0,"key":"Sundial"},{"floor":27.0,"key":"Replay:Kaleidoscope"},{"floor":36.0,"key":"Replay:Bottled Snecko"},{"floor":38.0,"key":"hubris:Teleporter"},{"floor":41.0,"key":"StoneCalendar"},{"floor":43.0,"key":"relicPack:NeonSign"},{"floor":44.0,"key":"InkBottle"},{"floor":49.0,"key":"Bottled Tornado"}],"event_choices":[{"damage_healed":0.0,"max_hp_gain":0.0,"max_hp_loss":0.0,"gold_gain":0.0,"event_name":"Big Fish","player_choice":"Box","floor":3.0,"gold_loss":0.0,"damage_taken":0.0,"relics_obtained":["ReplayTheSpireMod:Ninjato"],"cards_obtained":["Regret"]},{"damage_healed":0.0,"max_hp_gain":0.0,"max_hp_loss":0.0,"gold_gain":0.0,"event_name":"The Woman in Blue","player_choice":"Bought 2 Potions","floor":7.0,"gold_loss":0.0,"damage_taken":0.0},{"damage_healed":0.0,"max_hp_gain":0.0,"max_hp_loss":0.0,"gold_gain":100.0,"event_name":"The Joust","player_choice":"Bet on Murderer","floor":28.0,"gold_loss":50.0,"damage_taken":0.0},{"damage_healed":0.0,"max_hp_gain":0.0,"max_hp_loss":0.0,"gold_gain":0.0,"event_name":"Mysterious Sphere","player_choice":"Fight","floor":38.0,"gold_loss":0.0,"damage_taken":0.0},{"damage_healed":0.0,"max_hp_gain":0.0,"max_hp_loss":0.0,"gold_gain":0.0,"event_name":"Tomb of Lord Red Mask","player_choice":"Paid","floor":42.0,"gold_loss":121.0,"damage_taken":0.0,"relics_obtained":["Red Mask"]}],"is_beta":false,"boss_relics":[{"not_picked":["Cursed Key","hubris:RunicObelisk"],"picked":"hubris:GrandSneckoEye"},{"not_picked":["Snecko Eye","StSpp:Magatama"],"picked":"relicPack:KazumaCape"}],"items_purged_floors":[5,19],"is_endless":false,"potions_floor_spawned":[10,13,14,18,21,29,33,38,47],"ascension_level":0}}