{"host":"6xsbn6ynqlzwllfm","time":1612892251,"event":{"mods":["2.2 Compatiblity","BaseMod","Bestiary","Colored Map","Colored Powertips","Curses Come First","Highlight Path","Keyboard Shortcuts","Minty Spire (QoL Compilation)","Relic Stats","Slay the Relics Exporter","StSLib","SuperFastMode"],"gold_per_floor":[109,120,120,147,162,162,193,193,239,265,16,41,57,69,69,147,147,162,36,47,64,76,105,105,123,123,123,48,77,89,101,101],"floor_reached":31,"language":"ENG","playtime":1837,"items_purged":["Strike_B","Strike_B"],"score":590,"play_id":"10225529-0977-415f-a388-855cfa7d2c5f","local_time":"20210209123731","is_ascension_mode":true,"campfire_choices":[{"floor":6,"key":"REST"},{"floor":8,"key":"REST"},{"floor":15,"key":"REST"},{"floor":24,"key":"REST"},{"floor":27,"key":"REST"}],"circlet_count":0,"master_deck":["AscendersBane","Strike_B","Strike_B","Defend_B","Defend_B","Defend_B","Defend_B","Zap","Dualcast","Loop","Ball Lightning","Streamline","Static Discharge","BootSequence","FTL","Skim","Compile Driver","Recycle","Electrodynamics","Doom and Gloom","Coolheaded","Compile Driver+1","Skim","Glacier","Hologram","Meteor Strike"],"relics":["Fusion Hammer","Bag of Preparation","Pear","Bag of Marbles","Matryoshka","InkBottle","Cursed Key","Vajra","Prayer Wheel","Nunchaku","MawBank"],"acts_visited":["Exordium","TheCity"],"potions_floor_usage":[10,16,23,25,29],"damage_taken":[{"damage":1,"enemies":"2 Louse","floor":1,"turns":3},{"damage":14,"enemies":"Jaw Worm","floor":2,"turns":4},{"damage":0,"enemies":"Cultist","floor":5,"turns":3},{"damage":25,"enemies":"Lagavulin","floor":7,"turns":5},{"damage":6,"enemies":"Gremlin Nob","floor":10,"turns":3},{"damage":20,"enemies":"Lagavulin","floor":12,"turns":5},{"damage":0,"enemies":"2 Fungi Beasts","floor":13,"turns":2},{"damage":0,"enemies":"Exordium Thugs","floor":14,"turns":3},{"damage":28,"enemies":"Slime Boss","floor":16,"turns":7},{"damage":1,"enemies":"Spheric Guardian","floor":18,"turns":3},{"damage":5,"enemies":"Chosen","floor":20,"turns":3},{"damage":14,"enemies":"Centurion and Healer","floor":21,"turns":4},{"damage":8,"enemies":"3 Cultists","floor":22,"turns":4},{"damage":34,"enemies":"Book of Stabbing","floor":23,"turns":4},{"damage":24,"enemies":"Shelled Parasite and Fungi","floor":25,"turns":4},{"damage":33,"enemies":"Slavers","floor":29,"turns":4},{"damage":14,"enemies":"Book of Stabbing","floor":31,"turns":2}],"seed_played":"-1519373523220693519","potions_obtained":[{"floor":1,"key":"FocusPotion"},{"floor":2,"key":"SteroidPotion"},{"floor":10,"key":"AttackPotion"},{"floor":18,"key":"SmokeBomb"},{"floor":21,"key":"GamblersBrew"},{"floor":23,"key":"DistilledChaos"}],"is_trial":false,"path_per_floor":["M","M","?","T","M","R","E","R","T","E","$","E","M","M","R","B",null,"M","$","M","M","M","E","R","M","T","R","?","E","T","E"],"character_chosen":"DEFECT","items_purchased":["FTL","Skim","Compile Driver","Coolheaded"],"campfire_rested":5,"item_purchase_floors":[11,11,11,19],"current_hp_per_floor":[63,49,54,54,54,76,61,86,86,80,80,60,60,60,85,57,79,78,78,73,59,51,17,42,18,18,43,43,10,10,0,0],"gold":101,"neow_bonus":"BOSS_RELIC","is_daily":false,"chose_seed":false,"campfire_upgraded":0,"win_rate":0.0,"timestamp":1612892251,"path_taken":["M","M","?","?","M","R","E","R","T","E","?","E","?","M","R","BOSS","M","$","M","M","M","E","R","M","T","R","?","E","?","E"],"items_purchased_type":["Card","Card","Card","Card"],"build_version":"2020-12-22","purchased_purges":2,"victory":false,"max_hp_per_floor":[71,71,76,76,76,76,86,86,86,86,86,86,86,86,86,86,86,86,86,86,86,86,86,86,86,86,86,86,86,86,86,86],"relic_stats":{"Nunchaku":[1],"counters":[17,63],"Prayer Wheel":0,"Bag of Preparation":[30],"Cursed Key":1,"MawBank":24,"obtain_stats":[{"Nunchaku":26,"Pear":7,"Matryoshka":10,"Vajra":23,"Prayer Wheel":26,"Fusion Hammer":0,"Bag of Preparation":4,"Bag of Marbles":9,"Cracked Core":0,"Cursed Key":17,"MawBank":29,"InkBottle":12},{"Nunchaku":15,"Pear":4,"Matryoshka":5,"Vajra":14,"Prayer Wheel":15,"Fusion Hammer":0,"Bag of Preparation":2,"Bag of Marbles":4,"Cracked Core":0,"Cursed Key":9,"MawBank":16,"InkBottle":6},{"Nunchaku":57,"Pear":15,"Matryoshka":18,"Vajra":53,"Prayer Wheel":57,"Fusion Hammer":0,"Bag of Preparation":7,"Bag of Marbles":15,"Cracked Core":0,"Cursed Key":35,"MawBank":61,"InkBottle":23}],"InkBottle":[18]},"card_choices":[{"not_picked":["Lockon","Hologram"],"picked":"Loop","floor":1},{"not_picked":["Stack","Turbo"],"picked":"Ball Lightning","floor":2},{"not_picked":["Go for the Eyes","Redo"],"picked":"Streamline","floor":5},{"not_picked":["Leap","Fusion"],"picked":"Static Discharge","floor":7},{"not_picked":["Leap","Redo"],"picked":"BootSequence","floor":10},{"not_picked":["Beam Cell","Reprogram","Gash"],"picked":"SKIP","floor":12},{"not_picked":["Force Field","Skim"],"picked":"Recycle","floor":13},{"not_picked":["Reprogram","Blizzard","Beam Cell"],"picked":"SKIP","floor":14},{"not_picked":["Seek","Fission"],"picked":"Electrodynamics","floor":16},{"not_picked":["Barrage","Lockon"],"picked":"Doom and Gloom","floor":18},{"not_picked":["Turbo","Leap"],"picked":"Compile Driver+1","floor":20},{"not_picked":["Stack","Conserve Battery"],"picked":"Skim","floor":21},{"not_picked":["Steam","Barrage"],"picked":"Glacier","floor":23},{"not_picked":["Streamline","Static Discharge"],"picked":"Hologram","floor":25},{"not_picked":["Barrage","Melter"],"picked":"Meteor Strike","floor":29}],"player_experience":1410743,"relics_obtained":[{"floor":4,"key":"Bag of Preparation"},{"floor":7,"key":"Pear"},{"floor":9,"key":"Bag of Marbles"},{"floor":10,"key":"Matryoshka"},{"floor":12,"key":"InkBottle"},{"floor":23,"key":"Vajra"},{"floor":26,"key":"Prayer Wheel"},{"floor":26,"key":"Nunchaku"},{"floor":29,"key":"MawBank"}],"event_choices":[{"damage_healed":0,"gold_gain":0,"player_choice":"Donut","damage_taken":0,"max_hp_gain":5,"max_hp_loss":0,"event_name":"Big Fish","floor":3,"gold_loss":0},{"cards_removed":["Pain"],"damage_healed":0,"gold_gain":0,"player_choice":"Gave Gold","damage_taken":0,"max_hp_gain":0,"max_hp_loss":0,"event_name":"Beggar","floor":28,"gold_loss":75}],"is_beta":false,"boss_relics":[{"not_picked":["Velvet Choker","Runic Pyramid"],"picked":"Cursed Key"}],"items_purged_floors":[11,19],"is_endless":false,"potions_floor_spawned":[1,2,10,18,21,23],"killed_by":"Book of Stabbing","ascension_level":20}}