{"host":"qy6st0zp32tctd9l","time":1612869426,"event":{"mods":["BaseMod","Colored Map","Downfall","GifTheSpireLib","Hermit","Marisa£®ÏF”Í°°ƒß¿Ì…≥£©","Minty Spire (QoL Compilation)","Remilia£®¿Ÿ√◊¿Ú—«£©","StSLib","The Cursed","The Servant 0.9.4","UnlockEverythingMod"],"gold_per_floor":[109,34,45,45,55,88,88,88,88,88,88,104,104,136,136,208,208,228,228,228,228,228,228,262,262,334,334,352,380,580,607,607,607,607],"floor_reached":33,"language":"ZHS","playtime":1256,"items_purged":["Injury"],"score":625,"play_id":"fbfba695-0072-4ad5-b809-199c0c9a24e8","local_time":"20210209191706","is_ascension_mode":true,"campfire_choices":[{"floor":7.0,"key":"DIG"},{"floor":10.0,"key":"DIG"},{"floor":13.0,"key":"DIG"},{"floor":15.0,"key":"DIG"},{"floor":23.0,"key":"DIG"},{"floor":25.0,"key":"DIG"},{"floor":27.0,"key":"DIG"},{"floor":32,"key":"DIG"}],"circlet_count":0,"master_deck":["AscendersBane","Defend_S","Defend_S+1","Defend_S","KidneyShot","Exchange+1","Ricochet","Comet","Snipe","FastForward","Replace","PendulumOfEternity","SoulSculpture","InstantArmor","Manipulate","Alleviate+1","downfall:Malfunctioning","Potential"],"relics":["Uniform","Shovel","Juzu Bracelet","Bag of Preparation","Mercury Hourglass","Mummified Hand","Pen Nib","Regal Pillow","Unceasing Top","War Paint","Cursed Key","Nunchaku","Dream Catcher","Tiny Chest","Thread and Needle","MealTicket","Prayer Wheel","Orichalcum"],"acts_visited":["Exordium","TheCity"],"potions_floor_usage":[31],"damage_taken":[{"damage":4.0,"enemies":"Small Slimes","floor":1.0,"turns":6.0},{"damage":0.0,"enemies":"2 Louse","floor":3.0,"turns":2.0},{"damage":0.0,"enemies":"Cultist","floor":5.0,"turns":3.0},{"damage":11.0,"enemies":"Lagavulin","floor":6.0,"turns":7.0},{"damage":2.0,"enemies":"Exordium Wildlife","floor":12.0,"turns":3.0},{"damage":18.0,"enemies":"3 Sentries","floor":14.0,"turns":6.0},{"damage":31.0,"enemies":"Hexaghost","floor":16.0,"turns":10.0},{"damage":0.0,"enemies":"Spheric Guardian","floor":18.0,"turns":3.0},{"damage":0.0,"enemies":"Book of Stabbing","floor":24.0,"turns":7.0},{"damage":0.0,"enemies":"Chosen","floor":28.0,"turns":4.0},{"damage":20.0,"enemies":"Slavers","floor":29.0,"turns":6.0},{"damage":0,"enemies":"Gremlin Leader","floor":31,"turns":5},{"damage":54,"enemies":"Automaton","floor":33,"turns":8}],"seed_played":"-2142373566897028228","potions_obtained":[{"floor":3.0,"key":"DistilledChaos"},{"floor":16.0,"key":"FairyPotion"},{"floor":18.0,"key":"AttackPotion"},{"floor":28.0,"key":"Strength Potion"}],"is_trial":false,"path_per_floor":["M","$","M","?","M","E","R","?","T","R","?","M","R","E","R","B",null,"M","?","?","?","?","R","E","R","T","R","M","E","?","E","R","B"],"character_chosen":"THE_SERVANT","items_purchased":[],"campfire_rested":0,"item_purchase_floors":[],"current_hp_per_floor":[50,50,50,50,50,39,39,34,34,34,54,52,52,34,34,3,46,46,46,40,40,40,40,40,40,40,40,40,20,20,20,20,0,0],"gold":607,"neow_bonus":"ONE_RARE_RELIC","is_daily":false,"chose_seed":false,"campfire_upgraded":0,"win_rate":0.0,"timestamp":1612869426,"path_taken":["M","$","M","?","M","E","R","?","T","R","?","M","R","E","R","BOSS","M","?","?","?","?","R","E","R","T","R","M","E","?","E","R","BOSS"],"items_purchased_type":[],"build_version":"2020-12-22","purchased_purges":1,"victory":false,"max_hp_per_floor":[60,60,60,60,60,60,60,60,60,60,60,60,60,60,60,60,60,60,60,60,60,60,60,60,60,60,60,60,60,60,60,60,60,60],"card_choices":[{"not_picked":["Spin","Alleviate"],"picked":"Ricochet","floor":1.0},{"not_picked":["Foresight","FanOfKnives"],"picked":"Comet","floor":3.0},{"not_picked":["Starlight","Revamp"],"picked":"FastForward","floor":5.0},{"not_picked":["Defy","Reset","Revamp"],"picked":"SKIP","floor":6.0},{"not_picked":["Potential","Unruled"],"picked":"Replace","floor":12.0},{"not_picked":["Rewind","Potential"],"picked":"PendulumOfEternity","floor":14.0},{"not_picked":["TrueSight","Dilation"],"picked":"SoulSculpture","floor":16.0},{"not_picked":["Replace","Starlight","FanOfKnives"],"picked":"SKIP","floor":18.0},{"not_picked":["ShatteredReality","TimeWarp+1"],"picked":"Alleviate+1","floor":24.0},{"not_picked":["Orbit","Revamp","Foresight"],"picked":"SKIP","floor":28.0},{"not_picked":["Snipe+1","Replace","Hightail+1"],"picked":"SKIP","floor":29.0},{"not_picked":["TimeWarp","ReturningBlade"],"picked":"Potential","floor":31}],"player_experience":213126,"relics_obtained":[{"floor":6.0,"key":"Juzu Bracelet"},{"floor":7.0,"key":"Bag of Preparation"},{"floor":9.0,"key":"Mummified Hand"},{"floor":10.0,"key":"Pen Nib"},{"floor":13.0,"key":"Regal Pillow"},{"floor":14.0,"key":"Unceasing Top"},{"floor":15.0,"key":"War Paint"},{"floor":23.0,"key":"Nunchaku"},{"floor":24.0,"key":"Dream Catcher"},{"floor":25.0,"key":"Tiny Chest"},{"floor":27.0,"key":"Thread and Needle"},{"floor":29.0,"key":"MealTicket"},{"floor":31,"key":"Prayer Wheel"},{"floor":32,"key":"Orichalcum"}],"event_choices":[{"damage_healed":0.0,"max_hp_gain":0.0,"max_hp_loss":0.0,"gold_gain":0.0,"cards_transformed":["Strike_S"],"event_name":"Living Wall","player_choice":"Change","floor":4.0,"gold_loss":0.0,"damage_taken":0.0,"cards_obtained":["Snipe"]},{"damage_healed":0.0,"max_hp_gain":0.0,"max_hp_loss":0.0,"gold_gain":0.0,"event_name":"Scrap Ooze","player_choice":"Success","floor":8.0,"gold_loss":0.0,"damage_taken":5.0,"relics_obtained":["Mercury Hourglass"]},{"damage_healed":20.0,"max_hp_gain":0.0,"max_hp_loss":0.0,"gold_gain":0.0,"event_name":"Big Fish","player_choice":"Banana","floor":11.0,"gold_loss":0.0,"damage_taken":0.0},{"damage_healed":0.0,"max_hp_gain":0.0,"max_hp_loss":0.0,"gold_gain":0.0,"event_name":"Knowing Skull","player_choice":"","floor":20.0,"potions_obtained":[],"gold_loss":0.0,"damage_taken":6.0,"cards_obtained":[]},{"cards_removed":["Envy_TH"],"damage_healed":0.0,"max_hp_gain":0.0,"max_hp_loss":0.0,"gold_gain":0.0,"event_name":"Back to Basics","player_choice":"Elegance","floor":21.0,"gold_loss":0.0,"damage_taken":0.0},{"damage_healed":0.0,"max_hp_gain":0.0,"max_hp_loss":0.0,"gold_gain":0.0,"cards_transformed":["Strike_S","Defend_S"],"event_name":"Drug Dealer","player_choice":"Became Test Subject","floor":22.0,"gold_loss":0.0,"damage_taken":0.0,"cards_obtained":["InstantArmor","Manipulate"]},{"damage_healed":0.0,"max_hp_gain":0.0,"max_hp_loss":0.0,"gold_gain":250.0,"event_name":"The Joust","player_choice":"Bet on Owner","floor":30.0,"gold_loss":50.0,"damage_taken":0.0}],"is_beta":false,"boss_relics":[{"not_picked":["Tiny House","SplendidAttire"],"picked":"Cursed Key"}],"items_purged_floors":[2],"is_endless":false,"potions_floor_spawned":[3,16,18,28],"killed_by":"Automaton","ascension_level":15}}