{"host":"vyjryxuuuxkt43k4","time":1612880962,"event":{"mods":["AchievementEnabler","BaseMod","Colored Map","DeckTracker","Keyboard Shortcuts","Minty Spire (QoL Compilation)","Permanent Neow","Quick Restart","StSLib","SuperFastMode","everything is the same but u backflip on backflip"],"gold_per_floor":[366,366,33,86,105,105,105,55,55,69,92,12,25,25,25,101,101,117,130,130,130],"floor_reached":20,"language":"KOR","playtime":838,"items_purged":["Defend_G"],"score":324,"play_id":"1dfe0c00-c289-460c-9d3e-5477bacbaa19","local_time":"20210209232922","is_ascension_mode":true,"campfire_choices":[{"data":"Neutralize","floor":6.0,"key":"SMITH"},{"data":"Bouncing Flask","floor":15.0,"key":"SMITH"}],"circlet_count":0,"master_deck":["AscendersBane","Strike_G","Strike_G","Strike_G","Strike_G","Defend_G","Defend_G","Defend_G","Defend_G","Survivor","Neutralize+1","PiercingWail","Dagger Throw","Prepared","Heel Hook","Bouncing Flask+1","Backflip","Phantasmal Killer","Cloak And Dagger"],"relics":["Ring of the Snake","Ice Cream","Smiling Mask","CaptainsWheel","Odd Mushroom","Sozu"],"acts_visited":["Exordium","TheCity"],"potions_floor_usage":[],"damage_taken":[{"damage":12.0,"enemies":"Jaw Worm","floor":1.0,"turns":7.0},{"damage":1.0,"enemies":"Cultist","floor":5.0,"turns":4.0},{"damage":0.0,"enemies":"Small Slimes","floor":10.0,"turns":4.0},{"damage":2.0,"enemies":"The Mushroom Lair","floor":11.0,"turns":5.0},{"damage":3.0,"enemies":"Looter","floor":13.0,"turns":4.0},{"damage":6.0,"enemies":"Hexaghost","floor":16.0,"turns":9.0},{"damage":12.0,"enemies":"3 Byrds","floor":18.0,"turns":6.0},{"damage":0.0,"enemies":"Chosen","floor":19.0,"turns":4.0},{"damage":44,"enemies":"Centurion and Healer","floor":20,"turns":7}],"seed_played":"3933283454852834367","potions_obtained":[{"floor":1.0,"key":"SkillPotion"},{"floor":10.0,"key":"LiquidBronze"},{"floor":11.0,"key":"SteroidPotion"},{"floor":14.0,"key":"ColorlessPotion"},{"floor":14.0,"key":"Energy Potion"}],"is_trial":false,"path_per_floor":["M","?","$","T","M","R","?","$","T","M","?","$","M","?","R","B",null,"M","M","M"],"character_chosen":"THE_SILENT","items_purchased":["Ice Cream","Bouncing Flask"],"campfire_rested":0,"item_purchase_floors":[3,12],"current_hp_per_floor":[32,32,32,32,31,31,31,31,31,31,29,29,26,26,26,20,55,43,43,0,0],"gold":130,"neow_bonus":"TWO_FIFTY_GOLD","is_daily":false,"chose_seed":false,"campfire_upgraded":2,"win_rate":0.0,"timestamp":1612880962,"path_taken":["M","?","$","?","?","R","?","$","T","M","?","?","M","?","R","BOSS","M","?","M"],"items_purchased_type":["Relic","Card"],"build_version":"2020-12-22","purchased_purges":1,"victory":false,"max_hp_per_floor":[66,66,66,66,66,66,66,66,66,66,66,66,66,66,66,66,66,66,66,66,66],"card_choices":[{"not_picked":["Flying Knee","Escape Plan"],"picked":"PiercingWail","floor":1.0},{"not_picked":["Setup","Sucker Punch"],"picked":"Dagger Throw","floor":5.0},{"not_picked":["Outmaneuver","Tools of the Trade"],"picked":"Prepared","floor":10.0},{"not_picked":["Slice","Infinite Blades"],"picked":"Heel Hook","floor":11.0},{"not_picked":["Dash","Dodge and Roll"],"picked":"Backflip","floor":13.0},{"not_picked":["Envenom","Doppelganger"],"picked":"Phantasmal Killer","floor":16.0},{"not_picked":["Dagger Throw","Quick Slash"],"picked":"Cloak And Dagger","floor":18.0},{"not_picked":["Dagger Throw","Setup","Slice+1"],"picked":"SKIP","floor":19.0}],"player_experience":876875,"relics_obtained":[{"floor":4.0,"key":"Smiling Mask"},{"floor":9.0,"key":"CaptainsWheel"},{"floor":11.0,"key":"Odd Mushroom"}],"event_choices":[{"cards_removed":["Strike_G"],"damage_healed":0.0,"max_hp_gain":0.0,"max_hp_loss":0.0,"gold_gain":0.0,"event_name":"Bonfire Elementals","player_choice":"Offered Basic","floor":2.0,"gold_loss":0.0,"damage_taken":0.0},{"damage_healed":0.0,"max_hp_gain":0.0,"max_hp_loss":0.0,"gold_gain":0.0,"event_name":"Shining Light","player_choice":"Ignored","floor":7.0,"gold_loss":0.0,"damage_taken":0.0},{"damage_healed":0.0,"max_hp_gain":0.0,"max_hp_loss":0.0,"gold_gain":0.0,"event_name":"Mushrooms","player_choice":"Fought Mushrooms","floor":11.0,"gold_loss":0.0,"damage_taken":0.0},{"damage_healed":0.0,"max_hp_gain":0.0,"max_hp_loss":0.0,"gold_gain":0.0,"event_name":"Lab","player_choice":"Got Potions","floor":14.0,"gold_loss":0.0,"damage_taken":0.0}],"is_beta":false,"boss_relics":[{"not_picked":["Busted Crown","Ring of the Serpent"],"picked":"Sozu"}],"items_purged_floors":[8],"is_endless":false,"potions_floor_spawned":[1,10,11,19],"killed_by":"Centurion and Healer","ascension_level":20}}