{"host":"ji2m2homzj81ljx9","time":1612878375,"event":{"mods":["BaseMod","Bossed Relics","Colored Map","Colored Powertips","Downfall","Infinite Spire","Minty Spire (QoL Compilation)","Quick Restart","Relic Stats","Remove Card Discount Mod","Replay The Spire","Shop Mod","StSLib"],"gold_per_floor":[119,67,77,96,114,147,158,158,158,178,178,178,178,15,15,113,113,128,205,205,50,50,50,80,80,80,131,145,143,143,155,173,183,183,285,285,304,304,304,97,111,141,141,168,194,194,208,224,242,292,292,292],"floor_reached":53,"language":"ENG","playtime":1348,"items_purged":["Strike_R","Evolve+1"],"score":712,"play_id":"d68b18a8-a060-4bbf-b84c-df34561259c3","local_time":"20210209154615","is_ascension_mode":false,"campfire_choices":[{"data":"Cleave","floor":8.0,"key":"SMITH"},{"data":"Sword Boomerang","floor":12,"key":"SMITH"},{"data":"Mayhem","floor":15,"key":"SMITH"},{"data":"Limit Break","floor":23,"key":"SMITH"},{"data":"infinitespire:Menacing","floor":30,"key":"SMITH"},{"data":"infinitespire:DeathsTouch","floor":34,"key":"SMITH"},{"data":"infinitespire:Punishment","floor":43,"key":"SMITH"},{"data":"Run Through","floor":46,"key":"SMITH"},{"floor":51,"key":"DIG"}],"circlet_count":0,"master_deck":["Strike_R","Strike_R","Strike_R","Strike_R","Defend_R+1","Defend_R","Defend_R+1","Defend_R","Bash","Shrug It Off","Cleave+1","Sword Boomerang+1","Body Slam","Mayhem+1","Limit Break+1","infinitespire:Menacing+1","infinitespire:DeathsTouch+1","Run Through+1","infinitespire:Punishment+1","Clothesline"],"relics":["Burning Blood","NeowsBlessing","Ancient Tea Set","Iron Hammer","Mark of Pain","ReplayTheSpireMod:Spearhead","infinitespire:Beetle Shell","Shovel","Black Blood","PreservedInsect","Simple Rune","Busted Crown","MerchantsRug","Eternal Feather","Vajra","Strawberry","Pocketwatch","Happy Flower"],"acts_visited":["Exordium","TheCity","TheBeyond"],"potions_floor_usage":[35,35,52,52,52],"damage_taken":[{"damage":0.0,"enemies":"Cultist","floor":1.0,"turns":1.0},{"damage":0.0,"enemies":"infinitespire:Voidling","floor":3.0,"turns":1.0},{"damage":0.0,"enemies":"Small Slimes","floor":4.0,"turns":1.0},{"damage":10.0,"enemies":"Looter","floor":5.0,"turns":2.0},{"damage":23.0,"enemies":"3 Sentries","floor":6.0,"turns":9.0},{"damage":24.0,"enemies":"Exordium Thugs","floor":7.0,"turns":5.0},{"damage":0.0,"enemies":"Large Slime","floor":10.0,"turns":3.0},{"damage":28,"enemies":"Slime Boss","floor":16,"turns":10},{"damage":2,"enemies":"Chosen","floor":18,"turns":4},{"damage":17,"enemies":"Gremlin Leader","floor":24,"turns":6},{"damage":0,"enemies":"Spheric Guardian","floor":28,"turns":3},{"damage":26,"enemies":"Snake Plant","floor":31,"turns":4},{"damage":25,"enemies":"Centurion and Healer","floor":32,"turns":4},{"damage":8,"enemies":"Snecko","floor":33,"turns":4},{"damage":17,"enemies":"Champ","floor":35,"turns":6},{"damage":0,"enemies":"Orb Walker","floor":37,"turns":2},{"damage":24,"enemies":"3 Darklings","floor":41,"turns":2},{"damage":49,"enemies":"Nightmare","floor":42,"turns":7},{"damage":0,"enemies":"Nemesis","floor":44,"turns":3},{"damage":0,"enemies":"Maw","floor":47,"turns":5},{"damage":19,"enemies":"Writhing Mass","floor":48,"turns":4},{"damage":8,"enemies":"3 Darklings","floor":49,"turns":2},{"damage":0,"enemies":"Mind Bloom Boss Battle","floor":50,"turns":4},{"damage":70,"enemies":"Replay:Hell Engine","floor":52,"turns":9}],"seed_played":"-6330588778239379130","potions_obtained":[{"floor":4.0,"key":"Regen Potion"},{"floor":6.0,"key":"Ancient Potion"},{"floor":10.0,"key":"hexamod:SoulburnPotion"},{"floor":16,"key":"GamblersBrew"},{"floor":32,"key":"PowerPotion"},{"floor":44,"key":"Fire Potion"},{"floor":49,"key":"Strength Potion"}],"is_trial":false,"path_per_floor":["M","$","M","M","M","E","M","R","T","M","?","R","?","$","R","B",null,"M","?","?","$","?","R","E","AVR","T","T","M","$","R","M","M","M","R","B",null,"M","?","?","$","M","NM","R","E","T","R","M","M","M","?","R","B",null],"character_chosen":"IRONCLAD","items_purchased":["Cleave","Mayhem","infinitespire:Beetle Shell","Run Through","MerchantsRug"],"campfire_rested":0,"item_purchase_floors":[2,14,21,40,40],"current_hp_per_floor":[80,80,80,80,76,74,56,56,56,62,62,62,62,62,62,40,80,80,80,80,80,80,80,69,69,69,69,80,80,80,72,65,75,75,76,80,80,80,80,80,74,43,55,73,80,87,87,86,87,87,87,35],"gold":292,"neow_bonus":"THREE_ENEMY_KILL","is_daily":false,"chose_seed":false,"campfire_upgraded":8,"win_rate":0.0,"timestamp":1612878375,"path_taken":["M","?","?","?","M","E","M","R","T","M","?","R","?","$","R","BOSS","M","?","?","$","?","R","E","AVR","T","T","M","$","R","?","M","M","R","BOSS","M","?","?","$","M","NM","R","E","T","R","M","M","?","?","R","BOSS"],"items_purchased_type":["Card","Card","Relic","Card","Relic"],"build_version":"2020-12-22","purchased_purges":2,"victory":true,"max_hp_per_floor":[80,80,80,80,80,80,80,80,80,80,80,80,80,80,80,80,80,80,80,80,80,80,80,80,80,80,80,80,80,80,80,80,80,80,80,80,80,80,80,80,80,80,80,80,87,87,87,87,87,87,87,87],"relic_stats":{"Shovel":1,"Busted Crown":28,"Happy Flower":[3],"counters":[24,101],"Black Blood":220,"Eternal Feather":19,"PreservedInsect":135,"obtain_stats":[{"MerchantsRug":40,"NeowsBlessing":0,"Happy Flower":51,"Black Blood":25,"Vajra":44,"Eternal Feather":42,"infinitespire:Beetle Shell":21,"PreservedInsect":25,"Ancient Tea Set":6,"Burning Blood":0,"ReplayTheSpireMod:Spearhead":19,"Shovel":24,"Busted Crown":36,"Strawberry":45,"Simple Rune":27,"Iron Hammer":9,"Mark of Pain":17,"Pocketwatch":50},{"MerchantsRug":16,"NeowsBlessing":0,"Happy Flower":23,"Black Blood":10,"Vajra":19,"Eternal Feather":18,"infinitespire:Beetle Shell":9,"PreservedInsect":10,"Ancient Tea Set":5,"Burning Blood":0,"ReplayTheSpireMod:Spearhead":9,"Shovel":10,"Busted Crown":15,"Strawberry":19,"Simple Rune":10,"Iron Hammer":6,"Mark of Pain":8,"Pocketwatch":23},{"MerchantsRug":65,"NeowsBlessing":0,"Happy Flower":92,"Black Blood":42,"Vajra":77,"Eternal Feather":74,"infinitespire:Beetle Shell":36,"PreservedInsect":42,"Ancient Tea Set":14,"Burning Blood":0,"ReplayTheSpireMod:Spearhead":36,"Shovel":42,"Busted Crown":63,"Strawberry":77,"Simple Rune":42,"Iron Hammer":19,"Mark of Pain":32,"Pocketwatch":92}],"Burning Blood":220,"Pocketwatch":[0]},"card_choices":[{"not_picked":["Anger","Life Link"],"picked":"Shrug It Off","floor":1.0},{"not_picked":["Dual Wield","ReplayTheSpireMod:Corrosion Curse","Wild Strike"],"picked":"SKIP","floor":3.0},{"not_picked":["Massacre","Rupture","Wild Strike"],"picked":"SKIP","floor":4.0},{"not_picked":["Pummel","Wild Strike"],"picked":"Sword Boomerang","floor":5.0},{"not_picked":["Sentinel","ReplayReversal"],"picked":"Body Slam","floor":6.0},{"not_picked":["Defy Death","Clash","Sword Boomerang"],"picked":"SKIP","floor":7.0},{"not_picked":["Clash","Clothesline","Anger"],"picked":"SKIP","floor":10.0},{"not_picked":["Eclipse","Corruption"],"picked":"Limit Break","floor":16},{"not_picked":["Anger","Replay:Undeath\u0027s Touch","Heavy Blade"],"picked":"SKIP","floor":18},{"not_picked":["Life Link","Carnage"],"picked":"Evolve+1","floor":19},{"not_picked":["Cleave","Defy Death","Battle Trance+1"],"picked":"SKIP","floor":24},{"not_picked":["Clothesline+1","Armaments","Intimidate"],"picked":"SKIP","floor":28},{"not_picked":["Clash","Intimidate+1","Havoc"],"picked":"SKIP","floor":31},{"not_picked":["Juggernaut","Havoc+1","Hemokinesis+1"],"picked":"SKIP","floor":32},{"not_picked":["Hemokinesis+1","Anger+1","Cleave+1"],"picked":"SKIP","floor":33},{"not_picked":["Perfected Strike+1"],"picked":"SKIP","floor":37},{"not_picked":["Whirlwind+1"],"picked":"SKIP","floor":41},{"not_picked":["infinitespire:FutureSight","infinitespire:SealOfDarkness+"],"picked":"infinitespire:Punishment","floor":42},{"not_picked":[],"picked":"Clothesline","floor":42},{"not_picked":["Warcry+1"],"picked":"SKIP","floor":44},{"not_picked":["Pummel+1"],"picked":"SKIP","floor":47},{"not_picked":["Headbutt+1"],"picked":"SKIP","floor":48},{"not_picked":["Replay:Undeath\u0027s Touch"],"picked":"SKIP","floor":49}],"player_experience":1111303,"relics_obtained":[{"floor":6.0,"key":"Ancient Tea Set"},{"floor":9.0,"key":"Iron Hammer"},{"floor":19,"key":"ReplayTheSpireMod:Spearhead"},{"floor":24,"key":"Shovel"},{"floor":27,"key":"Simple Rune"},{"floor":42,"key":"Eternal Feather"},{"floor":44,"key":"Vajra"},{"floor":45,"key":"Strawberry"},{"floor":50,"key":"Pocketwatch"},{"floor":51,"key":"Happy Flower"}],"event_choices":[{"damage_healed":0,"gold_gain":0,"player_choice":"Ignored","damage_taken":0,"max_hp_gain":0,"max_hp_loss":0,"event_name":"Transmorgrifier","floor":13,"gold_loss":0},{"damage_healed":0,"gold_gain":0,"player_choice":"Ignored","damage_taken":0,"max_hp_gain":0,"max_hp_loss":0,"event_name":"Ghosts","floor":20,"gold_loss":0},{"damage_healed":0,"gold_gain":0,"player_choice":"Ignored","damage_taken":0,"max_hp_gain":0,"max_hp_loss":0,"event_name":"Vampires","floor":22,"gold_loss":0},{"damage_healed":0,"gold_gain":0,"player_choice":"Memory 1","damage_taken":0,"max_hp_gain":0,"max_hp_loss":0,"event_name":"SensoryStone","floor":38,"gold_loss":0},{"damage_healed":0,"gold_gain":0,"player_choice":"0 cards matched","damage_taken":0,"max_hp_gain":0,"max_hp_loss":0,"event_name":"Match and Keep!","floor":39,"gold_loss":0,"cards_obtained":[]},{"damage_healed":0,"gold_gain":0,"player_choice":"Fight","damage_taken":0,"max_hp_gain":0,"max_hp_loss":0,"event_name":"MindBloom","floor":50,"gold_loss":0}],"is_beta":false,"boss_relics":[{"not_picked":["ChewingGum","Runic Pyramid"],"picked":"Mark of Pain"},{"not_picked":["SlaversCollar","Philosopher\u0027s Stone"],"picked":"Busted Crown"}],"items_purged_floors":[21,29],"is_endless":false,"potions_floor_spawned":[4,6,10,16,24,28,32,44,49,50],"ascension_level":0}}