{"host":"o6nndy8fvkon49s1","time":1612838186,"event":{"mods":["BaseMod","CapriCore","Hermit","Marisa????????","Minty Spire (QoL Compilation)","Prisma Mod","StSLib","Td1madao Mod","The Administrix","The Fake Hero","The Forsaken","The Immortal","The Marked","The Necromancer","The Servant 0.9.4"],"gold_per_floor":[514,527,543,561,9,9,29,29,53,53,65,65,15,15,15,134,134,150,175,175,175,175],"floor_reached":21,"language":"ENG","playtime":707,"items_purged":["luka_mod:Surrender"],"score":171,"play_id":"8d2e5b54-d1a8-4a75-bdfc-4073c61ba8fc","local_time":"20210208203626","is_ascension_mode":false,"campfire_choices":[{"data":"luka_mod:Calm","floor":6,"key":"SMITH"},{"data":"luka_mod:Edging","floor":10,"key":"SMITH"},{"floor":15,"key":"REST"}],"circlet_count":0,"master_deck":["luka_mod:StrikeLukaOne","luka_mod:StrikeLukaTwo","luka_mod:StrikeLukaThree","luka_mod:StrikeLukaFour","luka_mod:StrikeLukaFive","luka_mod:StrikeLukaSix","luka_mod:Salt","luka_mod:Guard","luka_mod:Wait","luka_mod:Edging+1","luka_mod:FlailWildly","luka_mod:Meditation+1","luka_mod:EarthSlash","luka_mod:Determination","luka_mod:OiAlice","luka_mod:WaterSlash+1","luka_mod:Calm+1","luka_mod:SpoilerForm","Injury","luka_mod:AlmaElma","luka_mod:EndlessGuard"],"relics":["luka_mod:KeepsakeRing","White Beast Statue","Lantern","Golden Idol","Sozu","Bag of Preparation"],"acts_visited":["Exordium","TheCity"],"potions_floor_usage":[11,16,16,16],"damage_taken":[{"damage":4,"enemies":"Cultist","floor":1,"turns":4},{"damage":6,"enemies":"Small Slimes","floor":2,"turns":3},{"damage":1,"enemies":"2 Louse","floor":3,"turns":2},{"damage":22,"enemies":"Large Slime","floor":4,"turns":5},{"damage":18,"enemies":"Exordium Wildlife","floor":7,"turns":4},{"damage":36,"enemies":"Exordium Thugs","floor":11,"turns":5},{"damage":52,"enemies":"Hexaghost","floor":16,"turns":10},{"damage":28,"enemies":"Chosen","floor":18,"turns":6},{"damage":27,"enemies":"3 Byrds","floor":19,"turns":5},{"damage":53,"enemies":"Shelled Parasite and Fungi","floor":21,"turns":13}],"seed_played":"271324942409144036","potions_obtained":[{"floor":4,"key":"Swift Potion"},{"floor":7,"key":"LiquidBronze"},{"floor":11,"key":"Strength Potion"},{"floor":16,"key":"FairyPotion"}],"is_trial":false,"path_per_floor":["M","M","M","M","$","R","M","?","T","R","M","?","?","?","R","B",null,"M","M","?","M"],"character_chosen":"LUKA_CLASS","items_purchased":["luka_mod:Calm","luka_mod:SpoilerForm","White Beast Statue","SkillPotion"],"campfire_rested":1,"item_purchase_floors":[5,5,5,5],"current_hp_per_floor":[37,31,30,28,28,28,22,22,22,22,26,19,19,19,31,11,42,32,17,17,6,6],"gold":175,"neow_bonus":"UPGRADE_CARD","is_daily":false,"chose_seed":false,"campfire_upgraded":2,"win_rate":0.0,"timestamp":1612838186,"path_taken":["M","M","M","M","$","R","M","?","T","R","M","?","?","?","R","BOSS","M","M","?","M"],"items_purchased_type":["Card","Card","Relic","Potion"],"build_version":"2020-12-22","purchased_purges":1,"victory":false,"max_hp_per_floor":[40,40,40,40,40,40,40,40,40,40,40,40,40,40,40,42,42,44,44,44,44,44],"card_choices":[{"not_picked":["luka_mod:IliasesJudgement","luka_mod:AngryLuka"],"picked":"luka_mod:EarthSlash","floor":1},{"not_picked":["luka_mod:StrikeLuka","luka_mod:HeroicStrike"],"picked":"luka_mod:Determination","floor":2},{"not_picked":["luka_mod:HeroicStrike","luka_mod:LightningSwordFlash"],"picked":"luka_mod:OiAlice","floor":3},{"not_picked":["luka_mod:Optimistic","luka_mod:OiAlice"],"picked":"luka_mod:WaterSlash","floor":4},{"not_picked":["luka_mod:RestrictedStrike","luka_mod:WindSlash","luka_mod:StrikeLuka"],"picked":"SKIP","floor":7},{"not_picked":["luka_mod:BegIlias","luka_mod:DemonDecapitation","luka_mod:NeverSurrender"],"picked":"SKIP","floor":11},{"not_picked":["luka_mod:Erubetie","luka_mod:NoDebuffs"],"picked":"luka_mod:AlmaElma","floor":16},{"not_picked":["luka_mod:Struggle","luka_mod:WaterSlash","luka_mod:StrikeLuka"],"picked":"SKIP","floor":18},{"not_picked":["luka_mod:Struggle+1","luka_mod:Intense"],"picked":"luka_mod:EndlessGuard","floor":19}],"player_experience":222180,"relics_obtained":[{"floor":9,"key":"Lantern"}],"event_choices":[{"damage_healed":0,"gold_gain":0,"player_choice":"Grow","damage_taken":0,"max_hp_gain":0,"max_hp_loss":0,"event_name":"Living Wall","floor":8,"gold_loss":0,"cards_upgraded":["luka_mod:WaterSlash"]},{"damage_healed":0,"gold_gain":0,"player_choice":"Fled","damage_taken":7,"max_hp_gain":0,"max_hp_loss":0,"event_name":"Scrap Ooze","floor":12,"gold_loss":0},{"damage_healed":0,"gold_gain":0,"player_choice":"Left Gold","damage_taken":0,"max_hp_gain":0,"max_hp_loss":0,"event_name":"World of Goop","floor":13,"gold_loss":50},{"damage_healed":0,"gold_gain":0,"player_choice":"Take Wound","damage_taken":0,"relics_obtained":["Golden Idol"],"max_hp_gain":0,"max_hp_loss":0,"event_name":"Golden Idol","floor":14,"gold_loss":0,"cards_obtained":["Injury"]},{"damage_healed":0,"gold_gain":0,"player_choice":"Opened","damage_taken":0,"relics_obtained":["Bag of Preparation"],"max_hp_gain":0,"max_hp_loss":0,"event_name":"The Mausoleum","floor":20,"gold_loss":0}],"is_beta":false,"boss_relics":[{"not_picked":["Coffee Dripper","Ectoplasm"],"picked":"Sozu"}],"items_purged_floors":[5],"is_endless":false,"potions_floor_spawned":[4,7,11,16,18,19],"killed_by":"Shelled Parasite and Fungi","ascension_level":0}}