{"host":"fhyqvp7txwl2j5aw","time":1612845518,"event":{"mods":["AchievementEnabler","BaseMod","Better Altar","Better Match","Better Note","Better Sensory Stone","Better Skull","Better Third Choice","Card Forge","Colored Map","Colored Powertips","Highlight Path","Minty Spire (QoL Compilation)","Rare Cards Sparkle","Relic Filter Mod","StSLib","Transform Curses"],"gold_per_floor":[115,128,303,315,315,350,361,361,361,361,372,372,389,421,421,516,516,536,536,554,564,564,564,256,256,256,256,256],"floor_reached":27,"language":"JPN","playtime":2559,"items_purged":[],"score":223,"play_id":"56e4a176-9c85-4ec2-9b10-ce58c7e20c45","local_time":"20210209133838","is_ascension_mode":false,"campfire_choices":[{"floor":12,"key":"REST"},{"floor":15,"key":"REST"},{"floor":23,"key":"REST"}],"circlet_count":0,"master_deck":["Dualcast+1","Fusion+1","White Noise+1","Coolheaded+1","Reinforced Body+1","Chill+1","Creative AI+1","Seek+1","Echo Form+1","Force Field+1","Conserve Battery+1","Undo+1","Defragment+1","Redo+1","Darkness+1","Streamline+1"],"relics":["Cracked Core","Hammer of Thor","Seething Fire","Anvil of the Gods","NeowsBlessing","Anchor","Blue Candle","Toxic Egg 2","Dead Branch","Inserter","Bloody Idol","Blood Vial","Ice Cream","MutagenicStrength","Singing Bowl"],"acts_visited":["Exordium","TheCity"],"potions_floor_usage":[],"damage_taken":[{"damage":0,"enemies":"Jaw Worm","floor":1,"turns":1},{"damage":0,"enemies":"Cultist","floor":2,"turns":1},{"damage":0,"enemies":"2 Louse","floor":4,"turns":1},{"damage":35,"enemies":"Lagavulin","floor":6,"turns":7},{"damage":3,"enemies":"Blue Slaver","floor":7,"turns":6},{"damage":0,"enemies":"Exordium Thugs","floor":11,"turns":3},{"damage":0,"enemies":"Large Slime","floor":13,"turns":10},{"damage":24,"enemies":"Gremlin Nob","floor":14,"turns":5},{"damage":24,"enemies":"Slime Boss","floor":16,"turns":12},{"damage":0,"enemies":"Shell Parasite","floor":18,"turns":12},{"damage":0,"enemies":"Spheric Guardian","floor":20,"turns":6},{"damage":0,"enemies":"Snecko","floor":21,"turns":4},{"damage":43,"enemies":"Book of Stabbing","floor":27,"turns":8}],"seed_played":"-1416632123466233390","potions_obtained":[{"floor":1,"key":"Block Potion"},{"floor":2,"key":"Weak Potion"},{"floor":7,"key":"DuplicationPotion"},{"floor":16,"key":"EssenceOfDarkness"}],"is_trial":false,"path_per_floor":["M","M","?","M","?","E","M","?","T","T","M","R","M","E","R","B",null,"M","?","M","M","?","R","$","?","T","E"],"character_chosen":"DEFECT","items_purchased":["Ice Cream"],"campfire_rested":3,"item_purchase_floors":[24],"current_hp_per_floor":[75,75,75,75,75,40,37,37,37,37,37,59,59,35,57,33,75,75,75,75,75,17,39,39,39,39,0,0],"gold":256,"neow_bonus":"THREE_ENEMY_KILL","is_daily":false,"chose_seed":false,"campfire_upgraded":0,"win_rate":0.0,"timestamp":1612845518,"path_taken":["M","M","?","M","?","E","?","?","T","?","M","R","M","E","R","BOSS","M","?","?","?","?","R","$","?","T","E"],"items_purchased_type":["Relic"],"build_version":"2020-12-22","purchased_purges":0,"victory":false,"max_hp_per_floor":[75,75,75,75,75,75,75,75,75,75,75,75,75,75,75,75,75,75,75,75,75,75,75,75,75,75,75,75],"card_choices":[{"not_picked":["Hello World","Steam"],"picked":"Fusion","floor":1},{"not_picked":["Melter","Compile Driver"],"picked":"White Noise","floor":2},{"not_picked":["Leap","Beam Cell","Barrage"],"picked":"SKIP","floor":4},{"not_picked":["Go for the Eyes","Streamline"],"picked":"Coolheaded","floor":6},{"not_picked":["Thunder Strike","Tempest","Streamline"],"picked":"SKIP","floor":7},{"not_picked":["Steam+1","Hologram+1"],"picked":"Chill+1","floor":11},{"not_picked":["Conserve Battery+1","Cold Snap","Coolheaded+1"],"picked":"SKIP","floor":13},{"not_picked":["Auto Shields+1","Gash"],"picked":"Creative AI","floor":14},{"not_picked":["Fission+1","Reboot+1"],"picked":"Seek+1","floor":16},{"not_picked":["Hologram+1","Streamline"],"picked":"Redo+1","floor":18},{"not_picked":["Go for the Eyes","Gash","Storm"],"picked":"SKIP","floor":20},{"not_picked":["Stack+1","Hologram+1"],"picked":"Streamline+1","floor":21}],"player_experience":25259,"relics_obtained":[{"floor":6,"key":"Anchor"},{"floor":9,"key":"Blue Candle"},{"floor":10,"key":"Toxic Egg 2"},{"floor":14,"key":"Dead Branch"},{"floor":26,"key":"Singing Bowl"}],"event_choices":[{"damage_healed":0,"gold_gain":175,"player_choice":"AGREE","damage_taken":128,"max_hp_gain":0,"max_hp_loss":0,"event_name":"betterThird:BetterSerpent","floor":3,"gold_loss":0},{"damage_healed":0,"gold_gain":0,"cards_transformed":["Strike_B"],"player_choice":"Transformed","damage_taken":0,"max_hp_gain":0,"max_hp_loss":0,"event_name":"Transmorgrifier","floor":5,"gold_loss":0,"cards_obtained":["All For One"]},{"damage_healed":0,"gold_gain":0,"cards_transformed":["All For One"],"player_choice":"Change","damage_taken":0,"max_hp_gain":0,"max_hp_loss":0,"event_name":"Living Wall","floor":8,"gold_loss":0,"cards_obtained":["Reinforced Body"]},{"cards_removed":["Creative AI"],"damage_healed":0,"gold_gain":0,"player_choice":"Give","damage_taken":0,"max_hp_gain":0,"max_hp_loss":0,"event_name":"betterNote:BetterNote","floor":19,"gold_loss":0,"cards_obtained":["None"]},{"damage_healed":0,"gold_gain":0,"player_choice":" Idol Vial ","damage_taken":58,"relics_obtained":["Bloody Idol","Blood Vial"],"max_hp_gain":75,"max_hp_loss":17,"event_name":"betterAltar:BetterAltar","floor":22,"potions_obtained":[],"relics_lost":[],"gold_loss":0},{"damage_healed":0,"gold_gain":0,"player_choice":"Inject Mutagens","damage_taken":0,"relics_obtained":["MutagenicStrength"],"max_hp_gain":0,"max_hp_loss":0,"event_name":"Drug Dealer","floor":25,"gold_loss":0}],"is_beta":false,"boss_relics":[{"not_picked":["Tiny House","Snecko Eye"],"picked":"Inserter"}],"items_purged_floors":[],"is_endless":false,"potions_floor_spawned":[1,2,7,16,21],"killed_by":"Book of Stabbing","ascension_level":0}}