{"host":"7wi4qgm5yw4j7oz0","time":1612899480,"event":{"mods":["AchievementEnabler","BaseMod","Block Reminder","Colored Map","Colored Powertips","Highlight Path","Minty Spire (QoL Compilation)","Permanent Neow","Random Character Button","Rare Cards Sparkle","StSLib","everything is the same but u backflip on backflip"],"gold_per_floor":[113,113,63,82,99,131,131,149,173,191,191,191,191,204,204,303,303,317,407,332,346,363,363,374,389,434,434,162,179,191,209,209,307,307,318,74,84,95,110,110,127,127,151,151,165,165,165,181,181,181],"floor_reached":51,"language":"KOR","playtime":2769,"items_purged":["Strike_R","Reckless Charge+1","Warcry+1"],"score":910,"play_id":"0572e244-8cd4-4b8d-9ff2-339762c991fc","local_time":"20210210043800","is_ascension_mode":true,"campfire_choices":[{"data":"Reckless Charge","floor":7.0,"key":"SMITH"},{"data":"Whirlwind","floor":13.0,"key":"SMITH"},{"data":"Warcry","floor":15.0,"key":"SMITH"},{"floor":23.0,"key":"REST"},{"data":"Demon Form","floor":27.0,"key":"SMITH"},{"floor":32.0,"key":"REST"},{"floor":40.0,"key":"REST"},{"floor":42.0,"key":"REST"},{"data":"Flame Barrier","floor":44.0,"key":"SMITH"},{"data":"Impervious","floor":49.0,"key":"SMITH"}],"circlet_count":0,"master_deck":["Defend_R","Defend_R","Defend_R","Defend_R","Feel No Pain","Cleave","Pommel Strike","Disarm","Impervious+1","Whirlwind+1","Sword Boomerang","Demon Form+1","Shockwave","Heavy Blade+1","Clothesline","Clothesline","Barricade","Carnage+1","Flame Barrier+1","Clothesline+1"],"relics":["Burning Blood","Boot","Akabeko","Snecko Eye","Lantern","TheAbacus","Empty Cage","Happy Flower"],"acts_visited":["Exordium","TheCity","TheBeyond"],"potions_floor_usage":[50],"damage_taken":[{"damage":3.0,"enemies":"Jaw Worm","floor":1.0,"turns":4.0},{"damage":4.0,"enemies":"2 Louse","floor":4.0,"turns":3.0},{"damage":7.0,"enemies":"Small Slimes","floor":5.0,"turns":3.0},{"damage":44.0,"enemies":"Lagavulin","floor":6.0,"turns":9.0},{"damage":7.0,"enemies":"Gremlin Gang","floor":8.0,"turns":5.0},{"damage":6.0,"enemies":"3 Louse","floor":10.0,"turns":3.0},{"damage":1.0,"enemies":"Blue Slaver","floor":14.0,"turns":3.0},{"damage":28.0,"enemies":"Slime Boss","floor":16.0,"turns":9.0},{"damage":4.0,"enemies":"3 Byrds","floor":18.0,"turns":3.0},{"damage":12.0,"enemies":"Chosen","floor":21.0,"turns":4.0},{"damage":25.0,"enemies":"Snake Plant","floor":22.0,"turns":5.0},{"damage":12.0,"enemies":"Chosen and Byrds","floor":24.0,"turns":4.0},{"damage":10.0,"enemies":"Centurion and Healer","floor":25.0,"turns":4.0},{"damage":16.0,"enemies":"Snake Plant","floor":29.0,"turns":4.0},{"damage":11.0,"enemies":"Chosen and Byrds","floor":30.0,"turns":2.0},{"damage":9.0,"enemies":"Snecko","floor":31.0,"turns":4.0},{"damage":9.0,"enemies":"Champ","floor":33.0,"turns":7.0},{"damage":28.0,"enemies":"3 Shapes","floor":35.0,"turns":3.0},{"damage":10.0,"enemies":"Orb Walker","floor":37.0,"turns":3.0},{"damage":34.0,"enemies":"Spire Growth","floor":38.0,"turns":5.0},{"damage":15.0,"enemies":"Jaw Worm Horde","floor":39.0,"turns":4.0},{"damage":0.0,"enemies":"Maw","floor":41.0,"turns":5.0},{"damage":0.0,"enemies":"Spire Growth","floor":45.0,"turns":5.0},{"damage":20.0,"enemies":"3 Darklings","floor":48.0,"turns":3.0},{"damage":57,"enemies":"Awakened One","floor":50,"turns":11}],"seed_played":"-8617920265942790109","potions_obtained":[{"floor":4.0,"key":"BlessingOfTheForge"},{"floor":6.0,"key":"Block Potion"},{"floor":8.0,"key":"Energy Potion"},{"floor":24.0,"key":"Fire Potion"},{"floor":29.0,"key":"FearPotion"},{"floor":30.0,"key":"ColorlessPotion"},{"floor":33.0,"key":"SteroidPotion"},{"floor":35.0,"key":"Explosive Potion"},{"floor":41.0,"key":"CultistPotion"},{"floor":47.0,"key":"DistilledChaos"}],"is_trial":false,"path_per_floor":["M","?","?","M","M","E","R","M","T","M","?","?","R","M","R","B",null,"M","?","$","M","M","R","M","M","T","R","$","M","M","M","R","B",null,"M","$","M","M","M","R","M","R","T","R","M","?","?","M","R","B",null],"character_chosen":"IRONCLAD","items_purchased":["TheAbacus","Clothesline","Flame Barrier","BloodPotion"],"campfire_rested":4,"item_purchase_floors":[28,28,36,36],"current_hp_per_floor":[75,75,75,77,76,38,38,37,37,37,37,37,37,42,42,20,65,67,55,55,49,30,54,48,44,44,44,44,34,29,26,50,47,72,50,50,46,34,25,49,55,79,79,79,80,80,80,66,66,15],"gold":181,"neow_bonus":"TRANSFORM_CARD","is_daily":false,"chose_seed":false,"campfire_upgraded":6,"win_rate":0.0,"timestamp":1612899480,"path_taken":["M","?","?","M","M","E","R","M","T","M","?","?","R","?","R","BOSS","M","?","$","M","M","R","M","M","T","R","$","M","M","M","R","BOSS","M","$","M","?","M","R","M","R","T","R","M","?","?","M","R","BOSS"],"items_purchased_type":["Relic","Card","Card","Potion"],"build_version":"2020-12-22","purchased_purges":3,"victory":true,"max_hp_per_floor":[80,80,80,80,80,80,80,80,80,80,80,80,80,80,80,80,80,80,80,80,80,80,80,80,80,80,80,80,80,80,80,80,80,80,80,80,80,80,80,80,80,80,80,80,80,80,80,80,80,80],"card_choices":[{"not_picked":["Anger","True Grit"],"picked":"Feel No Pain","floor":1.0},{"not_picked":["Clash","Pommel Strike"],"picked":"Cleave","floor":4.0},{"not_picked":["Clothesline","Clash"],"picked":"Pommel Strike","floor":5.0},{"not_picked":["Twin Strike","Seeing Red"],"picked":"Disarm","floor":6.0},{"not_picked":["Iron Wave","Headbutt"],"picked":"Impervious","floor":8.0},{"not_picked":["Warcry","Sword Boomerang","Havoc"],"picked":"SKIP","floor":10.0},{"not_picked":["Entrench","Clothesline"],"picked":"Warcry","floor":14.0},{"not_picked":["Fiend Fire","Juggernaut"],"picked":"Demon Form","floor":16.0},{"not_picked":["Reckless Charge","Iron Wave"],"picked":"Shockwave","floor":18.0},{"not_picked":["True Grit","Sword Boomerang","Iron Wave+1"],"picked":"SKIP","floor":21.0},{"not_picked":["Pummel","Perfected Strike"],"picked":"Bloodletting","floor":22.0},{"not_picked":["Armaments+1","Shrug It Off"],"picked":"Heavy Blade+1","floor":24.0},{"not_picked":["Headbutt","Shrug It Off","Second Wind"],"picked":"SKIP","floor":25.0},{"not_picked":["Warcry+1","Flex","Clash"],"picked":"SKIP","floor":29.0},{"not_picked":["Pommel Strike","Searing Blow+1"],"picked":"Clothesline","floor":30.0},{"not_picked":["Twin Strike","Body Slam","Dual Wield"],"picked":"SKIP","floor":31.0},{"not_picked":["Corruption","Offering"],"picked":"Barricade","floor":33.0},{"not_picked":["Searing Blow","Heavy Blade"],"picked":"Carnage+1","floor":35.0},{"not_picked":["Combust","Wild Strike","Rage"],"picked":"SKIP","floor":37.0},{"not_picked":["Twin Strike+1","Headbutt"],"picked":"Clothesline+1","floor":38.0},{"not_picked":["Rampage","Perfected Strike+1","Flex+1"],"picked":"SKIP","floor":39.0},{"not_picked":["Havoc","Flex+1","Second Wind"],"picked":"SKIP","floor":41.0},{"not_picked":["Thunderclap+1","True Grit+1","Clash"],"picked":"SKIP","floor":45.0},{"not_picked":["Armaments+1","Iron Wave","Shrug It Off"],"picked":"SKIP","floor":48.0}],"player_experience":288528,"relics_obtained":[{"floor":6.0,"key":"Boot"},{"floor":9.0,"key":"Akabeko"},{"floor":26.0,"key":"Lantern"},{"floor":43.0,"key":"Happy Flower"}],"event_choices":[{"damage_healed":0.0,"max_hp_gain":0.0,"max_hp_loss":0.0,"gold_gain":0.0,"event_name":"Liars Game","player_choice":"Ignored","floor":2.0,"gold_loss":0.0,"damage_taken":0.0},{"cards_removed":["Strike_R"],"damage_healed":0.0,"max_hp_gain":0.0,"max_hp_loss":0.0,"gold_gain":0.0,"event_name":"The Cleric","player_choice":"Card Removal","floor":3.0,"gold_loss":50.0,"damage_taken":0.0},{"damage_healed":0.0,"max_hp_gain":0.0,"max_hp_loss":0.0,"gold_gain":0.0,"cards_transformed":["Strike_R"],"event_name":"Living Wall","player_choice":"Change","floor":11.0,"gold_loss":0.0,"damage_taken":0.0,"cards_obtained":["Whirlwind"]},{"damage_healed":0.0,"max_hp_gain":0.0,"max_hp_loss":0.0,"gold_gain":0.0,"cards_transformed":["Bash"],"event_name":"Transmorgrifier","player_choice":"Transformed","floor":12.0,"gold_loss":0.0,"damage_taken":0.0,"cards_obtained":["Sword Boomerang"]},{"damage_healed":0.0,"max_hp_gain":0.0,"max_hp_loss":0.0,"gold_gain":90.0,"event_name":"Knowing Skull","player_choice":"GOLD ","floor":19.0,"potions_obtained":[],"gold_loss":0.0,"damage_taken":12.0,"cards_obtained":[]},{"damage_healed":0.0,"max_hp_gain":0.0,"max_hp_loss":0.0,"gold_gain":0.0,"event_name":"SensoryStone","player_choice":"Memory 1","floor":46.0,"gold_loss":0.0,"damage_taken":0.0},{"damage_healed":0.0,"max_hp_gain":0.0,"max_hp_loss":0.0,"gold_gain":0.0,"event_name":"Lab","player_choice":"Got Potions","floor":47.0,"gold_loss":0.0,"damage_taken":0.0}],"is_beta":false,"boss_relics":[{"not_picked":["SacredBark","Tiny House"],"picked":"Snecko Eye"},{"not_picked":["Busted Crown","Fusion Hammer"],"picked":"Empty Cage"}],"items_purged_floors":[20,28,36],"is_endless":false,"potions_floor_spawned":[4,6,8,24,29,30,33,35,41,48],"ascension_level":8}}