{"host":"gfxjwtol062e9znw","time":1612870847,"event":{"mods":["BaseMod","Colored Map","Minty Spire (QoL Compilation)","Rare Cards Sparkle"],"gold_per_floor":[119,138,149,224,240,240,269,234,234,234,269,283,283,313,313,408,408,420,330,344,362,391,391,404,404,404,404,418,1,35,134,134,134,134],"floor_reached":33,"language":"ENG","playtime":2284,"items_purged":[],"score":426,"play_id":"8cf3cfae-f075-4035-9ea0-c74a9a9266ae","local_time":"20210209224047","is_ascension_mode":true,"campfire_choices":[{"data":"Clothesline","floor":6.0,"key":"SMITH"},{"data":"Rage","floor":10.0,"key":"SMITH"},{"floor":13.0,"key":"REST"},{"floor":15.0,"key":"REST"},{"floor":23,"key":"REST"},{"floor":25,"key":"REST"},{"floor":32,"key":"REST"}],"circlet_count":0,"master_deck":["AscendersBane","Strike_R","Strike_R","Strike_R","Strike_R","Strike_R","Defend_R","Bash","Clothesline+1","Twin Strike","Shrug It Off","Iron Wave","Rage+1","Ghostly Armor","Headbutt+1","Double Tap","Limit Break","Disarm","Perfected Strike","Whirlwind","Shockwave+1"],"relics":["Burning Blood","HornCleat","Frozen Egg 2","Mercury Hourglass","Snecko Eye","Red Mask","Ginger","Ice Cream","Regal Pillow"],"acts_visited":["Exordium","TheCity"],"potions_floor_usage":[21,22,24,30,33,33],"damage_taken":[{"damage":8.0,"enemies":"Jaw Worm","floor":1.0,"turns":4.0},{"damage":4.0,"enemies":"2 Louse","floor":2.0,"turns":3.0},{"damage":4.0,"enemies":"Small Slimes","floor":3.0,"turns":4.0},{"damage":9.0,"enemies":"Exordium Wildlife","floor":5.0,"turns":4.0},{"damage":22.0,"enemies":"Gremlin Nob","floor":7.0,"turns":5.0},{"damage":57.0,"enemies":"Lagavulin","floor":11.0,"turns":12.0},{"damage":0.0,"enemies":"Exordium Thugs","floor":12.0,"turns":4.0},{"damage":27.0,"enemies":"Slime Boss","floor":16.0,"turns":9.0},{"damage":16.0,"enemies":"Spheric Guardian","floor":18.0,"turns":4.0},{"damage":1.0,"enemies":"3 Byrds","floor":20.0,"turns":4.0},{"damage":39,"enemies":"Cultist and Chosen","floor":21,"turns":7},{"damage":29,"enemies":"Masked Bandits","floor":22,"turns":5},{"damage":24,"enemies":"Shelled Parasite and Fungi","floor":24,"turns":8},{"damage":23,"enemies":"Centurion and Healer","floor":28,"turns":8},{"damage":6,"enemies":"Slavers","floor":30,"turns":3},{"damage":67,"enemies":"Collector","floor":33,"turns":10}],"seed_played":"-5425135811905900550","potions_obtained":[{"floor":2.0,"key":"Regen Potion"},{"floor":11.0,"key":"Swift Potion"},{"floor":12.0,"key":"CultistPotion"},{"floor":16.0,"key":"Fire Potion"},{"floor":22,"key":"EssenceOfSteel"},{"floor":28,"key":"Strength Potion"},{"floor":30,"key":"Weak Potion"}],"is_trial":false,"path_per_floor":["M","M","M","?","M","R","E","?","T","R","E","M","R","?","R","B",null,"M","?","M","M","?","R","M","R","T","?","M","$","E","?","R","B"],"character_chosen":"IRONCLAD","items_purchased":["Ice Cream","Whirlwind","DuplicationPotion"],"campfire_rested":5,"item_purchase_floors":[29,29,29],"current_hp_per_floor":[70,72,74,63,60,60,58,78,78,78,27,33,57,57,80,59,75,65,65,70,37,14,38,20,44,44,44,27,27,27,27,66,0,0],"gold":134,"neow_bonus":"TRANSFORM_CARD","is_daily":false,"chose_seed":false,"campfire_upgraded":2,"win_rate":0.0,"timestamp":1612870847,"path_taken":["M","M","M","?","M","R","E","?","T","R","E","M","R","?","R","BOSS","M","?","M","M","?","R","M","R","T","?","?","$","E","?","R","BOSS"],"items_purchased_type":["Relic","Card","Potion"],"build_version":"2020-12-22","purchased_purges":0,"victory":false,"max_hp_per_floor":[80,80,80,80,80,80,80,80,80,80,80,80,80,80,80,80,80,80,80,80,80,80,80,80,80,80,80,80,80,80,80,80,80,80],"card_choices":[{"not_picked":["Clash","Metallicize"],"picked":"Twin Strike","floor":1.0},{"not_picked":["Sentinel","Twin Strike"],"picked":"Shrug It Off","floor":2.0},{"not_picked":["Clothesline","Bloodletting"],"picked":"Iron Wave","floor":3.0},{"not_picked":["Dropkick","Twin Strike"],"picked":"Rage","floor":5.0},{"not_picked":["Heavy Blade","Power Through"],"picked":"Ghostly Armor","floor":7.0},{"not_picked":["Sword Boomerang","Dropkick"],"picked":"Headbutt","floor":11.0},{"not_picked":["Perfected Strike","Havoc"],"picked":"Double Tap","floor":12.0},{"not_picked":["Reaper","Impervious"],"picked":"Limit Break","floor":16.0},{"not_picked":["Sword Boomerang+1","Iron Wave","Clothesline"],"picked":"SKIP","floor":18.0},{"not_picked":["Iron Wave","Twin Strike+1","Wild Strike"],"picked":"SKIP","floor":20},{"not_picked":["Iron Wave","Twin Strike+1","Wild Strike"],"picked":"SKIP","floor":20},{"not_picked":["Rampage","Cleave"],"picked":"Disarm","floor":21},{"not_picked":["Headbutt","Armaments+1","Feed"],"picked":"SKIP","floor":24},{"not_picked":["Heavy Blade","Anger"],"picked":"Perfected Strike","floor":28},{"not_picked":["Rupture+1","Clothesline"],"picked":"Shockwave+1","floor":30}],"player_experience":129044,"relics_obtained":[{"floor":7.0,"key":"HornCleat"},{"floor":9.0,"key":"Frozen Egg 2"},{"floor":11.0,"key":"Mercury Hourglass"},{"floor":22,"key":"Red Mask"},{"floor":26,"key":"Ginger"},{"floor":30,"key":"Regal Pillow"}],"event_choices":[{"damage_healed":0.0,"max_hp_gain":0.0,"max_hp_loss":0.0,"gold_gain":75.0,"event_name":"World of Goop","player_choice":"Gather Gold","floor":4.0,"gold_loss":0.0,"damage_taken":11.0},{"damage_healed":20.0,"max_hp_gain":0.0,"max_hp_loss":0.0,"gold_gain":0.0,"event_name":"The Cleric","player_choice":"Healed","floor":8.0,"gold_loss":35.0,"damage_taken":0.0},{"damage_healed":0.0,"max_hp_gain":0.0,"max_hp_loss":0.0,"gold_gain":30.0,"event_name":"Dead Adventurer","player_choice":"Searched \u00271\u0027 times","floor":14.0,"gold_loss":0.0,"damage_taken":0.0},{"cards_removed":["Defend_R"],"damage_healed":0.0,"max_hp_gain":0.0,"max_hp_loss":0.0,"gold_gain":0.0,"event_name":"Designer","player_choice":"Upgrade and Remove","floor":19.0,"gold_loss":90.0,"damage_taken":0.0,"cards_upgraded":["Headbutt"]},{"damage_healed":0,"gold_gain":0,"player_choice":"Fought Bandits","damage_taken":0,"max_hp_gain":0,"max_hp_loss":0,"event_name":"Masked Bandits","floor":22,"gold_loss":0},{"cards_removed":["Defend_R"],"damage_healed":0,"gold_gain":0,"player_choice":"Elegance","damage_taken":0,"max_hp_gain":0,"max_hp_loss":0,"event_name":"Back to Basics","floor":27,"gold_loss":0},{"damage_healed":0,"gold_gain":99,"player_choice":"Stole From Cult","damage_taken":0,"max_hp_gain":0,"max_hp_loss":0,"event_name":"Nest","floor":31,"gold_loss":0}],"is_beta":false,"boss_relics":[{"not_picked":["Coffee Dripper","Black Star"],"picked":"Snecko Eye"}],"items_purged_floors":[],"is_endless":false,"potions_floor_spawned":[2,11,12,16,22,28,30],"killed_by":"Collector","ascension_level":11}}