{"host":"jpzdg3po3tjxdjri","time":1612912074,"event":{"mods":["BaseMod","Better Third Choice","Colored Map","Colored Powertips","Minty Spire (QoL Compilation)","StSLib"],"gold_per_floor":[210,225,241,258,4,4,20,33,33,33,66,83,99,134,134,236,236,254,265,265,265,15,44,44,72,145,145,145],"floor_reached":27,"language":"ENG","playtime":987,"items_purged":["Defend_R"],"score":278,"play_id":"e483290d-ddf9-462c-b9cd-c23d817cc032","local_time":"20210209230754","is_ascension_mode":true,"campfire_choices":[{"data":"Perfected Strike","floor":6,"key":"SMITH"},{"data":"Perfected Strike","floor":10,"key":"SMITH"},{"data":"Fire Breathing","floor":15,"key":"SMITH"},{"data":"Immolate","floor":24,"key":"SMITH"}],"circlet_count":0,"master_deck":["Strike_R","Strike_R","Strike_R","Strike_R","Strike_R","Defend_R+1","Defend_R","Defend_R","Bash","Flex","Perfected Strike+1","Perfected Strike+1","Wild Strike","Shrug It Off+1","Thunderclap","Pommel Strike","Shrug It Off","Fire Breathing+1","Headbutt","Demon Form","Immolate+1","True Grit+1","Wild Strike","Shrug It Off","Feed","Twin Strike"],"relics":["Burning Blood","Dream Catcher","HornCleat","Bottled Tornado","Philosopher\u0027s Stone","Lantern","War Paint","Strawberry","StrikeDummy"],"acts_visited":["Exordium","TheCity"],"potions_floor_usage":[23,23,23],"damage_taken":[{"damage":6,"enemies":"Cultist","floor":1,"turns":3},{"damage":13,"enemies":"Jaw Worm","floor":2,"turns":3},{"damage":0,"enemies":"2 Louse","floor":3,"turns":3},{"damage":5,"enemies":"Large Slime","floor":4,"turns":5},{"damage":6,"enemies":"Lots of Slimes","floor":7,"turns":6},{"damage":5,"enemies":"Looter","floor":8,"turns":2},{"damage":6,"enemies":"Gremlin Nob","floor":11,"turns":3},{"damage":5,"enemies":"Gremlin Gang","floor":12,"turns":4},{"damage":0,"enemies":"3 Louse","floor":13,"turns":2},{"damage":4,"enemies":"Lagavulin","floor":14,"turns":3},{"damage":37,"enemies":"Hexaghost","floor":16,"turns":9},{"damage":14,"enemies":"Shell Parasite","floor":18,"turns":3},{"damage":14,"enemies":"Chosen","floor":19,"turns":4},{"damage":36,"enemies":"Slavers","floor":23,"turns":4},{"damage":36,"enemies":"Book of Stabbing","floor":25,"turns":5},{"damage":42,"enemies":"Slavers","floor":27,"turns":3}],"seed_played":"6693802814839248061","potions_obtained":[{"floor":1,"key":"Explosive Potion"},{"floor":3,"key":"Regen Potion"},{"floor":4,"key":"Weak Potion"},{"floor":14,"key":"CultistPotion"},{"floor":16,"key":"BloodPotion"},{"floor":25,"key":"EssenceOfSteel"}],"is_trial":false,"path_per_floor":["M","M","M","M","$","R","M","M","T","R","E","M","M","E","R","B",null,"M","M","?","?","$","E","R","E","T","E"],"character_chosen":"IRONCLAD","items_purchased":["Wild Strike","Dream Catcher","Shrug It Off","Shrug It Off","Lantern"],"campfire_rested":0,"item_purchase_floors":[5,5,5,22,22],"current_hp_per_floor":[80,73,79,80,80,80,80,80,80,80,80,80,80,80,80,49,80,72,64,64,64,64,57,57,34,34,0,0],"gold":145,"neow_bonus":"HUNDRED_GOLD","is_daily":false,"chose_seed":false,"campfire_upgraded":4,"win_rate":0.0,"timestamp":1612912074,"path_taken":["M","M","M","M","$","R","M","?","T","R","E","M","M","E","R","BOSS","M","M","?","?","$","E","R","E","T","E"],"items_purchased_type":["Card","Relic","Card","Card","Relic"],"build_version":"2020-12-22","purchased_purges":1,"victory":false,"max_hp_per_floor":[80,80,80,80,80,80,80,80,80,80,80,80,80,80,80,80,80,80,80,80,80,80,80,80,87,87,87,87],"card_choices":[{"not_picked":["Rupture","Pummel"],"picked":"Flex","floor":1},{"not_picked":["Spot Weakness","Pommel Strike"],"picked":"Perfected Strike","floor":2},{"not_picked":["Heavy Blade","Metallicize"],"picked":"Perfected Strike","floor":3},{"not_picked":["Body Slam","Anger","Second Wind"],"picked":"SKIP","floor":4},{"not_picked":["Flex","True Grit"],"picked":"Thunderclap","floor":7},{"not_picked":["Armaments","Flex"],"picked":"Pommel Strike","floor":8},{"not_picked":["Clash","Carnage"],"picked":"Shrug It Off","floor":11},{"not_picked":["Sword Boomerang","Iron Wave"],"picked":"Fire Breathing","floor":12},{"not_picked":["Infernal Blade","Clash"],"picked":"Headbutt","floor":13},{"not_picked":["Pommel Strike","Flex"],"picked":"Demon Form","floor":14},{"not_picked":["Impervious","Feed"],"picked":"Immolate","floor":16},{"not_picked":["Sentinel","Thunderclap"],"picked":"True Grit+1","floor":18},{"not_picked":["Cleave","Seeing Red"],"picked":"Wild Strike","floor":19},{"not_picked":["Barricade","Carnage"],"picked":"Feed","floor":23},{"not_picked":["Pummel+1","Seeing Red"],"picked":"Twin Strike","floor":25}],"player_experience":888647,"relics_obtained":[{"floor":11,"key":"HornCleat"},{"floor":14,"key":"Bottled Tornado"},{"floor":23,"key":"War Paint"},{"floor":25,"key":"Strawberry"},{"floor":26,"key":"StrikeDummy"}],"event_choices":[{"damage_healed":0,"gold_gain":0,"player_choice":"Ignored","damage_taken":0,"max_hp_gain":0,"max_hp_loss":0,"event_name":"Vampires","floor":20,"gold_loss":0},{"damage_healed":0,"gold_gain":0,"player_choice":"Ignored","damage_taken":0,"max_hp_gain":0,"max_hp_loss":0,"event_name":"Ghosts","floor":21,"gold_loss":0}],"is_beta":false,"boss_relics":[{"not_picked":["Black Star","Busted Crown"],"picked":"Philosopher\u0027s Stone"}],"items_purged_floors":[22],"is_endless":false,"potions_floor_spawned":[1,3,4,8,14,16,18,25],"killed_by":"Slavers","ascension_level":1}}