{"host":"z609fbm6pkeriks8","time":1612904684,"event":{"mods":["AchievementEnabler","BaseMod","Colored Map","Colored Powertips","Highlight Path","Minty Spire (QoL Compilation)","StSLib"],"gold_per_floor":[119,69,69,93,107,148,166,91,117,130,130,154,154,3,3,3,3],"floor_reached":16,"language":"ZHS","playtime":601,"items_purged":["Strike_R"],"score":112,"play_id":"f8d6a9b2-0c95-4328-80d8-572abb505971","local_time":"20210210050444","is_ascension_mode":true,"campfire_choices":[{"data":"Combust","floor":13,"key":"SMITH"},{"data":"True Grit","floor":15,"key":"SMITH"}],"circlet_count":0,"master_deck":["Strike_R","Strike_R","Defend_R","Defend_R","Defend_R","Defend_R","Bash","Combust+1","Power Through","Rage","Immolate","True Grit+1","Intimidate","Cleave"],"relics":["Burning Blood","Golden Idol","Boot","Potion Belt","Orichalcum","Membership Card"],"acts_visited":["Exordium"],"potions_floor_usage":[16],"damage_taken":[{"damage":6,"enemies":"Jaw Worm","floor":1,"turns":4},{"damage":10,"enemies":"Small Slimes","floor":4,"turns":3},{"damage":4,"enemies":"Cultist","floor":5,"turns":3},{"damage":15,"enemies":"Gremlin Nob","floor":6,"turns":5},{"damage":6,"enemies":"Exordium Wildlife","floor":7,"turns":4},{"damage":21,"enemies":"Exordium Thugs","floor":10,"turns":4},{"damage":3,"enemies":"Large Slime","floor":12,"turns":4},{"damage":44,"enemies":"The Guardian","floor":16,"turns":7}],"seed_played":"-7792740410535100074","potions_obtained":[{"floor":1,"key":"ElixirPotion"},{"floor":5,"key":"Dexterity Potion"}],"is_trial":false,"path_per_floor":["M","?","?","M","M","E","M","$","T","M","?","M","R","$","R","B"],"character_chosen":"IRONCLAD","items_purchased":["Membership Card"],"campfire_rested":0,"item_purchase_floors":[14],"current_hp_per_floor":[80,80,60,56,58,49,49,49,49,34,34,37,37,37,37,0,0],"gold":3,"neow_bonus":"TRANSFORM_CARD","is_daily":false,"chose_seed":false,"campfire_upgraded":2,"win_rate":0.0,"timestamp":1612904684,"path_taken":["M","?","?","M","M","E","M","$","T","M","?","M","R","$","R","BOSS"],"items_purchased_type":["Relic"],"build_version":"2020-12-22","purchased_purges":1,"victory":false,"max_hp_per_floor":[80,80,80,80,80,80,80,80,80,80,80,80,80,80,80,80,80],"card_choices":[{"not_picked":["Sentinel","Heavy Blade"],"picked":"Power Through","floor":1},{"not_picked":["Flex","True Grit","Twin Strike"],"picked":"SKIP","floor":4},{"not_picked":["Clash","Pummel"],"picked":"Rage","floor":5},{"not_picked":["Flame Barrier","Sentinel"],"picked":"Immolate","floor":6},{"not_picked":["Flame Barrier","Havoc"],"picked":"True Grit","floor":7},{"not_picked":["Iron Wave","Rage"],"picked":"Intimidate","floor":10},{"not_picked":["Twin Strike","Iron Wave"],"picked":"Cleave","floor":12}],"player_experience":37634,"relics_obtained":[{"floor":6,"key":"Boot"},{"floor":9,"key":"Potion Belt"}],"event_choices":[{"cards_removed":["Strike_R"],"damage_healed":0,"gold_gain":0,"player_choice":"Card Removal","damage_taken":0,"max_hp_gain":0,"max_hp_loss":0,"event_name":"The Cleric","floor":2,"gold_loss":50},{"damage_healed":0,"gold_gain":0,"player_choice":"Take Damage","damage_taken":20,"relics_obtained":["Golden Idol"],"max_hp_gain":0,"max_hp_loss":0,"event_name":"Golden Idol","floor":3,"gold_loss":0},{"damage_healed":0,"gold_gain":0,"player_choice":"Gave Potion","damage_taken":0,"relics_obtained":["Orichalcum"],"max_hp_gain":0,"max_hp_loss":0,"event_name":"WeMeetAgain","floor":11,"gold_loss":0}],"is_beta":false,"boss_relics":[],"items_purged_floors":[8],"is_endless":false,"potions_floor_spawned":[1,5],"killed_by":"The Guardian","ascension_level":2}}