{"host":"rb2p2z6v6vieend5","time":1612877932,"event":{"mods":["BaseMod","Block Reminder","Colored Map","DeckTracker","Highlight Path","Minty Spire (QoL Compilation)","Random Character Button","Relic Stats"],"gold_per_floor":[209,209,159,174,195,235,235,235,235],"floor_reached":8,"language":"ENG","playtime":487,"items_purged":[],"score":92,"play_id":"d37e42cf-1f90-49f8-b60a-9e12b95e6c05","local_time":"20210209143852","is_ascension_mode":true,"campfire_choices":[{"floor":7,"key":"REST"}],"circlet_count":0,"master_deck":["AscendersBane","Strike_G+1","Strike_G","Strike_G","Strike_G","Strike_G","Defend_G","Defend_G","Defend_G","Defend_G","Survivor","Neutralize","Leg Sweep","Skewer+1"],"relics":["Ring of the Snake","Golden Idol","Whetstone"],"acts_visited":["Exordium"],"potions_floor_usage":[6,8],"damage_taken":[{"damage":0,"enemies":"Jaw Worm","floor":1,"turns":5},{"damage":0,"enemies":"Small Slimes","floor":4,"turns":3},{"damage":0,"enemies":"Cultist","floor":5,"turns":6},{"damage":58,"enemies":"3 Sentries","floor":6,"turns":15},{"damage":35,"enemies":"Lagavulin","floor":8,"turns":7}],"seed_played":"-2944281731580840988","potions_obtained":[{"floor":1,"key":"BlessingOfTheForge"},{"floor":5,"key":"SkillPotion"}],"is_trial":false,"path_per_floor":["M","?","?","M","M","E","R","E"],"character_chosen":"THE_SILENT","items_purchased":[],"campfire_rested":1,"item_purchase_floors":[],"current_hp_per_floor":[63,63,63,63,63,5,24,0,0],"gold":235,"neow_bonus":"HUNDRED_GOLD","is_daily":false,"chose_seed":false,"campfire_upgraded":0,"win_rate":0.0,"timestamp":1612877932,"path_taken":["M","?","?","M","M","E","R","E"],"items_purchased_type":[],"build_version":"2020-12-22","purchased_purges":0,"victory":false,"max_hp_per_floor":[70,65,65,65,65,65,65,65,65],"relic_stats":{"counters":[5,36],"Golden Idol":15,"Whetstone":["Skewer","Strike_G"],"obtain_stats":[{"Golden Idol":2,"Whetstone":6,"Ring of the Snake":0},{"Golden Idol":1,"Whetstone":4,"Ring of the Snake":0},{"Golden Idol":5,"Whetstone":29,"Ring of the Snake":0}],"Ring of the Snake":[10]},"card_choices":[{"not_picked":["Catalyst","Bane"],"picked":"Leg Sweep","floor":1},{"not_picked":["Sucker Punch","Poisoned Stab","Dodge and Roll"],"picked":"SKIP","floor":4},{"not_picked":["Outmaneuver","Escape Plan"],"picked":"Skewer","floor":5},{"not_picked":["Prepared","Setup","Blade Dance"],"picked":"SKIP","floor":6}],"player_experience":706558,"relics_obtained":[{"floor":6,"key":"Whetstone"}],"event_choices":[{"damage_healed":0,"gold_gain":0,"player_choice":"Lose Max HP","damage_taken":0,"relics_obtained":["Golden Idol"],"max_hp_gain":0,"max_hp_loss":5,"event_name":"Golden Idol","floor":2,"gold_loss":0},{"cards_removed":["Defend_G"],"damage_healed":0,"gold_gain":0,"player_choice":"Card Removal","damage_taken":0,"max_hp_gain":0,"max_hp_loss":0,"event_name":"The Cleric","floor":3,"gold_loss":50}],"is_beta":false,"boss_relics":[],"items_purged_floors":[],"is_endless":false,"potions_floor_spawned":[1,5],"killed_by":"Lagavulin","ascension_level":13}}