{"host":"udml3bba5m6xpjx7","time":1612864946,"event":{"mods":["BaseMod","Better Match","Better Third Choice","Block Reminder","Downfall","Minty Spire (QoL Compilation)","Rare Cards Sparkle","Relic Stats","StSLib","Swap Starting Deck Mod"],"gold_per_floor":[99,111,111,122,137,170,170,70,55,55,65,65,93,193,206,304,304,204,222,222,222,242,152,176,276,286,319,335,335,235,247,261,357,357,357,377,307,307,307,358,358,358,387,387,405,117,147,197,207,207,207,235,91,91,91,91],"floor_reached":57,"language":"ENG","playtime":5054,"items_purged":["Pain","Writhe"],"score":1413,"play_id":"a6bd4c41-898a-4c45-90a7-55f75eb396f1","local_time":"20210209020226","is_ascension_mode":false,"campfire_choices":[{"floor":1,"key":"RECALL"},{"data":"bronze:BugBarrage","floor":8,"key":"SMITH"},{"data":"bronze:WildBeam","floor":10,"key":"SMITH"},{"floor":12,"key":"REST"},{"data":"bronze:Goto","floor":18,"key":"SMITH"},{"data":"bronze:BugBarrage","floor":30,"key":"SMITH"},{"data":"bronze:AlphaBuild","floor":35,"key":"SMITH"},{"floor":42,"key":"REST"},{"floor":44,"key":"REST"},{"data":"bronze:MaxOutput","floor":54,"key":"SMITH"}],"circlet_count":0,"master_deck":["bronze:Strike+1","bronze:Defend","bronze:Defend","bronze:Defend","bronze:Defend","bronze:Replicate+1","bronze:Goto+1","CurseOfTheBell","bronze:BugBarrage+1","bronze:WildBeam+1","bronze:BuggyMess+1","bronze:Repair+1","bronze:BuggyMess+1","bronze:Shield+1","bronze:ItsAFeature+1","bronze:MaxOutput+1","bronze:BugBarrage+1","bronze:Constructor+1","bronze:AlphaBuild+1","expansioncontent:AwakenDeath","expansioncontent:AwakenDeath","expansioncontent:AwakenDeath","bronze:BugBarrage+1"],"relics":["Calling Bell","Pen Nib","Toxic Egg 2","Torii","WarpedTongs","Ice Cream","Thread and Needle","downfall:HeartBlessingRed","Gremlin Horn","Empty Cage","downfall:HeartBlessingGreen","Blue Candle","Pocketwatch","Kunai","Boot","downfall:HeartBlessingBlue","SlaversCollar","OrangePellets","Whetstone","Mummified Hand","WingedGreaves","InkBottle","Singing Bowl","Ginger","Ancient Tea Set","TungstenRod","Art of War","Lee\u0027s Waffle"],"acts_visited":["Exordium","TheCity","TheBeyond","TheEnding"],"potions_floor_usage":[25,37,40,47,55,56,56],"damage_taken":[{"damage":8,"enemies":"Cultist","floor":2,"turns":5},{"damage":5,"enemies":"2 Louse","floor":4,"turns":3},{"damage":8,"enemies":"Jaw Worm","floor":5,"turns":3},{"damage":25,"enemies":"3 Sentries","floor":6,"turns":8},{"damage":2,"enemies":"downfall:FleeingMerchant","floor":9,"turns":4},{"damage":3,"enemies":"2 Fungi Beasts","floor":11,"turns":2},{"damage":19,"enemies":"Gremlin Nob","floor":13,"turns":4},{"damage":2,"enemies":"Exordium Thugs","floor":15,"turns":3},{"damage":23,"enemies":"SI_SHIV_ARCHETYPE","floor":16,"turns":12},{"damage":13,"enemies":"Spheric Guardian","floor":19,"turns":5},{"damage":5,"enemies":"Shell Parasite","floor":22,"turns":5},{"damage":3,"enemies":"downfall:FleeingMerchant","floor":23,"turns":4},{"damage":12,"enemies":"Colosseum Nobs","floor":25,"turns":6},{"damage":2,"enemies":"Chosen and Byrds","floor":26,"turns":3},{"damage":2,"enemies":"Book of Stabbing","floor":27,"turns":4},{"damage":10,"enemies":"Snake Plant","floor":28,"turns":2},{"damage":2,"enemies":"Sentry and Sphere","floor":31,"turns":3},{"damage":2,"enemies":"Cultist and Chosen","floor":32,"turns":3},{"damage":2,"enemies":"WA_ARCHETYPE_CALM","floor":33,"turns":3},{"damage":2,"enemies":"3 Darklings","floor":36,"turns":5},{"damage":2,"enemies":"downfall:FleeingMerchant","floor":37,"turns":4},{"damage":69,"enemies":"2 Orb Walkers","floor":40,"turns":7},{"damage":0,"enemies":"Reptomancer","floor":43,"turns":2},{"damage":7,"enemies":"Orb Walker","floor":45,"turns":3},{"damage":0,"enemies":"Giant Head","floor":47,"turns":6},{"damage":0,"enemies":"Giant Head","floor":48,"turns":3},{"damage":0,"enemies":"3 Darklings","floor":49,"turns":3},{"damage":37,"enemies":"IC_BLOCK_ARCHETYPE","floor":50,"turns":6},{"damage":42,"enemies":"downfall:CharBossMerchant","floor":52,"turns":8},{"damage":8,"enemies":"downfall:NeowBoss","floor":55,"turns":13},{"damage":35,"enemies":"downfall:NeowBossFinal","floor":56,"turns":9}],"seed_played":"-8174750666822003430","potions_obtained":[{"floor":4,"key":"EssenceOfSteel"},{"floor":6,"key":"Strength Potion"},{"floor":11,"key":"BlessingOfTheForge"},{"floor":20,"key":"CultistPotion"},{"floor":25,"key":"Swift Potion"},{"floor":26,"key":"Swift Potion"},{"floor":45,"key":"ColorlessPotion"},{"floor":47,"key":"CultistPotion"},{"floor":48,"key":"Fruit Juice"}],"is_trial":false,"path_per_floor":["R","M","?","M","M","E","T","R","$","R","M","R","E","?","M","B",null,"R","M","?","?","M","$","T","?","M","E","M","?","R","M","M","B",null,"R","M","$","?","T","?","T","R","E","R","M","$","E","?","M","B",null,"E","$","R","B","B",null],"character_chosen":"THE_AUTOMATON","items_purchased":["OrangePellets","Whetstone","Ginger","Lee\u0027s Waffle"],"campfire_rested":3,"item_purchase_floors":[37,37,46,53],"current_hp_per_floor":[70,62,62,57,49,24,24,24,32,32,39,60,51,51,59,46,70,70,57,57,57,62,59,59,57,65,70,61,61,71,79,80,80,80,80,78,79,69,69,10,10,34,36,60,65,65,77,88,90,63,90,54,97,97,94,67],"gold":91,"neow_bonus":"BOSS_RELIC","is_daily":false,"chose_seed":false,"campfire_upgraded":6,"win_rate":0.0,"timestamp":1612864946,"path_taken":["R","M","?","?","M","E","T","R","$","R","M","R","E","?","M","BOSS","R","M","?","?","M","$","T","?","M","E","M","?","R","?","M","BOSS","R","M","$","?","?","?","T","R","E","R","M","$","E","?","M","BOSS","E","$","R","BOSS","BOSS"],"items_purchased_type":["Relic","Relic","Relic","Relic"],"build_version":"2020-12-22","purchased_purges":2,"victory":true,"max_hp_per_floor":[70,70,70,70,70,70,70,70,70,70,70,70,70,70,70,70,70,70,70,70,70,70,70,70,70,70,70,70,70,80,80,80,80,80,80,80,80,80,80,80,80,80,82,82,84,84,86,88,90,90,90,90,97,97,102,102],"relic_stats":{"Lee\u0027s Waffle":43,"Torii":61,"Gremlin Horn":[15,17],"Singing Bowl":10,"counters":[31,151],"Blue Candle":[27],"Pen Nib":[28],"Whetstone":["bronze:Strike","bronze:Replicate"],"Ginger":[31],"Boot":[10],"WarpedTongs":[113],"OrangePellets":[29],"Mummified Hand":[48],"Art of War":[7],"Kunai":[27],"obtain_stats":[{"Ice Cream":6,"bronze:BronzeCore":0,"Torii":0,"Gremlin Horn":13,"Singing Bowl":43,"downfall:HeartBlessingGreen":18,"Whetstone":37,"Ginger":46,"Empty Cage":17,"Boot":27,"Ancient Tea Set":47,"downfall:HeartBlessingBlue":30,"Mummified Hand":39,"WingedGreaves":40,"Kunai":25,"Toxic Egg 2":0,"InkBottle":41,"Lee\u0027s Waffle":53,"downfall:HeartBlessingRed":8,"Blue Candle":21,"Thread and Needle":7,"Pen Nib":0,"WarpedTongs":3,"Calling Bell":0,"SlaversCollar":34,"OrangePellets":37,"Art of War":52,"TungstenRod":48,"Pocketwatch":25},{"Ice Cream":4,"bronze:BronzeCore":0,"Torii":0,"Gremlin Horn":7,"Singing Bowl":23,"downfall:HeartBlessingGreen":9,"Whetstone":21,"Ginger":24,"Empty Cage":9,"Boot":15,"Ancient Tea Set":25,"downfall:HeartBlessingBlue":16,"Mummified Hand":21,"WingedGreaves":22,"Kunai":13,"Toxic Egg 2":0,"InkBottle":22,"Lee\u0027s Waffle":29,"downfall:HeartBlessingRed":4,"Blue Candle":10,"Thread and Needle":4,"Pen Nib":0,"WarpedTongs":1,"Calling Bell":0,"SlaversCollar":19,"OrangePellets":21,"Art of War":29,"TungstenRod":26,"Pocketwatch":13},{"Ice Cream":19,"bronze:BronzeCore":0,"Torii":0,"Gremlin Horn":29,"Singing Bowl":100,"downfall:HeartBlessingGreen":44,"Whetstone":91,"Ginger":103,"Empty Cage":44,"Boot":71,"Ancient Tea Set":109,"downfall:HeartBlessingBlue":73,"Mummified Hand":91,"WingedGreaves":98,"Kunai":64,"Toxic Egg 2":0,"InkBottle":98,"Lee\u0027s Waffle":129,"downfall:HeartBlessingRed":19,"Blue Candle":49,"Thread and Needle":19,"Pen Nib":0,"WarpedTongs":5,"Calling Bell":0,"SlaversCollar":82,"OrangePellets":91,"Art of War":129,"TungstenRod":112,"Pocketwatch":64}],"InkBottle":[21],"TungstenRod":17,"Pocketwatch":[63]},"card_choices":[{"not_picked":["bronze:Separator","bronze:WildBeam"],"picked":"bronze:BugBarrage","floor":2},{"not_picked":["bronze:ChildClass+1","bronze:DelayedGuard+1"],"picked":"bronze:WildBeam","floor":4},{"not_picked":["bronze:CutThrough","bronze:BronzeOrb"],"picked":"bronze:BuggyMess+1","floor":5},{"not_picked":["bronze:Boost+1","bronze:Overheat"],"picked":"bronze:Repair+1","floor":6},{"not_picked":["bronze:ChildClass+1","bronze:FineTuning+1","bronze:WhirlingStrike"],"picked":"SKIP","floor":9},{"not_picked":["bronze:Turbo+1","bronze:HardenedForm","bronze:WhirlingStrike"],"picked":"SKIP","floor":11},{"not_picked":["bronze:Philosophize+1","bronze:HardenedForm"],"picked":"bronze:BuggyMess+1","floor":13},{"not_picked":["bronze:Branch","bronze:FollowUp"],"picked":"bronze:Shield+1","floor":15},{"not_picked":["bronze:WhirlingStrike","bronze:Iterate"],"picked":"bronze:ItsAFeature+1","floor":19},{"not_picked":["bronze:Shell+1","bronze:ForLoop+1"],"picked":"bronze:MaxOutput","floor":22},{"not_picked":["bronze:Shell+1","bronze:BitShift+1","bronze:Boost+1"],"picked":"SKIP","floor":23},{"not_picked":["bronze:DelayedSlice","bronze:DelayedGuard+1","bronze:Frontload+1"],"picked":"SKIP","floor":26},{"not_picked":["bronze:DigitalCarnage+1","bronze:Constructor+1"],"picked":"bronze:BugBarrage","floor":27},{"not_picked":["bronze:BuggyMess+1","bronze:FollowUp","bronze:Constructor+1"],"picked":"SKIP","floor":28},{"not_picked":["bronze:Backtrace","bronze:BuggyMess+1","bronze:Deprecate+1"],"picked":"SKIP","floor":31},{"not_picked":["bronze:Repulsor","bronze:Invalidate+1","bronze:HardenedForm"],"picked":"SKIP","floor":32},{"not_picked":["bronze:HyperBeam","bronze:HardenedForm"],"picked":"bronze:AlphaBuild","floor":33},{"not_picked":["bronze:NullPointer","bronze:Philosophize+1","bronze:Boost+1"],"picked":"SKIP","floor":36},{"not_picked":["bronze:Frontload+1","bronze:CutThrough","bronze:Deprecate+1"],"picked":"SKIP","floor":37},{"not_picked":["expansioncontent:Hexaburn","expansioncontent:Chronoboost"],"picked":"expansioncontent:AwakenDeath","floor":38},{"not_picked":["expansioncontent:PrepareCrush","expansioncontent:YouAreMine"],"picked":"expansioncontent:AwakenDeath","floor":38},{"not_picked":["expansioncontent:Hexaburn","expansioncontent:PolyBeam"],"picked":"expansioncontent:AwakenDeath","floor":38},{"not_picked":["bronze:CutThrough","bronze:NullPointer+1","bronze:Shell+1"],"picked":"Singing Bowl","floor":43},{"not_picked":["bronze:Invalidate+1","bronze:DelayedSlice","bronze:OilSpill"],"picked":"Singing Bowl","floor":45},{"not_picked":["bronze:Turbo+1","bronze:Branch","bronze:DelayedSlice"],"picked":"Singing Bowl","floor":47},{"not_picked":["bronze:HyperBeam","bronze:OilSpill+1","bronze:Shield+1"],"picked":"Singing Bowl","floor":48},{"not_picked":["bronze:Deprecate+1","bronze:ClassDefault+1","bronze:ForLoop+1"],"picked":"Singing Bowl","floor":49},{"not_picked":["bronze:Branch+1","bronze:Safeguard+1"],"picked":"bronze:BugBarrage+1","floor":52}],"player_experience":169438,"relics_obtained":[{"floor":0,"key":"Pen Nib"},{"floor":0,"key":"Toxic Egg 2"},{"floor":0,"key":"Torii"},{"floor":6,"key":"Ice Cream"},{"floor":7,"key":"Thread and Needle"},{"floor":13,"key":"Gremlin Horn"},{"floor":25,"key":"Pocketwatch"},{"floor":25,"key":"Kunai"},{"floor":27,"key":"Boot"},{"floor":39,"key":"Mummified Hand"},{"floor":40,"key":"WingedGreaves"},{"floor":41,"key":"InkBottle"},{"floor":43,"key":"Singing Bowl"},{"floor":47,"key":"Ancient Tea Set"},{"floor":48,"key":"TungstenRod"},{"floor":52,"key":"Art of War"}],"event_choices":[{"damage_healed":0,"gold_gain":0,"player_choice":"Fight","damage_taken":0,"max_hp_gain":0,"max_hp_loss":0,"event_name":"Mysterious Sphere","floor":40,"gold_loss":0}],"is_beta":false,"boss_relics":[{"not_picked":["Velvet Choker","Runic Dome"],"picked":"Empty Cage"},{"not_picked":["Pandora\u0027s Box","Philosopher\u0027s Stone"],"picked":"SlaversCollar"}],"items_purged_floors":[23,37],"is_endless":false,"potions_floor_spawned":[4,6,11,15,19,25,26,31,36,45,47,48],"ascension_level":0}}