{"host":"ia9e4s524g7bamk7","time":1612861311,"event":{"mods":["AchievementEnabler","BaseMod","Minty Spire (QoL Compilation)","Slay-I"],"gold_per_floor":[110,110,130,141,141,141,183,183,262,304,314,314,351,36,36,149,149,169,169,149,178,197,197,222,247,271,306,316,316,341,356,356,468,468,488,503,503,503,515,542,542,576,600,634,12,24,24,47,47,47,47,47,47,82,82,82],"floor_reached":55,"language":"ENG","playtime":5683,"items_purged":["Regret","Eruption+1"],"score":956,"play_id":"cd5f954d-0313-4024-a9b7-b5882d7cd362","local_time":"20210209100151","is_ascension_mode":true,"campfire_choices":[{"floor":6.0,"key":"REST"},{"data":"BattleHymn","floor":8.0,"key":"SMITH"},{"data":"Eruption","floor":12.0,"key":"SMITH"},{"floor":15.0,"key":"REST"},{"data":"Devotion","floor":23.0,"key":"SMITH"},{"floor":32.0,"key":"RECALL"},{"data":"Omniscience","floor":41.0,"key":"SMITH"},{"data":"Vault","floor":47.0,"key":"SMITH"},{"data":"Perseverance","floor":49.0,"key":"SMITH"},{"data":"Perseverance","floor":52.0,"key":"SMITH"}],"circlet_count":0,"master_deck":["Strike_P+1","Strike_P","Strike_P","Strike_P","Defend_P+1","Defend_P","Defend_P","Vigilance","EmptyFist","Perseverance+1","BattleHymn+1","Devotion+1","SashWhip","Vault+1","Brilliance","TalkToTheHand+1","Perseverance+1","FollowUp+1","Omniscience+1","Purity","FollowUp"],"relics":["SlaversCollar","Damaru","CeramicFish","StrikeDummy","Nunchaku","Orichalcum","Meat on the Bone","Busted Crown","Nilry\u0027s Codex","MealTicket","Anchor","Gremlin Horn","Strawberry","Coffee Dripper","Ancient Tea Set","Dream Catcher","Sundial","Turnip","Medical Kit","Pen Nib"],"acts_visited":["Exordium","TheCity","TheBeyond","TheEnding"],"potions_floor_usage":[],"damage_taken":[{"damage":8.0,"enemies":"Cultist","floor":1.0,"turns":6.0},{"damage":0.0,"enemies":"2 Louse","floor":3.0,"turns":3.0},{"damage":0.0,"enemies":"Small Slimes","floor":4.0,"turns":3.0},{"damage":6.0,"enemies":"Gremlin Nob","floor":7.0,"turns":3.0},{"damage":22.0,"enemies":"Lagavulin","floor":10.0,"turns":4.0},{"damage":12.0,"enemies":"Blue Slaver","floor":11.0,"turns":3.0},{"damage":19.0,"enemies":"3 Sentries","floor":13.0,"turns":4.0},{"damage":11.0,"enemies":"Hexaghost","floor":16.0,"turns":7.0},{"damage":0.0,"enemies":"Chosen","floor":18.0,"turns":4.0},{"damage":15.0,"enemies":"Shell Parasite","floor":21.0,"turns":6.0},{"damage":14.0,"enemies":"Centurion and Healer","floor":22.0,"turns":4.0},{"damage":16.0,"enemies":"Book of Stabbing","floor":24.0,"turns":4.0},{"damage":7.0,"enemies":"Snake Plant","floor":25.0,"turns":4.0},{"damage":0.0,"enemies":"Gremlin Leader","floor":27.0,"turns":5.0},{"damage":5.0,"enemies":"Cultist and Chosen","floor":28.0,"turns":3.0},{"damage":2.0,"enemies":"Book of Stabbing","floor":30.0,"turns":2.0},{"damage":1.0,"enemies":"Shelled Parasite and Fungi","floor":31.0,"turns":4.0},{"damage":0.0,"enemies":"Collector","floor":33.0,"turns":4.0},{"damage":0.0,"enemies":"Orb Walker","floor":35.0,"turns":5.0},{"damage":0.0,"enemies":"3 Shapes","floor":36.0,"turns":4.0},{"damage":0.0,"enemies":"Sphere and 2 Shapes","floor":39.0,"turns":3.0},{"damage":54.0,"enemies":"Reptomancer","floor":40.0,"turns":5.0},{"damage":22.0,"enemies":"Nemesis","floor":42.0,"turns":8.0},{"damage":0.0,"enemies":"Giant Head","floor":44.0,"turns":5.0},{"damage":18.0,"enemies":"Transient","floor":46.0,"turns":6.0},{"damage":14.0,"enemies":"Jaw Worm Horde","floor":48.0,"turns":3.0},{"damage":25.0,"enemies":"Donu and Deca","floor":50.0,"turns":7.0},{"damage":54,"enemies":"Shield and Spear","floor":54,"turns":5},{"damage":58,"enemies":"The Heart","floor":55,"turns":4}],"seed_played":"7059600317693999843","potions_obtained":[{"floor":3.0,"key":"Regen Potion"},{"floor":4.0,"key":"PowerPotion"},{"floor":10.0,"key":"FearPotion"},{"floor":16.0,"key":"Ambrosia"},{"floor":20.0,"key":"BottledMiracle"},{"floor":21.0,"key":"ColorlessPotion"},{"floor":24.0,"key":"Ancient Potion"},{"floor":25.0,"key":"Weak Potion"},{"floor":30.0,"key":"Dexterity Potion"},{"floor":31.0,"key":"SkillPotion"},{"floor":35.0,"key":"EssenceOfSteel"},{"floor":48.0,"key":"ColorlessPotion"}],"is_trial":false,"path_per_floor":["M","?","M","M","?","R","E","R","T","E","M","R","E","$","R","B",null,"M","?","?","M","M","R","E","M","T","E","M","?","E","M","R","B",null,"M","M","?","?","M","E","R","E","T","E","$","M","R","M","R","B",null,"R","$","E","B"],"character_chosen":"WATCHER","items_purchased":["Meat on the Bone","Turnip","Medical Kit","Purity"],"campfire_rested":2,"item_purchase_floors":[14,45,45,45],"current_hp_per_floor":[64,50,50,50,50,71,65,65,65,43,31,31,12,12,33,34,72,72,56,56,41,39,39,47,40,40,40,47,34,51,50,50,50,84,84,84,84,84,84,42,42,32,32,44,59,53,53,51,51,38,84,84,84,42,0,0],"gold":82,"neow_bonus":"BOSS_RELIC","is_daily":false,"chose_seed":true,"campfire_upgraded":7,"win_rate":0.0,"timestamp":1612861311,"path_taken":["M","?","M","M","?","R","E","R","T","E","M","R","E","$","R","BOSS","M","?","?","M","?","R","E","M","T","E","M","?","E","M","R","BOSS","M","M","?","?","M","E","R","E","T","E","$","M","R","?","R","BOSS","R","$","E","BOSS"],"items_purchased_type":["Relic","Relic","Relic","Card"],"build_version":"2020-12-22","purchased_purges":2,"victory":false,"max_hp_per_floor":[72,72,72,72,72,72,72,72,72,72,72,72,72,72,72,72,72,72,72,72,72,72,72,72,72,72,72,72,77,84,84,84,84,84,84,84,84,84,84,84,84,84,84,84,84,84,84,84,84,84,84,84,84,84,84,84],"card_choices":[{"not_picked":["PathToVictory","SashWhip"],"picked":"EmptyFist","floor":1.0},{"not_picked":["Crescendo","Adaptation"],"picked":"Perseverance","floor":3.0},{"not_picked":["LikeWater","PathToVictory"],"picked":"BattleHymn","floor":4.0},{"not_picked":["Worship","CutThroughFate"],"picked":"Devotion","floor":7.0},{"not_picked":["JustLucky","CutThroughFate"],"picked":"SashWhip","floor":10.0},{"not_picked":["DeceiveReality","EmptyMind","CutThroughFate"],"picked":"SKIP","floor":11.0},{"not_picked":["SashWhip","PathToVictory"],"picked":"Vault","floor":13.0},{"not_picked":["DeusExMachina","ConjureBlade"],"picked":"Brilliance","floor":16.0},{"not_picked":["CutThroughFate"],"picked":"SKIP","floor":18.0},{"not_picked":[],"picked":"TalkToTheHand+1","floor":21.0},{"not_picked":["SashWhip"],"picked":"SKIP","floor":22.0},{"not_picked":["EmptyBody+1"],"picked":"SKIP","floor":24.0},{"not_picked":[],"picked":"Perseverance","floor":25.0},{"not_picked":[],"picked":"FollowUp+1","floor":27.0},{"not_picked":["BowlingBash"],"picked":"SKIP","floor":28.0},{"not_picked":["ThirdEye+1"],"picked":"SKIP","floor":30.0},{"not_picked":["Halt"],"picked":"SKIP","floor":31.0},{"not_picked":[],"picked":"Omniscience","floor":33.0},{"not_picked":["WreathOfFlame"],"picked":"SKIP","floor":35.0},{"not_picked":["EmptyMind+1"],"picked":"SKIP","floor":36.0},{"not_picked":["Protect+1"],"picked":"SKIP","floor":39.0},{"not_picked":["Prostrate+1"],"picked":"SKIP","floor":40.0},{"not_picked":["JustLucky"],"picked":"SKIP","floor":42.0},{"not_picked":["Crescendo"],"picked":"SKIP","floor":44.0},{"not_picked":["ThirdEye"],"picked":"SKIP","floor":46.0},{"not_picked":[],"picked":"FollowUp","floor":48.0},{"not_picked":["FlyingSleeves"],"picked":"SKIP","floor":54}],"player_experience":284142,"relics_obtained":[{"floor":7.0,"key":"CeramicFish"},{"floor":9.0,"key":"StrikeDummy"},{"floor":10.0,"key":"Nunchaku"},{"floor":13.0,"key":"Orichalcum"},{"floor":19.0,"key":"Nilry\u0027s Codex"},{"floor":24.0,"key":"MealTicket"},{"floor":26.0,"key":"Anchor"},{"floor":27.0,"key":"Gremlin Horn"},{"floor":30.0,"key":"Strawberry"},{"floor":40.0,"key":"Ancient Tea Set"},{"floor":42.0,"key":"Dream Catcher"},{"floor":44.0,"key":"Sundial"},{"floor":54,"key":"Pen Nib"}],"event_choices":[{"damage_healed":0.0,"max_hp_gain":0.0,"max_hp_loss":0.0,"gold_gain":0.0,"event_name":"Shining Light","player_choice":"Entered Light","floor":2.0,"gold_loss":0.0,"damage_taken":14.0,"cards_upgraded":["Defend_P","Strike_P"]},{"damage_healed":0.0,"max_hp_gain":0.0,"max_hp_loss":0.0,"gold_gain":0.0,"event_name":"Big Fish","player_choice":"Box","floor":5.0,"gold_loss":0.0,"damage_taken":0.0,"relics_obtained":["Damaru"],"cards_obtained":["Regret"]},{"damage_healed":0.0,"max_hp_gain":0.0,"max_hp_loss":0.0,"gold_gain":0.0,"event_name":"Cursed Tome","player_choice":"Obtained Book","floor":19.0,"gold_loss":0.0,"damage_taken":16.0},{"damage_healed":0.0,"max_hp_gain":0.0,"max_hp_loss":0.0,"gold_gain":0.0,"event_name":"The Woman in Blue","player_choice":"Bought 1 Potion","floor":20.0,"gold_loss":0.0,"damage_taken":0.0},{"damage_healed":0.0,"max_hp_gain":5.0,"max_hp_loss":0.0,"gold_gain":0.0,"event_name":"Forgotten Altar","player_choice":"Shed Blood","floor":29.0,"gold_loss":0.0,"damage_taken":18.0},{"damage_healed":0.0,"max_hp_gain":0.0,"max_hp_loss":0.0,"gold_gain":0.0,"event_name":"Tomb of Lord Red Mask","player_choice":"Ignored","floor":37.0,"gold_loss":0.0,"damage_taken":0.0},{"cards_removed":["Defend_P"],"damage_healed":0.0,"max_hp_gain":0.0,"max_hp_loss":0.0,"gold_gain":0.0,"event_name":"Purifier","player_choice":"Purged","floor":38.0,"gold_loss":0.0,"damage_taken":0.0}],"is_beta":false,"boss_relics":[{"not_picked":["Runic Dome","Philosopher\u0027s Stone"],"picked":"Busted Crown"},{"not_picked":["Snecko Eye","Calling Bell"],"picked":"Coffee Dripper"}],"items_purged_floors":[14,45],"is_endless":false,"potions_floor_spawned":[3,4,10,16,21,24,25,30,31,35,48],"killed_by":"The Heart","ascension_level":1}}