{"host":"8jwrv7sn1174lfer","time":1612853789,"event":{"mods":["BaseMod","Colored Map","Colored Powertips","Downfall","Highlight Path","Minty Spire (QoL Compilation)","StSLib"],"gold_per_floor":[359,634,196,210,230,265,279,279,279,279,297,328,348,96,96,194,194,209,236,335,335,354,364,392,416,425,437,459,489,500,51,51,154,154,175,193,243,252,261,296,312,347,382,419,451,451,468,418,418,418,418,418,16,55,55,55],"floor_reached":55,"language":"ENG","playtime":6688,"items_purged":["Regret","Parasite","Regret","Defend_R"],"score":1211,"play_id":"f801eb21-43d6-44c0-a23d-e77d22ca84db","local_time":"20210209015629","is_ascension_mode":true,"campfire_choices":[{"data":"Apotheosis","floor":15,"key":"SMITH"},{"floor":32,"key":"REST"},{"floor":46,"key":"RECALL"},{"floor":49,"key":"REST"},{"floor":52,"key":"REST"}],"circlet_count":0,"master_deck":["Strike_R","Strike_R","Defend_R","Defend_R","Defend_R","Bash","Shrug It Off","Apotheosis+1","Headbutt","Havoc","Inflame","Clothesline","Warcry","Shockwave","Demon Form","Pommel Strike","Whirlwind","Heavy Blade+1","Sword Boomerang","Warcry+1","Twin Strike","Shrug It Off","Sentinel","Madness","Madness","Spot Weakness","Parasite","Parasite","True Grit+1","Havoc","Havoc+1"],"relics":["Burning Blood","Bag of Preparation","Guardian:PocketSentry","Toy Ornithopter","Bottled Lightning","Cursed Key","Red Mask","CeramicFish","Darkstone Periapt","Pen Nib","Nunchaku","Chemical X","Runic Pyramid","Guardian:GemstoneGun","Meat on the Bone","MealTicket","Smiling Mask","PreservedInsect","Mango","Pocketwatch"],"acts_visited":["Exordium","TheCity","TheBeyond","TheEnding"],"potions_floor_usage":[5,7,19,23,23,27,30,45,50,55,55],"damage_taken":[{"damage":3,"enemies":"2 Louse","floor":1,"turns":4},{"damage":0,"enemies":"Cultist","floor":4,"turns":3},{"damage":6,"enemies":"Small Slimes","floor":5,"turns":2},{"damage":9,"enemies":"Lagavulin","floor":6,"turns":5},{"damage":9,"enemies":"2 Fungi Beasts","floor":7,"turns":4},{"damage":3,"enemies":"3 Louse","floor":11,"turns":4},{"damage":6,"enemies":"3 Sentries","floor":12,"turns":6},{"damage":0,"enemies":"Looter","floor":13,"turns":4},{"damage":31,"enemies":"The Guardian","floor":16,"turns":11},{"damage":10,"enemies":"3 Byrds","floor":18,"turns":5},{"damage":0,"enemies":"Masked Bandits","floor":19,"turns":2},{"damage":8,"enemies":"2 Thieves","floor":22,"turns":3},{"damage":0,"enemies":"Snecko","floor":23,"turns":3},{"damage":30,"enemies":"Gremlin Leader","floor":24,"turns":3},{"damage":12,"enemies":"Cultist and Chosen","floor":25,"turns":5},{"damage":7,"enemies":"Shelled Parasite and Fungi","floor":27,"turns":3},{"damage":4,"enemies":"Centurion and Healer","floor":28,"turns":4},{"damage":20,"enemies":"Book of Stabbing","floor":29,"turns":4},{"damage":10,"enemies":"Snake Plant","floor":30,"turns":3},{"damage":0,"enemies":"Automaton","floor":33,"turns":4},{"damage":1,"enemies":"Orb Walker","floor":35,"turns":4},{"damage":13,"enemies":"2 Orb Walkers","floor":37,"turns":3},{"damage":5,"enemies":"Nemesis","floor":40,"turns":3},{"damage":11,"enemies":"3 Darklings","floor":41,"turns":2},{"damage":4,"enemies":"Giant Head","floor":42,"turns":4},{"damage":57,"enemies":"Writhing Mass","floor":44,"turns":5},{"damage":6,"enemies":"Reptomancer","floor":45,"turns":5},{"damage":9,"enemies":"Jaw Worm Horde","floor":47,"turns":4},{"damage":77,"enemies":"Awakened One","floor":50,"turns":7},{"damage":21,"enemies":"Shield and Spear","floor":54,"turns":3},{"damage":111,"enemies":"The Heart","floor":55,"turns":5}],"seed_played":"-3176176831285302264","potions_obtained":[{"floor":1,"key":"ColorlessPotion"},{"floor":4,"key":"Fire Potion"},{"floor":11,"key":"bronze:BurnAndBuffPotion"},{"floor":13,"key":"Fire Potion"},{"floor":22,"key":"AttackPotion"},{"floor":23,"key":"Strength Potion"},{"floor":25,"key":"Block Potion"},{"floor":28,"key":"Explosive Potion"},{"floor":29,"key":"AttackPotion"},{"floor":35,"key":"FearPotion"},{"floor":37,"key":"HeartOfIron"},{"floor":40,"key":"LiquidMemories"},{"floor":54,"key":"ColorlessPotion"}],"is_trial":false,"path_per_floor":["M","?","$","M","M","E","M","?","T","?","M","E","M","$","R","B",null,"M","?","?","?","M","M","E","M","T","M","M","E","M","$","R","B",null,"M","?","?","T","?","E","M","E","T","M","E","R","M","$","R","B",null,"R","$","E","B"],"character_chosen":"IRONCLAD","items_purchased":["Apotheosis","Headbutt","Havoc","Inflame","Bottled Lightning","Nunchaku","Chemical X","Shrug It Off","Havoc","Mango"],"campfire_rested":3,"item_purchase_floors":[3,3,3,3,14,31,31,31,53,53],"current_hp_per_floor":[59,59,59,65,65,62,59,52,52,57,60,60,66,66,66,41,74,70,81,81,81,79,85,61,55,55,59,61,47,48,48,72,78,81,82,72,65,71,71,72,67,69,75,42,59,59,68,83,100,46,87,100,114,99,0,0],"gold":55,"neow_bonus":"TWO_FIFTY_GOLD","is_daily":false,"chose_seed":false,"campfire_upgraded":1,"win_rate":0.0,"timestamp":1612853789,"path_taken":["M","?","$","?","M","E","M","?","T","?","M","E","M","$","R","BOSS","M","?","?","?","M","M","E","M","T","M","M","E","M","$","R","BOSS","M","?","?","?","?","E","?","E","T","M","E","R","M","$","R","BOSS","R","$","E","BOSS"],"items_purchased_type":["Card","Card","Card","Card","Relic","Relic","Relic","Card","Card","Relic"],"build_version":"2020-12-22","purchased_purges":4,"victory":false,"max_hp_per_floor":[80,80,80,80,80,80,80,80,80,85,85,85,85,85,85,85,85,85,85,85,85,85,85,85,85,85,85,85,85,85,82,82,82,82,82,82,82,88,88,88,88,88,94,100,100,100,100,100,100,100,100,100,114,114,114,114],"card_choices":[{"not_picked":["Spot Weakness","Bloodletting"],"picked":"Shrug It Off","floor":1},{"not_picked":["Iron Wave","Sentinel"],"picked":"Clothesline","floor":4},{"not_picked":["Wild Strike","Hemokinesis","Searing Blow"],"picked":"SKIP","floor":5},{"not_picked":["Body Slam","Dual Wield"],"picked":"Warcry","floor":6},{"not_picked":["Carnage","Combust","Clothesline"],"picked":"SKIP","floor":7},{"not_picked":["Inflame","Rage"],"picked":"Shockwave","floor":11},{"not_picked":["Power Through","Clothesline"],"picked":"Demon Form","floor":12},{"not_picked":["Fire Breathing","Ghostly Armor"],"picked":"Pommel Strike","floor":13},{"not_picked":["Clash","Spot Weakness"],"picked":"Whirlwind","floor":18},{"not_picked":["Anger","Burning Pact"],"picked":"Heavy Blade+1","floor":19},{"not_picked":["Whirlwind+1","Body Slam","Pommel Strike"],"picked":"SKIP","floor":22},{"not_picked":["Immolate","Flex"],"picked":"Sword Boomerang","floor":23},{"not_picked":["Havoc","Second Wind","Thunderclap"],"picked":"SKIP","floor":24},{"not_picked":["Havoc","Second Wind","Thunderclap"],"picked":"SKIP","floor":24},{"not_picked":["Cleave","Evolve+1"],"picked":"Warcry+1","floor":25},{"not_picked":["Body Slam","Evolve","Second Wind"],"picked":"SKIP","floor":27},{"not_picked":["Disarm","Battle Trance"],"picked":"Twin Strike","floor":28},{"not_picked":["Sword Boomerang","Rampage","Juggernaut"],"picked":"SKIP","floor":29},{"not_picked":["Dual Wield","Warcry+1","Rampage"],"picked":"SKIP","floor":30},{"not_picked":["Clothesline","Iron Wave"],"picked":"Sentinel","floor":35},{"not_picked":["Armaments+1","Berserk","Sword Boomerang+1"],"picked":"SKIP","floor":40},{"not_picked":["Pommel Strike","Headbutt","Infernal Blade+1"],"picked":"SKIP","floor":41},{"not_picked":["Twin Strike","Thunderclap","Anger+1"],"picked":"SKIP","floor":42},{"not_picked":["Warcry","Heavy Blade"],"picked":"True Grit+1","floor":44},{"not_picked":["Dropkick","Impervious","Flex"],"picked":"SKIP","floor":45},{"not_picked":["Sword Boomerang","Clash+1","Perfected Strike"],"picked":"SKIP","floor":47},{"not_picked":["Anger+1","Spot Weakness+1"],"picked":"Havoc+1","floor":54}],"player_experience":718766,"relics_obtained":[{"floor":6,"key":"Bag of Preparation"},{"floor":9,"key":"Guardian:PocketSentry"},{"floor":12,"key":"Toy Ornithopter"},{"floor":19,"key":"Red Mask"},{"floor":24,"key":"CeramicFish"},{"floor":26,"key":"Darkstone Periapt"},{"floor":29,"key":"Pen Nib"},{"floor":37,"key":"Guardian:GemstoneGun"},{"floor":40,"key":"Meat on the Bone"},{"floor":42,"key":"MealTicket"},{"floor":43,"key":"Smiling Mask"},{"floor":45,"key":"PreservedInsect"},{"floor":54,"key":"Pocketwatch"}],"event_choices":[{"damage_healed":0,"gold_gain":275,"player_choice":"Desecrate","damage_taken":0,"max_hp_gain":0,"max_hp_loss":0,"event_name":"Golden Shrine","floor":2,"gold_loss":0,"cards_obtained":["Regret"]},{"cards_removed":["Strike_R"],"damage_healed":0,"gold_gain":0,"player_choice":"Card Removal","damage_taken":7,"max_hp_gain":0,"max_hp_loss":0,"event_name":"Golden Wing","floor":8,"gold_loss":0},{"damage_healed":0,"gold_gain":0,"player_choice":"Donut","damage_taken":0,"max_hp_gain":5,"max_hp_loss":0,"event_name":"Big Fish","floor":10,"gold_loss":0},{"damage_healed":0,"gold_gain":0,"player_choice":"Fought Bandits","damage_taken":0,"max_hp_gain":0,"max_hp_loss":0,"event_name":"Masked Bandits","floor":19,"gold_loss":0},{"damage_healed":0,"gold_gain":99,"player_choice":"Stole From Cult","damage_taken":0,"max_hp_gain":0,"max_hp_loss":0,"event_name":"Nest","floor":20,"gold_loss":0},{"cards_removed":["Strike_R"],"damage_healed":0,"gold_gain":0,"player_choice":"Elegance","damage_taken":0,"max_hp_gain":0,"max_hp_loss":0,"event_name":"Back to Basics","floor":21,"gold_loss":0},{"damage_healed":0,"gold_gain":0,"player_choice":"Embrace Madness","damage_taken":10,"max_hp_gain":0,"max_hp_loss":0,"event_name":"Winding Halls","floor":36,"gold_loss":0,"cards_obtained":["Madness","Madness"]},{"damage_healed":0,"gold_gain":0,"player_choice":"Fight","damage_taken":0,"max_hp_gain":0,"max_hp_loss":0,"event_name":"Mysterious Sphere","floor":37,"gold_loss":0},{"damage_healed":0,"gold_gain":0,"cards_transformed":["Strike_R"],"player_choice":"Transformed","damage_taken":0,"max_hp_gain":0,"max_hp_loss":0,"event_name":"Transmorgrifier","floor":39,"gold_loss":0,"cards_obtained":["Spot Weakness"]}],"is_beta":false,"boss_relics":[{"not_picked":["Snecko Eye","Ectoplasm"],"picked":"Cursed Key"},{"not_picked":["Philosopher\u0027s Stone","Empty Cage"],"picked":"Runic Pyramid"}],"items_purged_floors":[3,31,48,53],"is_endless":false,"potions_floor_spawned":[1,4,11,13,22,23,25,28,29,35,37,40,54],"killed_by":"The Heart","ascension_level":5}}