{"host":"BK","time":1612852044,"event":{"mods":["BaseMod","Highlight Path","Minty Spire (QoL Compilation)","StSLib"],"gold_per_floor":[110,110,31,31,52,52,90,90,116,147,147,147,147,20,20,20,20],"floor_reached":16,"language":"ENG","playtime":329,"items_purged":["Strike_B"],"score":258,"play_id":"732b0d01-32c4-49cf-9124-22883488331e","local_time":"20210208232724","is_ascension_mode":true,"campfire_choices":[{"data":"Doom and Gloom","floor":6,"key":"SMITH"},{"data":"1","floor":8,"key":"LIFT"},{"data":"2","floor":13,"key":"LIFT"},{"data":"Darkness","floor":15,"key":"SMITH"}],"circlet_count":0,"master_deck":["AscendersBane","Strike_B","Strike_B","Strike_B","Defend_B","Defend_B","Defend_B","Defend_B","Zap","Dualcast","Tempest","Doom and Gloom+1","Leap","Compile Driver","Ball Lightning+1","Darkness+1"],"relics":["Cracked Core","NeowsBlessing","Golden Idol","Girya","Omamori","Smiling Mask"],"acts_visited":["Exordium"],"potions_floor_usage":[],"damage_taken":[{"damage":0,"enemies":"Jaw Worm","floor":1,"turns":1},{"damage":0,"enemies":"Small Slimes","floor":5,"turns":1},{"damage":0,"enemies":"Gremlin Nob","floor":7,"turns":1},{"damage":21,"enemies":"Lagavulin","floor":10,"turns":6},{"damage":26,"enemies":"Hexaghost","floor":16,"turns":4}],"seed_played":"-3948001706343842895","potions_obtained":[{"floor":10,"key":"SmokeBomb"}],"is_trial":false,"path_per_floor":["M","?","$","?","M","R","E","R","T","E","?","?","R","$","R","B"],"character_chosen":"DEFECT","items_purchased":["Doom and Gloom","Darkness"],"campfire_rested":0,"item_purchase_floors":[3,14],"current_hp_per_floor":[64,64,64,64,64,64,64,64,64,43,43,25,25,25,25,0,0],"gold":20,"neow_bonus":"THREE_ENEMY_KILL","is_daily":false,"chose_seed":false,"campfire_upgraded":2,"win_rate":0.0,"timestamp":1612852044,"path_taken":["M","?","$","?","M","R","E","R","T","E","?","?","R","$","R","BOSS"],"items_purchased_type":["Card","Card"],"build_version":"2020-12-18","purchased_purges":1,"victory":false,"max_hp_per_floor":[71,64,64,64,64,64,64,64,64,64,64,64,64,64,64,64,64],"card_choices":[{"not_picked":["Conserve Battery","Redo"],"picked":"Tempest","floor":1},{"not_picked":["Gash","Conserve Battery"],"picked":"Leap","floor":5},{"not_picked":["Leap","Steam"],"picked":"Compile Driver","floor":7},{"not_picked":["Streamline","Go for the Eyes"],"picked":"Ball Lightning","floor":10}],"player_experience":2539469,"relics_obtained":[{"floor":7,"key":"Girya"},{"floor":9,"key":"Omamori"},{"floor":10,"key":"Smiling Mask"}],"event_choices":[{"damage_healed":0,"gold_gain":0,"player_choice":"Lose Max HP","damage_taken":0,"relics_obtained":["Golden Idol"],"max_hp_gain":0,"max_hp_loss":7,"event_name":"Golden Idol","floor":2,"gold_loss":0},{"damage_healed":0,"gold_gain":0,"player_choice":"Ignored","damage_taken":0,"max_hp_gain":0,"max_hp_loss":0,"event_name":"Liars Game","floor":4,"gold_loss":0},{"damage_healed":0,"gold_gain":0,"player_choice":"Grow","damage_taken":0,"max_hp_gain":0,"max_hp_loss":0,"event_name":"Living Wall","floor":11,"gold_loss":0,"cards_upgraded":["Ball Lightning"]},{"damage_healed":0,"gold_gain":0,"player_choice":"Fled","damage_taken":18,"max_hp_gain":0,"max_hp_loss":0,"event_name":"Scrap Ooze","floor":12,"gold_loss":0}],"is_beta":true,"boss_relics":[],"items_purged_floors":[14],"is_endless":false,"potions_floor_spawned":[10],"killed_by":"Hexaghost","ascension_level":20}}