{"host":"995ppxxqmb2p2due","time":1612910083,"event":{"mods":["BaseMod","Downfall","Minty Spire (QoL Compilation)","StSLib"],"gold_per_floor":[117,117,117,133,150,150,165,165,236,253,280,280,309,62,62,164,164,164,21,0,0,0,0,0,0,0,0,0,0,0,0,0,0,0,0,0,0,0,0,0,0,0,0,0,0,0],"floor_reached":45,"language":"ENG","playtime":1308,"items_purged":[],"score":496,"play_id":"f032cf23-0746-4b7a-bc20-45e6102901b7","local_time":"20210209173443","is_ascension_mode":false,"campfire_choices":[{"data":"Zap","floor":6,"key":"SMITH"},{"data":"Sweeping Beam","floor":8,"key":"SMITH"},{"data":"Leap","floor":15,"key":"SMITH"},{"floor":24,"key":"REST"},{"data":"Buffer","floor":27,"key":"SMITH"},{"floor":32,"key":"REST"},{"floor":40,"key":"RECALL"},{"data":"Loop","floor":42,"key":"SMITH"},{"data":"Dualcast","floor":44,"key":"SMITH"}],"circlet_count":0,"master_deck":["Strike_B","Strike_B","Defend_B","Defend_B","Defend_B","Zap+1","Dualcast+1","Seek+1","Loop+1","Doom and Gloom+1","Sweeping Beam+1","Leap+1","Buffer+1","Loop+1","Redo","Defragment+1","Defragment+1","Writhe","Panacea"],"relics":["Astrolabe","Pen Nib","Bronze Scales","Nunchaku","Singing Bowl","Matryoshka","Ectoplasm","Oddly Smooth Stone","StrikeDummy","Blue Candle","Vajra","Mango","Pantograph"],"acts_visited":["Exordium","TheCity","TheBeyond"],"potions_floor_usage":[21,33,35],"damage_taken":[{"damage":9,"enemies":"Jaw Worm","floor":1,"turns":4},{"damage":5,"enemies":"2 Louse","floor":4,"turns":2},{"damage":0,"enemies":"Cultist","floor":5,"turns":3},{"damage":2,"enemies":"Exordium Wildlife","floor":7,"turns":3},{"damage":8,"enemies":"Red Slaver","floor":10,"turns":3},{"damage":9,"enemies":"3 Sentries","floor":11,"turns":4},{"damage":7,"enemies":"Gremlin Nob","floor":13,"turns":3},{"damage":8,"enemies":"Hexaghost","floor":16,"turns":6},{"damage":16,"enemies":"3 Byrds","floor":18,"turns":3},{"damage":20,"enemies":"2 Thieves","floor":20,"turns":3},{"damage":4,"enemies":"Snecko","floor":21,"turns":5},{"damage":10,"enemies":"Sentry and Sphere","floor":22,"turns":3},{"damage":15,"enemies":"Cultist and Chosen","floor":23,"turns":5},{"damage":0,"enemies":"Snecko","floor":25,"turns":5},{"damage":0,"enemies":"Chosen and Byrds","floor":30,"turns":4},{"damage":6,"enemies":"Champ","floor":33,"turns":7},{"damage":18,"enemies":"3 Darklings","floor":35,"turns":4},{"damage":77,"enemies":"2 Orb Walkers","floor":45,"turns":5}],"seed_played":"-6708739026127845736","potions_obtained":[{"floor":7,"key":"Guardian:BlockOnCardUsePotion"},{"floor":10,"key":"SkillPotion"},{"floor":13,"key":"Block Potion"},{"floor":16,"key":"Swift Potion"},{"floor":23,"key":"Energy Potion"},{"floor":35,"key":"SteroidPotion"}],"is_trial":false,"path_per_floor":["M","?","?","M","M","R","M","R","T","M","E","?","E","$","R","B",null,"M","$","M","M","M","M","R","M","T","R","T","?","M","?","R","B",null,"M","$","?","?","$","R","?","R","T","R","?"],"character_chosen":"DEFECT","items_purchased":["Matryoshka","Oddly Smooth Stone"],"campfire_rested":2,"item_purchase_floors":[14,19],"current_hp_per_floor":[66,54,54,49,49,49,47,47,47,39,30,30,25,25,25,17,77,63,63,43,39,29,16,40,42,42,42,56,56,58,58,87,83,101,85,85,103,97,97,97,97,97,97,97,20,20],"gold":0,"neow_bonus":"BOSS_RELIC","is_daily":false,"chose_seed":false,"campfire_upgraded":6,"win_rate":0.0,"timestamp":1612910083,"path_taken":["M","?","?","M","M","R","?","R","T","M","E","?","E","$","R","BOSS","M","?","M","?","M","M","R","M","T","R","?","?","?","?","R","BOSS","M","$","?","?","$","R","?","R","T","R","?"],"items_purchased_type":["Relic","Relic"],"build_version":"2020-12-22","purchased_purges":0,"victory":false,"max_hp_per_floor":[75,75,75,75,75,75,75,75,75,75,75,75,77,77,77,77,77,79,79,79,79,79,81,81,83,83,83,97,97,99,99,99,101,101,103,103,103,107,107,107,107,107,107,107,107,107],"card_choices":[{"not_picked":["Steam","Stack","Streamline"],"picked":"SKIP","floor":1},{"not_picked":["Turbo","Force Field"],"picked":"Sweeping Beam","floor":4},{"not_picked":["Blizzard","Go for the Eyes"],"picked":"Leap","floor":5},{"not_picked":["Sweeping Beam","Steam","Sunder"],"picked":"SKIP","floor":7},{"not_picked":["White Noise","Hologram"],"picked":"Beam Cell","floor":10},{"not_picked":["BootSequence","Machine Learning","Turbo"],"picked":"SKIP","floor":11},{"not_picked":["Melter","Storm","Reinforced Body"],"picked":"Singing Bowl","floor":13},{"not_picked":["Machine Learning","Thunder Strike"],"picked":"Buffer","floor":16},{"not_picked":["Turbo+1","Cold Snap+1","Rebound"],"picked":"Singing Bowl","floor":18},{"not_picked":["Aggregate","Melter+1"],"picked":"Loop","floor":20},{"not_picked":["Compile Driver","Chaos"],"picked":"Redo","floor":21},{"not_picked":["Streamline","Coolheaded+1"],"picked":"Defragment+1","floor":22},{"not_picked":["Compile Driver+1","Leap","Redo"],"picked":"Singing Bowl","floor":23},{"not_picked":["Blizzard","Rebound","Beam Cell"],"picked":"Singing Bowl","floor":25},{"not_picked":["Streamline","Redo","Aggregate"],"picked":"Singing Bowl","floor":30},{"not_picked":["Creative AI","Machine Learning","Meteor Strike"],"picked":"Singing Bowl","floor":33},{"not_picked":["Coolheaded+1","Gash","Beam Cell"],"picked":"Singing Bowl","floor":35},{"not_picked":["Secret Technique","Thinking Ahead"],"picked":"Panacea","floor":38},{"not_picked":["Secret Weapon","Flash of Steel","Dramatic Entrance"],"picked":"Singing Bowl","floor":38},{"not_picked":["Dramatic Entrance","Bandage Up","Finesse"],"picked":"Singing Bowl","floor":38}],"player_experience":131549,"relics_obtained":[{"floor":11,"key":"Bronze Scales"},{"floor":13,"key":"Singing Bowl"},{"floor":26,"key":"StrikeDummy"},{"floor":26,"key":"Blue Candle"},{"floor":28,"key":"Vajra"},{"floor":28,"key":"Mango"},{"floor":43,"key":"Pantograph"}],"event_choices":[{"damage_healed":0,"gold_gain":0,"player_choice":"Success","damage_taken":12,"relics_obtained":["Pen Nib"],"max_hp_gain":0,"max_hp_loss":0,"event_name":"Scrap Ooze","floor":2,"gold_loss":0},{"damage_healed":0,"gold_gain":0,"player_choice":"Ignored","damage_taken":0,"max_hp_gain":0,"max_hp_loss":0,"event_name":"NoteForYourself","floor":3,"gold_loss":0},{"damage_healed":0,"gold_gain":0,"player_choice":"Gave Potion","damage_taken":0,"relics_obtained":["Nunchaku"],"max_hp_gain":0,"max_hp_loss":0,"event_name":"WeMeetAgain","floor":12,"gold_loss":0},{"damage_healed":0,"gold_gain":0,"player_choice":"Copied","damage_taken":0,"max_hp_gain":0,"max_hp_loss":0,"event_name":"Duplicator","floor":29,"gold_loss":0,"cards_obtained":["Defragment"]},{"damage_healed":0,"gold_gain":99,"player_choice":"Stole From Cult","damage_taken":0,"max_hp_gain":0,"max_hp_loss":0,"event_name":"Nest","floor":31,"gold_loss":0},{"damage_healed":26,"gold_gain":0,"player_choice":"Writhe","damage_taken":0,"max_hp_gain":0,"max_hp_loss":0,"event_name":"Winding Halls","floor":37,"gold_loss":0,"cards_obtained":["Writhe"]},{"damage_healed":0,"gold_gain":0,"player_choice":"Memory 3","damage_taken":10,"max_hp_gain":0,"max_hp_loss":0,"event_name":"SensoryStone","floor":38,"gold_loss":0},{"cards_removed":["Beam Cell"],"damage_healed":0,"gold_gain":0,"player_choice":"Removed Attack","damage_taken":0,"max_hp_gain":0,"max_hp_loss":0,"event_name":"Falling","floor":41,"gold_loss":0},{"damage_healed":0,"gold_gain":0,"player_choice":"Fight","damage_taken":0,"max_hp_gain":0,"max_hp_loss":0,"event_name":"Mysterious Sphere","floor":45,"gold_loss":0}],"is_beta":false,"boss_relics":[{"not_picked":["Cursed Key","Runic Dome"],"picked":"Ectoplasm"},{"not_picked":["Nuclear Battery","bronze:MakeshiftBattery","Pandora\u0027s Box"]}],"items_purged_floors":[],"is_endless":false,"potions_floor_spawned":[7,10,13,16,20,23,25,35],"killed_by":"2 Orb Walkers","ascension_level":0}}