{"host":"e8rlfedn69rz2s07","time":1612896857,"event":{"mods":["AchievementEnabler","BaseMod","Minty Spire (QoL Compilation)","Permanent Neow","Relic Stats"],"gold_per_floor":[365,385,400,17,17,49,67,78,78,105,105,105,122,140,140,215,215,226,177,6,6,6],"floor_reached":21,"language":"ENG","playtime":1300,"items_purged":["Strike_B"],"score":386,"play_id":"d0377b69-d300-4910-adb7-0d0bb479c21e","local_time":"20210209205417","is_ascension_mode":true,"campfire_choices":[{"data":"Self Repair","floor":11,"key":"SMITH"},{"data":"Doom and Gloom","floor":15,"key":"SMITH"}],"circlet_count":0,"master_deck":["AscendersBane","Strike_B","Strike_B","Defend_B","Defend_B","Defend_B","Defend_B","Zap","Dualcast","Doom and Gloom+1","Redo","Self Repair+1","Amplify","Auto Shields","Undo","Conserve Battery","Streamline","Multi-Cast","Compile Driver","Coolheaded","Self Repair","Hologram"],"relics":["Cracked Core","Emotion Chip","Mummified Hand","White Beast Statue","Kunai","Coffee Dripper"],"acts_visited":["Exordium","TheCity"],"potions_floor_usage":[10,18,18,21,21],"damage_taken":[{"damage":12,"enemies":"Cultist","floor":1,"turns":4},{"damage":0,"enemies":"2 Louse","floor":2,"turns":2},{"damage":0,"enemies":"Small Slimes","floor":3,"turns":2},{"damage":25,"enemies":"Lagavulin","floor":6,"turns":6},{"damage":6,"enemies":"Exordium Wildlife","floor":7,"turns":5},{"damage":10,"enemies":"Blue Slaver","floor":8,"turns":4},{"damage":11,"enemies":"Gremlin Nob","floor":10,"turns":3},{"damage":1,"enemies":"2 Fungi Beasts","floor":13,"turns":4},{"damage":11,"enemies":"Looter","floor":14,"turns":3},{"damage":31,"enemies":"Hexaghost","floor":16,"turns":9},{"damage":25,"enemies":"3 Byrds","floor":18,"turns":4},{"damage":22,"enemies":"2 Thieves","floor":19,"turns":5},{"damage":21,"enemies":"Sentry and Sphere","floor":21,"turns":5}],"seed_played":"-7272917721199360769","potions_obtained":[{"floor":7,"key":"Explosive Potion"},{"floor":8,"key":"Fire Potion"},{"floor":10,"key":"FearPotion"},{"floor":13,"key":"Weak Potion"},{"floor":18,"key":"Energy Potion"},{"floor":19,"key":"Ancient Potion"}],"is_trial":false,"path_per_floor":["M","M","M","$","?","E","M","M","T","E","R","?","M","M","R","B",null,"M","M","$","M"],"character_chosen":"DEFECT","items_purchased":["Self Repair","Emotion Chip","Self Repair","Hologram"],"campfire_rested":0,"item_purchase_floors":[4,4,20,20],"current_hp_per_floor":[52,52,52,52,52,34,35,32,32,28,28,21,40,49,49,38,58,43,21,21,0,0],"gold":6,"neow_bonus":"TWO_FIFTY_GOLD","is_daily":false,"chose_seed":false,"campfire_upgraded":2,"win_rate":0.0,"timestamp":1612896857,"path_taken":["M","M","M","$","?","E","M","M","T","E","R","?","M","M","R","BOSS","M","M","$","M"],"items_purchased_type":["Card","Relic","Card","Card"],"build_version":"2020-12-22","purchased_purges":1,"victory":false,"max_hp_per_floor":[64,64,64,64,64,64,64,64,64,64,64,64,64,64,64,64,64,64,64,64,64,64],"relic_stats":{"Emotion Chip":[32,20,1,11,0],"counters":[13,56],"Mummified Hand":[13],"Kunai":[1],"obtain_stats":[{"Emotion Chip":4,"Mummified Hand":6,"Coffee Dripper":17,"Kunai":10,"Cracked Core":0,"White Beast Statue":9},{"Emotion Chip":3,"Mummified Hand":4,"Coffee Dripper":10,"Kunai":7,"Cracked Core":0,"White Beast Statue":6},{"Emotion Chip":8,"Mummified Hand":14,"Coffee Dripper":42,"Kunai":26,"Cracked Core":0,"White Beast Statue":23}]},"card_choices":[{"not_picked":["Redo","Compile Driver"],"picked":"Doom and Gloom","floor":1},{"not_picked":["Steam","Conserve Battery"],"picked":"Redo","floor":2},{"not_picked":["Force Field","Beam Cell","FTL"],"picked":"SKIP","floor":3},{"not_picked":["Genetic Algorithm","Barrage"],"picked":"Amplify","floor":6},{"not_picked":["Barrage","Conserve Battery"],"picked":"Auto Shields","floor":7},{"not_picked":["FTL","Rip and Tear"],"picked":"Undo","floor":8},{"not_picked":["Scrape","Heatsinks"],"picked":"Conserve Battery","floor":10},{"not_picked":["Cold Snap","Leap"],"picked":"Streamline","floor":13},{"not_picked":["Leap","Stack","Steam"],"picked":"SKIP","floor":14},{"not_picked":["Buffer","Seek"],"picked":"Multi-Cast","floor":16},{"not_picked":["Cold Snap","Streamline"],"picked":"Compile Driver","floor":18},{"not_picked":["Rebound","Reprogram"],"picked":"Coolheaded","floor":19}],"player_experience":1054765,"relics_obtained":[{"floor":6,"key":"Mummified Hand"},{"floor":9,"key":"White Beast Statue"},{"floor":10,"key":"Kunai"}],"event_choices":[{"damage_healed":0,"gold_gain":0,"player_choice":"Ignored","damage_taken":0,"max_hp_gain":0,"max_hp_loss":0,"event_name":"Liars Game","floor":5,"gold_loss":0},{"cards_removed":["Strike_B"],"damage_healed":0,"gold_gain":0,"player_choice":"Card Removal","damage_taken":7,"max_hp_gain":0,"max_hp_loss":0,"event_name":"Golden Wing","floor":12,"gold_loss":0}],"is_beta":false,"boss_relics":[{"not_picked":["Ectoplasm","Sozu"],"picked":"Coffee Dripper"}],"items_purged_floors":[20],"is_endless":false,"potions_floor_spawned":[7,8,10,13,14,16,18,19],"killed_by":"Sentry and Sphere","ascension_level":20}}