{"host":"74rphcgmhz43g39u","time":1612886761,"event":{"mods":["Act Like it!","BaseMod","Gensokyo","Minty Spire (QoL Compilation)","Quick Restart","Remilia£®¿Ÿ√◊¿Ú—«£©","StSLib"],"gold_per_floor":[116,116,16,16,46,93,93,126,126,166,178,228,228,259,259,330,330,330,330],"floor_reached":18,"language":"ZHS","playtime":1016,"items_purged":["Defend_RM"],"score":380,"play_id":"69b91e5e-0b9e-4412-be34-50f3d6d0ff64","local_time":"20210210000601","is_ascension_mode":true,"campfire_choices":[{"data":"BloodyHallows","floor":13.0,"key":"SMITH"},{"data":"SuperhumanBloodyKnife","floor":15.0,"key":"SMITH"}],"circlet_count":0,"master_deck":["AscendersBane","Strike_RM","Strike_RM","Strike_RM","Strike_RM","Defend_RM","Defend_RM","Defend_RM","RedMoon","ScarletShoot","FavorOfDestiny","SuperhumanBloodyKnife+1","BloodAndWine","Clumsy","Ultimatum","BloodyHallows+1","RedMagic","ScarletNetherworld","DemonKingCradle"],"relics":["ScarletHat","NeowsBlessing","Gensokyo:Justice","Mango","Sundial","Gensokyo:NagashiBinaDoll","StoneCalendar","StrikeDummy","Matryoshka","SacredBark"],"acts_visited":["Exordium","Gensokyo:Gensokyo"],"potions_floor_usage":[18],"damage_taken":[{"damage":0.0,"enemies":"Gensokyo:3_Fairies","floor":1.0,"turns":2.0},{"damage":0.0,"enemies":"Gensokyo:Python","floor":5.0,"turns":2.0},{"damage":0.0,"enemies":"Gensokyo:Mamizou","floor":6.0,"turns":5.0},{"damage":12.0,"enemies":"Gensokyo:Cirno","floor":8.0,"turns":6.0},{"damage":0.0,"enemies":"Gensokyo:Gryphon","floor":10.0,"turns":3.0},{"damage":0.0,"enemies":"Gensokyo:Kitsune","floor":11.0,"turns":3.0},{"damage":65.0,"enemies":"Gensokyo:Aya","floor":12.0,"turns":7.0},{"damage":16.0,"enemies":"Gensokyo:Python_and_Kodama","floor":14.0,"turns":7.0},{"damage":14.0,"enemies":"Gensokyo:Reimu","floor":16.0,"turns":6.0}],"seed_played":"6156859570458447765","potions_obtained":[{"floor":1.0,"key":"FairyPotion"},{"floor":10.0,"key":"Block Potion"},{"floor":14.0,"key":"BlessingOfTheForge"},{"floor":16.0,"key":"PowerPotion"}],"is_trial":false,"path_per_floor":["M","?","$","?","M","E","?","E","T","M","M","E","R","M","R","B",null,"M"],"character_chosen":"REMILIA","items_purchased":["FavorOfDestiny"],"campfire_rested":0,"item_purchase_floors":[3],"current_hp_per_floor":[65,65,65,51,51,55,55,48,48,49,50,30,30,18,18,6,65,29,29],"gold":330,"neow_bonus":"THREE_ENEMY_KILL","is_daily":false,"chose_seed":false,"campfire_upgraded":2,"win_rate":0.0,"timestamp":1612886761,"path_taken":["M","?","$","?","M","E","?","E","T","?","M","E","R","M","R","BOSS","M"],"items_purchased_type":["Card"],"build_version":"2020-12-22","purchased_purges":1,"victory":false,"max_hp_per_floor":[70,70,70,84,84,84,84,84,84,84,84,84,84,84,84,84,84,84,84],"card_choices":[{"not_picked":["ScarletImprint","NightDance"],"picked":"BloodAndWine","floor":1.0},{"not_picked":["CharismaGuard","Stigmanizer"],"picked":"SuperhumanBloodyKnife","floor":5.0},{"not_picked":["StarOfDavid","ScarletDevil"],"picked":"BloodAndWine","floor":6.0},{"not_picked":["CharismaGuard","BloodHunter","ScarletDevil"],"picked":"SKIP","floor":8.0},{"not_picked":["UnstableMagic","ScarletDevil"],"picked":"Ultimatum","floor":10.0},{"not_picked":["ScarletDevil","BlasphemousPunishment"],"picked":"BloodyHallows","floor":11.0},{"not_picked":["Stigmanizer","UnderTheZenith"],"picked":"RedMagic","floor":11.0},{"not_picked":["DiffusionOfMisfortune","BombardNight","LeisurelyOfLord"],"picked":"SKIP","floor":12.0},{"not_picked":["FavorOfDestiny","DiffusionOfMisfortune"],"picked":"ScarletNetherworld","floor":14.0},{"not_picked":["DevilSight","VampireClaw","BloodyTrap"],"picked":"SKIP","floor":14.0},{"not_picked":["HellCatastrophe","ScarletMeister"],"picked":"DemonKingCradle","floor":16.0}],"player_experience":849885,"relics_obtained":[{"floor":6.0,"key":"Sundial"},{"floor":8.0,"key":"StoneCalendar"},{"floor":9.0,"key":"StrikeDummy"},{"floor":12.0,"key":"Matryoshka"}],"event_choices":[],"is_beta":false,"boss_relics":[{"not_picked":["Snecko Eye","Ectoplasm"],"picked":"SacredBark"}],"items_purged_floors":[3],"is_endless":false,"potions_floor_spawned":[1,8,10,16],"killed_by":"Gensokyo:3_Dogs","ascension_level":20}}