{"host":"8dhn6p16jorj0i1s","time":1612906461,"event":{"mods":["AchievementEnabler","BaseMod","Colored Map","DeckTracker","Highlight Path","Minty Spire (QoL Compilation)","Permanent Neow","Quick Restart"],"gold_per_floor":[10,22,36,49,67,67,94,94,121,135,135,160,172,172,172,267,267,278,290,308,54,54,54,65,65,88,116,116,116],"floor_reached":28,"language":"ENG","playtime":2345,"items_purged":["Defend_P"],"score":474,"play_id":"9670c812-a0bf-4ebe-8495-01b5d0f5842d","local_time":"20210209223421","is_ascension_mode":true,"campfire_choices":[{"data":"SandsOfTime","floor":6,"key":"SMITH"},{"data":"Vigilance","floor":8,"key":"SMITH"},{"data":"TalkToTheHand","floor":11,"key":"SMITH"},{"data":"Swivel","floor":15,"key":"SMITH"},{"data":"Protect","floor":23,"key":"SMITH"},{"data":"Establishment","floor":25,"key":"SMITH"}],"circlet_count":0,"master_deck":["Strike_P","Strike_P+1","Defend_P","Defend_P","Eruption","Vigilance+1","TalkToTheHand+1","Swivel+1","SandsOfTime+1","Halt","Ragnarok","Establishment+1","FlurryOfBlows+1","Devotion","Pray","Protect+1","FlyingSleeves+1","Crescendo","Sanctity","FollowUp"],"relics":["HornCleat","Damaru","VioletLotus","Membership Card","Nloth\u0027s Gift","Whetstone","Potion Belt"],"acts_visited":["Exordium","TheCity"],"potions_floor_usage":[7,12,13,18,18,20,27,27,28],"damage_taken":[{"damage":7,"enemies":"2 Louse","floor":1,"turns":2},{"damage":0,"enemies":"Small Slimes","floor":2,"turns":3},{"damage":0,"enemies":"Cultist","floor":3,"turns":3},{"damage":8,"enemies":"2 Fungi Beasts","floor":4,"turns":3},{"damage":5,"enemies":"3 Louse","floor":5,"turns":3},{"damage":18,"enemies":"Gremlin Nob","floor":7,"turns":3},{"damage":0,"enemies":"Blue Slaver","floor":10,"turns":4},{"damage":0,"enemies":"Lagavulin","floor":12,"turns":4},{"damage":0,"enemies":"Gremlin Gang","floor":13,"turns":3},{"damage":0,"enemies":"Hexaghost","floor":16,"turns":8},{"damage":0,"enemies":"2 Thieves","floor":18,"turns":3},{"damage":0,"enemies":"Shell Parasite","floor":19,"turns":6},{"damage":36,"enemies":"Sentry and Sphere","floor":20,"turns":4},{"damage":9,"enemies":"Centurion and Healer","floor":24,"turns":4},{"damage":2,"enemies":"Gremlin Leader","floor":27,"turns":6},{"damage":34,"enemies":"Colosseum Slavers","floor":28,"turns":3}],"seed_played":"-3532706291464715576","potions_obtained":[{"floor":3,"key":"Dexterity Potion"},{"floor":4,"key":"Dexterity Potion"},{"floor":5,"key":"AttackPotion"},{"floor":7,"key":"AttackPotion"},{"floor":13,"key":"Strength Potion"},{"floor":16,"key":"Fruit Juice"},{"floor":19,"key":"BottledMiracle"},{"floor":20,"key":"ColorlessPotion"},{"floor":24,"key":"BlessingOfTheForge"}],"is_trial":false,"path_per_floor":["M","M","M","M","M","R","E","R","T","M","R","E","M","?","R","B",null,"M","M","M","$","?","R","M","R","T","E","?"],"character_chosen":"WATCHER","items_purchased":["Membership Card","Crescendo","Sanctity"],"campfire_rested":0,"item_purchase_floors":[21,21,21],"current_hp_per_floor":[58,58,58,50,45,45,27,27,27,27,27,27,27,20,20,20,59,64,64,28,28,28,28,19,19,19,17,0,0],"gold":116,"neow_bonus":"TRANSFORM_TWO_CARDS","is_daily":false,"chose_seed":false,"campfire_upgraded":6,"win_rate":0.0,"timestamp":1612906461,"path_taken":["M","M","M","M","M","R","E","R","T","M","R","E","M","?","R","BOSS","M","M","M","$","?","R","?","R","T","E","?"],"items_purchased_type":["Relic","Card","Card"],"build_version":"2020-12-22","purchased_purges":1,"victory":false,"max_hp_per_floor":[72,72,72,72,72,72,72,72,72,72,72,72,72,72,72,72,72,77,77,77,77,77,77,77,77,77,77,77,77],"card_choices":[{"not_picked":["PathToVictory","TalkToTheHand","FearNoEvil"],"picked":"SKIP","floor":1},{"not_picked":["Study","Wireheading"],"picked":"SandsOfTime","floor":2},{"not_picked":["Wireheading","JustLucky"],"picked":"Halt","floor":3},{"not_picked":["Protect","DeceiveReality","SashWhip"],"picked":"SKIP","floor":4},{"not_picked":["Alpha","JustLucky","Crescendo"],"picked":"SKIP","floor":5},{"not_picked":["Sanctity","DeusExMachina"],"picked":"Ragnarok","floor":7},{"not_picked":["Prostrate","Halt","FlyingSleeves"],"picked":"SKIP","floor":10},{"not_picked":["Protect","SandsOfTime"],"picked":"Establishment","floor":12},{"not_picked":["Perseverance","Prostrate"],"picked":"FlurryOfBlows","floor":13},{"not_picked":["Alpha","Establishment"],"picked":"Devotion","floor":16},{"not_picked":["ThirdEye+1","Halt"],"picked":"Pray","floor":18},{"not_picked":["Study","CrushJoints"],"picked":"Protect","floor":19},{"not_picked":["EmptyBody","Conclude"],"picked":"FlyingSleeves+1","floor":20},{"not_picked":["EmptyMind","LikeWater+1","CrushJoints"],"picked":"SKIP","floor":24},{"not_picked":["ThirdEye+1","LessonLearned"],"picked":"FollowUp","floor":27}],"player_experience":525435,"relics_obtained":[{"floor":7,"key":"HornCleat"},{"floor":12,"key":"Damaru"},{"floor":26,"key":"Whetstone"},{"floor":27,"key":"Potion Belt"}],"event_choices":[{"cards_removed":["Defend_P"],"damage_healed":0,"gold_gain":0,"player_choice":"Card Removal","damage_taken":7,"max_hp_gain":0,"max_hp_loss":0,"event_name":"Golden Wing","floor":14,"gold_loss":0},{"damage_healed":0,"gold_gain":0,"player_choice":"Traded Relic","damage_taken":0,"relics_obtained":["Nloth\u0027s Gift"],"max_hp_gain":0,"max_hp_loss":0,"event_name":"N\u0027loth","floor":22,"relics_lost":["PureWater"],"gold_loss":0},{"damage_healed":0,"gold_gain":0,"player_choice":"Fight","damage_taken":0,"max_hp_gain":0,"max_hp_loss":0,"event_name":"Colosseum","floor":28,"gold_loss":0}],"is_beta":false,"boss_relics":[{"not_picked":["Runic Pyramid","Cursed Key"],"picked":"VioletLotus"}],"items_purged_floors":[21],"is_endless":false,"potions_floor_spawned":[3,4,5,7,13,16,19,20,24],"killed_by":"Colosseum Slavers","ascension_level":9}}