{"host":"d85gwtocd8go8gx0","time":1612841684,"event":{"mods":["AchievementEnabler","BaseMod","Better Altar","Better Skull","Better Third Choice","Block Reminder","Colored Powertips","Curses Come First","Dark Map","Filter the Spire","Highlight Path","Minty Spire (QoL Compilation)","Permanent Neow","Quick Restart","Shop Mod","StSLib","SuperFastMode","UnlockEverythingMod"],"gold_per_floor":[112,24,24,24,37,67,87,87,167,167,179,179,191,218,218,292,292,305,45,45,45,45,45,75,75,75,75,100,112,144,168,180,269,281,310,322,384,396,31,31,64,77,77,36,70,93,93,143,143,143,143,143],"floor_reached":51,"language":"ENG","playtime":1776,"items_purged":["Strike_P","Regret"],"score":1644,"play_id":"179a32fe-0df1-49a2-b74e-e61cde562512","local_time":"20210208193444","is_ascension_mode":true,"campfire_choices":[{"floor":8.0,"key":"REST"},{"floor":12.0,"key":"REST"},{"floor":15.0,"key":"REST"},{"floor":23.0,"key":"REST"},{"floor":25.0,"key":"REST"},{"floor":32.0,"key":"REST"},{"floor":40.0,"key":"REST"},{"floor":47.0,"key":"REST"},{"floor":49.0,"key":"REST"}],"circlet_count":0,"master_deck":["AscendersBane","Strike_P","Strike_P+1","Defend_P","Defend_P","Defend_P","Defend_P+1","Eruption+1","Vigilance","Wallop","FollowUp+1","FearNoEvil","Consecrate+1","Crescendo","SashWhip","BowlingBash","LessonLearned+1","Consecrate+1","Blasphemy+1","FlurryOfBlows","RitualDagger+1","Wallop","SashWhip+1","FlurryOfBlows+1","EmptyBody","CrushJoints+1","SpiritShield","Evaluate+1","Tantrum+1","Writhe","Pray","Vengeance","FlurryOfBlows+1"],"relics":["Fusion Hammer","Bag of Marbles","Vajra","Sundial","Nunchaku","VioletLotus","Enchiridion","HornCleat","Pantograph","MawBank","Cursed Key","Akabeko","Gremlin Horn","Bottled Lightning","Oddly Smooth Stone","CeramicFish"],"acts_visited":["Exordium","TheCity","TheBeyond"],"potions_floor_usage":[],"damage_taken":[{"damage":0.0,"enemies":"2 Louse","floor":1.0,"turns":2.0},{"damage":0.0,"enemies":"Cultist","floor":5.0,"turns":2.0},{"damage":31.0,"enemies":"Lagavulin","floor":6.0,"turns":8.0},{"damage":0.0,"enemies":"Jaw Worm","floor":7.0,"turns":1.0},{"damage":0.0,"enemies":"Exordium Thugs","floor":11.0,"turns":3.0},{"damage":10.0,"enemies":"Large Slime","floor":13.0,"turns":3.0},{"damage":0.0,"enemies":"Gremlin Nob","floor":14.0,"turns":3.0},{"damage":0.0,"enemies":"Slime Boss","floor":16.0,"turns":6.0},{"damage":0.0,"enemies":"Spheric Guardian","floor":18.0,"turns":1.0},{"damage":0.0,"enemies":"Gremlin Leader","floor":24.0,"turns":2.0},{"damage":3.0,"enemies":"Slavers","floor":28.0,"turns":4.0},{"damage":0.0,"enemies":"2 Thieves","floor":30.0,"turns":1.0},{"damage":0.0,"enemies":"Shelled Parasite and Fungi","floor":31.0,"turns":3.0},{"damage":24.0,"enemies":"Champ","floor":33.0,"turns":7.0},{"damage":4.0,"enemies":"Orb Walker","floor":35.0,"turns":3.0},{"damage":20.0,"enemies":"Nemesis","floor":41.0,"turns":5.0},{"damage":7.0,"enemies":"3 Shapes","floor":42.0,"turns":1.0},{"damage":12.0,"enemies":"Giant Head","floor":45.0,"turns":5.0},{"damage":0.0,"enemies":"Sphere and 2 Shapes","floor":46.0,"turns":1.0},{"damage":45.0,"enemies":"Awakened One","floor":50.0,"turns":5.0},{"damage":53,"enemies":"Donu and Deca","floor":51,"turns":5}],"seed_played":"-9061187420834256675","potions_obtained":[{"floor":5.0,"key":"LiquidBronze"},{"floor":6.0,"key":"LiquidMemories"},{"floor":7.0,"key":"Dexterity Potion"},{"floor":14.0,"key":"LiquidMemories"},{"floor":24.0,"key":"CultistPotion"},{"floor":41.0,"key":"Explosive Potion"},{"floor":45.0,"key":"SteroidPotion"}],"is_trial":false,"path_per_floor":["M","?","$","?","M","E","M","R","T","?","M","R","M","E","R","B",null,"M","$","?","?","?","R","E","R","T","$","E","?","M","M","R","B",null,"M","?","T","?","$","R","E","M","T","$","E","M","R","?","R","B","B"],"character_chosen":"WATCHER","items_purchased":["Blasphemy","FlurryOfBlows","CutThroughFate","Gremlin Horn","Pray"],"campfire_rested":9,"item_purchase_floors":[19,19,19,39,44],"current_hp_per_floor":[61,61,61,61,61,30,30,50,50,30,30,50,40,40,60,60,66,66,66,45,39,39,59,59,68,68,68,65,65,65,65,68,44,62,58,58,58,58,58,68,48,41,41,41,29,29,49,49,68,23,0,0],"gold":143,"neow_bonus":"BOSS_RELIC","is_daily":false,"chose_seed":false,"campfire_upgraded":0,"win_rate":0.0,"timestamp":1612841684,"path_taken":["M","?","?","?","M","E","?","R","T","?","M","R","M","E","R","BOSS","M","$","?","?","?","R","E","R","T","$","E","?","M","?","R","BOSS","M","?","?","?","$","R","E","M","T","$","E","M","R","?","R","BOSS","BOSS"],"items_purchased_type":["Card","Card","Card","Relic","Card"],"build_version":"2020-12-22","purchased_purges":2,"victory":false,"max_hp_per_floor":[68,68,68,68,68,68,68,68,68,68,68,68,68,68,68,68,68,68,68,68,68,68,68,68,68,68,68,68,68,68,68,68,68,68,68,68,68,68,68,68,68,68,68,68,68,68,68,68,68,68,68,68],"card_choices":[{"not_picked":["FlyingSleeves","BowlingBash"],"picked":"Wallop","floor":1.0},{"not_picked":["EmptyFist","Vengeance"],"picked":"FollowUp","floor":5.0},{"not_picked":["SandsOfTime","EmptyBody"],"picked":"FearNoEvil","floor":6.0},{"not_picked":["ClearTheMind","Omniscience"],"picked":"Consecrate","floor":7.0},{"not_picked":["WaveOfTheHand","JustLucky"],"picked":"Crescendo","floor":11.0},{"not_picked":["Sanctity","EmptyFist"],"picked":"SashWhip","floor":13.0},{"not_picked":["WindmillStrike","FollowUp"],"picked":"BowlingBash","floor":14.0},{"not_picked":["Blasphemy","ConjureBlade"],"picked":"LessonLearned","floor":16.0},{"not_picked":["FollowUp","Evaluate+1"],"picked":"Consecrate+1","floor":18.0},{"not_picked":["CutThroughFate","WreathOfFlame"],"picked":"SashWhip+1","floor":24.0},{"not_picked":["Crescendo+1","FollowUp"],"picked":"FlurryOfBlows","floor":28.0},{"not_picked":["Halt","SashWhip"],"picked":"EmptyBody","floor":30.0},{"not_picked":["PathToVictory","BowlingBash"],"picked":"CrushJoints+1","floor":31.0},{"not_picked":["Alpha","MasterReality"],"picked":"SpiritShield","floor":33.0},{"not_picked":["JustLucky+1","Collect","EmptyBody"],"picked":"SKIP","floor":35.0},{"not_picked":["CarveReality","Wireheading"],"picked":"Evaluate+1","floor":41.0},{"not_picked":["Indignation","Halt"],"picked":"Tantrum+1","floor":42.0},{"not_picked":["JustLucky","ThirdEye"],"picked":"Vengeance","floor":45.0},{"not_picked":["FollowUp","Conclude"],"picked":"FlurryOfBlows+1","floor":46.0}],"player_experience":48168,"relics_obtained":[{"floor":6.0,"key":"Vajra"},{"floor":9.0,"key":"Sundial"},{"floor":14.0,"key":"Nunchaku"},{"floor":20.0,"key":"Enchiridion"},{"floor":24.0,"key":"HornCleat"},{"floor":26.0,"key":"Pantograph"},{"floor":28.0,"key":"MawBank"},{"floor":37.0,"key":"Akabeko"},{"floor":41.0,"key":"Bottled Lightning"},{"floor":43.0,"key":"Oddly Smooth Stone"},{"floor":45.0,"key":"CeramicFish"}],"event_choices":[{"damage_healed":0.0,"max_hp_gain":0.0,"max_hp_loss":0.0,"gold_gain":0.0,"event_name":"WeMeetAgain","player_choice":"Paid Gold","floor":2.0,"gold_loss":88.0,"damage_taken":0.0,"relics_obtained":["Bag of Marbles"]},{"cards_removed":["Strike_P"],"damage_healed":0.0,"max_hp_gain":0.0,"max_hp_loss":0.0,"gold_gain":0.0,"event_name":"Bonfire Elementals","player_choice":"Offered Basic","floor":4.0,"gold_loss":0.0,"damage_taken":0.0},{"damage_healed":50.0,"max_hp_gain":0.0,"max_hp_loss":68.0,"gold_gain":0.0,"event_name":"betterThird:BetterShining","player_choice":"Upgrade","floor":10.0,"gold_loss":0.0,"damage_taken":20.0,"cards_upgraded":["Eruption","Defend_P"]},{"damage_healed":0.0,"max_hp_gain":0.0,"max_hp_loss":0.0,"gold_gain":0.0,"event_name":"Cursed Tome","player_choice":"Obtained Book","floor":20.0,"gold_loss":0.0,"damage_taken":21.0},{"damage_healed":0.0,"max_hp_gain":0.0,"max_hp_loss":0.0,"gold_gain":0.0,"event_name":"betterThird:BetterNest","player_choice":"Dagger","floor":21.0,"gold_loss":0.0,"damage_taken":6.0,"cards_obtained":["RitualDagger"]},{"damage_healed":0.0,"max_hp_gain":0.0,"max_hp_loss":0.0,"gold_gain":0.0,"event_name":"The Library","player_choice":"Read","floor":22.0,"gold_loss":0.0,"damage_taken":0.0,"cards_obtained":["Wallop"]},{"damage_healed":0.0,"max_hp_gain":0.0,"max_hp_loss":0.0,"gold_gain":0.0,"event_name":"Upgrade Shrine","player_choice":"Upgraded","floor":29.0,"gold_loss":0.0,"damage_taken":0.0,"cards_upgraded":["Blasphemy"]},{"cards_removed":["CutThroughFate"],"damage_healed":0.0,"max_hp_gain":0.0,"max_hp_loss":0.0,"gold_gain":0.0,"event_name":"Falling","player_choice":"Removed Attack","floor":36.0,"gold_loss":0.0,"damage_taken":0.0},{"damage_healed":0.0,"max_hp_gain":0.0,"max_hp_loss":0.0,"gold_gain":0.0,"event_name":"Tomb of Lord Red Mask","player_choice":"Ignored","floor":38.0,"gold_loss":0.0,"damage_taken":0.0},{"damage_healed":0.0,"max_hp_gain":0.0,"max_hp_loss":0.0,"gold_gain":50.0,"event_name":"Golden Shrine","player_choice":"Pray","floor":48.0,"gold_loss":0.0,"damage_taken":0.0}],"is_beta":false,"boss_relics":[{"not_picked":["Astrolabe","Busted Crown"],"picked":"VioletLotus"},{"not_picked":["SlaversCollar","Runic Dome"],"picked":"Cursed Key"}],"items_purged_floors":[19,39],"is_endless":false,"potions_floor_spawned":[5,6,7,14,16,24,30,31,41,45],"killed_by":"Donu and Deca","ascension_level":20}}