{"host":"jpzdg3po3tjxdjri","time":1612913626,"event":{"mods":["BaseMod","Better Third Choice","Colored Map","Colored Powertips","Minty Spire (QoL Compilation)","StSLib"],"gold_per_floor":[115,132,232,75,86,121,121,136,136,136,164,164,176,190,190,295,295,295,10,10,10,10,10,10,10,10,10,10,10,10,10,10,10,10,10,10,10,10,10,10,10,10,10,10,10,10,10,10],"floor_reached":47,"language":"ENG","playtime":1300,"items_purged":[],"score":631,"play_id":"b39c7e5a-825e-4d47-9686-61992b292ac3","local_time":"20210209233346","is_ascension_mode":true,"campfire_choices":[{"data":"Rip and Tear","floor":10,"key":"SMITH"},{"data":"Zap","floor":12,"key":"SMITH"},{"data":"Streamline","floor":15,"key":"SMITH"},{"data":"Defragment","floor":24,"key":"SMITH"},{"floor":30,"key":"REST"},{"data":"Defragment","floor":32,"key":"SMITH"},{"floor":40,"key":"RECALL"}],"circlet_count":0,"master_deck":["Strike_B","Strike_B","Strike_B","Strike_B","Defend_B","Defend_B","Defend_B","Defend_B","Zap+1","Dualcast","Gash","Rip and Tear+1","Glacier","Melter","Conserve Battery","Ball Lightning","Streamline+1","Cold Snap+1","Fission","Go for the Eyes+1","Defragment+1","Go for the Eyes","Defragment+1","FTL+1","Barrage","Gash+1","Ball Lightning","Reboot","Gash","Lockon+1","Gash+1","Glacier","Parasite","Stack"],"relics":["Cracked Core","NeowsBlessing","HandDrill","Art of War","Lantern","Cables","Ectoplasm","Emotion Chip","The Courier","Regal Pillow","Singing Bowl","Strawberry","Tiny House","Ornamental Fan","Peace Pipe","StrikeDummy"],"acts_visited":["Exordium","TheCity","TheBeyond"],"potions_floor_usage":[7,23,23,31,31,33],"damage_taken":[{"damage":0,"enemies":"2 Louse","floor":1,"turns":1},{"damage":0,"enemies":"Cultist","floor":2,"turns":1},{"damage":0,"enemies":"Jaw Worm","floor":5,"turns":1},{"damage":27,"enemies":"Gremlin Nob","floor":6,"turns":4},{"damage":6,"enemies":"Exordium Thugs","floor":8,"turns":4},{"damage":7,"enemies":"Lagavulin","floor":11,"turns":5},{"damage":0,"enemies":"Gremlin Gang","floor":13,"turns":4},{"damage":0,"enemies":"2 Fungi Beasts","floor":14,"turns":3},{"damage":19,"enemies":"The Guardian","floor":16,"turns":8},{"damage":9,"enemies":"3 Byrds","floor":18,"turns":4},{"damage":0,"enemies":"Chosen","floor":20,"turns":3},{"damage":0,"enemies":"Snecko","floor":21,"turns":5},{"damage":31,"enemies":"Slavers","floor":23,"turns":4},{"damage":5,"enemies":"Chosen and Byrds","floor":25,"turns":3},{"damage":15,"enemies":"Book of Stabbing","floor":28,"turns":5},{"damage":4,"enemies":"Centurion and Healer","floor":29,"turns":6},{"damage":17,"enemies":"Slavers","floor":31,"turns":5},{"damage":39,"enemies":"Champ","floor":33,"turns":9},{"damage":15,"enemies":"3 Shapes","floor":35,"turns":3},{"damage":6,"enemies":"Orb Walker","floor":36,"turns":2},{"damage":47,"enemies":"Giant Head","floor":41,"turns":9},{"damage":0,"enemies":"Mind Bloom Boss Battle","floor":42,"turns":6},{"damage":3,"enemies":"Writhing Mass","floor":44,"turns":6},{"damage":21,"enemies":"Nemesis","floor":45,"turns":7},{"damage":12,"enemies":"2 Orb Walkers","floor":47,"turns":1}],"seed_played":"4503961791782262574","potions_obtained":[{"floor":7,"key":"Fruit Juice"},{"floor":7,"key":"BlessingOfTheForge"},{"floor":7,"key":"ColorlessPotion"},{"floor":8,"key":"Dexterity Potion"},{"floor":23,"key":"BlessingOfTheForge"},{"floor":28,"key":"Fire Potion"},{"floor":31,"key":"PotionOfCapacity"},{"floor":34,"key":"Energy Potion"},{"floor":35,"key":"FocusPotion"}],"is_trial":false,"path_per_floor":["M","M","?","$","M","E","?","M","T","R","E","R","M","M","R","B",null,"M","$","M","M","?","E","R","M","T","$","E","M","R","E","R","B",null,"M","M","?","$","$","R","E","?","T","M","E","?","?"],"character_chosen":"DEFECT","items_purchased":["HandDrill","Emotion Chip"],"campfire_rested":1,"item_purchase_floors":[4,19],"current_hp_per_floor":[75,75,75,75,75,48,53,47,47,47,40,40,40,40,40,21,80,71,71,71,71,71,40,40,35,35,35,20,16,55,47,47,8,94,79,73,73,73,73,73,26,28,28,25,6,8,0,0],"gold":10,"neow_bonus":"THREE_ENEMY_KILL","is_daily":false,"chose_seed":false,"campfire_upgraded":5,"win_rate":0.0,"timestamp":1612913626,"path_taken":["M","M","?","$","?","E","?","M","T","R","E","R","M","M","R","BOSS","M","$","M","M","?","E","R","M","T","$","E","M","R","E","R","BOSS","M","?","?","?","$","R","E","?","T","M","E","?","?"],"items_purchased_type":["Relic","Relic"],"build_version":"2020-12-22","purchased_purges":0,"victory":false,"max_hp_per_floor":[75,75,75,75,75,75,80,80,80,80,80,80,80,80,80,80,80,80,80,80,80,80,80,80,80,80,80,80,80,80,89,89,89,94,94,94,89,89,89,89,89,91,91,91,93,95,95,95],"card_choices":[{"not_picked":["Barrage","Streamline"],"picked":"Gash","floor":1},{"not_picked":["Reinforced Body","Redo"],"picked":"Rip and Tear","floor":2},{"not_picked":["Hologram","Fusion"],"picked":"Glacier","floor":5},{"not_picked":["Consume","White Noise"],"picked":"Melter","floor":6},{"not_picked":["Coolheaded","Capacitor"],"picked":"Conserve Battery","floor":8},{"not_picked":["Compile Driver","Recycle"],"picked":"Ball Lightning","floor":11},{"not_picked":["Conserve Battery","Turbo"],"picked":"Streamline","floor":13},{"not_picked":["Hyperbeam","Streamline"],"picked":"Cold Snap","floor":14},{"not_picked":["Biased Cognition","Multi-Cast"],"picked":"Fission","floor":16},{"not_picked":["Redo+1","Auto Shields"],"picked":"Go for the Eyes+1","floor":18},{"not_picked":["Compile Driver","Self Repair+1"],"picked":"Defragment","floor":20},{"not_picked":["Double Energy+1","Turbo+1"],"picked":"Go for the Eyes","floor":21},{"not_picked":["Force Field+1","Reprogram"],"picked":"FTL+1","floor":23},{"not_picked":["Redo+1","Conserve Battery"],"picked":"Barrage","floor":25},{"not_picked":["Force Field","Recycle"],"picked":"Gash+1","floor":28},{"not_picked":["Streamline","Barrage"],"picked":"Ball Lightning","floor":29},{"not_picked":["Darkness","Beam Cell","Biased Cognition"],"picked":"Singing Bowl","floor":31},{"not_picked":["Multi-Cast","All For One"],"picked":"Reboot","floor":33},{"not_picked":["Doom and Gloom","Barrage"],"picked":"Gash","floor":34},{"not_picked":["Sunder","Recycle"],"picked":"Lockon+1","floor":35},{"not_picked":["Reprogram+1","Defragment"],"picked":"Gash+1","floor":36},{"not_picked":["Cold Snap+1","Multi-Cast"],"picked":"Glacier","floor":41},{"not_picked":["Streamline+1","Sweeping Beam+1","Redo"],"picked":"Singing Bowl","floor":42},{"not_picked":["Hologram","Barrage"],"picked":"Stack","floor":44},{"not_picked":["Glacier","Beam Cell+1","Skim+1"],"picked":"Singing Bowl","floor":45},{"not_picked":["Madness","Flash of Steel","Good Instincts"],"picked":"Singing Bowl","floor":46}],"player_experience":889839,"relics_obtained":[{"floor":6,"key":"Art of War"},{"floor":9,"key":"Lantern"},{"floor":11,"key":"Cables"},{"floor":23,"key":"The Courier"},{"floor":26,"key":"Regal Pillow"},{"floor":28,"key":"Singing Bowl"},{"floor":31,"key":"Strawberry"},{"floor":41,"key":"Ornamental Fan"},{"floor":42,"key":"Peace Pipe"},{"floor":45,"key":"StrikeDummy"}],"event_choices":[{"damage_healed":0,"gold_gain":100,"player_choice":"Pray","damage_taken":0,"max_hp_gain":0,"max_hp_loss":0,"event_name":"Golden Shrine","floor":3,"gold_loss":0},{"damage_healed":0,"gold_gain":0,"player_choice":"Got Potions","damage_taken":0,"max_hp_gain":0,"max_hp_loss":0,"event_name":"Lab","floor":7,"gold_loss":0},{"damage_healed":0,"gold_gain":0,"player_choice":"Copied","damage_taken":0,"max_hp_gain":0,"max_hp_loss":0,"event_name":"Duplicator","floor":22,"gold_loss":0,"cards_obtained":["Defragment"]},{"damage_healed":0,"gold_gain":0,"player_choice":"Max HP","damage_taken":0,"max_hp_gain":0,"max_hp_loss":5,"event_name":"Winding Halls","floor":37,"gold_loss":0},{"damage_healed":0,"gold_gain":0,"player_choice":"Fight","damage_taken":0,"max_hp_gain":0,"max_hp_loss":0,"event_name":"MindBloom","floor":42,"gold_loss":0},{"damage_healed":0,"gold_gain":0,"player_choice":"Memory 1","damage_taken":0,"max_hp_gain":0,"max_hp_loss":0,"event_name":"SensoryStone","floor":46,"gold_loss":0},{"damage_healed":0,"gold_gain":0,"player_choice":"Fight","damage_taken":0,"max_hp_gain":0,"max_hp_loss":0,"event_name":"Mysterious Sphere","floor":47,"gold_loss":0}],"is_beta":false,"boss_relics":[{"not_picked":["Snecko Eye","Nuclear Battery"],"picked":"Ectoplasm"},{"not_picked":["SacredBark","Runic Dome"],"picked":"Tiny House"}],"items_purged_floors":[],"is_endless":false,"potions_floor_spawned":[8,13,14,16,20,23,28,31,35,36,41],"killed_by":"2 Orb Walkers","ascension_level":1}}