{"host":"rlwsj8oje50c4na7","time":1612863167,"event":{"mods":["2.2 Compatiblity","Act Like it!","Arknights","Aspiration","BaseMod","Beaked The Cultist","Bestiary","Better Altar","Better Match","Better Note","Better Sensory Stone","Better Skull","Better Third Choice","Better Vampires","BetterRewards","Bossed Relics","Colored Map","Colored Powertips","Conspire","Defuse TimeMaze Blight","Energized Spire","Friendly Minions","Gensokyo","GifTheSpireLib","GungeonMod","Halation","Hallownest","Hermit","Highlight Path","Hubris","Infinite Spire","Ironclad Rager","Jedi Mod","JesterMod","Jorbs\u0027s Wanderer Trilogy","Mad Scientist","Minty Spire (QoL Compilation)","Pale of the Ancients","Quick Restart","Random Character Button","Relic Filter","Relic Stats","Reliquary","Reorder Act Four","Replay The Spire","Retaliation","Shade Mod","Shop Mod","Spicy Shops","StSLib","Stuff the Spire","The Administrix","The Blackbeard","The Bladedancer","The Blue Laboratory","The Bug Knight","The Construct","The Cursed","The Disciple","The Exalted","The Hierophant","The IronCluck","The Judge","The Kombatant","The Marked","The Mystic","The Necromancer","The Runesmith","The Servant 0.9.4","TheSwordswoman","Waifu the Spire","everything is the same but u backflip on backflip","slay the spire mod where everything is the same but ironclad has a cowboy hat"],"gold_per_floor":[115,131,20,20,30,65,78,78,101,144,167,167,167,167],"floor_reached":13,"language":"ENG","playtime":1113,"items_purged":["Defend_Br"],"score":120,"play_id":"1bff230e-9662-4523-a7da-a9976f263d52","local_time":"20210209113246","is_ascension_mode":false,"campfire_choices":[{"floor":12.0,"key":"REST"}],"circlet_count":0,"master_deck":["Strike_Br+1","Strike_Br+1","Strike_Br+1","Strike_Br+1","Defend_Br","Defend_Br","Defend_Br","SecondHand","PatternShift","HandsUpB","AlternateTimeline","PrimeTime+1","Echoward","LockedScales","HandsUpC","Backlash","BlueShift"],"relics":["Chronometer","NeowsBlessing","halation:AfternoonTea","CeramicFish","DemoMod:GlassGuonStoneRelic","Replay:Bottled Eggs"],"acts_visited":["Exordium"],"potions_floor_usage":[13],"damage_taken":[{"damage":0.0,"enemies":"Cultist","floor":1.0,"turns":1.0},{"damage":0.0,"enemies":"2 Louse","floor":2.0,"turns":1.0},{"damage":0.0,"enemies":"Small Slimes","floor":5.0,"turns":2.0},{"damage":0.0,"enemies":"Lagavulin","floor":6.0,"turns":5.0},{"damage":0.0,"enemies":"Blue Slaver","floor":7.0,"turns":3.0},{"damage":49.0,"enemies":"Gremlin Nob","floor":10.0,"turns":5.0},{"damage":0.0,"enemies":"2 Fungi Beasts","floor":11.0,"turns":1.0},{"damage":0,"enemies":"3 Sentries","floor":13,"turns":3}],"seed_played":"8742502943056603240","potions_obtained":[{"floor":1.0,"key":"Explosive Potion"},{"floor":2.0,"key":"blueLaboratory:HorrorPotion"},{"floor":10.0,"key":"PowerPotion"}],"is_trial":false,"path_per_floor":["M","M","$","?","M","E","M","?","T","E","M","R","E"],"character_chosen":"CHRONO_CLASS","items_purchased":["PrimeTime"],"campfire_rested":1,"item_purchase_floors":[3],"current_hp_per_floor":[65,65,65,65,65,65,65,65,65,16,16,35,44,44],"gold":167,"neow_bonus":"THREE_ENEMY_KILL","is_daily":false,"chose_seed":false,"campfire_upgraded":0,"win_rate":0.0,"timestamp":1612863166,"path_taken":["M","?","$","?","M","E","?","?","T","E","M","R","E"],"items_purchased_type":["Card"],"build_version":"2020-12-22","purchased_purges":1,"victory":false,"max_hp_per_floor":[65,65,65,65,65,65,65,65,65,65,65,65,65,65],"relic_stats":{"counters":[8,20],"CeramicFish":18,"obtain_stats":[{"NeowsBlessing":0,"Chronometer":0,"CeramicFish":9,"DemoMod:GlassGuonStoneRelic":1,"halation:AfternoonTea":6,"Replay:Bottled Eggs":10},{"NeowsBlessing":0,"Chronometer":0,"CeramicFish":5,"DemoMod:GlassGuonStoneRelic":1,"halation:AfternoonTea":4,"Replay:Bottled Eggs":6},{"NeowsBlessing":0,"Chronometer":0,"CeramicFish":11,"DemoMod:GlassGuonStoneRelic":1,"halation:AfternoonTea":8,"Replay:Bottled Eggs":16}]},"card_choices":[{"not_picked":["Facsimile","LockedAnchor"],"picked":"HandsUpB","floor":1.0},{"not_picked":["LockedUrn","CrunchTime"],"picked":"AlternateTimeline","floor":2.0},{"not_picked":["LockedAnchor","LockedTurtyl"],"picked":"Echoward","floor":5.0},{"not_picked":["Parity","PrimeTime"],"picked":"LockedScales","floor":6.0},{"not_picked":["WatchCommand","LockedBlood"],"picked":"HandsUpC","floor":7.0},{"not_picked":["Analog","DaylightSavings"],"picked":"Backlash","floor":10.0},{"not_picked":["BiteCommand","ExoVibe"],"picked":"BlueShift","floor":11.0}],"player_experience":1069711,"relics_obtained":[{"floor":6.0,"key":"halation:AfternoonTea"},{"floor":9.0,"key":"CeramicFish"},{"floor":10.0,"key":"Replay:Bottled Eggs"}],"event_choices":[{"damage_healed":0.0,"max_hp_gain":0.0,"max_hp_loss":0.0,"gold_gain":0.0,"event_name":"Accursed Blacksmith","player_choice":"Forge","floor":4.0,"gold_loss":0.0,"damage_taken":0.0,"cards_upgraded":["PrimeTime"]}],"is_beta":false,"boss_relics":[],"items_purged_floors":[3],"is_endless":false,"potions_floor_spawned":[1,2,10],"killed_by":"3 Sentries","ascension_level":0}}