{"host":"uv5ws9rdk87e8i5k","time":1612885424,"event":{"mods":["AchievementEnabler","BaseMod","Colored Map","Minty Spire (QoL Compilation)","Permanent Neow","Quick Restart","StSLib","SuperFastMode","The Necromancer"],"gold_per_floor":[112,123,123,138,148,177,188,188,188,188,207,217,16,0,0,0,0],"floor_reached":16,"language":"ENG","playtime":260,"items_purged":["Strike_R"],"score":151,"play_id":"aeab957f-607c-4415-8705-042cbc7213b8","local_time":"20210209094344","is_ascension_mode":true,"campfire_choices":[{"data":"Demon Form","floor":8,"key":"SMITH"},{"data":"Uppercut","floor":15,"key":"SMITH"}],"circlet_count":0,"master_deck":["Strike_R","Strike_R","Strike_R","Strike_R","Defend_R","Defend_R","Defend_R","Defend_R","Bash","Seeing Red","Iron Wave","Twin Strike","Hemokinesis","Demon Form+1","Uppercut+1","Shockwave"],"relics":["Coffee Dripper","Art of War","Potion Belt","Bronze Scales","Mummified Hand"],"acts_visited":["Exordium"],"potions_floor_usage":[6,12,16,16],"damage_taken":[{"damage":7,"enemies":"Jaw Worm","floor":1,"turns":3},{"damage":0,"enemies":"Small Slimes","floor":2,"turns":3},{"damage":2,"enemies":"2 Louse","floor":4,"turns":3},{"damage":9,"enemies":"2 Fungi Beasts","floor":5,"turns":4},{"damage":19,"enemies":"3 Sentries","floor":6,"turns":7},{"damage":2,"enemies":"Red Slaver","floor":7,"turns":2},{"damage":6,"enemies":"Looter","floor":11,"turns":2},{"damage":0,"enemies":"2 Fungi Beasts","floor":12,"turns":2},{"damage":3,"enemies":"Hexaghost","floor":16,"turns":4}],"seed_played":"6985731280136895091","potions_obtained":[{"floor":1,"key":"SteroidPotion"},{"floor":5,"key":"Fire Potion"}],"is_trial":false,"path_per_floor":["M","M","?","M","M","E","M","R","T","T","M","M","$","?","R","B"],"character_chosen":"IRONCLAD","items_purchased":["DuplicationPotion","Dexterity Potion"],"campfire_rested":0,"item_purchase_floors":[13,13],"current_hp_per_floor":[65,65,40,38,29,10,8,8,8,8,2,2,2,2,2,0,0],"gold":0,"neow_bonus":"BOSS_RELIC","is_daily":false,"chose_seed":false,"campfire_upgraded":2,"win_rate":0.0,"timestamp":1612885424,"path_taken":["M","M","?","M","M","E","M","R","T","?","M","M","$","?","R","BOSS"],"items_purchased_type":["Potion","Potion"],"build_version":"2020-12-22","purchased_purges":1,"victory":false,"max_hp_per_floor":[80,80,80,80,80,80,80,80,80,80,80,80,80,80,80,80,80],"card_choices":[{"not_picked":["Clash","Headbutt"],"picked":"Seeing Red","floor":1},{"not_picked":["Perfected Strike","Sword Boomerang"],"picked":"Iron Wave","floor":2},{"not_picked":["Havoc","Warcry"],"picked":"Twin Strike","floor":4},{"not_picked":["Anger","Blood for Blood"],"picked":"Hemokinesis","floor":5},{"not_picked":["Havoc","Heavy Blade"],"picked":"Demon Form","floor":6},{"not_picked":["Flex","Clothesline"],"picked":"Uppercut","floor":7},{"not_picked":["Twin Strike","Cleave"],"picked":"Shockwave","floor":11},{"not_picked":["Flex","Second Wind","Feel No Pain"],"picked":"SKIP","floor":12}],"player_experience":284373,"relics_obtained":[{"floor":6,"key":"Potion Belt"},{"floor":9,"key":"Bronze Scales"},{"floor":10,"key":"Mummified Hand"}],"event_choices":[{"damage_healed":0,"gold_gain":0,"player_choice":"Success","damage_taken":25,"relics_obtained":["Art of War"],"max_hp_gain":0,"max_hp_loss":0,"event_name":"Scrap Ooze","floor":3,"gold_loss":0},{"damage_healed":0,"gold_gain":0,"player_choice":"Left Gold","damage_taken":0,"max_hp_gain":0,"max_hp_loss":0,"event_name":"World of Goop","floor":14,"gold_loss":16}],"is_beta":false,"boss_relics":[],"items_purged_floors":[13],"is_endless":false,"potions_floor_spawned":[1,5],"killed_by":"Hexaghost","ascension_level":9}}