{"host":"6p0attdrtjqaih7v","time":1612892251,"event":{"mods":["2.2 Compatiblity","AchievementEnabler","Bard","BaseMod","Better Skull","Better Third Choice","Colored Powertips","Hermit","Highlight Path","Key Reminder","Minty Spire (QoL Compilation)","Permanent Neow","Quick Restart","Random Character Button","Relic Stats","Reliquary","Replay The Spire","Robot Space Explorer","StSLib","The Hayseed","The Witch"],"gold_per_floor":[119,119,129,143,155,155,185,185,185,185,185,204,44,62,62,136,136,151,166,219,31,31,31,31,31,31,48,89,89,103,129,129,203,203,220,20,39,39,39,70,70,70,138,138,168,168,184,184,184,184,184],"floor_reached":52,"language":"ENG","playtime":4920,"items_purged":["Strike_G","Strike_G","Strike_G"],"score":1942,"play_id":"79d4f8dd-5995-4d78-86f3-dd10ff13751c","local_time":"20210209123731","is_ascension_mode":true,"campfire_choices":[{"floor":6.0,"key":"REST"},{"data":"Poison Darts","floor":8.0,"key":"SMITH"},{"data":"Well Laid Plans","floor":10.0,"key":"SMITH"},{"data":"Caltrops","floor":15.0,"key":"SMITH"},{"floor":23.0,"key":"REST"},{"data":"ReplayTheSpireMod:Scrap Shanks","floor":25.0,"key":"SMITH"},{"data":"Wraith Form v2","floor":32.0,"key":"SMITH"},{"data":"Finisher","floor":42.0,"key":"SMITH"},{"data":"Phantasmal Killer","floor":44.0,"key":"SMITH"},{"data":"Survivor","floor":46,"key":"SMITH"},{"floor":49,"key":"REST"}],"circlet_count":0,"master_deck":["AscendersBane","Strike_G","Strike_G","Defend_G","Defend_G","Defend_G","Defend_G","Defend_G","Survivor+1","Neutralize+1","Flying Knee+1","Dagger Throw","Well Laid Plans+1","Dagger Throw","Poison Darts+1","Eviscerate","ReplayTheSpireMod:Scrap Shanks+1","Caltrops+1","Phantasmal Killer+1","Finisher+1","Crippling Poison+1","Noxious Fumes","CommonCold","Wraith Form v2+1","Unload","Accuracy","Accuracy"],"relics":["Ring of the Snake","TheSimpletonMod:PicklingJar","Sundial","Snecko Scales","Potion Belt","Gremlin Horn","ReplayTheSpireMod:CursedCoin","Divine Protection","Sozu","Blue Doll","keyreminder:keyreminder","Girya"],"acts_visited":["Exordium","TheCity","TheBeyond"],"potions_floor_usage":[45,50,51,51],"damage_taken":[{"damage":2.0,"enemies":"Jaw Worm","floor":1.0,"turns":7.0},{"damage":0.0,"enemies":"2 Louse","floor":3.0,"turns":2.0},{"damage":4.0,"enemies":"Cultist","floor":4.0,"turns":3.0},{"damage":22.0,"enemies":"Exordium Thugs","floor":5.0,"turns":7.0},{"damage":17.0,"enemies":"3 Sentries","floor":7.0,"turns":9.0},{"damage":0.0,"enemies":"Large Slime","floor":12.0,"turns":4.0},{"damage":11.0,"enemies":"Lots of Slimes","floor":14.0,"turns":4.0},{"damage":10.0,"enemies":"Hexaghost","floor":16.0,"turns":8.0},{"damage":12.0,"enemies":"Shell Parasite","floor":18.0,"turns":5.0},{"damage":0.0,"enemies":"Chosen","floor":19.0,"turns":2.0},{"damage":0.0,"enemies":"Sentry and Sphere","floor":27.0,"turns":3.0},{"damage":0.0,"enemies":"Slavers","floor":29.0,"turns":1.0},{"damage":7.0,"enemies":"Chosen and Byrds","floor":30.0,"turns":4.0},{"damage":7.0,"enemies":"Replay:Snechameleon","floor":31.0,"turns":5.0},{"damage":25.0,"enemies":"Champ","floor":33.0,"turns":9.0},{"damage":0.0,"enemies":"Orb Walker","floor":35.0,"turns":3.0},{"damage":0.0,"enemies":"3 Shapes","floor":37.0,"turns":3.0},{"damage":1.0,"enemies":"Giant Head","floor":40.0,"turns":3.0},{"damage":0,"enemies":"Reptomancer","floor":45,"turns":3},{"damage":24,"enemies":"Writhing Mass","floor":47,"turns":3},{"damage":20,"enemies":"Awakened One","floor":50,"turns":9},{"damage":0,"enemies":"Donu and Deca","floor":51,"turns":6}],"seed_played":"9002070407165718336","potions_obtained":[{"floor":1.0,"key":"Weak Potion"},{"floor":3.0,"key":"Milkshake"},{"floor":5.0,"key":"SteroidPotion"},{"floor":14.0,"key":"Cursed Concoction"},{"floor":24.0,"key":"SmokeBomb"},{"floor":24.0,"key":"GamblersBrew"},{"floor":30.0,"key":"Adrenaline Potion"},{"floor":31.0,"key":"Weak Potion"},{"floor":33.0,"key":"Adrenaline Potion"}],"is_trial":false,"path_per_floor":["M","?","M","M","M","R","E","R","T","R","?","M","$","M","R","B",null,"M","M","T","$","?","R","?","R","T","M","$","E","M","E","R","B",null,"M","$","M","?","?","E","$","R","T","R","E","R","M","?","R","B","B",null],"character_chosen":"THE_SILENT","items_purchased":["ReplayTheSpireMod:Scrap Shanks","Noxious Fumes","ReplayTheSpireMod:CursedCoin","GhostInAJar","Accuracy"],"campfire_rested":3,"item_purchase_floors":[13,21,28,28,36],"current_hp_per_floor":[57,57,57,53,31,50,33,33,33,33,33,33,33,22,22,12,53,41,41,41,41,23,44,44,44,44,44,44,44,37,30,30,5,55,55,55,55,55,55,54,54,54,54,54,54,54,30,30,50,30,30],"gold":184,"neow_bonus":"THREE_CARDS","is_daily":false,"chose_seed":false,"campfire_upgraded":8,"win_rate":0.0,"timestamp":1612892251,"path_taken":["M","?","M","M","M","R","E","R","T","R","?","M","$","M","R","BOSS","M","M","?","$","?","R","?","R","T","M","$","E","M","E","R","BOSS","M","?","M","?","?","E","$","R","T","R","E","R","M","?","R","BOSS","BOSS"],"items_purchased_type":["Card","Card","Relic","Potion","Card"],"build_version":"2020-12-22","purchased_purges":3,"victory":true,"max_hp_per_floor":[66,66,66,66,66,66,66,66,66,66,66,66,66,66,66,66,66,66,66,66,66,71,71,71,71,71,71,71,71,71,71,71,71,71,71,71,71,67,67,67,67,67,67,67,67,67,67,67,67,67,67],"relic_stats":{"Sozu":3,"Gremlin Horn":[13,13],"counters":[22,103],"Sundial":[14],"obtain_stats":[{"Potion Belt":20,"Sozu":34,"keyreminder:keyreminder":43,"Divine Protection":31,"Girya":45,"Snecko Scales":17,"Gremlin Horn":26,"Sundial":9,"ReplayTheSpireMod:CursedCoin":28,"Blue Doll":40,"Ring of the Snake":0,"TheSimpletonMod:PicklingJar":7},{"Potion Belt":10,"Sozu":15,"keyreminder:keyreminder":18,"Divine Protection":14,"Girya":19,"Snecko Scales":8,"Gremlin Horn":10,"Sundial":5,"ReplayTheSpireMod:CursedCoin":11,"Blue Doll":18,"Ring of the Snake":0,"TheSimpletonMod:PicklingJar":5},{"Potion Belt":51,"Sozu":73,"keyreminder:keyreminder":82,"Divine Protection":64,"Girya":85,"Snecko Scales":44,"Gremlin Horn":51,"Sundial":28,"ReplayTheSpireMod:CursedCoin":54,"Blue Doll":82,"Ring of the Snake":0,"TheSimpletonMod:PicklingJar":28}],"Ring of the Snake":[44]},"card_choices":[{"not_picked":["Calculated Gamble","Prepared"],"picked":"Flying Knee","floor":0.0},{"not_picked":["Setup","Underhanded Strike","Slice"],"picked":"SKIP","floor":1.0},{"not_picked":["Flying Knee","Tactician"],"picked":"Dagger Throw","floor":3.0},{"not_picked":["Outmaneuver","Setup"],"picked":"Well Laid Plans","floor":4.0},{"not_picked":["ReplayTheSpireMod:Speed Training","Underhanded Strike"],"picked":"Dagger Throw","floor":5.0},{"not_picked":["Dagger Spray","ReplayTheSpireMod:Speed Training"],"picked":"Poison Darts","floor":7.0},{"not_picked":["Underhanded Strike","Slice"],"picked":"Eviscerate","floor":12.0},{"not_picked":["Sneak Up","Heel Hook"],"picked":"Caltrops","floor":14.0},{"not_picked":["Poison Darts","Glass Knife"],"picked":"Phantasmal Killer","floor":16.0},{"not_picked":["Cloak And Dagger","Dagger Spray"],"picked":"Finisher","floor":18.0},{"not_picked":["Caltrops","Sucker Punch"],"picked":"Crippling Poison+1","floor":19.0},{"not_picked":["Acrobatics","Quick Slash"],"picked":"Bouncing Flask","floor":27.0},{"not_picked":["Prepared","Quick Slash"],"picked":"Wraith Form v2","floor":30.0},{"not_picked":["Slice+1","Dagger Throw+1","Choke"],"picked":"SKIP","floor":31.0},{"not_picked":["Glass Knife","Poison Darts"],"picked":"Unload","floor":33.0},{"not_picked":["Prepared","Well Laid Plans","Cloak And Dagger"],"picked":"SKIP","floor":35.0},{"not_picked":["Tactician+1","ReplayTheSpireMod:Scrap Shanks","Riddle With Holes"],"picked":"SKIP","floor":37.0},{"not_picked":["Unload","Bouncing Flask+1"],"picked":"Accuracy","floor":40.0},{"not_picked":["Cloak And Dagger","Dagger Throw","Blade Dance"],"picked":"SKIP","floor":45},{"not_picked":["Slice+1","ReplayTheSpireMod:Exploit Weakness","Flechettes"],"picked":"SKIP","floor":47}],"player_experience":1092220,"relics_obtained":[{"floor":7.0,"key":"TheSimpletonMod:PicklingJar"},{"floor":9.0,"key":"Sundial"},{"floor":20.0,"key":"Potion Belt"},{"floor":26.0,"key":"Gremlin Horn"},{"floor":31.0,"key":"Divine Protection"},{"floor":40.0,"key":"Blue Doll"},{"floor":45,"key":"Girya"}],"event_choices":[{"damage_healed":0.0,"max_hp_gain":0.0,"max_hp_loss":0.0,"gold_gain":0.0,"event_name":"Living Wall","player_choice":"Grow","floor":2.0,"gold_loss":0.0,"damage_taken":0.0,"cards_upgraded":["Neutralize"]},{"damage_healed":0.0,"max_hp_gain":0.0,"max_hp_loss":0.0,"gold_gain":0.0,"event_name":"Upgrade Shrine","player_choice":"Upgraded","floor":11.0,"gold_loss":0.0,"damage_taken":0.0,"cards_upgraded":["Flying Knee"]},{"damage_healed":0.0,"max_hp_gain":5.0,"max_hp_loss":0.0,"gold_gain":0.0,"event_name":"Forgotten Altar","player_choice":"Shed Blood","floor":22.0,"gold_loss":0.0,"damage_taken":23.0},{"damage_healed":0.0,"max_hp_gain":0.0,"max_hp_loss":0.0,"gold_gain":0.0,"event_name":"Lab","player_choice":"Got Potions","floor":24.0,"gold_loss":0.0,"damage_taken":0.0},{"damage_healed":0.0,"max_hp_gain":0.0,"max_hp_loss":4.0,"gold_gain":0.0,"event_name":"Winding Halls","player_choice":"Max HP","floor":38.0,"gold_loss":0.0,"damage_taken":0.0},{"cards_removed":["Bouncing Flask"],"damage_healed":0.0,"max_hp_gain":0.0,"max_hp_loss":0.0,"gold_gain":0.0,"event_name":"Falling","player_choice":"Removed Skill","floor":39.0,"gold_loss":0.0,"damage_taken":0.0},{"damage_healed":0,"gold_gain":0,"player_choice":"Ignored","damage_taken":0,"max_hp_gain":0,"max_hp_loss":0,"event_name":"Mysterious Sphere","floor":48,"gold_loss":0}],"is_beta":false,"boss_relics":[{"not_picked":["Kintsugi","ChewingGum"],"picked":"Snecko Scales"},{"not_picked":["reliquary:RedCape","reliquary:WritOfMandamus"],"picked":"Sozu"}],"items_purged_floors":[13,21,36],"is_endless":false,"potions_floor_spawned":[1,3,5,14,18,30,31,33,35,37,45],"ascension_level":20}}