{"host":"yml0ux6c8lqydjlc","time":1612844422,"event":{"mods":["Aspiration","BaseMod","Conspire","Downfall","Hermit","Jedi Mod","Minty Spire (QoL Compilation)","Robot Space Explorer","StSLib"],"gold_per_floor":[111,129,149,115,28,28,45,61,114,114,114,114],"floor_reached":11,"language":"ENG","playtime":723,"items_purged":[],"score":67,"play_id":"27e704db-3c8e-4cec-9d1c-7bc12ff5fad4","local_time":"20210208232022","is_ascension_mode":false,"campfire_choices":[{"data":"conspire:Banana","floor":6,"key":"SMITH"},{"data":"Anger","floor":10,"key":"SMITH"}],"circlet_count":0,"master_deck":["Strike_R","Strike_R","Strike_R","Strike_R","Strike_R","Defend_R","Defend_R","Defend_R","Defend_R","Bash","Double Tap","jedi:fear","Armaments","Shrug It Off","Anger+1","conspire:Banana+1","Clothesline","Armaments"],"relics":["Burning Blood","Orichalcum"],"acts_visited":["Exordium"],"potions_floor_usage":[4,4,7],"damage_taken":[{"damage":5,"enemies":"Cultist","floor":1,"turns":4},{"damage":14,"enemies":"conspire:RoseBush","floor":2,"turns":3},{"damage":7,"enemies":"Small Slimes","floor":3,"turns":3},{"damage":9,"enemies":"Exordium Thugs","floor":4,"turns":5},{"damage":10,"enemies":"Looter","floor":7,"turns":2},{"damage":4,"enemies":"Exordium Wildlife","floor":8,"turns":5},{"damage":82,"enemies":"Gremlin Nob","floor":11,"turns":6}],"seed_played":"6795688107980741747","potions_obtained":[{"floor":1,"key":"LiquidBronze"},{"floor":2,"key":"LiquidMemories"},{"floor":4,"key":"AttackPotion"}],"is_trial":false,"path_per_floor":["M","M","M","M","$","R","M","M","T","R","E"],"character_chosen":"IRONCLAD","items_purchased":["conspire:Banana"],"campfire_rested":0,"item_purchase_floors":[5],"current_hp_per_floor":[80,72,71,68,68,68,64,68,68,68,0,0],"gold":114,"neow_bonus":"ONE_RANDOM_RARE_CARD","is_daily":false,"chose_seed":false,"campfire_upgraded":2,"win_rate":0.0,"timestamp":1612844422,"path_taken":["M","M","?","M","$","R","M","M","T","R","E"],"items_purchased_type":["Card"],"build_version":"2020-12-22","purchased_purges":0,"victory":false,"max_hp_per_floor":[80,80,80,80,80,80,80,82,82,82,84,84],"card_choices":[{"not_picked":["Sword Boomerang","Shockwave"],"picked":"jedi:fear","floor":1},{"not_picked":["Heavy Blade","Body Slam"],"picked":"Armaments","floor":2},{"not_picked":["Warcry","Thunderclap"],"picked":"Shrug It Off","floor":3},{"not_picked":["Armaments","Heavy Blade"],"picked":"Anger","floor":4},{"not_picked":["jedi:MakeshiftSword","conspire:Purge"],"picked":"Clothesline","floor":7},{"not_picked":["Sword Boomerang","Twin Strike"],"picked":"Armaments","floor":8}],"player_experience":30758,"relics_obtained":[{"floor":9,"key":"Orichalcum"}],"event_choices":[],"is_beta":false,"boss_relics":[],"items_purged_floors":[],"is_endless":false,"potions_floor_spawned":[1,2,4],"killed_by":"Gremlin Nob","ascension_level":0}}