{"host":"qgvpd00zvzorrg7j","time":1612841636,"event":{"mods":["BaseMod","Colored Map","Downfall","Minty Spire (QoL Compilation)","Quick Restart","StSLib"],"gold_per_floor":[99,24,24,24,24,24,24,24,50,50,35,35,46,66,76,176,176,76,87,98,83,83,83,83,94,94,94,117,397,397,407,421,517,517,517,531,546,562,562,26,53,53,67,85,105,55,55,105,119,119,119,119],"floor_reached":50,"language":"ENG","playtime":2382,"items_purged":["bronze:Defend","bronze:Strike","bronze:Defend"],"score":455,"play_id":"00910fbe-f618-46ea-ab95-8e6f4ed11bfe","local_time":"20210208223356","is_ascension_mode":false,"campfire_choices":[{"data":"bronze:Goto","floor":1.0,"key":"SMITH"},{"data":"bronze:Replicate","floor":6.0,"key":"SMITH"},{"data":"bronze:Iterate","floor":12.0,"key":"SMITH"},{"data":"bronze:SpaghettiCode","floor":18.0,"key":"SMITH"},{"data":"bronze:BronzeOrb","floor":26.0,"key":"SMITH"},{"data":"bronze:BronzeOrb","floor":30.0,"key":"SMITH"},{"data":"bronze:Boost","floor":35.0,"key":"SMITH"},{"data":"bronze:Goto","floor":47.0,"key":"SMITH"}],"circlet_count":0,"master_deck":["bronze:Strike+1","bronze:Defend+1","bronze:Replicate+1","bronze:Goto+1","bronze:DelayedSlice+1","bronze:Iterate+1","bronze:Boost+1","bronze:CutThrough","bronze:WhirlingStrike","bronze:Boost","bronze:SpaghettiCode+1","bronze:WhirlingStrike","bronze:BronzeOrb+1","bronze:BronzeOrb+1","bronze:Constructor+1","bronze:BronzeOrb+1","bronze:Flail+1","bronze:Goto+1","bronze:CutThrough+1"],"relics":["bronze:BronzeCore","downfall:HeartsMalice","Odd Mushroom","Sozu","downfall:HeartBlessingBlue","Anchor","Smiling Mask","Empty Cage","Dead Branch","Calipers","Kunai","Omamori","Du-Vu Doll"],"acts_visited":["Exordium","TheCity","TheBeyond"],"potions_floor_usage":[],"damage_taken":[{"damage":0.0,"enemies":"downfall:FleeingMerchant","floor":2.0,"turns":1.0},{"damage":0.0,"enemies":"2 Louse","floor":3.0,"turns":1.0},{"damage":0.0,"enemies":"Small Slimes","floor":5.0,"turns":1.0},{"damage":13.0,"enemies":"The Mushroom Lair","floor":9.0,"turns":5.0},{"damage":4.0,"enemies":"downfall:FleeingMerchant","floor":11.0,"turns":4.0},{"damage":11.0,"enemies":"Jaw Worm","floor":13.0,"turns":2.0},{"damage":0.0,"enemies":"Large Slime","floor":14.0,"turns":3.0},{"damage":0.0,"enemies":"Lots of Slimes","floor":15.0,"turns":1.0},{"damage":19.0,"enemies":"WA_ARCHETYPE_RETAIN","floor":16.0,"turns":5.0},{"damage":10.0,"enemies":"3 Byrds","floor":19.0,"turns":3.0},{"damage":2.0,"enemies":"Cultist and Chosen","floor":20.0,"turns":4.0},{"damage":0.0,"enemies":"downfall:FleeingMerchant","floor":21.0,"turns":4.0},{"damage":0.0,"enemies":"Shelled Parasite and Fungi","floor":25.0,"turns":3.0},{"damage":12.0,"enemies":"downfall:FleeingMerchant","floor":29.0,"turns":3.0},{"damage":0.0,"enemies":"Snecko","floor":31.0,"turns":4.0},{"damage":21.0,"enemies":"Snake Plant","floor":32.0,"turns":3.0},{"damage":21.0,"enemies":"DF_ARCHETYPE_CLAW","floor":33.0,"turns":7.0},{"damage":2.0,"enemies":"Orb Walker","floor":36.0,"turns":3.0},{"damage":0.0,"enemies":"3 Darklings","floor":37.0,"turns":6.0},{"damage":28.0,"enemies":"Spire Growth","floor":38.0,"turns":4.0},{"damage":0.0,"enemies":"Writhing Mass","floor":43.0,"turns":6.0},{"damage":4.0,"enemies":"3 Darklings","floor":44.0,"turns":4.0},{"damage":0.0,"enemies":"Spire Growth","floor":45.0,"turns":4.0},{"damage":0.0,"enemies":"Spire Growth","floor":48.0,"turns":5.0},{"damage":10.0,"enemies":"Jaw Worm Horde","floor":49.0,"turns":3.0},{"damage":55,"enemies":"SI_POISON_ARCHETYPE","floor":50,"turns":4}],"seed_played":"-181027588711491113","potions_obtained":[{"floor":9.0,"key":"bronze:CleanCodePotion"},{"floor":13.0,"key":"Ancient Potion"},{"floor":14.0,"key":"SkillPotion"},{"floor":16.0,"key":"Strength Potion"}],"is_trial":false,"path_per_floor":["R","$","M","?","M","R","T","?","?","?","$","R","M","M","M","B",null,"R","M","M","$","?","?","T","M","R","?","T","$","R","M","M","B",null,"R","M","M","M","T","$","T","?","M","M","M","$","R","?","M","B"],"character_chosen":"THE_AUTOMATON","items_purchased":["Calipers","Kunai"],"campfire_rested":0,"item_purchase_floors":[40,40],"current_hp_per_floor":[70,70,70,70,70,70,70,75,62,62,58,58,47,47,47,28,75,85,75,73,73,73,73,73,73,73,73,73,61,61,61,40,19,85,85,83,83,55,55,55,55,55,55,51,51,51,51,51,41,0,0,0],"gold":119,"neow_bonus":"THREE_ENEMY_KILL","is_daily":false,"chose_seed":false,"campfire_upgraded":8,"win_rate":0.0,"timestamp":1612841636,"path_taken":["R","$","M","?","M","R","T","?","?","?","$","R","M","M","M","BOSS","R","M","M","$","?","?","T","?","R","?","?","$","R","M","M","BOSS","R","M","M","M","?","?","T","?","?","M","M","$","R","?","M","BOSS"],"items_purchased_type":["Relic","Relic"],"build_version":"2020-12-22","purchased_purges":3,"victory":false,"max_hp_per_floor":[70,70,70,70,70,70,70,75,75,75,75,75,75,75,75,75,75,85,85,85,85,85,85,85,85,85,85,85,85,85,85,85,85,85,85,85,85,85,85,85,85,85,85,85,85,85,85,85,85,85,85,85],"card_choices":[{"not_picked":["bronze:Shield","bronze:FineTuning","bronze:BitShift"],"picked":"SKIP","floor":2.0},{"not_picked":["bronze:CutThrough","bronze:GetLatest"],"picked":"bronze:DelayedSlice","floor":3.0},{"not_picked":["bronze:OilSpill","bronze:Turbo","bronze:Optimize"],"picked":"SKIP","floor":5.0},{"not_picked":["bronze:Overheat","bronze:Invalidate"],"picked":"bronze:Iterate","floor":9.0},{"not_picked":["bronze:BugBarrage","bronze:ForceShield"],"picked":"bronze:Boost","floor":11.0},{"not_picked":["bronze:NullPointer","bronze:Constructor"],"picked":"bronze:CutThrough","floor":13.0},{"not_picked":["bronze:Deprecate","bronze:ThunderWave"],"picked":"bronze:WhirlingStrike","floor":14.0},{"not_picked":["bronze:Return","bronze:DelayedSlice"],"picked":"bronze:Boost","floor":15.0},{"not_picked":["bronze:RecursiveStrike","bronze:BurnOut"],"picked":"bronze:SpaghettiCode","floor":16.0},{"not_picked":["bronze:Overheat","bronze:DigitalCarnage"],"picked":"bronze:WhirlingStrike","floor":19.0},{"not_picked":["bronze:Shield+1","bronze:DelayedGuard+1"],"picked":"bronze:BronzeOrb+1","floor":20.0},{"not_picked":["bronze:NullPointer+1","bronze:WildBeam"],"picked":"bronze:BronzeOrb","floor":21.0},{"not_picked":["bronze:Iterate","bronze:BuggyMess"],"picked":"bronze:Constructor+1","floor":25.0},{"not_picked":["bronze:DigitalCarnage+1","bronze:Frontload"],"picked":"bronze:BronzeOrb","floor":29.0},{"not_picked":["bronze:BitShift","bronze:FollowUp","bronze:Shield"],"picked":"SKIP","floor":31.0},{"not_picked":["bronze:Deprecate","bronze:Backtrace+1","bronze:BuggyMess"],"picked":"SKIP","floor":32.0},{"not_picked":["bronze:FineTuning","bronze:Shield","bronze:Fortify"],"picked":"SKIP","floor":36.0},{"not_picked":["bronze:Shield","bronze:ClassDefault","bronze:NullPointer+1"],"picked":"SKIP","floor":37.0},{"not_picked":["bronze:ForLoop+1","bronze:Optimize"],"picked":"bronze:Flail+1","floor":38.0},{"not_picked":["bronze:OilSpill","bronze:BronzeArmor+1","bronze:Frontload+1"],"picked":"SKIP","floor":43.0},{"not_picked":["bronze:MaxOutput","bronze:Overheat+1","bronze:BronzeOrb"],"picked":"SKIP","floor":44.0},{"not_picked":["bronze:Shield+1","bronze:Turbo+1","bronze:Constructor"],"picked":"SKIP","floor":45.0},{"not_picked":["bronze:Return","bronze:Terminator"],"picked":"bronze:CutThrough+1","floor":48.0},{"not_picked":["bronze:Invalidate","bronze:Terminator+1","bronze:FindAndReplace"],"picked":"SKIP","floor":49.0}],"player_experience":613353,"relics_obtained":[{"floor":9.0,"key":"Odd Mushroom"},{"floor":24.0,"key":"Anchor"},{"floor":28.0,"key":"Smiling Mask"},{"floor":39.0,"key":"Dead Branch"},{"floor":41.0,"key":"Omamori"},{"floor":48.0,"key":"Du-Vu Doll"}],"event_choices":[{"cards_removed":["bronze:Strike"],"damage_healed":0.0,"max_hp_gain":0.0,"max_hp_loss":0.0,"gold_gain":0.0,"event_name":"The Cleric","player_choice":"Card Removal","floor":4.0,"gold_loss":0.0,"damage_taken":0.0},{"damage_healed":0.0,"max_hp_gain":5.0,"max_hp_loss":0.0,"gold_gain":0.0,"event_name":"Big Fish","player_choice":"Donut","floor":8.0,"gold_loss":0.0,"damage_taken":0.0},{"damage_healed":0.0,"max_hp_gain":0.0,"max_hp_loss":0.0,"gold_gain":0.0,"event_name":"Mushrooms","player_choice":"Fought Mushrooms","floor":9.0,"gold_loss":0.0,"damage_taken":0.0}],"is_beta":false,"boss_relics":[{"not_picked":["Fusion Hammer","Snecko Eye"],"picked":"Sozu"},{"not_picked":["Pandora\u0027s Box","Runic Dome"],"picked":"Empty Cage"}],"items_purged_floors":[2,29,46],"is_endless":false,"potions_floor_spawned":[9,13,14,16,19,25,32,36,37,44],"killed_by":"SI_POISON_ARCHETYPE","ascension_level":0}}