{"host":"ydg0vn0pu4pubmdt","time":1612881765,"event":{"mods":["AchievementEnabler","BaseMod","Colored Map","Gold Saver","Minty Spire (QoL Compilation)","Quick Restart","SuperFastMode"],"gold_per_floor":[788,425,425,444,404,435,435,450,450,450,460,472,487,521,521,621,621,639,655,655,332,342,376,376,408,463,476,476,30,30,30,30,133,133,153,153,170,188,239,239,266,266,342,342,354,176,201,220,220,220],"floor_reached":51,"language":"KOR","playtime":5681,"items_purged":["Strike_P","Strike_P","Defend_P","Defend_P"],"score":1567,"play_id":"cf441fbd-6dd2-44a3-9336-7dad07a62eca","local_time":"20210209234245","is_ascension_mode":true,"campfire_choices":[{"data":"Eruption","floor":7.0,"key":"SMITH"},{"data":"Vault","floor":10.0,"key":"SMITH"},{"data":"Adaptation","floor":15.0,"key":"SMITH"},{"data":"Defend_P","floor":28.0,"key":"PURGE"},{"data":"Strike_P","floor":30,"key":"PURGE"},{"floor":32,"key":"REST"},{"data":"SignatureMove","floor":40,"key":"PURGE"},{"floor":42,"key":"DIG"},{"floor":44,"key":"DIG"},{"floor":49,"key":"DIG"}],"circlet_count":0,"master_deck":["AscendersBane","Eruption+1","Vigilance","Vault+1","EmptyFist","EmptyBody","Adaptation+1","FearNoEvil+1","Indignation","MentalFortress","Master of Strategy","Fasting2"],"relics":["PureWater","NeowsBlessing","Potion Belt","Pear","The Courier","Peace Pipe","VioletLotus","OrangePellets","Happy Flower","Shovel","Incense Burner","Bag of Marbles","White Beast Statue","Runic Pyramid","Pocketwatch","Strawberry","Anchor","Bottled Flame","Juzu Bracelet","Oddly Smooth Stone","Art of War"],"acts_visited":["Exordium","TheCity","TheBeyond"],"potions_floor_usage":[],"damage_taken":[{"damage":0.0,"enemies":"Jaw Worm","floor":1.0,"turns":1.0},{"damage":0.0,"enemies":"Cultist","floor":4.0,"turns":1.0},{"damage":0.0,"enemies":"Gremlin Nob","floor":6.0,"turns":1.0},{"damage":0.0,"enemies":"Small Slimes","floor":8.0,"turns":2.0},{"damage":11.0,"enemies":"Blue Slaver","floor":11.0,"turns":4.0},{"damage":0.0,"enemies":"Gremlin Gang","floor":12.0,"turns":6.0},{"damage":0.0,"enemies":"3 Louse","floor":13.0,"turns":2.0},{"damage":3.0,"enemies":"Lagavulin","floor":14.0,"turns":6.0},{"damage":51.0,"enemies":"Hexaghost","floor":16.0,"turns":11.0},{"damage":7.0,"enemies":"Chosen","floor":18.0,"turns":4.0},{"damage":1.0,"enemies":"Spheric Guardian","floor":19.0,"turns":3.0},{"damage":0.0,"enemies":"Snecko","floor":22.0,"turns":3.0},{"damage":1.0,"enemies":"Slavers","floor":23.0,"turns":4.0},{"damage":9.0,"enemies":"Book of Stabbing","floor":25.0,"turns":3.0},{"damage":1.0,"enemies":"Shelled Parasite and Fungi","floor":27.0,"turns":5.0},{"damage":0,"enemies":"Champ","floor":33,"turns":5},{"damage":0,"enemies":"Orb Walker","floor":35,"turns":2},{"damage":0,"enemies":"3 Darklings","floor":37,"turns":3},{"damage":0,"enemies":"Sphere and 2 Shapes","floor":38,"turns":3},{"damage":0,"enemies":"2 Orb Walkers","floor":39,"turns":3},{"damage":0,"enemies":"Reptomancer","floor":41,"turns":3},{"damage":0,"enemies":"Transient","floor":45,"turns":6},{"damage":0,"enemies":"Giant Head","floor":47,"turns":2},{"damage":0,"enemies":"Jaw Worm Horde","floor":48,"turns":2},{"damage":0,"enemies":"Awakened One","floor":50,"turns":3}],"seed_played":"-3908275253194157573","potions_obtained":[{"floor":1.0,"key":"Explosive Potion"},{"floor":5.0,"key":"LiquidBronze"},{"floor":5.0,"key":"Explosive Potion"},{"floor":5.0,"key":"Block Potion"},{"floor":6.0,"key":"Regen Potion"},{"floor":8.0,"key":"EntropicBrew"},{"floor":16.0,"key":"Explosive Potion"},{"floor":18.0,"key":"Fire Potion"},{"floor":22.0,"key":"SpeedPotion"},{"floor":25.0,"key":"LiquidMemories"},{"floor":33,"key":"SkillPotion"},{"floor":47,"key":"Swift Potion"}],"is_trial":false,"path_per_floor":["M","$","?","M","?","E","R","M","T","R","M","M","M","E","R","B",null,"M","M","?","$","M","E","?","E","T","M","R","$","R","?","R","B",null,"M","?","M","M","?","R","E","R","T","R","M","$","E","M","R","B",null],"character_chosen":"WATCHER","items_purchased":["Potion Belt","Vault","OrangePellets","Happy Flower","Master of Strategy","White Beast Statue","Fasting2"],"campfire_rested":1,"item_purchase_floors":[2,2,21,21,29,29,46],"current_hp_per_floor":[65,65,58,58,58,68,68,68,68,68,57,72,72,69,69,18,66,59,58,58,58,58,57,57,48,48,47,47,47,47,31,57,57,80,80,80,80,80,80,80,87,87,87,87,87,87,87,87,87,87],"gold":220,"neow_bonus":"THREE_ENEMY_KILL","is_daily":false,"chose_seed":false,"campfire_upgraded":3,"win_rate":0.0,"timestamp":1612881765,"path_taken":["M","$","?","M","?","E","R","M","T","R","?","M","M","E","R","BOSS","M","M","?","$","?","E","?","E","T","M","R","$","R","?","R","BOSS","M","?","?","M","?","R","E","R","T","R","M","$","E","M","R","BOSS"],"items_purchased_type":["Relic","Card","Relic","Relic","Card","Relic","Card"],"build_version":"2020-12-22","purchased_purges":4,"victory":true,"max_hp_per_floor":[72,72,72,72,72,82,82,82,82,82,82,82,82,82,82,82,82,82,82,82,82,82,82,82,82,82,82,82,82,82,87,87,87,87,87,87,87,87,87,87,94,94,94,94,94,94,94,94,94,94],"card_choices":[{"not_picked":["SashWhip","FlyingSleeves"],"picked":"SignatureMove","floor":1.0},{"not_picked":["CrushJoints","ThirdEye","BattleHymn"],"picked":"SKIP","floor":4.0},{"not_picked":["BowlingBash","CrushJoints"],"picked":"EmptyFist","floor":6.0},{"not_picked":["FollowUp","Conclude"],"picked":"EmptyBody","floor":8.0},{"not_picked":["Prostrate","CrushJoints","Devotion"],"picked":"SKIP","floor":11.0},{"not_picked":["Perseverance","SashWhip","ClearTheMind"],"picked":"SKIP","floor":12.0},{"not_picked":["BattleHymn","Indignation"],"picked":"Adaptation","floor":13.0},{"not_picked":["PathToVictory","Evaluate","SignatureMove"],"picked":"SKIP","floor":14.0},{"not_picked":["EmptyBody","Fasting2"],"picked":"FearNoEvil+1","floor":18.0},{"not_picked":["Indignation","CrushJoints","BowlingBash"],"picked":"SKIP","floor":19.0},{"not_picked":["CrushJoints","BowlingBash"],"picked":"Indignation","floor":19.0},{"not_picked":["Perseverance","Vengeance","Weave"],"picked":"SKIP","floor":22.0},{"not_picked":["ClearTheMind+1","CutThroughFate","Crescendo"],"picked":"SKIP","floor":23.0},{"not_picked":["Omniscience","ThirdEye","FlyingSleeves"],"picked":"SKIP","floor":25.0},{"not_picked":["Protect+1","Wallop+1","ReachHeaven"],"picked":"SKIP","floor":27.0},{"not_picked":["Crescendo","Indignation","Protect+1"],"picked":"SKIP","floor":35},{"not_picked":["BattleHymn+1","JustLucky+1","PathToVictory+1"],"picked":"SKIP","floor":37},{"not_picked":["Prostrate+1","PathToVictory+1","ThirdEye+1"],"picked":"SKIP","floor":38},{"not_picked":["Omniscience","ForeignInfluence","ClearTheMind+1"],"picked":"SKIP","floor":41},{"not_picked":["FlyingSleeves","ReachHeaven","ClearTheMind+1"],"picked":"SKIP","floor":45},{"not_picked":["FearNoEvil","CutThroughFate","ThirdEye"],"picked":"SKIP","floor":47},{"not_picked":["SignatureMove","BattleHymn","Crescendo+1"],"picked":"SKIP","floor":48}],"player_experience":518601,"relics_obtained":[{"floor":6.0,"key":"Pear"},{"floor":9.0,"key":"The Courier"},{"floor":14.0,"key":"Peace Pipe"},{"floor":23.0,"key":"Shovel"},{"floor":25.0,"key":"Incense Burner"},{"floor":26.0,"key":"Bag of Marbles"},{"floor":39,"key":"Pocketwatch"},{"floor":41,"key":"Strawberry"},{"floor":42,"key":"Anchor"},{"floor":43,"key":"Bottled Flame"},{"floor":44,"key":"Juzu Bracelet"},{"floor":47,"key":"Oddly Smooth Stone"},{"floor":49,"key":"Art of War"}],"event_choices":[{"cards_removed":["Defend_P"],"damage_healed":0.0,"max_hp_gain":0.0,"max_hp_loss":0.0,"gold_gain":0.0,"event_name":"Golden Wing","player_choice":"Card Removal","floor":3.0,"gold_loss":0.0,"damage_taken":7.0},{"damage_healed":0.0,"max_hp_gain":0.0,"max_hp_loss":0.0,"gold_gain":0.0,"event_name":"The Woman in Blue","player_choice":"Bought 3 Potions","floor":5.0,"gold_loss":0.0,"damage_taken":0.0},{"cards_removed":["Strike_P"],"damage_healed":0.0,"max_hp_gain":0.0,"max_hp_loss":0.0,"gold_gain":0.0,"event_name":"Purifier","player_choice":"Purged","floor":20.0,"gold_loss":0.0,"damage_taken":0.0},{"damage_healed":0.0,"max_hp_gain":0.0,"max_hp_loss":0.0,"gold_gain":0.0,"event_name":"The Library","player_choice":"Read","floor":24.0,"gold_loss":0.0,"damage_taken":0.0,"cards_obtained":["MentalFortress"]},{"damage_healed":0,"gold_gain":0,"player_choice":"Shed Blood","damage_taken":21,"max_hp_gain":5,"max_hp_loss":0,"event_name":"Forgotten Altar","floor":31,"gold_loss":0},{"damage_healed":0,"gold_gain":0,"player_choice":"0 cards matched","damage_taken":0,"max_hp_gain":0,"max_hp_loss":0,"event_name":"Match and Keep!","floor":36,"gold_loss":0,"cards_obtained":[]},{"damage_healed":0,"gold_gain":0,"player_choice":"Fight","damage_taken":0,"max_hp_gain":0,"max_hp_loss":0,"event_name":"Mysterious Sphere","floor":39,"gold_loss":0}],"is_beta":false,"boss_relics":[{"not_picked":["Fusion Hammer","Astrolabe"],"picked":"VioletLotus"},{"not_picked":["Coffee Dripper","Velvet Choker"],"picked":"Runic Pyramid"}],"items_purged_floors":[2,21,29,46],"is_endless":false,"potions_floor_spawned":[1,6,8,16,18,22,25,33,35,37,38,39,41,45,47,48],"ascension_level":11}}