{"host":"w14xfy17z3c5mpoi","time":1612829369,"event":{"mods":["AchievementEnabler","BaseMod","Minty Spire (QoL Compilation)","Relic Stats"],"gold_per_floor":[112,126,126,142,162,162,182,201,271,300,314,314,333,344,344,444,444,463,477,380,390,390,390,416,416,416,11,11,21,33,47,47,152,152,167,167,1166,630,630,630,660,365,435,479,499,519,534,72,72,72,72,72,23,57,57,57],"floor_reached":55,"language":"ENG","playtime":3641,"items_purged":["Strike_B","Strike_B","Normality","Normality","Decay"],"score":939,"play_id":"311f6b8c-d7ef-4c3d-858a-cb9091130456","local_time":"20210208190929","is_ascension_mode":true,"campfire_choices":[{"floor":6.0,"key":"REST"},{"floor":12.0,"key":"REST"},{"data":"Consume","floor":15.0,"key":"SMITH"},{"data":"Biased Cognition","floor":23.0,"key":"SMITH"},{"data":"Self Repair","floor":25.0,"key":"SMITH"},{"floor":28.0,"key":"DIG"},{"floor":32.0,"key":"DIG"},{"floor":40,"key":"DIG"},{"floor":49,"key":"RECALL"},{"floor":52,"key":"REST"}],"circlet_count":0,"master_deck":["Strike_B+1","Defend_B","Defend_B","Defend_B","Defend_B","Zap+1","Dualcast+1","Coolheaded","Compile Driver+1","Go for the Eyes","Coolheaded","Glacier","Self Repair+1","Ball Lightning","Consume+1","FTL","Biased Cognition+1","Undo+1","Ball Lightning","Amplify","Ball Lightning","Seek+1","Beam Cell+1","Conserve Battery+1","Fission+1","Static Discharge+1","Defragment"],"relics":["FrozenCore","Lizard Tail","HornCleat","War Paint","Velvet Choker","Girya","Shovel","Toxic Egg 2","PreservedInsect","Orichalcum","Runic Capacitor","Blue Candle","Whetstone","Vajra","Orrery","CeramicFish","OrangePellets","Boot"],"acts_visited":["TheBeyond","TheEnding"],"potions_floor_usage":[41,50,55],"damage_taken":[{"damage":7.0,"enemies":"Jaw Worm","floor":1.0,"turns":3.0},{"damage":1.0,"enemies":"Cultist","floor":2.0,"turns":3.0},{"damage":4.0,"enemies":"2 Louse","floor":4.0,"turns":3.0},{"damage":2.0,"enemies":"Looter","floor":5.0,"turns":3.0},{"damage":1.0,"enemies":"Blue Slaver","floor":7.0,"turns":4.0},{"damage":13.0,"enemies":"Exordium Thugs","floor":8.0,"turns":4.0},{"damage":36.0,"enemies":"Gremlin Nob","floor":10.0,"turns":6.0},{"damage":0.0,"enemies":"Red Slaver","floor":11.0,"turns":3.0},{"damage":0.0,"enemies":"Large Slime","floor":13.0,"turns":5.0},{"damage":0.0,"enemies":"Exordium Thugs","floor":14.0,"turns":5.0},{"damage":6.0,"enemies":"Hexaghost","floor":16.0,"turns":10.0},{"damage":1.0,"enemies":"Chosen","floor":18.0,"turns":6.0},{"damage":1.0,"enemies":"3 Byrds","floor":19.0,"turns":2.0},{"damage":0.0,"enemies":"Snake Plant","floor":21.0,"turns":4.0},{"damage":21.0,"enemies":"Slavers","floor":24.0,"turns":6.0},{"damage":13.0,"enemies":"Shelled Parasite and Fungi","floor":29.0,"turns":7.0},{"damage":9.0,"enemies":"Centurion and Healer","floor":30.0,"turns":12.0},{"damage":10.0,"enemies":"Snecko","floor":31.0,"turns":6.0},{"damage":18.0,"enemies":"Champ","floor":33.0,"turns":16.0},{"damage":14,"enemies":"3 Darklings","floor":35,"turns":6},{"damage":15,"enemies":"Reptomancer","floor":41,"turns":5},{"damage":33,"enemies":"Nemesis","floor":44,"turns":9},{"damage":3,"enemies":"Orb Walker","floor":45,"turns":4},{"damage":0,"enemies":"Spire Growth","floor":46,"turns":5},{"damage":26,"enemies":"4 Shapes","floor":47,"turns":7},{"damage":61,"enemies":"Donu and Deca","floor":50,"turns":16},{"damage":53,"enemies":"Shield and Spear","floor":54,"turns":7},{"damage":104,"enemies":"The Heart","floor":55,"turns":9}],"seed_played":"-8172164565266782049","potions_obtained":[{"floor":1.0,"key":"Explosive Potion"},{"floor":2.0,"key":"Swift Potion"},{"floor":5.0,"key":"ColorlessPotion"},{"floor":10.0,"key":"CultistPotion"},{"floor":13.0,"key":"LiquidBronze"},{"floor":18.0,"key":"DuplicationPotion"},{"floor":19.0,"key":"Dexterity Potion"},{"floor":31.0,"key":"FocusPotion"},{"floor":33.0,"key":"SteroidPotion"},{"floor":41,"key":"BlessingOfTheForge"},{"floor":45,"key":"SteroidPotion"}],"is_trial":false,"path_per_floor":["M","M","?","M","M","R","M","M","T","E","M","R","M","M","R","B",null,"M","M","$","M","?","R","E","R","T","$","R","M","M","M","R","B",null,"M","?","?","$","?","R","E","$","T","E","M","M","M","$","R","B",null,"R","$","E","B"],"character_chosen":"DEFECT","items_purchased":["Ball Lightning","Toxic Egg 2","AttackPotion","Runic Capacitor","Blue Candle","Orrery","Defragment","OrangePellets","LiquidMemories","Swift Potion"],"campfire_rested":3,"item_purchase_floors":[20,27,27,38,38,42,48,48,48,53],"current_hp_per_floor":[43,42,42,38,36,58,57,44,44,8,8,30,37,44,44,45,68,74,73,73,75,75,75,61,61,61,61,61,58,69,75,75,67,73,69,69,69,69,69,69,54,54,54,31,48,68,62,62,62,21,62,75,75,42,0,0],"gold":57,"neow_bonus":"ONE_RARE_RELIC","is_daily":false,"chose_seed":false,"campfire_upgraded":3,"win_rate":0.0,"timestamp":1612829369,"path_taken":["M","M","?","M","M","R","M","M","T","E","M","R","M","M","R","BOSS","M","M","$","?","?","R","E","R","T","$","R","M","M","?","R","BOSS","M","?","?","$","?","R","E","$","T","E","M","M","?","?","R","BOSS","R","$","E","BOSS"],"items_purchased_type":["Card","Relic","Potion","Relic","Relic","Relic","Card","Relic","Potion","Potion"],"build_version":"2020-12-22","purchased_purges":5,"victory":false,"max_hp_per_floor":[75,75,75,75,75,75,75,75,75,75,75,75,75,75,75,75,75,75,75,75,75,75,75,75,75,75,75,75,75,75,75,75,75,75,75,75,75,75,75,75,75,75,75,75,75,75,75,75,75,75,75,75,75,75,75,75],"relic_stats":{"counters":[9,68],"Blue Candle":[0],"CeramicFish":27,"PreservedInsect":173,"Whetstone":["Compile Driver","Strike_B"],"War Paint":[],"Orichalcum":[54],"Boot":[3],"FrozenCore":[27],"OrangePellets":[4],"Lizard Tail":37,"Shovel":1,"obtain_stats":[{"Girya":0,"Blue Candle":38,"CeramicFish":44,"Velvet Choker":0,"Vajra":41,"PreservedInsect":0,"Runic Capacitor":38,"Whetstone":40,"War Paint":0,"Orichalcum":0,"Boot":54,"FrozenCore":34,"OrangePellets":48,"Lizard Tail":0,"HornCleat":0,"Shovel":0,"Orrery":42,"Toxic Egg 2":0,"Cracked Core":0},{"Girya":0,"Blue Candle":1,"CeramicFish":3,"Velvet Choker":0,"Vajra":2,"PreservedInsect":0,"Runic Capacitor":1,"Whetstone":1,"War Paint":0,"Orichalcum":0,"Boot":8,"FrozenCore":0,"OrangePellets":6,"Lizard Tail":0,"HornCleat":0,"Shovel":0,"Orrery":2,"Toxic Egg 2":0,"Cracked Core":0},{"Girya":0,"Blue Candle":6,"CeramicFish":20,"Velvet Choker":0,"Vajra":11,"PreservedInsect":0,"Runic Capacitor":6,"Whetstone":6,"War Paint":0,"Orichalcum":0,"Boot":59,"FrozenCore":0,"OrangePellets":36,"Lizard Tail":0,"HornCleat":0,"Shovel":0,"Orrery":11,"Toxic Egg 2":0,"Cracked Core":0}]},"card_choices":[{"not_picked":["Reprogram","Leap"],"picked":"Coolheaded","floor":1.0},{"not_picked":["Static Discharge","Sweeping Beam"],"picked":"Compile Driver","floor":2.0},{"not_picked":["Compile Driver","Gash","Streamline"],"picked":"SKIP","floor":4.0},{"not_picked":["Recycle","Stack"],"picked":"Go for the Eyes","floor":5.0},{"not_picked":["Streamline","Redo"],"picked":"Coolheaded","floor":7.0},{"not_picked":["Rebound","Beam Cell"],"picked":"Glacier","floor":8.0},{"not_picked":["Reboot","Conserve Battery"],"picked":"Self Repair","floor":10.0},{"not_picked":["Stack","Auto Shields"],"picked":"Ball Lightning","floor":11.0},{"not_picked":["Sweeping Beam","Fusion"],"picked":"Consume","floor":13.0},{"not_picked":["Redo","Reprogram"],"picked":"FTL","floor":14.0},{"not_picked":["Core Surge","Multi-Cast"],"picked":"Biased Cognition","floor":16.0},{"not_picked":["Barrage+1","Chill"],"picked":"Undo+1","floor":18.0},{"not_picked":["Scrape","Sweeping Beam","Leap"],"picked":"SKIP","floor":19.0},{"not_picked":["Cold Snap","Beam Cell","Turbo"],"picked":"SKIP","floor":21.0},{"not_picked":["Doom and Gloom","Gash+1"],"picked":"Amplify","floor":24.0},{"not_picked":["Turbo+1","Chill+1","Redo+1"],"picked":"SKIP","floor":29.0},{"not_picked":["Cold Snap","Redo+1","Hello World"],"picked":"SKIP","floor":30.0},{"not_picked":["Skim+1","BootSequence+1"],"picked":"Ball Lightning","floor":31.0},{"not_picked":["Reboot+1","Machine Learning"],"picked":"Seek+1","floor":33.0},{"not_picked":["Stack+1","Streamline","Compile Driver"],"picked":"SKIP","floor":35},{"not_picked":["Static Discharge","Ball Lightning","Redo+1"],"picked":"SKIP","floor":41},{"not_picked":["Blizzard+1","Hello World"],"picked":"Beam Cell+1","floor":42},{"not_picked":["Gash+1","Barrage"],"picked":"Conserve Battery+1","floor":42},{"not_picked":["Ball Lightning","Coolheaded+1"],"picked":"Fission+1","floor":44},{"not_picked":["Double Energy+1","Compile Driver+1","Redo+1"],"picked":"SKIP","floor":45},{"not_picked":["FTL","Melter+1"],"picked":"Static Discharge+1","floor":46},{"not_picked":["Conserve Battery+1","Streamline+1","Cold Snap"],"picked":"SKIP","floor":47},{"not_picked":["Scrape","Streamline+1","Sunder+1"],"picked":"SKIP","floor":54}],"player_experience":614880,"relics_obtained":[{"floor":9.0,"key":"HornCleat"},{"floor":10.0,"key":"War Paint"},{"floor":24.0,"key":"Girya"},{"floor":26.0,"key":"Shovel"},{"floor":28.0,"key":"PreservedInsect"},{"floor":32.0,"key":"Orichalcum"},{"floor":40,"key":"Whetstone"},{"floor":41,"key":"Vajra"},{"floor":44,"key":"CeramicFish"},{"floor":54,"key":"Boot"}],"event_choices":[{"cards_removed":["Strike_B"],"damage_healed":0.0,"max_hp_gain":0.0,"max_hp_loss":0.0,"gold_gain":0.0,"event_name":"Purifier","player_choice":"Purged","floor":3.0,"gold_loss":0.0,"damage_taken":0.0},{"damage_healed":0.0,"max_hp_gain":0.0,"max_hp_loss":0.0,"gold_gain":0.0,"event_name":"Wheel of Change","player_choice":"Cursed","floor":22.0,"gold_loss":0.0,"damage_taken":0.0,"cards_obtained":["Decay"]},{"damage_healed":0,"gold_gain":0,"player_choice":"Memory 1","damage_taken":0,"max_hp_gain":0,"max_hp_loss":0,"event_name":"SensoryStone","floor":36,"gold_loss":0},{"damage_healed":0,"gold_gain":999,"player_choice":"Gold","damage_taken":0,"max_hp_gain":0,"max_hp_loss":0,"event_name":"MindBloom","floor":37,"gold_loss":0,"cards_obtained":["Normality","Normality"]},{"damage_healed":0,"gold_gain":0,"player_choice":"0 cards matched","damage_taken":0,"max_hp_gain":0,"max_hp_loss":0,"event_name":"Match and Keep!","floor":39,"gold_loss":0,"cards_obtained":[]}],"is_beta":false,"boss_relics":[{"not_picked":["SacredBark","Sozu"],"picked":"Velvet Choker"},{"not_picked":["Nuclear Battery","Coffee Dripper"],"picked":"FrozenCore"}],"items_purged_floors":[20,27,38,42,48],"is_endless":false,"potions_floor_spawned":[1,2,5,10,13,18,19,30,31,33,41,45,46],"killed_by":"The Heart","ascension_level":6}}