{"host":"fdq5pmhluajjrf8d","time":1612891266,"event":{"mods":["BaseMod","Minty Spire (QoL Compilation)"],"gold_per_floor":[119,132,132,143,162,162,189,189,241,18,28,28,28,28,28],"floor_reached":14,"language":"ENG","playtime":573,"items_purged":[],"score":180,"play_id":"b7bab448-a43c-4311-a5d3-a7c08ac89f28","local_time":"20210209122106","is_ascension_mode":true,"campfire_choices":[{"data":"Darkness","floor":6,"key":"SMITH"},{"floor":13,"key":"REST"}],"circlet_count":0,"master_deck":["AscendersBane","Strike_B","Strike_B","Strike_B","Strike_B","Defend_B","Defend_B","Defend_B","Defend_B","Zap","Dualcast","Darkness+1","Force Field","Leap","Seek","Defragment","Conserve Battery","Stack"],"relics":["Cracked Core","Eternal Feather","Regal Pillow","Omamori","Oddly Smooth Stone"],"acts_visited":["Exordium"],"potions_floor_usage":[4,5,7,7,7,7],"damage_taken":[{"damage":2,"enemies":"Jaw Worm","floor":1,"turns":3},{"damage":0,"enemies":"2 Louse","floor":2,"turns":2},{"damage":0,"enemies":"Cultist","floor":4,"turns":2},{"damage":14,"enemies":"Lots of Slimes","floor":5,"turns":6},{"damage":40,"enemies":"3 Sentries","floor":7,"turns":11},{"damage":9,"enemies":"Red Slaver","floor":11,"turns":5},{"damage":100,"enemies":"Gremlin Nob","floor":14,"turns":6}],"seed_played":"6463902656554677607","potions_obtained":[{"floor":1,"key":"AttackPotion"},{"floor":4,"key":"LiquidMemories"},{"floor":5,"key":"EntropicBrew"}],"is_trial":false,"path_per_floor":["M","M","?","M","M","R","E","?","T","$","M","$","R","E"],"character_chosen":"DEFECT","items_purchased":["Oddly Smooth Stone","Conserve Battery"],"campfire_rested":1,"item_purchase_floors":[10,10],"current_hp_per_floor":[69,69,74,74,60,60,20,20,20,20,11,11,59,0,0],"gold":28,"neow_bonus":"TEN_PERCENT_HP_BONUS","is_daily":false,"chose_seed":false,"campfire_upgraded":1,"win_rate":0.0,"timestamp":1612891266,"path_taken":["M","M","?","M","M","R","E","?","T","$","?","?","R","E"],"items_purchased_type":["Relic","Card"],"build_version":"2020-12-22","purchased_purges":0,"victory":false,"max_hp_per_floor":[78,78,83,83,83,83,83,83,83,83,83,83,83,83,83],"card_choices":[{"not_picked":["Turbo","Barrage"],"picked":"Darkness","floor":1},{"not_picked":["Barrage","Recycle"],"picked":"Force Field","floor":2},{"not_picked":["Blizzard","Streamline"],"picked":"Leap","floor":4},{"not_picked":["Reprogram","Conserve Battery"],"picked":"Seek","floor":5},{"not_picked":["Auto Shields","Beam Cell"],"picked":"Defragment","floor":7},{"not_picked":["Storm","Fusion"],"picked":"Stack","floor":11}],"player_experience":1976641,"relics_obtained":[{"floor":7,"key":"Eternal Feather"},{"floor":9,"key":"Omamori"}],"event_choices":[{"damage_healed":0,"gold_gain":0,"player_choice":"Donut","damage_taken":0,"max_hp_gain":5,"max_hp_loss":0,"event_name":"Big Fish","floor":3,"gold_loss":0},{"damage_healed":0,"gold_gain":0,"player_choice":"Gave Potion","damage_taken":0,"relics_obtained":["Regal Pillow"],"max_hp_gain":0,"max_hp_loss":0,"event_name":"WeMeetAgain","floor":8,"gold_loss":0}],"is_beta":false,"boss_relics":[],"items_purged_floors":[],"is_endless":false,"potions_floor_spawned":[1,4,5],"killed_by":"Gremlin Nob","ascension_level":20}}