{"host":"vit9b6u76k1y61sh","time":1612893397,"event":{"mods":["BaseMod","Block Reminder","Colored Powertips","Highlight Path","Minty Spire (QoL Compilation)","Rare Cards Sparkle","Relic Sorter","Relic Stats","StSLib"],"gold_per_floor":[116,130,149,161,161,161,190,207,207,51,85,101,101,168,168,265,265,285,349,498,513,563,563,592,158,181,231,258,275,288,316,316,421,421,437,487,487],"floor_reached":36,"language":"ENG","playtime":1849,"items_purged":["Strike_G","Strike_G"],"score":662,"play_id":"3791502a-c617-4609-bb8c-b3e893135764","local_time":"20210209125637","is_ascension_mode":true,"campfire_choices":[{"data":"Riddle With Holes","floor":6,"key":"SMITH"},{"data":"Infinite Blades","floor":15,"key":"SMITH"},{"data":"Mind Blast","floor":23,"key":"SMITH"},{"data":"Infinite Blades","floor":32,"key":"SMITH"}],"circlet_count":0,"master_deck":["Defend_G","Defend_G","Defend_G","Defend_G","Survivor","Neutralize","Riddle With Holes+1","Dagger Throw","Acrobatics","Deflect","Mind Blast+1","Acrobatics","Bane","Deflect","Infinite Blades+1","Blade Dance","Backstab","Cloak And Dagger","A Thousand Cuts","Finisher","Bane","Infinite Blades+1","Ghostly","Ghostly","Ghostly","Ghostly","Ghostly","Endless Agony","Prepared","Footwork","Bite","Bite","Bite","Bite","Bite","Prepared+1","Dash+1","Storm of Steel+1","Storm of Steel+1","Sucker Punch+1"],"relics":["Busted Crown","Meat on the Bone","Pantograph","Paper Crane","SsserpentHead","Cursed Key","Ornamental Fan","HornCleat","Bronze Scales","Toxic Egg 2","Mercury Hourglass","Empty Cage"],"acts_visited":["Exordium","TheCity","TheBeyond"],"potions_floor_usage":[7,11,18,18,21,28,28,33],"damage_taken":[{"damage":0,"enemies":"Cultist","floor":1,"turns":4},{"damage":0,"enemies":"2 Louse","floor":2,"turns":3},{"damage":5,"enemies":"Small Slimes","floor":3,"turns":3},{"damage":0,"enemies":"Exordium Wildlife","floor":4,"turns":4},{"damage":25,"enemies":"Lagavulin","floor":7,"turns":8},{"damage":3,"enemies":"2 Fungi Beasts","floor":8,"turns":3},{"damage":22,"enemies":"Gremlin Nob","floor":11,"turns":5},{"damage":11,"enemies":"Looter","floor":12,"turns":2},{"damage":6,"enemies":"Large Slime","floor":14,"turns":4},{"damage":19,"enemies":"Hexaghost","floor":16,"turns":10},{"damage":9,"enemies":"2 Thieves","floor":18,"turns":3},{"damage":0,"enemies":"Spheric Guardian","floor":19,"turns":3},{"damage":30,"enemies":"Shelled Parasite and Fungi","floor":21,"turns":5},{"damage":5,"enemies":"Book of Stabbing","floor":24,"turns":6},{"damage":0,"enemies":"Gremlin Leader","floor":28,"turns":4},{"damage":15,"enemies":"Snake Plant","floor":29,"turns":3},{"damage":8,"enemies":"Chosen and Byrds","floor":30,"turns":4},{"damage":18,"enemies":"Book of Stabbing","floor":31,"turns":5},{"damage":7,"enemies":"Automaton","floor":33,"turns":8},{"damage":7,"enemies":"3 Shapes","floor":35,"turns":3},{"damage":0,"enemies":"2 Orb Walkers","floor":36,"turns":1}],"seed_played":"1266234931175942499","potions_obtained":[{"floor":1,"key":"Swift Potion"},{"floor":8,"key":"SpeedPotion"},{"floor":12,"key":"EssenceOfSteel"},{"floor":14,"key":"Explosive Potion"},{"floor":19,"key":"Energy Potion"},{"floor":21,"key":"GhostInAJar"},{"floor":24,"key":"Explosive Potion"},{"floor":31,"key":"CultistPotion"},{"floor":33,"key":"SpeedPotion"}],"is_trial":false,"path_per_floor":["M","M","M","M","?","R","E","M","T","$","E","M","?","M","R","B",null,"M","M","?","M","?","R","E","$","T","?","E","M","M","E","R","B",null,"M","?"],"character_chosen":"THE_SILENT","items_purchased":["Infinite Blades","Blade Dance","HornCleat","Prepared","Footwork"],"campfire_rested":0,"item_purchase_floors":[10,10,25,25,25],"current_hp_per_floor":[70,70,65,65,65,65,40,37,37,37,27,28,28,34,34,40,70,61,61,61,43,35,35,30,30,30,24,24,21,19,21,21,23,24,17,19,19],"gold":487,"neow_bonus":"BOSS_RELIC","is_daily":false,"chose_seed":false,"campfire_upgraded":4,"win_rate":0.0,"timestamp":1612893397,"path_taken":["M","M","M","?","?","R","E","M","T","?","E","M","?","?","R","BOSS","M","?","?","M","?","R","E","?","T","?","E","M","M","E","R","BOSS","M","?"],"items_purchased_type":["Card","Card","Relic","Card","Card"],"build_version":"2020-12-22","purchased_purges":2,"victory":false,"max_hp_per_floor":[70,70,70,70,70,70,70,70,70,70,70,70,70,70,70,70,70,70,70,70,70,35,35,35,35,35,24,24,24,24,24,24,24,24,24,24,24],"relic_stats":{"SsserpentHead":350,"Busted Crown":40,"counters":[21,90],"Ornamental Fan":[100],"Pantograph":28,"Bronze Scales":[103],"Cursed Key":1,"obtain_stats":[{"Paper Crane":11,"Cursed Key":17,"Empty Cage":34,"Mercury Hourglass":31,"SsserpentHead":13,"Busted Crown":0,"HornCleat":25,"Ornamental Fan":24,"Pantograph":9,"Bronze Scales":26,"Toxic Egg 2":28,"Ring of the Snake":0,"Meat on the Bone":7},{"Paper Crane":7,"Cursed Key":10,"Empty Cage":19,"Mercury Hourglass":18,"SsserpentHead":8,"Busted Crown":0,"HornCleat":14,"Ornamental Fan":14,"Pantograph":6,"Bronze Scales":14,"Toxic Egg 2":15,"Ring of the Snake":0,"Meat on the Bone":5},{"Paper Crane":30,"Cursed Key":46,"Empty Cage":87,"Mercury Hourglass":79,"SsserpentHead":32,"Busted Crown":0,"HornCleat":63,"Ornamental Fan":63,"Pantograph":25,"Bronze Scales":63,"Toxic Egg 2":67,"Ring of the Snake":0,"Meat on the Bone":22}],"Meat on the Bone":72,"Mercury Hourglass":[60]},"card_choices":[{"not_picked":[],"picked":"Riddle With Holes","floor":1},{"not_picked":[],"picked":"Dagger Throw","floor":2},{"not_picked":[],"picked":"Acrobatics","floor":3},{"not_picked":[],"picked":"Deflect","floor":4},{"not_picked":[],"picked":"Bane","floor":7},{"not_picked":[],"picked":"Deflect","floor":8},{"not_picked":[],"picked":"Backstab","floor":11},{"not_picked":[],"picked":"Cloak And Dagger","floor":12},{"not_picked":["Catalyst"],"picked":"SKIP","floor":14},{"not_picked":[],"picked":"A Thousand Cuts","floor":16},{"not_picked":[],"picked":"Finisher","floor":18},{"not_picked":[],"picked":"Bane","floor":19},{"not_picked":[],"picked":"Infinite Blades","floor":21},{"not_picked":[],"picked":"Endless Agony","floor":24},{"not_picked":[],"picked":"Prepared+1","floor":28},{"not_picked":[],"picked":"Dash+1","floor":29},{"not_picked":["PiercingWail+1"],"picked":"SKIP","floor":30},{"not_picked":[],"picked":"Storm of Steel+1","floor":31},{"not_picked":[],"picked":"Storm of Steel+1","floor":33},{"not_picked":[],"picked":"Sucker Punch+1","floor":35}],"player_experience":162176,"relics_obtained":[{"floor":7,"key":"Meat on the Bone"},{"floor":9,"key":"Pantograph"},{"floor":11,"key":"Paper Crane"},{"floor":24,"key":"Ornamental Fan"},{"floor":26,"key":"Bronze Scales"},{"floor":28,"key":"Toxic Egg 2"},{"floor":31,"key":"Mercury Hourglass"}],"event_choices":[{"damage_healed":0,"gold_gain":0,"player_choice":"2 cards matched","damage_taken":0,"max_hp_gain":0,"max_hp_loss":0,"event_name":"Match and Keep!","floor":5,"gold_loss":0,"cards_obtained":["Mind Blast","Acrobatics"]},{"damage_healed":0,"gold_gain":0,"player_choice":"Trade","damage_taken":0,"relics_obtained":["SsserpentHead"],"max_hp_gain":0,"max_hp_loss":0,"event_name":"FaceTrader","floor":13,"gold_loss":0},{"damage_healed":0,"gold_gain":99,"player_choice":"Stole From Cult","damage_taken":0,"max_hp_gain":0,"max_hp_loss":0,"event_name":"Nest","floor":20,"gold_loss":0},{"damage_healed":0,"gold_gain":0,"player_choice":"Became a Ghost","damage_taken":0,"max_hp_gain":0,"max_hp_loss":35,"event_name":"Ghosts","floor":22,"gold_loss":0,"cards_obtained":["Ghostly","Ghostly","Ghostly","Ghostly","Ghostly"]},{"damage_healed":0,"gold_gain":0,"player_choice":"Became a vampire","damage_taken":0,"max_hp_gain":0,"max_hp_loss":11,"event_name":"Vampires","floor":27,"gold_loss":0,"cards_obtained":["Bite","Bite","Bite","Bite","Bite"]},{"damage_healed":0,"gold_gain":0,"player_choice":"Fight","damage_taken":0,"max_hp_gain":0,"max_hp_loss":0,"event_name":"Mysterious Sphere","floor":36,"gold_loss":0}],"is_beta":false,"boss_relics":[{"not_picked":["Snecko Eye","Tiny House"],"picked":"Cursed Key"},{"not_picked":["Velvet Choker","SlaversCollar"],"picked":"Empty Cage"}],"items_purged_floors":[10,25],"is_endless":false,"potions_floor_spawned":[1,8,12,14,19,21,24,31,33],"killed_by":"2 Orb Walkers","ascension_level":2}}