{"host":"jpcy2bclvs7juczu","time":1612837557,"event":{"mods":["Alarm Clock","BaseMod","Bestiary","Block Reminder","Colored Map","Colored Powertips","Current Relic Mod","Curses Come First","Dark Map","Filter the Spire","Minty Spire (QoL Compilation)","Quick Restart","RNG Fix","Relic Stats","Slay the Relics Exporter","Smile Girya","StSLib","everything is the same but u backflip on backflip","ojb\u0027s Better Paths Mod","ojb\u0027s Info Mod","slay the spire mod where everything is the same but ironclad has a cowboy hat"],"gold_per_floor":[219,231,2,2,22,49,49,81,81,106,124,158,158,172,172,249,249,268,285,285,301,60,95,109,121,201,232,44,74,87,117,117,189,189,202,202,202,28,47,77,89,128,140,152,177,220,232,29,29,29,29],"floor_reached":50,"language":"ENG","playtime":3219,"items_purged":["Writhe","Strike_R"],"score":1361,"play_id":"2cbcb303-cba8-470e-886d-86de70d9ee66","local_time":"20210208212557","is_ascension_mode":true,"campfire_choices":[{"floor":7.0,"key":"REST"},{"floor":15.0,"key":"REST"},{"floor":32,"key":"REST"},{"data":"Disarm","floor":41,"key":"SMITH"},{"data":"Armaments","floor":44,"key":"SMITH"},{"floor":49,"key":"RECALL"}],"circlet_count":0,"master_deck":["AscendersBane","Strike_R","Strike_R+1","Strike_R","Strike_R","Defend_R","Defend_R","Defend_R","Defend_R","Bash+1","Evolve","Perfected Strike","Carnage+1","Second Wind","Ghostly Armor","Feel No Pain","Spot Weakness","Juggernaut","Wild Strike","Anger","Pommel Strike","Feed","Cleave","Limit Break","Twin Strike","Shockwave","Doubt","Heavy Blade","True Grit","Disarm+1","Armaments+1","Immolate","Whirlwind+1","Feel No Pain","Intimidate+1","Body Slam","Flex+1"],"relics":["Burning Blood","HornCleat","White Beast Statue","Pear","Pocketwatch","Cursed Key","Anchor","Medical Kit","Bag of Marbles","Blue Candle","Red Mask","OrangePellets","Gremlin Horn","Meat on the Bone","Black Star","Dream Catcher","MawBank","Regal Pillow","Paper Frog","Toxic Egg 2","Omamori","Bag of Preparation"],"acts_visited":["Exordium","TheCity","TheBeyond"],"potions_floor_usage":[31,33,40,40,45,46,50,50],"damage_taken":[{"damage":24.0,"enemies":"Jaw Worm","floor":1.0,"turns":4.0},{"damage":9.0,"enemies":"Small Slimes","floor":2.0,"turns":5.0},{"damage":1.0,"enemies":"Cultist","floor":5.0,"turns":3.0},{"damage":25.0,"enemies":"Lagavulin","floor":6.0,"turns":6.0},{"damage":0.0,"enemies":"Gremlin Nob","floor":8.0,"turns":3.0},{"damage":37.0,"enemies":"Lagavulin","floor":10.0,"turns":6.0},{"damage":0.0,"enemies":"Blue Slaver","floor":11.0,"turns":4.0},{"damage":18.0,"enemies":"Gremlin Nob","floor":12.0,"turns":4.0},{"damage":7.0,"enemies":"Exordium Wildlife","floor":14.0,"turns":4.0},{"damage":48.0,"enemies":"Slime Boss","floor":16.0,"turns":8.0},{"damage":31.0,"enemies":"Shell Parasite","floor":18.0,"turns":7.0},{"damage":0.0,"enemies":"Spheric Guardian","floor":19.0,"turns":3.0},{"damage":18.0,"enemies":"Snake Plant","floor":21.0,"turns":4.0},{"damage":34.0,"enemies":"Slavers","floor":23.0,"turns":6.0},{"damage":0.0,"enemies":"Snecko","floor":24.0,"turns":2.0},{"damage":1.0,"enemies":"Centurion and Healer","floor":25.0,"turns":4.0},{"damage":20.0,"enemies":"Masked Bandits","floor":27.0,"turns":4.0},{"damage":2.0,"enemies":"Book of Stabbing","floor":29.0,"turns":4.0},{"damage":2.0,"enemies":"Cultist and Chosen","floor":30.0,"turns":5.0},{"damage":7,"enemies":"Slavers","floor":31,"turns":5},{"damage":52,"enemies":"Automaton","floor":33,"turns":10},{"damage":0,"enemies":"Orb Walker","floor":35,"turns":4},{"damage":0,"enemies":"3 Darklings","floor":39,"turns":3},{"damage":66,"enemies":"Giant Head","floor":40,"turns":8},{"damage":8,"enemies":"Nemesis","floor":42,"turns":11},{"damage":28,"enemies":"Writhing Mass","floor":45,"turns":6},{"damage":52,"enemies":"Reptomancer","floor":46,"turns":6},{"damage":67,"enemies":"Awakened One","floor":50,"turns":13}],"seed_played":"6008684708427935011","potions_obtained":[{"floor":5.0,"key":"Energy Potion"},{"floor":6.0,"key":"Energy Potion"},{"floor":10.0,"key":"Fire Potion"},{"floor":11.0,"key":"Fire Potion"},{"floor":12.0,"key":"Energy Potion"},{"floor":14.0,"key":"EntropicBrew"},{"floor":16.0,"key":"ColorlessPotion"},{"floor":18.0,"key":"Strength Potion"},{"floor":19.0,"key":"Strength Potion"},{"floor":21.0,"key":"LiquidBronze"},{"floor":23.0,"key":"SteroidPotion"},{"floor":24.0,"key":"Block Potion"},{"floor":25.0,"key":"Energy Potion"},{"floor":27.0,"key":"DistilledChaos"},{"floor":29.0,"key":"LiquidMemories"},{"floor":30.0,"key":"Block Potion"},{"floor":31,"key":"Fire Potion"},{"floor":33,"key":"EssenceOfSteel"},{"floor":39,"key":"SteroidPotion"},{"floor":40,"key":"BloodPotion"},{"floor":42,"key":"FearPotion"},{"floor":45,"key":"FearPotion"},{"floor":46,"key":"GamblersBrew"}],"is_trial":false,"path_per_floor":["M","M","$","?","M","E","R","E","T","E","M","E","?","M","R","B",null,"M","M","?","M","$","E","M","M","T","?","$","E","M","E","R","B",null,"M","?","?","$","M","E","R","E","T","R","M","E","?","$","R","B"],"character_chosen":"IRONCLAD","items_purchased":["Carnage","Second Wind","Fire Potion","Medical Kit","OrangePellets","True Grit","Feel No Pain","Bag of Preparation","Flex+1"],"campfire_rested":3,"item_purchase_floors":[3,3,3,22,28,28,38,48,48],"current_hp_per_floor":[50,47,47,24,29,10,32,38,38,17,23,11,11,10,35,10,66,41,50,50,41,41,16,22,27,27,13,13,17,24,26,56,22,81,90,90,90,90,99,51,51,61,61,61,77,43,65,65,65,0,0],"gold":29,"neow_bonus":"HUNDRED_GOLD","is_daily":false,"chose_seed":false,"campfire_upgraded":2,"win_rate":0.0,"timestamp":1612837557,"path_taken":["M","M","$","?","M","E","R","E","T","E","M","E","?","M","R","BOSS","M","M","?","M","$","E","M","M","T","?","$","E","?","E","R","BOSS","M","?","?","$","M","E","R","E","T","R","M","E","?","?","R","BOSS"],"items_purchased_type":["Card","Card","Potion","Relic","Relic","Card","Card","Relic","Card"],"build_version":"2020-12-22","purchased_purges":2,"victory":false,"max_hp_per_floor":[75,75,75,75,75,75,75,75,75,85,85,85,85,85,85,85,85,85,88,88,91,91,94,94,94,94,94,94,94,97,100,100,100,100,103,103,103,103,106,106,106,106,106,106,110,110,110,110,110,110,110],"relic_stats":{"Regal Pillow":0,"Gremlin Horn":[16,16],"counters":[28,152],"Blue Candle":[10],"Bag of Preparation":[2],"Cursed Key":1,"Medical Kit":[11],"MawBank":96,"Burning Blood":162,"OrangePellets":[3],"Dream Catcher":0,"Black Star":3,"obtain_stats":[{"Regal Pillow":42,"Pear":10,"Gremlin Horn":29,"Blue Candle":26,"Omamori":46,"Bag of Preparation":48,"Cursed Key":17,"Medical Kit":22,"MawBank":40,"Burning Blood":0,"White Beast Statue":8,"OrangePellets":28,"Anchor":20,"Dream Catcher":40,"HornCleat":6,"Bag of Marbles":23,"Red Mask":27,"Black Star":34,"Toxic Egg 2":46,"Pocketwatch":12,"Meat on the Bone":31,"Paper Frog":42},{"Regal Pillow":25,"Pear":6,"Gremlin Horn":18,"Blue Candle":16,"Omamori":27,"Bag of Preparation":27,"Cursed Key":10,"Medical Kit":13,"MawBank":24,"Burning Blood":0,"White Beast Statue":5,"OrangePellets":17,"Anchor":12,"Dream Catcher":24,"HornCleat":4,"Bag of Marbles":14,"Red Mask":17,"Black Star":21,"Toxic Egg 2":27,"Pocketwatch":8,"Meat on the Bone":20,"Paper Frog":25},{"Regal Pillow":127,"Pear":27,"Gremlin Horn":81,"Blue Candle":73,"Omamori":139,"Bag of Preparation":139,"Cursed Key":47,"Medical Kit":61,"MawBank":116,"Burning Blood":0,"White Beast Statue":21,"OrangePellets":77,"Anchor":57,"Dream Catcher":116,"HornCleat":18,"Bag of Marbles":67,"Red Mask":77,"Black Star":101,"Toxic Egg 2":139,"Pocketwatch":35,"Meat on the Bone":91,"Paper Frog":127}],"Pocketwatch":[192],"Meat on the Bone":60},"card_choices":[{"not_picked":["Infernal Blade","Flex"],"picked":"Evolve","floor":1.0},{"not_picked":["Heavy Blade","Iron Wave"],"picked":"Perfected Strike","floor":2.0},{"not_picked":["Warcry","Dark Embrace"],"picked":"Ghostly Armor","floor":5.0},{"not_picked":["Warcry","Pommel Strike"],"picked":"Feel No Pain","floor":6.0},{"not_picked":["Heavy Blade","Headbutt"],"picked":"Spot Weakness","floor":8.0},{"not_picked":["Intimidate","Rupture"],"picked":"Juggernaut","floor":10.0},{"not_picked":["Inflame","Havoc"],"picked":"Wild Strike","floor":11.0},{"not_picked":["Flex","True Grit"],"picked":"Anger","floor":12.0},{"not_picked":["Armaments","Warcry"],"picked":"Pommel Strike","floor":14.0},{"not_picked":["Juggernaut","Demon Form"],"picked":"Feed","floor":16.0},{"not_picked":["Anger","Warcry","Perfected Strike"],"picked":"SKIP","floor":18.0},{"not_picked":["Headbutt","Havoc"],"picked":"Cleave","floor":19.0},{"not_picked":["Anger+1","Flex","Uppercut"],"picked":"SKIP","floor":21.0},{"not_picked":["Perfected Strike","Wild Strike"],"picked":"Limit Break","floor":23.0},{"not_picked":["Ghostly Armor","Havoc"],"picked":"Twin Strike","floor":24.0},{"not_picked":["Ghostly Armor","Perfected Strike"],"picked":"Shockwave","floor":25.0},{"not_picked":["Sword Boomerang","Body Slam"],"picked":"Heavy Blade","floor":27.0},{"not_picked":["Perfected Strike","Clothesline"],"picked":"Demon Form","floor":29.0},{"not_picked":["Warcry+1","Iron Wave"],"picked":"Disarm","floor":30.0},{"not_picked":["Evolve","Carnage"],"picked":"Armaments","floor":31},{"not_picked":["Double Tap","Limit Break"],"picked":"Immolate","floor":33},{"not_picked":["Sentinel","Intimidate"],"picked":"Whirlwind+1","floor":35},{"not_picked":["Warcry","Havoc+1","Inflame"],"picked":"SKIP","floor":39},{"not_picked":["Sever Soul+1","Dropkick","Searing Blow"],"picked":"SKIP","floor":40},{"not_picked":["Havoc","Twin Strike+1"],"picked":"Intimidate+1","floor":42},{"not_picked":["Infernal Blade","Whirlwind","Pommel Strike"],"picked":"SKIP","floor":45},{"not_picked":["Sentinel+1","Sword Boomerang"],"picked":"Body Slam","floor":46}],"player_experience":1600137,"relics_obtained":[{"floor":6.0,"key":"HornCleat"},{"floor":8.0,"key":"White Beast Statue"},{"floor":10.0,"key":"Pear"},{"floor":12.0,"key":"Pocketwatch"},{"floor":23.0,"key":"Bag of Marbles"},{"floor":26.0,"key":"Blue Candle"},{"floor":27.0,"key":"Red Mask"},{"floor":29.0,"key":"Gremlin Horn"},{"floor":31,"key":"Meat on the Bone"},{"floor":40,"key":"Dream Catcher"},{"floor":40,"key":"MawBank"},{"floor":42,"key":"Regal Pillow"},{"floor":42,"key":"Paper Frog"},{"floor":46,"key":"Toxic Egg 2"},{"floor":46,"key":"Omamori"}],"event_choices":[{"damage_healed":0.0,"max_hp_gain":0.0,"max_hp_loss":0.0,"gold_gain":0.0,"event_name":"Shining Light","player_choice":"Entered Light","floor":4.0,"gold_loss":0.0,"damage_taken":23.0,"cards_upgraded":["Bash","Strike_R"]},{"damage_healed":0.0,"max_hp_gain":0.0,"max_hp_loss":0.0,"gold_gain":0.0,"event_name":"Accursed Blacksmith","player_choice":"Forge","floor":13.0,"gold_loss":0.0,"damage_taken":0.0,"cards_upgraded":["Carnage"]},{"damage_healed":0.0,"max_hp_gain":0.0,"max_hp_loss":0.0,"gold_gain":0.0,"event_name":"The Mausoleum","player_choice":"Opened","floor":20.0,"gold_loss":0.0,"damage_taken":0.0,"relics_obtained":["Anchor"],"cards_obtained":["Writhe"]},{"damage_healed":0.0,"max_hp_gain":0.0,"max_hp_loss":0.0,"gold_gain":0.0,"event_name":"Masked Bandits","player_choice":"Fought Bandits","floor":27.0,"gold_loss":0.0,"damage_taken":0.0},{"damage_healed":0,"gold_gain":0,"player_choice":"Ignored","damage_taken":0,"max_hp_gain":0,"max_hp_loss":0,"event_name":"SecretPortal","floor":36,"gold_loss":0},{"cards_removed":["Demon Form"],"damage_healed":0,"gold_gain":0,"player_choice":"Removed Power","damage_taken":0,"max_hp_gain":0,"max_hp_loss":0,"event_name":"Falling","floor":37,"gold_loss":0},{"damage_healed":22,"gold_gain":0,"player_choice":"Writhe","damage_taken":0,"max_hp_gain":0,"max_hp_loss":0,"event_name":"Winding Halls","floor":47,"gold_loss":0,"cards_obtained":["Writhe"]}],"is_beta":false,"boss_relics":[{"not_picked":["Black Blood","Sozu"],"picked":"Cursed Key"},{"not_picked":["Runic Dome","Runic Pyramid"],"picked":"Black Star"}],"items_purged_floors":[22,38],"is_endless":false,"potions_floor_spawned":[5,6,10,11,12,14,16,18,19,21,23,24,25,27,29,30,31,33,35,39,40,42,45,46],"killed_by":"Awakened One","ascension_level":20}}