{"host":"19r1ww88x2tc73i0","time":1612897971,"event":{"mods":["BaseMod","BetterRewards","Colored Map","Minty Spire (QoL Compilation)","Relic Stats","StSLib","SuperFastMode","slay the spire mod where everything is the same but ironclad has a cowboy hat"],"gold_per_floor":[117,117,136,136,152,152,181,210,222,263,288,325,348,373,385,470,482,513,545,507,537,549,594,623,651,744,771,847,889,915,956,968,1051,1063,1090,1152,671,721,795,870,904,904,904,904,935,951,1001,1026,1026,1026,1026,1026,1026,53,79,79],"floor_reached":57,"language":"ENG","playtime":3160,"items_purged":["Strike_B","Strike_B","Strike_B"],"score":3923,"play_id":"12e23a90-2bc3-4050-9d4b-1fd48d490dba","local_time":"25640210021251","is_ascension_mode":true,"campfire_choices":[{"data":"Multi-Cast","floor":6.0,"key":"SMITH"},{"data":"Beam Cell","floor":15.0,"key":"SMITH"},{"floor":32.0,"key":"REST"},{"floor":42.0,"key":"RECALL"},{"floor":44.0,"key":"REST"},{"floor":49.0,"key":"REST"},{"floor":53.0,"key":"REST"}],"circlet_count":0,"master_deck":["AscendersBane","Defend_B","Defend_B","Defend_B","Defend_B","Zap","Dualcast","Turbo","Rebound","Sweeping Beam+1","Ball Lightning","Multi-Cast+1","Tempest","Beam Cell+1","Go for the Eyes","Loop+1","Biased Cognition+1","Hologram+1","Echo Form+1","Cold Snap","Double Energy","Undo+1","Rip and Tear","White Noise","Turbo+1","Reinforced Body","Conserve Battery","Buffer+1","Steam+1","Seek","Apotheosis","PanicButton","White Noise","Reprogram+1","Reboot","Biased Cognition+1","Discovery","Cold Snap+1"],"relics":["Cracked Core","Mummified Hand","InkBottle","FossilizedHelix","Matryoshka","MawBank","Frozen Egg 2","Nunchaku","Centennial Puzzle","HornCleat","Fusion Hammer","SsserpentHead","Ginger","Cables","Letter Opener","Du-Vu Doll","Inserter","Anchor","Medical Kit","Bag of Marbles","Torii","Vajra","Akabeko","Oddly Smooth Stone","DataDisk","Thread and Needle","DollysMirror","Art of War","Pear"],"acts_visited":["Exordium","TheCity","TheBeyond","TheEnding"],"potions_floor_usage":[56,56],"damage_taken":[{"damage":0.0,"enemies":"Small Slimes","floor":1.0,"turns":3.0},{"damage":0.0,"enemies":"Jaw Worm","floor":3.0,"turns":2.0},{"damage":0.0,"enemies":"2 Louse","floor":5.0,"turns":3.0},{"damage":20.0,"enemies":"3 Sentries","floor":7.0,"turns":6.0},{"damage":0.0,"enemies":"Lots of Slimes","floor":8.0,"turns":2.0},{"damage":0.0,"enemies":"Gremlin Nob","floor":10.0,"turns":3.0},{"damage":0.0,"enemies":"2 Fungi Beasts","floor":11.0,"turns":3.0},{"damage":7.0,"enemies":"3 Sentries","floor":12.0,"turns":4.0},{"damage":0.0,"enemies":"3 Louse","floor":13.0,"turns":2.0},{"damage":2.0,"enemies":"Large Slime","floor":14.0,"turns":4.0},{"damage":2.0,"enemies":"Slime Boss","floor":16.0,"turns":7.0},{"damage":0.0,"enemies":"Chosen","floor":18.0,"turns":3.0},{"damage":0.0,"enemies":"Spheric Guardian","floor":19.0,"turns":2.0},{"damage":0.0,"enemies":"Snecko","floor":21.0,"turns":4.0},{"damage":0.0,"enemies":"Gremlin Leader","floor":23.0,"turns":6.0},{"damage":0.0,"enemies":"Snake Plant","floor":24.0,"turns":2.0},{"damage":0.0,"enemies":"3 Cultists","floor":25.0,"turns":4.0},{"damage":9.0,"enemies":"Centurion and Healer","floor":27.0,"turns":2.0},{"damage":6.0,"enemies":"Cultist and Chosen","floor":28.0,"turns":4.0},{"damage":17.0,"enemies":"Slavers","floor":29.0,"turns":4.0},{"damage":0.0,"enemies":"Snake Plant","floor":30.0,"turns":3.0},{"damage":2.0,"enemies":"Book of Stabbing","floor":31.0,"turns":4.0},{"damage":0.0,"enemies":"Collector","floor":33.0,"turns":6.0},{"damage":0.0,"enemies":"3 Shapes","floor":35.0,"turns":5.0},{"damage":0.0,"enemies":"Mind Bloom Boss Battle","floor":40.0,"turns":5.0},{"damage":0.0,"enemies":"Giant Head","floor":41.0,"turns":9.0},{"damage":0.0,"enemies":"Nemesis","floor":45.0,"turns":6.0},{"damage":0.0,"enemies":"3 Darklings","floor":46.0,"turns":2.0},{"damage":0.0,"enemies":"Giant Head","floor":48.0,"turns":5.0},{"damage":0.0,"enemies":"Donu and Deca","floor":50.0,"turns":9.0},{"damage":52.0,"enemies":"Awakened One","floor":51.0,"turns":11.0},{"damage":17.0,"enemies":"Shield and Spear","floor":55.0,"turns":5.0},{"damage":33,"enemies":"The Heart","floor":56,"turns":10}],"seed_played":"2950334433136973018","potions_obtained":[{"floor":5.0,"key":"BlessingOfTheForge"},{"floor":7.0,"key":"Explosive Potion"},{"floor":8.0,"key":"PotionOfCapacity"},{"floor":16.0,"key":"FocusPotion"},{"floor":35.0,"key":"Regen Potion"},{"floor":40.0,"key":"DuplicationPotion"},{"floor":55.0,"key":"GamblersBrew"}],"is_trial":false,"path_per_floor":["M","?","M","?","M","R","E","M","T","E","M","E","M","M","R","B",null,"M","M","?","M","?","E","M","M","T","M","M","E","M","E","R","B",null,"M","?","$","?","T","?","E","R","T","R","E","M","?","E","R","B","B",null,"R","$","E","B",null],"character_chosen":"DEFECT","items_purchased":["Mummified Hand","InkBottle","FossilizedHelix","Matryoshka","Turbo","Rebound","Seek","Anchor","Medical Kit","Thread and Needle","DollysMirror","Art of War","Discovery","DistilledChaos"],"campfire_rested":4,"item_purchase_floors":[0,0,0,0,0,0,37,37,37,54,54,54,54,54],"current_hp_per_floor":[64,64,64,64,64,64,44,44,44,44,44,37,37,35,35,33,62,62,62,62,62,62,62,62,62,62,53,47,30,30,28,49,49,66,66,66,66,61,61,61,61,61,61,67,67,67,67,67,67,67,15,54,67,67,60,27],"gold":79,"neow_bonus":"","is_daily":false,"chose_seed":false,"campfire_upgraded":2,"win_rate":0.0,"timestamp":1612897971,"path_taken":["M","?","M","?","M","R","E","M","T","E","M","E","M","M","R","BOSS","M","M","?","?","?","E","M","M","T","M","?","E","M","E","R","BOSS","M","?","$","?","?","?","E","R","T","R","E","M","?","E","R","BOSS","BOSS","R","$","E","BOSS"],"items_purchased_type":["Relic","Relic","Relic","Relic","Card","Card","Card","Relic","Relic","Relic","Relic","Relic","Card","Potion"],"build_version":"2020-12-22","purchased_purges":3,"victory":true,"max_hp_per_floor":[71,71,71,71,71,71,71,71,71,71,71,71,71,71,71,71,71,71,71,71,71,71,71,71,71,71,71,71,71,71,71,71,71,71,71,67,67,67,67,67,67,67,67,67,67,67,67,67,67,67,67,67,67,67,77,77],"relic_stats":{"Inserter":[33],"Torii":11,"counters":[56,263],"Ginger":[16],"Letter Opener":[276],"MawBank":360,"Medical Kit":[6],"Cables":[151,112,39,0,0],"SsserpentHead":300,"Nunchaku":[22],"Centennial Puzzle":[30],"Mummified Hand":[114],"Art of War":[3],"obtain_stats":[{"Mark of the Bloom":45,"Torii":40,"CeramicFish":11,"Vajra":48,"Mango":27,"StoneCalendar":41,"Bag of Preparation":46,"Ginger":23,"SsserpentHead":22,"Nunchaku":9,"Centennial Puzzle":10,"Matryoshka":0,"HornCleat":12,"Mummified Hand":0,"DollysMirror":54,"Tiny Chest":26,"Fusion Hammer":34,"Chemical X":47,"Cracked Core":0,"InkBottle":0,"Pear":44,"Inserter":34,"NeowsBlessing":0,"Oddly Smooth Stone":9,"Thread and Needle":54,"Letter Opener":29,"Frozen Egg 2":9,"MawBank":7,"Medical Kit":37,"Akabeko":43,"Cables":20,"Du-Vu Doll":31,"Anchor":25,"DataDisk":48,"Bronze Scales":14,"Snecko Eye":17,"Molten Egg 2":37,"Bag of Marbles":39,"Art of War":54,"FossilizedHelix":0},{"Mark of the Bloom":20,"Torii":48,"CeramicFish":4,"Vajra":21,"Mango":13,"StoneCalendar":18,"Bag of Preparation":21,"Ginger":38,"SsserpentHead":37,"Nunchaku":28,"Centennial Puzzle":29,"Matryoshka":23,"HornCleat":31,"Mummified Hand":23,"DollysMirror":54,"Tiny Chest":12,"Fusion Hammer":15,"Chemical X":21,"Cracked Core":0,"InkBottle":23,"Pear":20,"Inserter":46,"NeowsBlessing":0,"Oddly Smooth Stone":2,"Thread and Needle":54,"Letter Opener":43,"Frozen Egg 2":28,"MawBank":27,"Medical Kit":47,"Akabeko":49,"Cables":9,"Du-Vu Doll":45,"Anchor":12,"DataDisk":52,"Bronze Scales":7,"Snecko Eye":8,"Molten Egg 2":16,"Bag of Marbles":47,"Art of War":54,"FossilizedHelix":23},{"Mark of the Bloom":93,"Torii":206,"CeramicFish":11,"Vajra":103,"Mango":51,"StoneCalendar":84,"Bag of Preparation":103,"Ginger":167,"SsserpentHead":161,"Nunchaku":129,"Centennial Puzzle":132,"Matryoshka":113,"HornCleat":139,"Mummified Hand":113,"DollysMirror":248,"Tiny Chest":46,"Fusion Hammer":66,"Chemical X":103,"Cracked Core":0,"InkBottle":113,"Pear":93,"Inserter":196,"NeowsBlessing":0,"Oddly Smooth Stone":2,"Thread and Needle":248,"Letter Opener":183,"Frozen Egg 2":129,"MawBank":127,"Medical Kit":201,"Akabeko":215,"Cables":35,"Du-Vu Doll":190,"Anchor":46,"DataDisk":228,"Bronze Scales":24,"Snecko Eye":32,"Molten Egg 2":72,"Bag of Marbles":201,"Art of War":248,"FossilizedHelix":113}],"InkBottle":[68]},"card_choices":[{"not_picked":["Aggregate","Steam"],"picked":"Sweeping Beam","floor":1.0},{"not_picked":["Blizzard","FTL"],"picked":"Ball Lightning","floor":3.0},{"not_picked":["Barrage","Sweeping Beam"],"picked":"Multi-Cast","floor":5.0},{"not_picked":["Amplify","Cold Snap"],"picked":"Tempest","floor":7.0},{"not_picked":["Fusion","Streamline"],"picked":"Beam Cell","floor":8.0},{"not_picked":["Turbo","Ball Lightning"],"picked":"Go for the Eyes","floor":10.0},{"not_picked":["Beam Cell","Hologram"],"picked":"Loop+1","floor":11.0},{"not_picked":["Turbo","Blizzard","Steam"],"picked":"SKIP","floor":12.0},{"not_picked":["Conserve Battery","Barrage"],"picked":"Biased Cognition+1","floor":13.0},{"not_picked":["Redo","Go for the Eyes"],"picked":"Hologram","floor":14.0},{"not_picked":["All For One","Hyperbeam"],"picked":"Echo Form+1","floor":16.0},{"not_picked":["Sweeping Beam","Ball Lightning"],"picked":"Cold Snap","floor":18.0},{"not_picked":["Chill","Turbo"],"picked":"Double Energy","floor":19.0},{"not_picked":["Chaos","Streamline","Rebound+1"],"picked":"SKIP","floor":21.0},{"not_picked":["Compile Driver","Tempest"],"picked":"Undo+1","floor":23.0},{"not_picked":["Multi-Cast","Sweeping Beam","Cold Snap"],"picked":"SKIP","floor":24.0},{"not_picked":["Leap","Turbo"],"picked":"Rip and Tear","floor":25.0},{"not_picked":["Chill","Redo"],"picked":"White Noise","floor":27.0},{"not_picked":["Barrage","Sunder"],"picked":"Turbo+1","floor":28.0},{"not_picked":["Ball Lightning","Meteor Strike","Sunder"],"picked":"SKIP","floor":29.0},{"not_picked":["Leap","Stack"],"picked":"Reinforced Body","floor":30.0},{"not_picked":["Ball Lightning","Blizzard"],"picked":"Conserve Battery","floor":31.0},{"not_picked":["Creative AI+1","Biased Cognition+1"],"picked":"Buffer+1","floor":33.0},{"not_picked":["Rebound","Fusion"],"picked":"Steam+1","floor":35.0},{"not_picked":["Swift Strike","Flash of Steel"],"picked":"Apotheosis","floor":38.0},{"not_picked":["Madness","Dramatic Entrance"],"picked":"PanicButton","floor":38.0},{"not_picked":["Storm+1","Tempest"],"picked":"White Noise","floor":41.0},{"not_picked":["Leap+1","Barrage+1","Compile Driver"],"picked":"SKIP","floor":45.0},{"not_picked":["Rebound","Streamline"],"picked":"Reprogram+1","floor":46.0},{"not_picked":["Fusion","FTL"],"picked":"Reboot","floor":48.0},{"not_picked":["Redo","Ball Lightning"],"picked":"Cold Snap+1","floor":55.0}],"player_experience":1038153,"relics_obtained":[{"floor":7.0,"key":"MawBank"},{"floor":9.0,"key":"Frozen Egg 2"},{"floor":9.0,"key":"Nunchaku"},{"floor":10.0,"key":"Centennial Puzzle"},{"floor":12.0,"key":"HornCleat"},{"floor":23.0,"key":"Ginger"},{"floor":26.0,"key":"Cables"},{"floor":29.0,"key":"Letter Opener"},{"floor":31.0,"key":"Du-Vu Doll"},{"floor":39.0,"key":"Bag of Marbles"},{"floor":40.0,"key":"Torii"},{"floor":41.0,"key":"Vajra"},{"floor":43.0,"key":"Akabeko"},{"floor":45.0,"key":"Oddly Smooth Stone"},{"floor":48.0,"key":"DataDisk"},{"floor":55.0,"key":"Pear"}],"event_choices":[{"damage_healed":0.0,"max_hp_gain":0.0,"max_hp_loss":0.0,"gold_gain":0.0,"event_name":"Living Wall","player_choice":"Grow","floor":2.0,"gold_loss":0.0,"damage_taken":0.0,"cards_upgraded":["Sweeping Beam"]},{"damage_healed":0.0,"max_hp_gain":0.0,"max_hp_loss":0.0,"gold_gain":0.0,"event_name":"Shining Light","player_choice":"Ignored","floor":4.0,"gold_loss":0.0,"damage_taken":0.0},{"damage_healed":0.0,"max_hp_gain":0.0,"max_hp_loss":0.0,"gold_gain":0.0,"event_name":"Designer","player_choice":"Upgrade","floor":20.0,"gold_loss":50.0,"damage_taken":0.0,"cards_upgraded":["Hologram"]},{"damage_healed":0.0,"max_hp_gain":0.0,"max_hp_loss":0.0,"gold_gain":0.0,"event_name":"FaceTrader","player_choice":"Trade","floor":22.0,"gold_loss":0.0,"damage_taken":0.0,"relics_obtained":["SsserpentHead"]},{"damage_healed":0.0,"max_hp_gain":0.0,"max_hp_loss":4.0,"gold_gain":0.0,"event_name":"Winding Halls","player_choice":"Max HP","floor":36.0,"gold_loss":0.0,"damage_taken":0.0},{"damage_healed":0.0,"max_hp_gain":0.0,"max_hp_loss":0.0,"gold_gain":0.0,"event_name":"SensoryStone","player_choice":"Memory 2","floor":38.0,"gold_loss":0.0,"damage_taken":5.0},{"damage_healed":0.0,"max_hp_gain":0.0,"max_hp_loss":0.0,"gold_gain":0.0,"event_name":"MindBloom","player_choice":"Fight","floor":40.0,"gold_loss":0.0,"damage_taken":0.0},{"cards_removed":["Strike_B"],"damage_healed":0.0,"max_hp_gain":0.0,"max_hp_loss":0.0,"gold_gain":0.0,"event_name":"Falling","player_choice":"Removed Attack","floor":47.0,"gold_loss":0.0,"damage_taken":0.0}],"is_beta":false,"boss_relics":[{"not_picked":["Philosopher\u0027s Stone","Runic Pyramid"],"picked":"Fusion Hammer"},{"not_picked":["Pandora\u0027s Box","Coffee Dripper"],"picked":"Inserter"}],"items_purged_floors":[0,37,54],"is_endless":false,"potions_floor_spawned":[5,7,8,11,14,16,18,21,23,29,35,40,46,55],"ascension_level":20}}