{"host":"5m2js577gj4e7pak","time":1612850135,"event":{"mods":["AchievementEnabler","BaseMod","Better Match","BetterRewards","Colored Map","Colored Powertips","Googly Eyes","Highlight Path","Lobotomy","LobotomyExtend","Minty Spire (QoL Compilation)","Quick Restart","Relic Filter","StSLib"],"gold_per_floor":[117,117,135,145,23,23,23,23,23,23,42,52,62,82,82,185,185,195,215,229,5,24,24,55,55,81,106,125,125,125,140,140,241,241,254,254,254,254,266,295,295,1,1,18,38,13,29,43,43,43,43],"floor_reached":50,"language":"ENG","playtime":2361,"items_purged":["Tough"],"score":758,"play_id":"88fb49e3-28a6-4b4d-a64c-4ed4928ff277","local_time":"20210209065535","is_ascension_mode":false,"campfire_choices":[{"data":"CrimsonScar","floor":15,"key":"SMITH"},{"floor":23,"key":"RECALL"}],"circlet_count":0,"master_deck":["SpecialBullet","SpecialBullet","SpecialBullet","SpecialBullet","SpecialBullet","SpecialBullet","SpecialBullet","SpecialBullet","InformationCode","SecurityCode","TrainingCode","Beak","GrinderMk4","RedEyes","Bandage Up","Penitence","RedEyes","ShyLook","CrimsonScar+1","Wingbeat","Twilight","Adoration","Beak","CENSORED_ego","Logging","WristCuter","Noise","Harvest","BlueScar","Heaven","ShedSkin+1","Wingbeat","Heaven+1","ControlCode","Spore+1","Finesse","SecurityCode","BigBird","TT2Protocol","Beak+1","SomewhereSpear+1","Beak","GreenStem+1","Moonlight+1","SummonCall"],"relics":["CogitoBucket","LetterFromLob","Bottled Flame","LuminousBracelet","Calling Bell","Blood Vial","Pantograph","Peace Pipe","ChangeAnything","Strawberry","Lantern","Bag of Preparation","Mango","Eternal Feather","SkinProphecy","AtMidnight","Coffee Dripper","Juzu Bracelet","InkBottle","TungstenRod"],"acts_visited":["TheCity","TheBeyond"],"potions_floor_usage":[13,13,20,31,33,40,40,44,50,50,50],"damage_taken":[{"damage":0,"enemies":"Small Slimes","floor":1,"turns":2},{"damage":6,"enemies":"Cultist","floor":3,"turns":3},{"damage":13,"enemies":"2 Louse","floor":4,"turns":2},{"damage":9,"enemies":"2 Fungi Beasts","floor":11,"turns":3},{"damage":7,"enemies":"Exordium Wildlife","floor":12,"turns":3},{"damage":28,"enemies":"Looter","floor":13,"turns":4},{"damage":26,"enemies":"3 Louse","floor":14,"turns":4},{"damage":35,"enemies":"Slime Boss","floor":16,"turns":10},{"damage":46,"enemies":"Spheric Guardian","floor":18,"turns":6},{"damage":34,"enemies":"2 Thieves","floor":19,"turns":4},{"damage":58,"enemies":"Chosen and Byrds","floor":20,"turns":7},{"damage":29,"enemies":"Centurion and Healer","floor":22,"turns":7},{"damage":73,"enemies":"Slavers","floor":24,"turns":7},{"damage":36,"enemies":"Book of Stabbing","floor":27,"turns":4},{"damage":21,"enemies":"Snake Plant","floor":28,"turns":3},{"damage":96,"enemies":"Sentry and Sphere","floor":31,"turns":6},{"damage":162,"enemies":"Collector","floor":33,"turns":8},{"damage":10,"enemies":"Orb Walker","floor":35,"turns":2},{"damage":21,"enemies":"3 Darklings","floor":39,"turns":5},{"damage":29,"enemies":"Giant Head","floor":40,"turns":6},{"damage":27,"enemies":"Transient","floor":44,"turns":5},{"damage":0,"enemies":"Writhing Mass","floor":45,"turns":2},{"damage":6,"enemies":"3 Darklings","floor":47,"turns":7},{"damage":4,"enemies":"Transient","floor":48,"turns":5},{"damage":287,"enemies":"Awakened One","floor":50,"turns":16}],"seed_played":"6942340461051714495","potions_obtained":[{"floor":4,"key":"Block Potion"},{"floor":12,"key":"Dexterity Potion"},{"floor":16,"key":"SteroidPotion"},{"floor":24,"key":"Explosive Potion"},{"floor":31,"key":"FearPotion"},{"floor":33,"key":"EssenceOfSteel"},{"floor":39,"key":"Explosive Potion"},{"floor":40,"key":"EssenceOfSteel"},{"floor":44,"key":"Energy Potion"},{"floor":48,"key":"LiquidMemories"}],"is_trial":false,"path_per_floor":["M","?","M","M","$","E","R","$","T","R","M","M","M","M","R","B",null,"M","M","M","$","M","R","E","R","T","E","M","R","?","M","R","B",null,"M","?","?","?","M","E","?","$","T","M","M","$","M","M","R","B"],"character_chosen":"Angela","items_purchased":["Beak","GrinderMk4","RedEyes","Wingbeat","Strawberry","Harvest","InkBottle","FearPotion","Beak"],"campfire_rested":0,"item_purchase_floors":[0,0,0,5,21,21,42,42,46],"current_hp_per_floor":[70,70,70,70,70,70,70,70,70,70,70,70,77,84,84,80,85,63,57,85,92,90,90,55,55,55,77,91,91,91,69,87,21,108,110,110,110,110,112,114,114,114,114,116,118,118,120,112,112,0,0],"gold":43,"neow_bonus":"","is_daily":false,"chose_seed":false,"campfire_upgraded":1,"win_rate":0.0,"timestamp":1612850135,"path_taken":["M","?","M","M","$","E","R","?","T","R","?","M","M","M","R","BOSS","M","?","M","$","M","R","E","R","T","E","M","R","?","M","R","BOSS","M","?","?","?","?","E","?","$","T","M","M","?","M","M","R","BOSS"],"items_purchased_type":["Card","Card","Card","Card","Relic","Card","Relic","Potion","Card"],"build_version":"2020-12-22","purchased_purges":1,"victory":false,"max_hp_per_floor":[70,70,70,70,70,70,70,70,70,70,70,70,85,85,85,85,85,85,85,85,92,92,92,92,92,92,106,106,106,106,106,106,108,108,110,110,110,110,112,114,114,114,114,116,118,118,120,112,112,116,116],"card_choices":[{"not_picked":["FrostShard"],"picked":"RedEyes","floor":1},{"not_picked":["WallGazer","OSAHOGD"],"picked":"ShyLook","floor":3},{"not_picked":["Soda"],"picked":"CrimsonScar","floor":3},{"not_picked":["FourthMatchFlame"],"picked":"Tough","floor":4},{"not_picked":["SomewhereSpear"],"picked":"Twilight","floor":11},{"not_picked":["FourthMatchFlame"],"picked":"Soda","floor":12},{"not_picked":["Wingbeat"],"picked":"Adoration","floor":13},{"not_picked":["Beak","Horn"],"picked":"SKIP","floor":14},{"not_picked":["Horn"],"picked":"Beak","floor":14},{"not_picked":["TheSmile"],"picked":"CENSORED_ego","floor":16},{"not_picked":["ScreamingWedge+1"],"picked":"Logging","floor":18},{"not_picked":["Tough"],"picked":"WristCuter","floor":19},{"not_picked":["Lantern"],"picked":"Noise","floor":20},{"not_picked":["Loneliness"],"picked":"BlueScar","floor":22},{"not_picked":["CherryBlossom+1"],"picked":"Heaven","floor":24},{"not_picked":["Ecstasy"],"picked":"ShedSkin+1","floor":27},{"not_picked":["TodaysExpression+1"],"picked":"Wingbeat","floor":28},{"not_picked":["BearPaw+1"],"picked":"Heaven+1","floor":31},{"not_picked":["Tough+1"],"picked":"Spore+1","floor":35},{"not_picked":["Madness"],"picked":"Finesse","floor":37},{"not_picked":["Laetitia","MHz"],"picked":"BigBird","floor":39},{"not_picked":["Tough","Diffraction"],"picked":"SKIP","floor":39},{"not_picked":["Harvest"],"picked":"Beak+1","floor":40},{"not_picked":["ShedSkin"],"picked":"SomewhereSpear+1","floor":44},{"not_picked":["FourthMatchFlame+1","Lantern"],"picked":"SKIP","floor":45},{"not_picked":["CherryBlossom"],"picked":"GreenStem+1","floor":47},{"not_picked":["CrimsonScar+1"],"picked":"Moonlight+1","floor":48}],"player_experience":58864,"relics_obtained":[{"floor":1,"key":"LetterFromLob"},{"floor":9,"key":"Bottled Flame"},{"floor":17,"key":"Blood Vial"},{"floor":17,"key":"Pantograph"},{"floor":17,"key":"Peace Pipe"},{"floor":24,"key":"Lantern"},{"floor":26,"key":"Bag of Preparation"},{"floor":27,"key":"Mango"},{"floor":31,"key":"AtMidnight"},{"floor":40,"key":"Juzu Bracelet"},{"floor":43,"key":"TungstenRod"}],"event_choices":[{"damage_healed":0,"gold_gain":0,"player_choice":"Ignored","damage_taken":0,"max_hp_gain":0,"max_hp_loss":0,"event_name":"WeMeetAgain","floor":2,"gold_loss":0},{"damage_healed":0,"gold_gain":0,"player_choice":"Opened","damage_taken":0,"relics_obtained":["Eternal Feather"],"max_hp_gain":0,"max_hp_loss":0,"event_name":"The Mausoleum","floor":30,"gold_loss":0,"cards_obtained":["Writhe"]},{"damage_healed":0,"gold_gain":0,"player_choice":"Memory 1","damage_taken":0,"max_hp_gain":0,"max_hp_loss":0,"event_name":"SensoryStone","floor":37,"gold_loss":0},{"damage_healed":0,"gold_gain":0,"player_choice":"Copied","damage_taken":0,"max_hp_gain":0,"max_hp_loss":0,"event_name":"Duplicator","floor":38,"gold_loss":0,"cards_obtained":["SecurityCode"]},{"cards_removed":["Soda"],"damage_healed":0,"gold_gain":0,"player_choice":"Removed Power","damage_taken":0,"max_hp_gain":0,"max_hp_loss":0,"event_name":"Falling","floor":41,"gold_loss":0}],"is_beta":false,"boss_relics":[{"not_picked":["Snecko Eye","Tiny House"],"picked":"Calling Bell"},{"not_picked":["Astrolabe","Runic Dome"],"picked":"Coffee Dripper"}],"items_purged_floors":[5],"is_endless":false,"potions_floor_spawned":[4,12,16,24,31,33,39,40,44,48],"killed_by":"Awakened One","ascension_level":0}}