{"host":"ej72cplobca8grby","time":1612866828,"event":{"mods":["BaseMod","Downfall","Minty Spire (QoL Compilation)","StSLib"],"gold_per_floor":[99,119,133,147,147,47,71,71,71,106,118,118,137,467,477,477,477,477],"floor_reached":16,"language":"ENG","playtime":895,"items_purged":[],"score":118,"play_id":"ca9e53cd-9285-4d12-b3a8-1b602a078d89","local_time":"20210209123348","is_ascension_mode":true,"campfire_choices":[{"floor":1,"key":"RECALL"},{"data":"bronze:Goto","floor":6,"key":"SMITH"},{"data":"bronze:Replicate","floor":8,"key":"SMITH"},{"data":"bronze:MaxOutput","floor":12,"key":"SMITH"}],"circlet_count":0,"master_deck":["bronze:Strike","bronze:Strike","bronze:Strike","bronze:Defend","bronze:Defend","bronze:Defend","bronze:Replicate+1","bronze:Goto+1","bronze:BronzeArmor","bronze:AlphaBuild","bronze:Frontload","bronze:Optimize","bronze:MaxOutput+1"],"relics":["bronze:BronzeCore","downfall:HeartBlessingRed","bronze:BottledCode","Bottled Tornado","Old Coin"],"acts_visited":["Exordium"],"potions_floor_usage":[16,16],"damage_taken":[{"damage":6,"enemies":"Jaw Worm","floor":2,"turns":2},{"damage":0,"enemies":"2 Louse","floor":3,"turns":3},{"damage":2,"enemies":"Small Slimes","floor":4,"turns":4},{"damage":3,"enemies":"Gremlin Nob","floor":10,"turns":3},{"damage":7,"enemies":"Blue Slaver","floor":11,"turns":3},{"damage":0,"enemies":"Exordium Thugs","floor":13,"turns":5},{"damage":8,"enemies":"Lagavulin","floor":14,"turns":7},{"damage":0,"enemies":"3 Louse","floor":15,"turns":4},{"damage":44,"enemies":"IC_STATUS_ARCHETYPE","floor":16,"turns":13}],"seed_played":"3146426871519245374","potions_obtained":[{"floor":10,"key":"Weak Potion"},{"floor":13,"key":"GamblersBrew"},{"floor":14,"key":"bronze:FreeFunctionsPotion"}],"is_trial":false,"path_per_floor":["R","M","M","M","?","R","T","R","?","E","M","R","M","E","M","B"],"character_chosen":"THE_AUTOMATON","items_purchased":[],"campfire_rested":0,"item_purchase_floors":[],"current_hp_per_floor":[63,57,57,55,60,60,60,60,58,55,48,48,48,40,40,0,0,0],"gold":477,"neow_bonus":"TRANSFORM_TWO_CARDS","is_daily":false,"chose_seed":false,"campfire_upgraded":3,"win_rate":0.0,"timestamp":1612866828,"path_taken":["R","M","M","M","?","R","T","R","?","E","M","R","M","E","M","BOSS"],"items_purchased_type":[],"build_version":"2020-12-22","purchased_purges":0,"victory":false,"max_hp_per_floor":[63,63,63,63,68,68,68,68,58,58,58,58,58,58,58,58,58,58],"card_choices":[{"not_picked":["bronze:BuggyMess","bronze:Iterate"],"picked":"bronze:Frontload","floor":2},{"not_picked":["bronze:Iterate","bronze:CloningBeam"],"picked":"bronze:Optimize","floor":3},{"not_picked":["bronze:ChosenStrike","bronze:Constructor","bronze:DelayedSlice"],"picked":"SKIP","floor":4},{"not_picked":["bronze:OilSpill","bronze:DelayedSlice","bronze:DarkDash"],"picked":"SKIP","floor":10},{"not_picked":["bronze:ChildClass","bronze:WildBeam"],"picked":"bronze:MaxOutput","floor":11},{"not_picked":["bronze:DigitalCarnage","bronze:Repair","bronze:Turbo"],"picked":"SKIP","floor":13},{"not_picked":["bronze:WhirlingStrike","bronze:Backtrace","bronze:ChildClass"],"picked":"SKIP","floor":14},{"not_picked":["bronze:BitShift","bronze:Separator","bronze:ChildClass"],"picked":"SKIP","floor":15}],"player_experience":1216648,"relics_obtained":[{"floor":10,"key":"Bottled Tornado"},{"floor":14,"key":"Old Coin"}],"event_choices":[{"damage_healed":0,"gold_gain":0,"player_choice":"Donut","damage_taken":0,"max_hp_gain":5,"max_hp_loss":0,"event_name":"Big Fish","floor":5,"gold_loss":0}],"is_beta":false,"boss_relics":[],"items_purged_floors":[],"is_endless":false,"potions_floor_spawned":[10,13,14,15],"killed_by":"IC_STATUS_ARCHETYPE","ascension_level":1}}