{"host":"kpyf5rnb72uwap8k","time":1612875355,"event":{"mods":["AchievementEnabler","BaseMod","Colored Map","Colored Powertips","DeckTracker","Minty Spire (QoL Compilation)","Permanent Neow","Quick Restart","StSLib","SuperFastMode"],"gold_per_floor":[111,123,298,298,313,341,33,57,84,113,113,130,150,165,165,165,165,183,5,5,5,5,5,36,36,115,131,146,161,189,202,202,202,202],"floor_reached":33,"language":"KOR","playtime":835,"items_purged":["Strike_B","Strike_B"],"score":327,"play_id":"94fde619-ccbf-4a63-8562-771433aa17e7","local_time":"20210209215555","is_ascension_mode":true,"campfire_choices":[{"floor":11.0,"key":"REST"},{"floor":15.0,"key":"REST"},{"data":"Static Discharge","floor":23.0,"key":"SMITH"},{"floor":25.0,"key":"REST"},{"floor":32.0,"key":"REST"}],"circlet_count":0,"master_deck":["Strike_B","Strike_B","Defend_B","Defend_B","Defend_B","Defend_B","Zap","Dualcast","Biased Cognition","Blizzard","Gash","White Noise","Hologram","Self Repair","Static Discharge","Glacier","Heatsinks","Loop+1","Storm","Static Discharge+1","Auto Shields+1","Biased Cognition","Storm","Auto Shields"],"relics":["Cracked Core","Oddly Smooth Stone","PreservedInsect","Art of War","Lantern","Potion Belt","Black Star","Boot","Dream Catcher","Cables","Peace Pipe","Ice Cream"],"acts_visited":["Exordium","TheCity"],"potions_floor_usage":[33,33],"damage_taken":[{"damage":1.0,"enemies":"Cultist","floor":1.0,"turns":3.0},{"damage":12.0,"enemies":"Jaw Worm","floor":2.0,"turns":3.0},{"damage":0.0,"enemies":"2 Louse","floor":5.0,"turns":2.0},{"damage":16.0,"enemies":"3 Sentries","floor":6.0,"turns":4.0},{"damage":20.0,"enemies":"Lagavulin","floor":10.0,"turns":4.0},{"damage":6.0,"enemies":"Large Slime","floor":12.0,"turns":6.0},{"damage":6.0,"enemies":"2 Fungi Beasts","floor":13.0,"turns":3.0},{"damage":6.0,"enemies":"Exordium Wildlife","floor":14.0,"turns":3.0},{"damage":58.0,"enemies":"The Guardian","floor":16.0,"turns":13.0},{"damage":14.0,"enemies":"Spheric Guardian","floor":18.0,"turns":4.0},{"damage":34.0,"enemies":"Gremlin Leader","floor":24.0,"turns":4.0},{"damage":12.0,"enemies":"Chosen","floor":27.0,"turns":3.0},{"damage":18.0,"enemies":"Shelled Parasite and Fungi","floor":28.0,"turns":4.0},{"damage":6.0,"enemies":"Cultist and Chosen","floor":29.0,"turns":3.0},{"damage":12.0,"enemies":"Book of Stabbing","floor":30.0,"turns":3.0},{"damage":18.0,"enemies":"3 Cultists","floor":31.0,"turns":4.0},{"damage":48,"enemies":"Champ","floor":33,"turns":6}],"seed_played":"-6260744899733083050","potions_obtained":[{"floor":2.0,"key":"Block Potion"},{"floor":5.0,"key":"FocusPotion"},{"floor":10.0,"key":"Energy Potion"},{"floor":12.0,"key":"Weak Potion"},{"floor":18.0,"key":"Fruit Juice"},{"floor":28.0,"key":"Energy Potion"},{"floor":31.0,"key":"LiquidBronze"}],"is_trial":false,"path_per_floor":["M","M","?","?","M","E","$","T","T","E","R","M","M","M","R","B",null,"M","$","?","?","?","R","E","R","T","M","M","M","E","M","R","B"],"character_chosen":"DEFECT","items_purchased":["Self Repair","PreservedInsect","Storm"],"campfire_rested":4,"item_purchase_floors":[7,7,19],"current_hp_per_floor":[67,55,55,55,55,39,39,39,39,26,46,47,48,49,68,17,68,61,61,61,61,61,61,34,54,54,42,31,32,27,16,36,0,0],"gold":202,"neow_bonus":"THREE_RARE_CARDS","is_daily":false,"chose_seed":false,"campfire_upgraded":1,"win_rate":0.0,"timestamp":1612875355,"path_taken":["M","M","?","?","M","E","$","?","T","E","R","M","M","M","R","BOSS","M","$","?","?","?","R","E","R","T","M","M","M","E","M","R","BOSS"],"items_purchased_type":["Card","Relic","Card"],"build_version":"2020-12-22","purchased_purges":2,"victory":false,"max_hp_per_floor":[68,68,68,68,68,68,68,68,68,68,68,68,68,68,68,68,68,68,68,68,68,68,68,68,68,68,68,68,68,68,68,68,73,73],"card_choices":[{"not_picked":["Hyperbeam","Echo Form"],"picked":"Biased Cognition","floor":0.0},{"not_picked":["Leap","Barrage"],"picked":"Blizzard","floor":1.0},{"not_picked":["Go for the Eyes","Turbo"],"picked":"Gash","floor":2.0},{"not_picked":["Cold Snap","Steam Power"],"picked":"White Noise","floor":5.0},{"not_picked":["Lockon","Beam Cell"],"picked":"Hologram","floor":6.0},{"not_picked":["Sunder","Go for the Eyes"],"picked":"Static Discharge","floor":10.0},{"not_picked":["Genetic Algorithm","Fusion","Leap"],"picked":"SKIP","floor":12.0},{"not_picked":["Redo","Hologram"],"picked":"Glacier","floor":13.0},{"not_picked":["Hologram","Sweeping Beam"],"picked":"Heatsinks","floor":14.0},{"not_picked":["Turbo","Chill+1"],"picked":"Loop+1","floor":18.0},{"not_picked":["Defragment","Capacitor"],"picked":"Auto Shields+1","floor":24.0},{"not_picked":["Recycle+1","Hyperbeam","White Noise"],"picked":"SKIP","floor":27.0},{"not_picked":["Go for the Eyes","Rebound","Heatsinks"],"picked":"SKIP","floor":28.0},{"not_picked":["Gash+1","Beam Cell+1"],"picked":"Biased Cognition","floor":29.0},{"not_picked":["Barrage","Compile Driver","Beam Cell"],"picked":"SKIP","floor":30.0},{"not_picked":["Blizzard","Consume+1"],"picked":"Storm","floor":31.0},{"not_picked":["Turbo","Stack+1"],"picked":"Auto Shields","floor":32.0}],"player_experience":263194,"relics_obtained":[{"floor":6.0,"key":"Oddly Smooth Stone"},{"floor":8.0,"key":"Art of War"},{"floor":9.0,"key":"Lantern"},{"floor":10.0,"key":"Potion Belt"},{"floor":24.0,"key":"Boot"},{"floor":24.0,"key":"Dream Catcher"},{"floor":26.0,"key":"Cables"},{"floor":30.0,"key":"Peace Pipe"},{"floor":30.0,"key":"Ice Cream"}],"event_choices":[{"damage_healed":0.0,"max_hp_gain":0.0,"max_hp_loss":0.0,"gold_gain":175.0,"event_name":"Liars Game","player_choice":"AGREE","floor":3.0,"gold_loss":0.0,"damage_taken":0.0,"cards_obtained":["Doubt"]},{"cards_removed":["Doubt"],"damage_healed":0.0,"max_hp_gain":0.0,"max_hp_loss":0.0,"gold_gain":0.0,"event_name":"Living Wall","player_choice":"Forget","floor":4.0,"gold_loss":0.0,"damage_taken":0.0},{"damage_healed":0.0,"max_hp_gain":0.0,"max_hp_loss":0.0,"gold_gain":0.0,"event_name":"The Library","player_choice":"Read","floor":20.0,"gold_loss":0.0,"damage_taken":0.0,"cards_obtained":["Static Discharge"]},{"damage_healed":0.0,"max_hp_gain":0.0,"max_hp_loss":0.0,"gold_gain":0.0,"event_name":"Ghosts","player_choice":"Ignored","floor":21.0,"gold_loss":0.0,"damage_taken":0.0}],"is_beta":false,"boss_relics":[{"not_picked":["Inserter","Snecko Eye"],"picked":"Black Star"}],"items_purged_floors":[7,19],"is_endless":false,"potions_floor_spawned":[2,5,10,12,16,18,28,31],"killed_by":"Champ","ascension_level":2}}