{"host":"sc0o2qwpf9j16a4i","time":1612872428,"event":{"mods":["AchievementEnabler","BaseMod","BetterRewards","Block Reminder","Colored Map","Colored Powertips","Custom Start","Highlight Path","Minty Spire (QoL Compilation)","Relic Stats"],"gold_per_floor":[117,132,307,307,307,346,359,402,402,436,436,479,554,579,579,724,724,749,749,659,678,678,722,738,778,778,816,816,1159,1174,1210,1210,1341,1341,1365,1379,759,822,840,884,884,922,922,953,953,987,1000,1033,1033,1033],"floor_reached":51,"language":"ENG","playtime":3167,"items_purged":["Injury"],"score":1467,"play_id":"8f87128e-7384-4ad5-9e9a-002376ec1801","local_time":"20210209140708","daily_mods":["Shiny","Diverse","Elite Swarm"],"is_ascension_mode":false,"campfire_choices":[{"floor":11,"key":"REST"},{"floor":15,"key":"REST"},{"data":"Corruption","floor":28,"key":"SMITH"},{"floor":32,"key":"REST"},{"data":"Wraith Form v2","floor":41,"key":"SMITH"},{"floor":49,"key":"REST"}],"circlet_count":0,"master_deck":["Judgement","ConjureBlade","MasterReality","Brilliance","Devotion","Blasphemy","Ragnarok","LessonLearned","Scrawl","Vault+1","Alpha","Wish","Omniscience","Establishment","SpiritShield","DevaForm","DeusExMachina","Multi-Cast","Hyperbeam","Thunder Strike","Biased Cognition","Machine Learning","Electrodynamics+1","Buffer","Rainbow","Seek","Meteor Strike","Echo Form","All For One","Reboot","Amplify","Creative AI","Fission","Core Surge","Venomology","Corpse Explosion","Malaise","Phantasmal Killer","Die Die Die","Adrenaline","Envenom","Doppelganger","Burst","Wraith Form v2+1","Tools of the Trade","Night Terror","Unload","After Image","Bullet Time","Storm of Steel","Glass Knife","A Thousand Cuts","Grand Finale","Double Tap","Demon Form","Bludgeon","Feed","Limit Break","Corruption+1","Barricade","Fiend Fire","Berserk","Impervious","Juggernaut","Brutality","Reaper","Exhume","Offering","Immolate","BootSequence","Adrenaline","Coolheaded","Seek","Battle Trance","True Grit","Reaper","Buffer","Vault","Seek","After Image","Armaments","Malaise","Disarm","PanicButton","DeceiveReality+1","Seek","Machine Learning","Omniscience","Barricade","Seeing Red+1"],"relics":["Ring of the Snake","Golden Idol","Lantern","Dead Branch","StoneCalendar","Meat on the Bone","Dream Catcher","MealTicket","Bag of Marbles","Empty Cage","PreservedInsect","Bronze Scales","Question Card","Gremlin Horn","Art of War","Old Coin","Snake Skull","SlaversCollar","OrangePellets","Tough Bandages","Torii","Bottled Tornado","Pen Nib","Thread and Needle","Calipers","Blue Candle","Regal Pillow","Gambling Chip"],"acts_visited":["Exordium","TheCity","TheBeyond"],"potions_floor_usage":[12,12,16,24,24,25,33,35,40,42,42,47,48,50],"damage_taken":[{"damage":0,"enemies":"Cultist","floor":1,"turns":2},{"damage":0,"enemies":"Jaw Worm","floor":2,"turns":1},{"damage":22,"enemies":"Lagavulin","floor":6,"turns":8},{"damage":0,"enemies":"2 Louse","floor":7,"turns":2},{"damage":0,"enemies":"3 Sentries","floor":8,"turns":1},{"damage":1,"enemies":"Gremlin Nob","floor":10,"turns":3},{"damage":15,"enemies":"3 Sentries","floor":12,"turns":7},{"damage":45,"enemies":"Hexaghost","floor":16,"turns":7},{"damage":0,"enemies":"3 Byrds","floor":18,"turns":4},{"damage":0,"enemies":"Shell Parasite","floor":21,"turns":1},{"damage":0,"enemies":"Slavers","floor":23,"turns":1},{"damage":0,"enemies":"Centurion and Healer","floor":24,"turns":4},{"damage":0,"enemies":"Gremlin Leader","floor":25,"turns":2},{"damage":0,"enemies":"Book of Stabbing","floor":27,"turns":5},{"damage":0,"enemies":"Slavers","floor":29,"turns":1},{"damage":34,"enemies":"Sentry and Sphere","floor":30,"turns":5},{"damage":0,"enemies":"Book of Stabbing","floor":31,"turns":1},{"damage":0,"enemies":"Champ","floor":33,"turns":7},{"damage":22,"enemies":"3 Shapes","floor":35,"turns":3},{"damage":0,"enemies":"Orb Walker","floor":36,"turns":1},{"damage":0,"enemies":"Mind Bloom Boss Battle","floor":38,"turns":1},{"damage":30,"enemies":"Sphere and 2 Shapes","floor":39,"turns":5},{"damage":0,"enemies":"Reptomancer","floor":40,"turns":5},{"damage":0,"enemies":"Giant Head","floor":42,"turns":4},{"damage":0,"enemies":"Nemesis","floor":44,"turns":4},{"damage":0,"enemies":"Reptomancer","floor":46,"turns":3},{"damage":0,"enemies":"Maw","floor":47,"turns":5},{"damage":3,"enemies":"Giant Head","floor":48,"turns":3},{"damage":0,"enemies":"Time Eater","floor":50,"turns":8}],"seed_played":"-2261472652904348389","potions_obtained":[{"floor":6,"key":"Swift Potion"},{"floor":8,"key":"SkillPotion"},{"floor":10,"key":"Energy Potion"},{"floor":23,"key":"AttackPotion"},{"floor":27,"key":"Ancient Potion"},{"floor":31,"key":"Block Potion"},{"floor":33,"key":"SteroidPotion"},{"floor":35,"key":"PowerPotion"},{"floor":44,"key":"Energy Potion"},{"floor":48,"key":"PowerPotion"}],"is_trial":true,"path_per_floor":["M","M","?","?","?","E","M","E","T","E","R","E","?","T","R","B",null,"M","?","?","M","$","E","M","E","T","E","R","E","M","E","R","B",null,"M","M","$","?","M","E","R","E","T","E","T","E","M","E","R","B",null],"character_chosen":"THE_SILENT","items_purchased":["OrangePellets","Tough Bandages","PanicButton"],"campfire_rested":4,"item_purchase_floors":[37,37,37],"current_hp_per_floor":[70,70,70,70,70,48,48,48,48,47,68,57,46,46,67,34,70,73,73,73,73,73,73,73,73,73,76,76,76,42,42,64,64,76,54,54,69,69,39,62,62,76,76,76,76,79,79,76,79,79],"gold":1033,"neow_bonus":"","is_daily":false,"chose_seed":false,"campfire_upgraded":2,"win_rate":0.0,"timestamp":1612872428,"path_taken":["M","M","?","?","?","E","?","E","T","E","R","E","?","?","R","BOSS","M","?","?","?","$","E","M","E","T","E","R","E","M","E","R","BOSS","M","M","$","?","M","E","R","E","T","E","?","E","M","E","R","BOSS"],"items_purchased_type":["Relic","Relic","Card"],"build_version":"2020-12-22","purchased_purges":1,"victory":true,"max_hp_per_floor":[70,70,70,70,70,70,70,70,70,70,70,70,70,70,70,70,70,73,73,73,73,73,73,73,73,73,76,76,76,76,76,76,76,76,76,76,76,76,76,76,76,76,76,76,76,79,79,79,79,79],"relic_stats":{"Regal Pillow":0,"Gremlin Horn":[12,12],"Torii":0,"counters":[29,104],"Golden Idol":232,"Dead Branch":[404],"Blue Candle":[0],"StoneCalendar":[101],"PreservedInsect":619,"Snake Skull":[54],"Pen Nib":[4],"Question Card":17,"OrangePellets":[8],"Dream Catcher":4,"Tough Bandages":[114],"Bronze Scales":[122],"Gambling Chip":[3],"MealTicket":15,"Art of War":[10],"obtain_stats":[{"Lantern":5,"Regal Pillow":46,"Calipers":44,"Gremlin Horn":26,"Torii":38,"StoneCalendar":8,"Snake Skull":31,"Bottled Tornado":40,"Empty Cage":17,"Old Coin":29,"Dream Catcher":10,"Tough Bandages":37,"Gambling Chip":48,"MealTicket":12,"Ring of the Snake":0,"Golden Idol":4,"Dead Branch":6,"Blue Candle":45,"Thread and Needle":43,"PreservedInsect":19,"Pen Nib":42,"Question Card":25,"SlaversCollar":34,"OrangePellets":37,"Bronze Scales":23,"Bag of Marbles":14,"Art of War":27,"Meat on the Bone":9},{"Lantern":2,"Regal Pillow":26,"Calipers":25,"Gremlin Horn":13,"Torii":21,"StoneCalendar":5,"Snake Skull":17,"Bottled Tornado":23,"Empty Cage":8,"Old Coin":15,"Dream Catcher":6,"Tough Bandages":20,"Gambling Chip":28,"MealTicket":7,"Ring of the Snake":0,"Golden Idol":2,"Dead Branch":3,"Blue Candle":25,"Thread and Needle":24,"PreservedInsect":9,"Pen Nib":24,"Question Card":13,"SlaversCollar":18,"OrangePellets":20,"Bronze Scales":11,"Bag of Marbles":7,"Art of War":14,"Meat on the Bone":5},{"Lantern":3,"Regal Pillow":88,"Calipers":85,"Gremlin Horn":43,"Torii":67,"StoneCalendar":14,"Snake Skull":55,"Bottled Tornado":77,"Empty Cage":31,"Old Coin":49,"Dream Catcher":17,"Tough Bandages":66,"Gambling Chip":96,"MealTicket":24,"Ring of the Snake":0,"Golden Idol":3,"Dead Branch":11,"Blue Candle":85,"Thread and Needle":81,"PreservedInsect":35,"Pen Nib":81,"Question Card":43,"SlaversCollar":62,"OrangePellets":66,"Bronze Scales":37,"Bag of Marbles":24,"Art of War":48,"Meat on the Bone":14}],"Ring of the Snake":[58],"Meat on the Bone":12},"card_choices":[{"not_picked":["Warcry","Leap","PathToVictory"],"picked":"SKIP","floor":1},{"not_picked":["Blizzard","Compile Driver","Cleave"],"picked":"SKIP","floor":2},{"not_picked":["Immolate","Storm of Steel","Wraith Form v2"],"picked":"SKIP","floor":6},{"not_picked":["CutThroughFate","Blade Dance"],"picked":"BootSequence","floor":7},{"not_picked":["Electrodynamics","Blasphemy","Tools of the Trade"],"picked":"SKIP","floor":8},{"not_picked":["Rainbow","Berserk","Doppelganger"],"picked":"SKIP","floor":10},{"not_picked":["LessonLearned","Juggernaut"],"picked":"Adrenaline","floor":12},{"not_picked":["BowlingBash","Reinforced Body"],"picked":"Coolheaded","floor":15},{"not_picked":["Unload","Bludgeon"],"picked":"Seek","floor":16},{"not_picked":["Body Slam","Consume"],"picked":"Battle Trance","floor":18},{"not_picked":["BowlingBash","Warcry"],"picked":"True Grit","floor":21},{"not_picked":["Thunder Strike","Brutality"],"picked":"Reaper","floor":23},{"not_picked":["Redo+1","Halt+1","Go for the Eyes"],"picked":"SKIP","floor":24},{"not_picked":["Doppelganger","Brilliance"],"picked":"Buffer","floor":25},{"not_picked":["Burst","Double Tap","Alpha"],"picked":"Vault","floor":27},{"not_picked":["Juggernaut","After Image","Wraith Form v2"],"picked":"Seek","floor":29},{"not_picked":["Anger+1","Defragment","Havoc","Dodge and Roll"],"picked":"SKIP","floor":30},{"not_picked":["Glass Knife","Demon Form","Machine Learning"],"picked":"After Image","floor":31},{"not_picked":["FlyingSleeves","Second Wind","Metallicize"],"picked":"Armaments","floor":32},{"not_picked":["Envenom","Die Die Die","All For One"],"picked":"Malaise","floor":33},{"not_picked":["FlyingSleeves","Turbo","Genetic Algorithm"],"picked":"Disarm","floor":35},{"not_picked":["Dropkick","Steam+1","Headbutt","Chaos"],"picked":"SKIP","floor":36},{"not_picked":["FlurryOfBlows+1","Turbo","Anger+1"],"picked":"DeceiveReality+1","floor":39},{"not_picked":["Rainbow","Machine Learning","Establishment"],"picked":"Seek","floor":40},{"not_picked":["Double Tap","Buffer","Envenom","Rainbow"],"picked":"SKIP","floor":42},{"not_picked":["Storm of Steel","Reboot","Envenom"],"picked":"Machine Learning","floor":44},{"not_picked":["Barricade","Buffer","Impervious"],"picked":"Omniscience","floor":46},{"not_picked":["Headbutt","Thunderclap","Perfected Strike+1","SashWhip"],"picked":"SKIP","floor":47},{"not_picked":["Bludgeon","Die Die Die","Machine Learning"],"picked":"Barricade","floor":48},{"not_picked":["Infernal Blade","Searing Blow","EmptyFist"],"picked":"Seeing Red+1","floor":49}],"player_experience":1289450,"relics_obtained":[{"floor":6,"key":"Dead Branch"},{"floor":8,"key":"StoneCalendar"},{"floor":9,"key":"Meat on the Bone"},{"floor":10,"key":"Dream Catcher"},{"floor":12,"key":"MealTicket"},{"floor":14,"key":"Bag of Marbles"},{"floor":23,"key":"Bronze Scales"},{"floor":25,"key":"Question Card"},{"floor":26,"key":"Gremlin Horn"},{"floor":27,"key":"Art of War"},{"floor":29,"key":"Old Coin"},{"floor":31,"key":"Snake Skull"},{"floor":38,"key":"Torii"},{"floor":40,"key":"Bottled Tornado"},{"floor":42,"key":"Pen Nib"},{"floor":43,"key":"Thread and Needle"},{"floor":44,"key":"Calipers"},{"floor":45,"key":"Blue Candle"},{"floor":46,"key":"Regal Pillow"},{"floor":48,"key":"Gambling Chip"}],"event_choices":[{"damage_healed":0,"gold_gain":175,"player_choice":"AGREE","damage_taken":0,"max_hp_gain":0,"max_hp_loss":0,"event_name":"Liars Game","floor":3,"gold_loss":0,"cards_obtained":["Doubt"]},{"damage_healed":0,"gold_gain":0,"player_choice":"Take Wound","damage_taken":0,"relics_obtained":["Golden Idol"],"max_hp_gain":0,"max_hp_loss":0,"event_name":"Golden Idol","floor":4,"gold_loss":0,"cards_obtained":["Injury"]},{"damage_healed":0,"gold_gain":0,"player_choice":"Box","damage_taken":0,"relics_obtained":["Lantern"],"max_hp_gain":0,"max_hp_loss":0,"event_name":"Big Fish","floor":5,"gold_loss":0,"cards_obtained":["Regret"]},{"damage_healed":0,"gold_gain":75,"player_choice":"Gather Gold","damage_taken":11,"max_hp_gain":0,"max_hp_loss":0,"event_name":"World of Goop","floor":13,"gold_loss":0},{"damage_healed":0,"gold_gain":0,"player_choice":"Opened","damage_taken":0,"relics_obtained":["PreservedInsect"],"max_hp_gain":0,"max_hp_loss":0,"event_name":"The Mausoleum","floor":19,"gold_loss":0,"cards_obtained":["Writhe"]},{"cards_removed":["Writhe"],"damage_healed":0,"gold_gain":0,"player_choice":"Upgrade and Remove","damage_taken":0,"max_hp_gain":0,"max_hp_loss":0,"event_name":"Designer","floor":20,"gold_loss":90,"cards_upgraded":["Vault"]},{"damage_healed":0,"gold_gain":0,"player_choice":"Fight","damage_taken":0,"max_hp_gain":0,"max_hp_loss":0,"event_name":"MindBloom","floor":38,"gold_loss":0}],"is_beta":false,"boss_relics":[{"not_picked":["WristBlade","Fusion Hammer"],"picked":"Empty Cage"},{"not_picked":["Cursed Key","Runic Dome"],"picked":"SlaversCollar"}],"items_purged_floors":[37],"is_endless":false,"potions_floor_spawned":[6,8,10,23,27,31,33,35,40,44,46,48],"ascension_level":0}}