{"host":"e5u7qs1emxzejr12","time":1612883219,"event":{"mods":["100% Spire Juice","2.2 Compatiblity","Act Like it!","Arknights","Ascension Unlocker","BaseMod","CapriCore","Card Forge","Colored Powertips","Custom Start","GifTheSpireLib","Highlight Path","Marisa（F雨　魔理沙）","Minty Spire (QoL Compilation)","Monster B Gone","MostiFishMod","Quick Restart","Relic Filter Mod","Reliquary","Replay The Spire","StSLib","SuperFastMode","The Animator","The Blackbeard","WarShipGirlsR/战舰少女R mod","篝火指南"],"gold_per_floor":[109,109,109,109,171,212,232,61,110,190,34,57,73,117,117,213,213,224,259,259,259,273,310,321,351,351,351,365,376,231,231],"floor_reached":30,"language":"ZHS","playtime":1837,"items_purged":[],"score":355,"play_id":"c1761e52-366e-4697-b452-2145f39c8aea","local_time":"20210209230659","is_ascension_mode":false,"campfire_choices":[{"floor":15.0,"key":"RECALL"}],"circlet_count":0,"master_deck":["animator:DolaSchwi+1","animator:DolaCouronne+1","animator:Zero+1","animator:HarukoHaruhara+1","Pot Of Greed+1","Pot Of Greed+1","animator:FielNirvalen+1","animator:Sora+1","animator:Jibril+1","animator:Shiro+1","animator:DolaCouronne+1","animator:Tet+1","animator:Sora+1","Pot Of Greed+1","animator:DolaSchwi+1"],"relics":["animator:LivingPicture","animator:TheMissingPiece","Hammer of Thor","Seething Fire","Anvil of the Gods","DaveBox","animator:PurgingStone","BirthdayGift-Tetrahedron","NeowsBlessing","SynthV:TestCard","ReplayTheSpireMod:CursedCoin","Snack Pack","Grinning Jar","Toxic Egg 2","Snecko Heart","Enchiridion","Red Skull","Blue Candle","Chameleon Ring","reliquary:SilkGlove","Civilization"],"acts_visited":["Exordium","TheCity"],"potions_floor_usage":[],"damage_taken":[{"damage":0.0,"enemies":"Small Slimes","floor":1.0,"turns":1.0},{"damage":0.0,"enemies":"Gremlin Nob","floor":6.0,"turns":1.0},{"damage":0.0,"enemies":"Jaw Worm","floor":7.0,"turns":1.0},{"damage":0.0,"enemies":"Cultist","floor":12.0,"turns":2.0},{"damage":0.0,"enemies":"Blue Slaver","floor":13.0,"turns":2.0},{"damage":0.0,"enemies":"Lagavulin","floor":14.0,"turns":3.0},{"damage":12.0,"enemies":"Hexaghost","floor":16.0,"turns":4.0},{"damage":2.0,"enemies":"Chosen","floor":18.0,"turns":3.0},{"damage":0.0,"enemies":"Spheric Guardian","floor":19.0,"turns":2.0},{"damage":6.0,"enemies":"Cultist and Chosen","floor":22.0,"turns":3.0},{"damage":0.0,"enemies":"ERROR","floor":23.0,"turns":1.0},{"damage":2.0,"enemies":"Sentry and Sphere","floor":24.0,"turns":3.0},{"damage":10.0,"enemies":"Book of Stabbing","floor":25.0,"turns":2.0},{"damage":16,"enemies":"Shelled Parasite and Fungi","floor":28,"turns":3},{"damage":2,"enemies":"Snake Plant","floor":29,"turns":3}],"seed_played":"-3110951408680015232","potions_obtained":[{"floor":6.0,"key":"LiquidMemories"},{"floor":7.0,"key":"Elixir"},{"floor":14.0,"key":"Venom Potion"},{"floor":24.0,"key":"FairyPotion"}],"is_trial":false,"path_per_floor":["M","?","?","?","$","E","M","R","T","?","R","M","M","E","R","B",null,"M","M","?","?","M","E","M","E","T","?","M","M","$"],"character_chosen":"THE_ANIMATOR","items_purchased":["ReplayTheSpireMod:CursedCoin","animator:Zero","animator:HarukoHaruhara","Grinning Jar","Civilization"],"campfire_rested":0,"item_purchase_floors":[5,5,8,11,30],"current_hp_per_floor":[66,66,66,66,66,66,67,67,67,64,64,64,65,65,65,56,66,64,64,48,48,42,42,40,32,32,32,16,14,14,14],"gold":231,"neow_bonus":"THREE_ENEMY_KILL","is_daily":false,"chose_seed":false,"campfire_upgraded":0,"win_rate":0.0,"timestamp":1612883219,"path_taken":["M","?","?","?","?","E","?","R","T","?","R","M","M","E","R","BOSS","M","M","?","?","M","E","M","E","T","?","M","?","?"],"items_purchased_type":["Relic","Card","Card","Relic","Relic"],"build_version":"2020-12-22","purchased_purges":0,"victory":false,"max_hp_per_floor":[66,66,66,66,66,66,67,67,67,64,64,64,65,65,65,66,66,66,66,66,66,66,66,66,66,66,66,66,66,66,66],"card_choices":[{"not_picked":["animator:DolaRiku","animator:Verdia"],"picked":"animator:PandorasActor","floor":1.0},{"not_picked":["animator:Shigure","animator:Aisha","animator:Entoma","animator:YaoHaDucy"],"picked":"animator:Millim","floor":6.0},{"not_picked":["animator:Sebas","animator:Illya","animator:Nanami","animator:Mitsurugi"],"picked":"animator:Shuna","floor":7.0},{"not_picked":["animator:Jibril","animator:Tet","animator:IzunaHatsuse","animator:DolaRiku"],"picked":"animator:FielNirvalen","floor":12.0},{"not_picked":["animator:Tyuule","animator:Yoichi","animator:Chris","animator:Benimaru"],"picked":"animator:Sora","floor":13.0},{"not_picked":["animator:Vanir","animator:PandorasActor+1","animator:Azekura+1","animator:FeridBathory"],"picked":"animator:Jibril","floor":14.0},{"not_picked":["animator:HigakiRinne+1","animator:FeridBathory","animator:Ainz","animator:Saber"],"picked":"animator:Shiro","floor":16.0},{"not_picked":["animator:Alexander","animator:YunYun","animator:Tyuule+1","animator:Ain"],"picked":"animator:DolaCouronne+1","floor":18.0},{"not_picked":["animator:DolaCouronne+1","animator:Jibril","animator:DolaRiku+1","animator:DolaSchwi"],"picked":"animator:Tet+1","floor":19.0},{"not_picked":["animator:Mitsuba","animator:Mitsurugi","animator:Archer","animator:GazelDwargon"],"picked":"animator:Evileye+1","floor":22.0},{"not_picked":["animator:HigakiRinne+1","animator:Tet+1","animator:DolaRiku+1","animator:Nanami+1"],"picked":"animator:Shion","floor":23.0},{"not_picked":["animator:Elsword","animator:KrulTepes+1","animator:Emonzaemon","animator:DolaCouronne+1"],"picked":"animator:Evileye+1","floor":24.0},{"not_picked":["animator:Shalltear","animator:Cocytus","animator:PandorasActor+1","animator:Evileye+1"],"picked":"animator:NarberalGamma+1","floor":25.0},{"not_picked":[],"picked":"animator:Sora","floor":27.0},{"not_picked":["animator:TukaLunaMarceau+1","animator:Tet+1","animator:Shigure","animator:Mitsurugi"],"picked":"animator:Evileye+1","floor":28},{"not_picked":["animator:LeleiLaLalena+1","animator:DolaRiku+1","animator:Eris+1","animator:Caster+1"],"picked":"animator:DolaSchwi","floor":29}],"player_experience":108815,"relics_obtained":[{"floor":1.0,"key":"SynthV:TestCard"},{"floor":6.0,"key":"Snack Pack"},{"floor":14.0,"key":"Toxic Egg 2"},{"floor":20.0,"key":"Enchiridion"},{"floor":23.0,"key":"Blue Candle"},{"floor":25.0,"key":"Chameleon Ring"},{"floor":26.0,"key":"reliquary:SilkGlove"}],"event_choices":[{"damage_healed":0.0,"max_hp_gain":0.0,"max_hp_loss":0.0,"gold_gain":0.0,"event_name":"The Cleric","player_choice":"Leave","floor":4.0,"gold_loss":0.0,"damage_taken":0.0},{"damage_healed":0.0,"max_hp_gain":0.0,"max_hp_loss":0.0,"gold_gain":0.0,"event_name":"Cursed Tome","player_choice":"Obtained Book","floor":20.0,"gold_loss":0.0,"damage_taken":16.0},{"damage_healed":0.0,"max_hp_gain":0.0,"max_hp_loss":0.0,"gold_gain":0.0,"event_name":"The Mausoleum","player_choice":"Opened","floor":21.0,"gold_loss":0.0,"damage_taken":0.0,"relics_obtained":["Red Skull"],"cards_obtained":["Writhe"]}],"is_beta":false,"boss_relics":[{"not_picked":["Velvet Choker","Replay:Wanted Poster"],"picked":"Snecko Heart"}],"items_purged_floors":[],"is_endless":false,"potions_floor_spawned":[6,7,14,19,22,23,24],"ascension_level":0}}