{"host":"p7cjtxxrilhp4dw7","time":1612851873,"event":{"mods":["BaseMod","Block Reminder","Colored Map","Curses Come First","Highlight Path","Minty Spire (QoL Compilation)","Replay The Spire","StSLib"],"gold_per_floor":[115,115,190,204,179,179,191,224,224,224,224,254,254,274,274,372,372,386,386,386,159,172,200,200,218,218,158,191,191,268,284,284,388,438,448,466,466,516,529,557,557,591,617,617,635,661,661,688,688,688],"floor_reached":51,"language":"ENG","playtime":4677,"items_purged":["Blizzard+1"],"score":1524,"play_id":"04ada1e7-c019-44c1-ad64-12ef98389cf9","local_time":"20210208232433","is_ascension_mode":true,"campfire_choices":[{"floor":6,"key":"REST"},{"floor":10,"key":"REST"},{"data":"Go for the Eyes","floor":13,"key":"SMITH"},{"data":"Dualcast","floor":15,"key":"SMITH"},{"floor":24,"key":"REST"},{"floor":29,"key":"REST"},{"data":"Conserve Battery","floor":32,"key":"SMITH"},{"data":"1","floor":41,"key":"LIFT"},{"floor":44,"key":"REST"},{"data":"Defragment","floor":49,"key":"SMITH"},{"data":"Hologram","floor":49,"key":"SMITH"}],"circlet_count":0,"master_deck":["AscendersBane","Strike_B+1","Strike_B","Strike_B","Defend_B","Defend_B","Zap+1","Dualcast+1","Go for the Eyes+1","Leap","Conserve Battery+1","Buffer+1","Ball Lightning","Reboot+1","ReplaySolidLightProjector+1","Steam+1","Sweeping Beam+1","Beam Cell+1","Panic Button+1","Scrape+1","All For One+1","Defragment+1","Glacier","Replay:Bootleg Shield Generator","Hologram+1","Cold Snap+1","Fission+1","Dark Shackles"],"relics":["Cracked Core","Singing Bowl","Onion Ring","Replay:Ringing Soul","Golden Egg","Astrolabe","MutagenicStrength","Replay:Baseball","Bottled Lightning","Replay:Mystery Machine","White Beast Statue","Solar Panel","Tiny House","Ice Cream","Girya","The Courier","Gremlin Food","Replay:Arrowhead","Bag of Marbles"],"acts_visited":["Exordium","TheCity","TheBeyond"],"potions_floor_usage":[16,16,16,23,28,33,36,38,40,42,48,50],"damage_taken":[{"damage":0,"enemies":"2 Louse","floor":1,"turns":3},{"damage":0,"enemies":"Jaw Worm","floor":4,"turns":3},{"damage":2,"enemies":"Cultist","floor":7,"turns":4},{"damage":32,"enemies":"Gremlin Nob","floor":8,"turns":5},{"damage":0,"enemies":"Lagavulin","floor":12,"turns":6},{"damage":1,"enemies":"Looter","floor":14,"turns":3},{"damage":34,"enemies":"Fading Forest","floor":16,"turns":11},{"damage":6,"enemies":"3 Byrds","floor":18,"turns":4},{"damage":4,"enemies":"Spheric Guardian","floor":22,"turns":3},{"damage":46,"enemies":"Gremlin Leader","floor":23,"turns":9},{"damage":0,"enemies":"Snecko","floor":25,"turns":4},{"damage":23,"enemies":"Book of Stabbing","floor":28,"turns":6},{"damage":6,"enemies":"Chosen and Byrds","floor":31,"turns":5},{"damage":62,"enemies":"Collector","floor":33,"turns":13},{"damage":7,"enemies":"Orb Walker","floor":35,"turns":3},{"damage":31,"enemies":"3 Darklings","floor":36,"turns":7},{"damage":0,"enemies":"Mind Bloom Boss Battle","floor":38,"turns":5},{"damage":0,"enemies":"Transient","floor":39,"turns":5},{"damage":5,"enemies":"R_Hoarder","floor":40,"turns":8},{"damage":0,"enemies":"Nemesis","floor":42,"turns":7},{"damage":2,"enemies":"4 Shapes","floor":45,"turns":5},{"damage":0,"enemies":"Reptomancer","floor":46,"turns":4},{"damage":0,"enemies":"R_Hoarder","floor":48,"turns":6},{"damage":37,"enemies":"Awakened One","floor":50,"turns":12}],"seed_played":"-6395488165138497952","potions_obtained":[{"floor":7,"key":"EssenceOfSteel"},{"floor":8,"key":"EntropicBrew"},{"floor":16,"key":"FearPotion"},{"floor":18,"key":"SmokeBomb"},{"floor":25,"key":"Weak Potion"},{"floor":31,"key":"GamblersBrew"},{"floor":33,"key":"SkillPotion"},{"floor":35,"key":"FocusPotion"},{"floor":36,"key":"CultistPotion"},{"floor":38,"key":"Block Potion"},{"floor":39,"key":"PowerPotion"},{"floor":40,"key":"PowerPotion"},{"floor":42,"key":"Strength Potion"},{"floor":48,"key":"Energy Potion"}],"is_trial":false,"path_per_floor":["M","?","T","M","$","R","M","E","T","R","?","E","R","M","R","B",null,"M","?","?","$","M","E","R","M","T","?","E","R","T","M","R","B",null,"M","M","?","?","M","E","R","E","T","R","M","E","?","E","R","B",null],"character_chosen":"DEFECT","items_purchased":["Leap","Replay:Baseball"],"campfire_rested":5,"item_purchase_floors":[5,21],"current_hp_per_floor":[64,64,64,66,66,91,89,57,57,84,84,86,86,88,88,57,92,88,88,88,88,87,43,75,78,78,78,58,92,92,89,89,36,107,105,83,86,95,104,105,105,112,112,148,148,152,155,157,157,122],"gold":688,"neow_bonus":"TWENTY_PERCENT_HP_BONUS","is_daily":false,"chose_seed":false,"campfire_upgraded":5,"win_rate":0.0,"timestamp":1612851873,"path_taken":["M","?","?","M","$","R","?","E","T","R","?","E","R","M","R","BOSS","M","?","?","$","?","E","R","M","T","?","E","R","?","M","R","BOSS","M","M","?","?","M","E","R","E","T","R","M","E","?","E","R","BOSS"],"items_purchased_type":["Card","Relic"],"build_version":"2020-12-22","purchased_purges":1,"victory":true,"max_hp_per_floor":[89,89,89,91,91,91,91,91,91,91,91,93,93,96,96,99,102,104,104,104,104,107,109,109,112,112,112,115,115,115,118,118,121,128,131,134,137,140,143,145,145,148,148,148,150,152,155,157,157,157],"card_choices":[{"not_picked":["Steam","Fusion"],"picked":"Go for the Eyes","floor":1},{"not_picked":["Stack","Compile Driver","ReplayTheSpireMod:GoodbyeWorld"],"picked":"Singing Bowl","floor":4},{"not_picked":["Ball Lightning","Glacier"],"picked":"Conserve Battery","floor":7},{"not_picked":["Streamline","Hello World"],"picked":"Buffer","floor":8},{"not_picked":["Heatsinks","ReplayTheSpireMod:GoodbyeWorld","Conserve Battery"],"picked":"Singing Bowl","floor":12},{"not_picked":["Steam","Turbo"],"picked":"Ball Lightning","floor":14},{"not_picked":["Buffer","Rainbow"],"picked":"Reboot","floor":16},{"not_picked":["Redo","Darkness","ReplayGash"],"picked":"Singing Bowl","floor":18},{"not_picked":["ReplayTheSpireMod:Repulse","Rebound"],"picked":"Sweeping Beam+1","floor":22},{"not_picked":["Coolheaded","FIFO Queue+1","Conserve Battery"],"picked":"Singing Bowl","floor":23},{"not_picked":["Conserve Battery","Sunder"],"picked":"Beam Cell+1","floor":25},{"not_picked":["Turbo","Lockon"],"picked":"Panic Button","floor":28},{"not_picked":["Chaos","BasicCrystalCard"],"picked":"Scrape+1","floor":31},{"not_picked":["Buffer","Hyperbeam"],"picked":"All For One","floor":33},{"not_picked":["Leap","BasicCrystalCard","Skim"],"picked":"Singing Bowl","floor":34},{"not_picked":["Ball Lightning","Leap"],"picked":"Defragment","floor":35},{"not_picked":["Cold Snap","Beam Cell"],"picked":"Glacier","floor":36},{"not_picked":["HandOfGreed","ReplayTheSpireMod:Private Reserves"],"picked":"Replay:Bootleg Shield Generator","floor":37},{"not_picked":["Panic Button","Leap"],"picked":"Hologram","floor":38},{"not_picked":["BasicCrystalCard","Streamline"],"picked":"Cold Snap+1","floor":39},{"not_picked":["Coolheaded","Melter","Sunder"],"picked":"Singing Bowl","floor":40},{"not_picked":["Chaos","Beam Cell"],"picked":"Fission","floor":42},{"not_picked":["ReplaySolidLightProjector","Hologram","Panic Button"],"picked":"Singing Bowl","floor":45},{"not_picked":["Cold Snap+1","Rebound","Turbo"],"picked":"Singing Bowl","floor":46},{"not_picked":["ReplaySort+1","Gash","Doom and Gloom"],"picked":"Singing Bowl","floor":48}],"player_experience":591262,"relics_obtained":[{"floor":3,"key":"Singing Bowl"},{"floor":8,"key":"Onion Ring"},{"floor":9,"key":"Replay:Ringing Soul"},{"floor":12,"key":"Golden Egg"},{"floor":23,"key":"Bottled Lightning"},{"floor":26,"key":"Replay:Mystery Machine"},{"floor":28,"key":"White Beast Statue"},{"floor":30,"key":"Solar Panel"},{"floor":38,"key":"Ice Cream"},{"floor":40,"key":"Girya"},{"floor":42,"key":"The Courier"},{"floor":43,"key":"Gremlin Food"},{"floor":46,"key":"Replay:Arrowhead"},{"floor":48,"key":"Bag of Marbles"}],"event_choices":[{"damage_healed":0,"gold_gain":0,"player_choice":"Grow","damage_taken":0,"max_hp_gain":0,"max_hp_loss":0,"event_name":"Living Wall","floor":2,"gold_loss":0,"cards_upgraded":["Zap"]},{"damage_healed":0,"gold_gain":0,"player_choice":"Upgraded","damage_taken":0,"max_hp_gain":0,"max_hp_loss":0,"event_name":"Upgrade Shrine","floor":11,"gold_loss":0,"cards_upgraded":["Buffer"]},{"damage_healed":0,"gold_gain":0,"player_choice":"Inject Mutagens","damage_taken":0,"relics_obtained":["MutagenicStrength"],"max_hp_gain":0,"max_hp_loss":0,"event_name":"Drug Dealer","floor":19,"gold_loss":0},{"damage_healed":0,"gold_gain":0,"player_choice":"Bought 0 Potions","damage_taken":0,"max_hp_gain":0,"max_hp_loss":0,"event_name":"The Woman in Blue","floor":20,"gold_loss":0},{"damage_healed":0,"gold_gain":0,"player_choice":"Memory 1","damage_taken":0,"max_hp_gain":0,"max_hp_loss":0,"event_name":"SensoryStone","floor":37,"gold_loss":0},{"damage_healed":0,"gold_gain":0,"player_choice":"Fight","damage_taken":0,"max_hp_gain":0,"max_hp_loss":0,"event_name":"MindBloom","floor":38,"gold_loss":0},{"damage_healed":0,"gold_gain":0,"player_choice":"1 cards matched","damage_taken":0,"max_hp_gain":0,"max_hp_loss":0,"event_name":"Match and Keep!","floor":47,"gold_loss":0,"cards_obtained":["Dark Shackles"]}],"is_beta":false,"boss_relics":[{"not_picked":["Busted Crown","FrozenCore"],"picked":"Astrolabe"},{"not_picked":["Runic Dome","Snecko Eye"],"picked":"Tiny House"}],"items_purged_floors":[21],"is_endless":false,"potions_floor_spawned":[7,8,14,16,18,25,31,33,35,36,38,39,40,42,45,46,48],"ascension_level":12}}