{"host":"xkmvu47k9fdstweo","time":1612832452,"event":{"mods":["BaseMod","Colored Map","Conspire","HololiveMod","Hubris","Minty Spire (QoL Compilation)","Quick Restart","Shop Mod","StSLib"],"gold_per_floor":[334,334,26,26,42,42,61,91,115,115,147,161,192,208,208,282,282,310,310,310,339,339,339,387,78,124,124,147,213,263,317,317,432,432,468,490,525,390,390,462,478,478,503,529,1,1,30,30,30,30],"floor_reached":51,"language":"ENG","playtime":1886,"items_purged":["hubris:Envy","Hololive_Strike","Hololive_Strike+1"],"score":1976,"play_id":"61e481df-7052-4b2b-aa5b-693df3d52b18","local_time":"20210208200052","is_ascension_mode":true,"campfire_choices":[{"floor":6.0,"key":"REST"},{"data":"Hololive_CallAmaneKanata","floor":10.0,"key":"SMITH"},{"data":"Hololive_CallDoris","floor":15.0,"key":"SMITH"},{"data":"Hololive_CallSpadeEcho","floor":23,"key":"SMITH"},{"data":"Hololive_DDD","floor":27,"key":"SMITH"},{"data":"Hololive_CallAZKi","floor":32,"key":"SMITH"},{"data":"Hololive_CallHoshimachiSuisei","floor":42,"key":"SMITH"},{"data":"Hololive_CallArtia","floor":49,"key":"SMITH"}],"circlet_count":0,"master_deck":["AscendersBane","Hololive_Defend","Hololive_Defend","Hololive_FlyingPonyTail+1","Hololive_CallInugamiKorone","Hololive_CallArtia+1","Hololive_CallDoris+1","Hololive_CallInugamiKorone","Hololive_CallOkamiMio","Hololive_Spy+1","Hololive_CallMomosuzuNene+18","Hololive_CallAmaneKanata+1","Hololive_CallNekomataOkayu","Hololive_CallShishiroBotan","Hololive_Trident+1","Hololive_CallHoshimachiSuisei+1","Hololive_CallSakuraMiko","Hololive_DDD+1","Hololive_CallSpadeEcho+1","Hololive_CallRosalyn","Hololive_CocoNews","Hololive_CallAZKi+1","Hololive_Trident+1","Hololive_AWSL","Hololive_CallKiryuuCoco+1","Hololive_FlareMind","Hololive_CallKiryuuCoco","Hololive_CallUruhaRushia","Hololive_SummonFox","Hololive_BringToTrial","Hololive_Sequa","Hololive_Drill","Hololive_CallMurasakiShion"],"relics":["Hololive_TheStar","hubris:Towel","Anchor","Singing Bowl","Bag of Preparation","War Paint","Bird Faced Urn","Art of War","Coffee Dripper","MutagenicStrength","Whetstone","hubris:BottledRain","Orichalcum","Bottled Lightning","hubris:64BitClover","hubris:RunicObelisk","hubris:CuriousFeather","Vajra","conspire:DeflatedDodgeball","hubris:MysteriousPyramids","conspire:TopHat","Bronze Scales"],"acts_visited":["Exordium","TheCity","TheBeyond"],"potions_floor_usage":[31,50],"damage_taken":[{"damage":0.0,"enemies":"Small Slimes","floor":1.0,"turns":4.0},{"damage":0.0,"enemies":"conspire:RoseBush","floor":5.0,"turns":3.0},{"damage":0.0,"enemies":"2 Louse","floor":7.0,"turns":3.0},{"damage":0.0,"enemies":"3 Sentries","floor":8.0,"turns":7.0},{"damage":0.0,"enemies":"Lagavulin","floor":11.0,"turns":4.0},{"damage":0.0,"enemies":"conspire:2 RoseBushes","floor":12.0,"turns":4.0},{"damage":0.0,"enemies":"3 Sentries","floor":13.0,"turns":4.0},{"damage":0.0,"enemies":"Large Slime","floor":14.0,"turns":4.0},{"damage":0.0,"enemies":"Slime Boss","floor":16.0,"turns":6.0},{"damage":0.0,"enemies":"Chosen","floor":18.0,"turns":3.0},{"damage":0,"enemies":"Shell Parasite","floor":21,"turns":3},{"damage":0,"enemies":"Slavers","floor":24,"turns":4},{"damage":0,"enemies":"Centurion and Healer","floor":28,"turns":4},{"damage":0,"enemies":"conspire:Head Lice","floor":29,"turns":6},{"damage":0,"enemies":"Cultist and Chosen","floor":30,"turns":4},{"damage":0,"enemies":"Slavers","floor":31,"turns":4},{"damage":0,"enemies":"conspire:MysteriousRune","floor":33,"turns":6},{"damage":0,"enemies":"3 Darklings","floor":35,"turns":4},{"damage":0,"enemies":"Orb Walker","floor":36,"turns":2},{"damage":0,"enemies":"Spire Growth","floor":37,"turns":3},{"damage":0,"enemies":"Nemesis","floor":40,"turns":5},{"damage":0,"enemies":"Jaw Worm Horde","floor":41,"turns":3},{"damage":0,"enemies":"Giant Head","floor":44,"turns":4},{"damage":0,"enemies":"Nemesis","floor":47,"turns":3},{"damage":11,"enemies":"conspire:OrnateMirror","floor":50,"turns":5}],"seed_played":"5990263886460913639","potions_obtained":[{"floor":1.0,"key":"AttackPotion"},{"floor":5.0,"key":"EssenceOfSteel"},{"floor":11.0,"key":"Energy Potion"},{"floor":24,"key":"Energy Potion"},{"floor":31,"key":"Strength Potion"},{"floor":35,"key":"DistilledChaos"},{"floor":37,"key":"DuplicationPotion"}],"is_trial":false,"path_per_floor":["M","?","$","?","M","R","M","E","T","R","E","M","E","M","R","B",null,"M","?","?","M","?","R","E","$","T","R","M","E","M","E","R","B",null,"M","M","M","$","?","E","M","R","T","E","$","?","E","?","R","B",null],"character_chosen":"Hololive_HololiveCharacter","items_purchased":["Hololive_CallMomosuzuNene","Anchor","hubris:BottledRain","Hololive_CocoNews","Hololive_BringToTrial","hubris:MysteriousPyramids","conspire:TopHat"],"campfire_rested":1,"item_purchase_floors":[3,3,25,25,38,45,45],"current_hp_per_floor":[27,27,27,9,9,18,18,18,18,18,18,30,30,30,30,30,30,30,30,28,32,32,32,32,32,32,32,32,32,32,33,33,34,34,35,36,37,37,37,38,39,39,39,42,42,42,43,41,41,42],"gold":30,"neow_bonus":"TWO_FIFTY_GOLD","is_daily":false,"chose_seed":false,"campfire_upgraded":7,"win_rate":0.0,"timestamp":1612832452,"path_taken":["M","?","$","?","M","R","M","E","T","R","E","M","E","M","R","BOSS","M","?","?","M","?","R","E","?","T","R","M","E","M","E","R","BOSS","M","M","M","$","?","E","M","R","T","E","$","?","E","?","R","BOSS"],"items_purchased_type":["Card","Relic","Relic","Card","Card","Relic","Relic"],"build_version":"2020-12-22","purchased_purges":3,"victory":true,"max_hp_per_floor":[30,30,30,30,30,30,30,30,30,30,30,30,30,30,30,30,30,30,30,30,32,32,32,32,32,32,32,32,32,32,33,33,34,34,35,36,37,37,37,38,39,39,39,42,42,42,43,41,41,42],"card_choices":[{"not_picked":["Hololive_Trident","Hololive_CallMoonaHoshinova","Hololive_HuntDinosaur"],"picked":"Hololive_Spy","floor":1.0},{"not_picked":["Hololive_CallKiryuuCoco","Hololive_FlyingPonyTail","Hololive_Sequa"],"picked":"Hololive_CallAmaneKanata","floor":5.0},{"not_picked":["Hololive_Drill","Hololive_StrengthChampion","Hololive_DevilCharm"],"picked":"Hololive_CallNekomataOkayu","floor":7.0},{"not_picked":["Hololive_CallYogiri","Hololive_HuntDinosaur","Hololive_Sequa"],"picked":"Hololive_CallShishiroBotan","floor":8.0},{"not_picked":["Hololive_RevenueBasedLive","Hololive_HuntDinosaur","Hololive_LuckPotion"],"picked":"Hololive_DevilCharm","floor":11.0},{"not_picked":["Hololive_Psychosis","Hololive_CallInugamiKorone","Hololive_Sequa"],"picked":"Hololive_Trident","floor":12.0},{"not_picked":["Hololive_CallAZKi","Hololive_CallShiranuiFlare","Hololive_CallTsunomakiWatame"],"picked":"Hololive_CallHoshimachiSuisei","floor":13.0},{"not_picked":["Hololive_CallRoboco","Hololive_Drill","Hololive_CallAkaiHaato"],"picked":"Hololive_CallSakuraMiko","floor":14.0},{"not_picked":["Hololive_DurableLive","Hololive_MaximGun","Hololive_ASMR"],"picked":"Hololive_DDD","floor":16.0},{"not_picked":["Hololive_Rebound","Hololive_CallHoushouMarine","Hololive_RevenueBasedLive+1"],"picked":"Hololive_CallSpadeEcho","floor":18.0},{"not_picked":["Hololive_Drill","Hololive_HuntDinosaur+1","Hololive_LuckPotion","Hololive_Trident"],"picked":"Singing Bowl","floor":21},{"not_picked":["Hololive_CallAkaiHaato","Hololive_Trident","Hololive_CallNatsuiroMatsuri"],"picked":"Hololive_CallRosalyn","floor":24},{"not_picked":["Hololive_DevilCharm","Hololive_CallAkaiHaato","Hololive_HuntDinosaur"],"picked":"Hololive_CallAZKi","floor":28},{"not_picked":["Hololive_CallAiraniIofifteen","Hololive_CallSakuraMiko","Hololive_Drill"],"picked":"Hololive_Trident+1","floor":29},{"not_picked":["Hololive_RevenueBasedLive","Hololive_OvertimeWork","Hololive_CallMoonaHoshinova"],"picked":"Hololive_AWSL","floor":30},{"not_picked":["Hololive_Breathe","Hololive_Drill+1","Hololive_Psychosis"],"picked":"Hololive_CallKiryuuCoco+1","floor":31},{"not_picked":["Hololive_WolfAndLamb","Hololive_DurableLive","Hololive_StarCraft"],"picked":"Hololive_FlareMind","floor":33},{"not_picked":["Hololive_Drill","Hololive_CallMomosuzuNene","Hololive_RevenueBasedLive"],"picked":"Hololive_CallKiryuuCoco","floor":35},{"not_picked":["Hololive_Drill","Hololive_Rebound","Hololive_LuckPotion"],"picked":"Hololive_CallUruhaRushia","floor":36},{"not_picked":["Hololive_Drill","Hololive_Psychosis","Hololive_LuckPotion"],"picked":"Hololive_SummonFox","floor":37},{"not_picked":["Hololive_Rebirth","Hololive_CallUruhaRushia","Hololive_HuntDinosaur+1"],"picked":"Hololive_Sequa","floor":40},{"not_picked":["Hololive_OvertimeWork","Hololive_CallAZKi","Hololive_Breathe"],"picked":"Hololive_Drill","floor":41},{"not_picked":["Hololive_Psychosis","Hololive_Breathe","Hololive_HuntDinosaur+1","Hololive_CallMoonaHoshinova"],"picked":"Singing Bowl","floor":44},{"not_picked":["Hololive_CallTsunomakiWatame","Hololive_Sequa","Hololive_LuckPotion"],"picked":"Hololive_CallMurasakiShion","floor":47}],"player_experience":342773,"relics_obtained":[{"floor":8.0,"key":"Bag of Preparation"},{"floor":9.0,"key":"War Paint"},{"floor":11.0,"key":"Bird Faced Urn"},{"floor":13.0,"key":"Art of War"},{"floor":24,"key":"Whetstone"},{"floor":26,"key":"Orichalcum"},{"floor":29,"key":"Bottled Lightning"},{"floor":31,"key":"hubris:64BitClover"},{"floor":40,"key":"hubris:CuriousFeather"},{"floor":43,"key":"Vajra"},{"floor":44,"key":"conspire:DeflatedDodgeball"},{"floor":47,"key":"Bronze Scales"}],"event_choices":[{"damage_healed":0.0,"max_hp_gain":0.0,"max_hp_loss":0.0,"gold_gain":0.0,"event_name":"Scrap Ooze","player_choice":"Success","floor":4.0,"gold_loss":0.0,"damage_taken":18.0,"relics_obtained":["Singing Bowl"]},{"damage_healed":0.0,"max_hp_gain":0.0,"max_hp_loss":0.0,"gold_gain":0.0,"event_name":"conspire:Investor","player_choice":"Leave","floor":20.0,"gold_loss":0.0,"damage_taken":0.0},{"damage_healed":0,"gold_gain":0,"player_choice":"Inject Mutagens","damage_taken":0,"relics_obtained":["MutagenicStrength"],"max_hp_gain":0,"max_hp_loss":0,"event_name":"Drug Dealer","floor":22,"gold_loss":0},{"damage_healed":0,"gold_gain":0,"player_choice":"Ignored","damage_taken":0,"max_hp_gain":0,"max_hp_loss":0,"event_name":"Tomb of Lord Red Mask","floor":39,"gold_loss":0},{"cards_removed":["Hololive_DevilCharm"],"damage_healed":0,"gold_gain":0,"player_choice":"Removed Skill","damage_taken":0,"max_hp_gain":0,"max_hp_loss":0,"event_name":"Falling","floor":46,"gold_loss":0},{"damage_healed":0,"gold_gain":0,"player_choice":"Max HP","damage_taken":0,"max_hp_gain":0,"max_hp_loss":2,"event_name":"Winding Halls","floor":48,"gold_loss":0}],"is_beta":false,"boss_relics":[{"not_picked":["Empty Cage","Tiny House"],"picked":"Coffee Dripper"},{"not_picked":["Velvet Choker","conspire:SlowCooker"],"picked":"hubris:RunicObelisk"}],"items_purged_floors":[3,38,45],"is_endless":false,"potions_floor_spawned":[1,5,8,11,12,24,30,31,33,35,37,41,47],"ascension_level":15}}