{"host":"kh6fvhxn285ncg0o","time":1612840178,"event":{"mods":["Act Like it!","BaseMod","Colored Map","Friendly Minions","Keyboard Shortcuts","Minty Spire (QoL Compilation)","Quick Restart","Relic Stats","StSLib","SuperFastMode","UnlockEverythingMod"],"gold_per_floor":[111,36,54,54,24,24,51,51,51,85,103,103,120,12,12,12,12],"floor_reached":16,"language":"KOR","playtime":244,"items_purged":[],"score":216,"play_id":"e8c909d6-4161-4540-82ee-f15e8b8f09f7","local_time":"20210209120938","is_ascension_mode":true,"campfire_choices":[{"data":"Body Slam","floor":6,"key":"SMITH"},{"data":"Feed","floor":8,"key":"SMITH"},{"floor":12,"key":"REST"},{"data":"True Grit","floor":15,"key":"SMITH"}],"circlet_count":0,"master_deck":["AscendersBane","Strike_R","Strike_R","Strike_R","Defend_R","Defend_R","Defend_R","Defend_R","Bash","Body Slam+1","Feed+1","Injury","Battle Trance","Evolve","True Grit+1"],"relics":["Cursed Key","Magic Flower","Ornamental Fan","Tiny Chest"],"acts_visited":[],"potions_floor_usage":[7,10,13],"damage_taken":[{"damage":0,"enemies":"2 Louse","floor":1,"turns":3},{"damage":2,"enemies":"Jaw Worm","floor":3,"turns":3},{"damage":25,"enemies":"3 Sentries","floor":7,"turns":9},{"damage":33,"enemies":"Gremlin Nob","floor":10,"turns":4},{"damage":0,"enemies":"Cultist","floor":11,"turns":3},{"damage":1,"enemies":"Looter","floor":13,"turns":4},{"damage":29,"enemies":"Slime Boss","floor":16,"turns":3}],"seed_played":"-4203526610890232343","potions_obtained":[{"floor":1,"key":"SkillPotion"},{"floor":5,"key":"PowerPotion"},{"floor":7,"key":"Ancient Potion"},{"floor":11,"key":"Swift Potion"}],"is_trial":false,"path_per_floor":["M","?","M","?","?","R","E","R","T","E","M","R","M","$","R","B"],"character_chosen":"IRONCLAD","items_purchased":["Evolve","True Grit"],"campfire_rested":1,"item_purchase_floors":[14,14],"current_hp_per_floor":[68,68,66,59,59,59,34,34,34,1,1,23,28,28,28,0,0],"gold":12,"neow_bonus":"BOSS_RELIC","is_daily":false,"chose_seed":false,"campfire_upgraded":3,"win_rate":0.0,"timestamp":1612840178,"path_taken":["M","?","M","?","?","R","E","R","T","E","M","R","?","$","R","BOSS"],"items_purchased_type":["Card","Card"],"build_version":"2020-12-22","purchased_purges":0,"victory":false,"max_hp_per_floor":[75,75,75,75,75,75,75,75,75,75,75,75,79,79,79,79,79],"relic_stats":{"counters":[7,29],"Ornamental Fan":[20],"Magic Flower":[2],"Tiny Chest":0,"Cursed Key":1,"obtain_stats":[{"Ornamental Fan":9,"Magic Flower":7,"Tiny Chest":10,"Cursed Key":0,"Burning Blood":0},{"Ornamental Fan":3,"Magic Flower":3,"Tiny Chest":4,"Cursed Key":0,"Burning Blood":0},{"Ornamental Fan":15,"Magic Flower":15,"Tiny Chest":19,"Cursed Key":0,"Burning Blood":0}]},"card_choices":[{"not_picked":["Ghostly Armor","Havoc"],"picked":"Body Slam","floor":3},{"not_picked":["Seeing Red","Evolve"],"picked":"Feed","floor":7},{"not_picked":["Twin Strike","Rampage"],"picked":"Battle Trance","floor":13}],"player_experience":1341783,"relics_obtained":[{"floor":7,"key":"Magic Flower"},{"floor":9,"key":"Ornamental Fan"},{"floor":10,"key":"Tiny Chest"}],"event_choices":[{"cards_removed":["Strike_R"],"damage_healed":0,"gold_gain":0,"player_choice":"Card Removal","damage_taken":0,"max_hp_gain":0,"max_hp_loss":0,"event_name":"The Cleric","floor":2,"gold_loss":75},{"cards_removed":["Strike_R"],"damage_healed":0,"gold_gain":0,"player_choice":"Card Removal","damage_taken":7,"max_hp_gain":0,"max_hp_loss":0,"event_name":"Golden Wing","floor":4,"gold_loss":0},{"damage_healed":0,"gold_gain":0,"player_choice":"Bought 2 Potions","damage_taken":0,"max_hp_gain":0,"max_hp_loss":0,"event_name":"The Woman in Blue","floor":5,"gold_loss":0}],"is_beta":false,"boss_relics":[],"items_purged_floors":[],"is_endless":false,"potions_floor_spawned":[1,7,11],"killed_by":"Slime Boss","ascension_level":20}}