{"host":"sav7uxregyirlf69","time":1612850035,"event":{"mods":["AchievementEnabler","BaseMod","Colored Map","DeckTracker","Keyboard Shortcuts","Minty Spire (QoL Compilation)","READ ME - Guardian Mod","StSLib","SuperFastMode"],"gold_per_floor":[17,17,27,44,44,44,76,88,162,196,212,212,229,229,229,306,306,324,249,249,249,249,249,279,279,302,302,332,332,348,149,149,149,149],"floor_reached":33,"language":"KOR","playtime":539,"items_purged":["Strike_P","Defend_P"],"score":553,"play_id":"ffb98aa4-e333-480a-8e3e-ab77f36b4442","local_time":"20210209145355","is_ascension_mode":true,"campfire_choices":[{"data":"SandsOfTime","floor":6,"key":"SMITH"},{"data":"EmptyMind","floor":12,"key":"SMITH"},{"data":"Scrawl","floor":15,"key":"SMITH"},{"data":"Halt","floor":23,"key":"SMITH"},{"data":"Tantrum","floor":25,"key":"SMITH"},{"data":"Prostrate","floor":27,"key":"SMITH"},{"floor":29,"key":"RECALL"},{"data":"Vengeance","floor":32,"key":"SMITH"}],"circlet_count":0,"master_deck":["AscendersBane","Strike_P","Defend_P","Defend_P","Eruption+1","Vigilance","Vengeance+1","SandsOfTime+1","EmptyBody","Prostrate+1","EmptyMind+1","Tantrum+1","Scrawl+1","Halt+1","FearNoEvil+1"],"relics":["PureWater","Du-Vu Doll","TeardropLocket","Anchor","Coffee Dripper","MutagenicStrength","Akabeko","Smiling Mask","Kunai","ClockworkSouvenir"],"acts_visited":["Exordium","TheCity"],"potions_floor_usage":[24,28],"damage_taken":[{"damage":7,"enemies":"Jaw Worm","floor":1,"turns":4},{"damage":0,"enemies":"2 Louse","floor":3,"turns":2},{"damage":0,"enemies":"Cultist","floor":4,"turns":2},{"damage":22,"enemies":"3 Sentries","floor":7,"turns":8},{"damage":0,"enemies":"Blue Slaver","floor":8,"turns":2},{"damage":8,"enemies":"Lagavulin","floor":10,"turns":6},{"damage":0,"enemies":"3 Louse","floor":11,"turns":2},{"damage":0,"enemies":"Looter","floor":13,"turns":2},{"damage":12,"enemies":"Hexaghost","floor":16,"turns":9},{"damage":15,"enemies":"3 Byrds","floor":18,"turns":5},{"damage":9,"enemies":"Book of Stabbing","floor":24,"turns":2},{"damage":0,"enemies":"Slavers","floor":28,"turns":2},{"damage":0,"enemies":"Chosen","floor":30,"turns":1},{"damage":0,"enemies":"Champ","floor":33,"turns":2}],"seed_played":"2650887760278836641","potions_obtained":[{"floor":3,"key":"Ambrosia"},{"floor":7,"key":"Explosive Potion"},{"floor":28,"key":"GamblersBrew"},{"floor":30,"key":"SkillPotion"}],"is_trial":false,"path_per_floor":["M","?","M","M","?","R","E","M","T","E","M","R","M","?","R","B",null,"M","$","?","?","?","R","E","R","T","R","E","R","M","$","R","B"],"character_chosen":"WATCHER","items_purchased":["ClockworkSouvenir"],"campfire_rested":0,"item_purchase_floors":[31],"current_hp_per_floor":[54,54,54,54,54,54,32,32,32,24,24,24,24,24,24,12,54,39,39,20,20,20,20,11,11,11,11,11,11,11,11,11,11,11],"gold":149,"neow_bonus":"TRANSFORM_TWO_CARDS","is_daily":false,"chose_seed":false,"campfire_upgraded":7,"win_rate":0.0,"timestamp":1612850035,"path_taken":["M","?","M","M","?","R","E","M","T","E","M","R","?","?","R","BOSS","M","$","?","?","?","R","E","R","T","R","E","R","M","$","R","BOSS"],"items_purchased_type":["Relic"],"build_version":"2020-12-22","purchased_purges":2,"victory":false,"max_hp_per_floor":[68,68,68,68,68,68,68,68,68,68,68,68,68,68,68,68,68,68,68,73,73,73,73,73,73,73,73,73,73,73,73,73,73,73],"card_choices":[{"not_picked":["SashWhip","BowlingBash"],"picked":"EmptyBody","floor":1},{"not_picked":["FollowUp","SandsOfTime","MasterReality"],"picked":"SKIP","floor":3},{"not_picked":["Vengeance","CutThroughFate"],"picked":"Prostrate","floor":4},{"not_picked":["FearNoEvil","Perseverance"],"picked":"EmptyMind","floor":7},{"not_picked":["Consecrate","Wireheading"],"picked":"Tantrum","floor":8},{"not_picked":["ClearTheMind","Sanctity","CutThroughFate"],"picked":"SKIP","floor":10},{"not_picked":["FollowUp","BattleHymn","FlyingSleeves"],"picked":"SKIP","floor":11},{"not_picked":["PathToVictory","Conclude"],"picked":"Scrawl","floor":13},{"not_picked":["Collect","Consecrate","FlurryOfBlows"],"picked":"SKIP","floor":18},{"not_picked":["FlyingSleeves","Wish","EmptyBody"],"picked":"SKIP","floor":24},{"not_picked":["EmptyFist","Alpha"],"picked":"FearNoEvil+1","floor":28},{"not_picked":["Crescendo","Protect+1","Prostrate"],"picked":"SKIP","floor":30}],"player_experience":1536672,"relics_obtained":[{"floor":7,"key":"Du-Vu Doll"},{"floor":9,"key":"TeardropLocket"},{"floor":10,"key":"Anchor"},{"floor":24,"key":"Akabeko"},{"floor":26,"key":"Smiling Mask"},{"floor":28,"key":"Kunai"}],"event_choices":[{"damage_healed":0,"gold_gain":0,"player_choice":"Grow","damage_taken":0,"max_hp_gain":0,"max_hp_loss":0,"event_name":"Living Wall","floor":2,"gold_loss":0,"cards_upgraded":["Eruption"]},{"cards_removed":["Strike_P"],"damage_healed":0,"gold_gain":0,"player_choice":"Offered Basic","damage_taken":0,"max_hp_gain":0,"max_hp_loss":0,"event_name":"Bonfire Elementals","floor":5,"gold_loss":0},{"damage_healed":0,"gold_gain":0,"player_choice":"Ignored","damage_taken":0,"max_hp_gain":0,"max_hp_loss":0,"event_name":"Liars Game","floor":14,"gold_loss":0},{"damage_healed":0,"gold_gain":0,"player_choice":"Shed Blood","damage_taken":24,"max_hp_gain":5,"max_hp_loss":0,"event_name":"Forgotten Altar","floor":20,"gold_loss":0},{"damage_healed":0,"gold_gain":0,"player_choice":"Read","damage_taken":0,"max_hp_gain":0,"max_hp_loss":0,"event_name":"The Library","floor":21,"gold_loss":0,"cards_obtained":["Halt"]},{"damage_healed":0,"gold_gain":0,"player_choice":"Inject Mutagens","damage_taken":0,"relics_obtained":["MutagenicStrength"],"max_hp_gain":0,"max_hp_loss":0,"event_name":"Drug Dealer","floor":22,"gold_loss":0}],"is_beta":false,"boss_relics":[{"not_picked":["Runic Dome","Calling Bell"],"picked":"Coffee Dripper"}],"items_purged_floors":[19,31],"is_endless":false,"potions_floor_spawned":[3,7,10,16,28,30],"killed_by":"Champ","ascension_level":15}}