{"host":"vyiqbz5w606ur92t","time":1612877178,"event":{"mods":["BaseMod","Downfall","Minty Spire (QoL Compilation)","StSLib"],"gold_per_floor":[99,114,114,129,144,174,174,189,24,39,54,54,54,69,84,84,84],"floor_reached":16,"language":"ENG","playtime":1964,"items_purged":[],"score":106,"play_id":"f8fe2872-114c-4d37-837c-2b865315f11e","local_time":"20210209132618","daily_mods":["Chimera","downfall:Jewelcrafting","downfall:Enraging"],"is_ascension_mode":false,"campfire_choices":[{"floor":12,"key":"REST"}],"circlet_count":0,"master_deck":["Bash","Survivor","Zap","Eruption","Strike_R","Strike_G","Strike_B","Defend_R","Defend_G","Defend_P","Guardian:ExploitGems","Guardian:ExploitGems","Guardian:Gem_Yellow","Noxious Fumes","Deflect","Cloak And Dagger","Venomology","Cloak And Dagger","Flechettes","Blur","Leg Sweep","Dagger Throw","Skewer","Escape Plan","Slice","Quick Slash"],"relics":["Ring of the Snake","Guardian:PickAxe","Boot","Juzu Bracelet","Orrery","downfall:BrokenWingStatue"],"acts_visited":["Exordium"],"potions_floor_usage":[8,8,9,11,15,15,15,16,16,16],"damage_taken":[{"damage":2,"enemies":"Small Slimes","floor":2,"turns":4},{"damage":7,"enemies":"Cultist","floor":4,"turns":6},{"damage":3,"enemies":"2 Louse","floor":5,"turns":2},{"damage":44,"enemies":"Gremlin Nob","floor":6,"turns":4},{"damage":5,"enemies":"Exordium Thugs","floor":8,"turns":4},{"damage":5,"enemies":"downfall:FleeingMerchant","floor":9,"turns":4},{"damage":2,"enemies":"Gremlin Gang","floor":10,"turns":7},{"damage":0,"enemies":"Large Slime","floor":11,"turns":3},{"damage":0,"enemies":"Blue Slaver","floor":14,"turns":4},{"damage":0,"enemies":"Exordium Thugs","floor":15,"turns":4},{"damage":37,"enemies":"WA_ARCHETYPE_RETAIN","floor":16,"turns":6}],"seed_played":"-878916022338446095","potions_obtained":[{"floor":2,"key":"Swift Potion"},{"floor":6,"key":"champ:CounterPotion"},{"floor":10,"key":"CunningPotion"},{"floor":14,"key":"SkillPotion"},{"floor":15,"key":"sneckomod:MuddlingPotion"}],"is_trial":false,"path_per_floor":["R","M","?","M","M","E","T","M","$","M","M","R","?","M","M","B"],"character_chosen":"THE_SILENT","items_purchased":["Orrery"],"campfire_rested":1,"item_purchase_floors":[9],"current_hp_per_floor":[70,68,68,61,58,14,14,9,4,2,2,23,23,23,23,0,0],"gold":84,"neow_bonus":"","is_daily":true,"chose_seed":false,"campfire_upgraded":0,"win_rate":0.0,"timestamp":1612877178,"path_taken":["R","M","?","?","M","E","T","M","?","M","M","R","?","M","M","BOSS"],"items_purchased_type":["Relic"],"build_version":"2020-12-22","purchased_purges":0,"victory":false,"max_hp_per_floor":[70,70,70,70,70,70,70,70,70,70,70,70,70,70,70,70,70],"card_choices":[{"not_picked":["Dagger Throw","Prepared"],"picked":"Noxious Fumes","floor":2},{"not_picked":["Well Laid Plans","Flying Knee"],"picked":"Deflect","floor":4},{"not_picked":["Bane","Sucker Punch"],"picked":"Cloak And Dagger","floor":5},{"not_picked":["Outmaneuver","Bane"],"picked":"Venomology","floor":6},{"not_picked":["Outmaneuver","Poisoned Stab"],"picked":"Cloak And Dagger","floor":8},{"not_picked":["Acrobatics","Expertise"],"picked":"Flechettes","floor":9},{"not_picked":["PiercingWail","Deadly Poison"],"picked":"Blur","floor":9},{"not_picked":["Dagger Spray","Reflex"],"picked":"Leg Sweep","floor":9},{"not_picked":["Leg Sweep","Dagger Spray"],"picked":"Dagger Throw","floor":9},{"not_picked":["Prepared","Deadly Poison"],"picked":"Skewer","floor":10},{"not_picked":["PiercingWail","Expertise"],"picked":"Escape Plan","floor":11},{"not_picked":["Predator","Setup"],"picked":"Slice","floor":14},{"not_picked":["Acrobatics","Deadly Poison"],"picked":"Quick Slash","floor":15}],"player_experience":1679719,"relics_obtained":[{"floor":6,"key":"Boot"},{"floor":7,"key":"Juzu Bracelet"}],"event_choices":[],"is_beta":false,"boss_relics":[],"items_purged_floors":[],"is_endless":false,"potions_floor_spawned":[2,6,10,14,15],"killed_by":"WA_ARCHETYPE_RETAIN","ascension_level":0}}