{"host":"eft627g0ddukeijo","time":1612891249,"event":{"mods":["AchievementEnabler","BaseMod","Bestiary","Better Note","Block Reminder","Colored Powertips","Highlight Path","Minty Spire (QoL Compilation)","Permanent Neow","Rare Cards Sparkle","Relic Stats","StSLib","Weighted Paths"],"gold_per_floor":[113,188,35,51,51,76,76,103,128,42,62,78,93,107,107,209,209,227,241,241,156,176,176,176,200,200,200,57,57,57,77,77,180,180,192,40,40,40,59,59,59,86,98,110,122,149,161,189,201,213,213],"floor_reached":50,"language":"ENG","playtime":1737,"items_purged":[],"score":679,"play_id":"05cf2775-f58f-4edd-a5d4-214acb6308c6","local_time":"20210210022049","is_ascension_mode":true,"campfire_choices":[{"floor":7.0,"key":"REST"},{"floor":15.0,"key":"REST"},{"floor":29.0,"key":"REST"},{"floor":32.0,"key":"REST"},{"floor":40.0,"key":"REST"},{"floor":47.0,"key":"REST"},{"floor":49.0,"key":"RECALL"}],"circlet_count":0,"master_deck":["Strike_R","Strike_R","Strike_R","Defend_R","Defend_R","Defend_R","Defend_R","Bash","Iron Wave","Sword Boomerang","Twin Strike","Flame Barrier","Flex","Pommel Strike","Headbutt","Body Slam","Limit Break","Shockwave","Bloodletting+1","Spot Weakness+1","Limit Break+1","Entrench+1","Double Tap+1","Iron Wave+1","Sadistic Nature+1","Uppercut+1","Shrug It Off+1"],"relics":["Black Blood","Girya","ClockworkSouvenir","Anchor","Boot","Tiny Chest","Toxic Egg 2","Mercury Hourglass","Lantern","Frozen Egg 2","DollysMirror","Empty Cage","Vajra","The Courier","MawBank","Meat on the Bone"],"acts_visited":["Exordium","TheCity","TheBeyond"],"potions_floor_usage":[50],"damage_taken":[{"damage":3.0,"enemies":"2 Louse","floor":1.0,"turns":3.0},{"damage":6.0,"enemies":"Cultist","floor":4.0,"turns":4.0},{"damage":46.0,"enemies":"Gremlin Nob","floor":6.0,"turns":5.0},{"damage":66.0,"enemies":"Lagavulin","floor":8.0,"turns":9.0},{"damage":0.0,"enemies":"Small Slimes","floor":11.0,"turns":3.0},{"damage":0.0,"enemies":"Red Slaver","floor":12.0,"turns":4.0},{"damage":1.0,"enemies":"Looter","floor":13.0,"turns":3.0},{"damage":0.0,"enemies":"Large Slime","floor":14.0,"turns":4.0},{"damage":45.0,"enemies":"Slime Boss","floor":16.0,"turns":12.0},{"damage":17.0,"enemies":"3 Byrds","floor":18.0,"turns":4.0},{"damage":39.0,"enemies":"Shell Parasite","floor":19.0,"turns":7.0},{"damage":10.0,"enemies":"Centurion and Healer","floor":22.0,"turns":10.0},{"damage":0.0,"enemies":"Gremlin Leader","floor":23.0,"turns":1.0},{"damage":20.0,"enemies":"3 Cultists","floor":31.0,"turns":5.0},{"damage":69.0,"enemies":"Collector","floor":33.0,"turns":9.0},{"damage":14.0,"enemies":"Orb Walker","floor":35.0,"turns":4.0},{"damage":21.0,"enemies":"3 Darklings","floor":39.0,"turns":4.0},{"damage":28.0,"enemies":"Writhing Mass","floor":46.0,"turns":6.0},{"damage":56.0,"enemies":"4 Shapes","floor":48.0,"turns":6.0},{"damage":42,"enemies":"Time Eater","floor":50,"turns":3}],"seed_played":"-6831354081947104920","potions_obtained":[{"floor":1.0,"key":"Regen Potion"},{"floor":4.0,"key":"Dexterity Potion"},{"floor":13.0,"key":"Weak Potion"},{"floor":14.0,"key":"SmokeBomb"},{"floor":16.0,"key":"Dexterity Potion"},{"floor":18.0,"key":"SpeedPotion"},{"floor":27.0,"key":"CultistPotion"},{"floor":27.0,"key":"Energy Potion"},{"floor":33.0,"key":"LiquidBronze"},{"floor":48.0,"key":"Block Potion"}],"is_trial":false,"path_per_floor":["M","?","$","M","?","E","R","E","T","$","M","M","M","M","R","B",null,"M","M","T","?","M","E","?","T","T","?","$","R","$","M","R","B",null,"M","$","T","$","M","R","T","T","T","?","?","M","R","M","R","B"],"character_chosen":"IRONCLAD","items_purchased":["ClockworkSouvenir","Flame Barrier","SkillPotion","DollysMirror","Vajra"],"campfire_rested":6,"item_purchase_floors":[3,10,10,28,36],"current_hp_per_floor":[72,65,65,65,72,32,53,8,8,8,14,20,25,31,52,13,57,52,25,25,25,27,39,39,39,39,39,39,60,60,52,72,15,58,56,56,56,56,47,68,68,68,68,68,68,52,72,40,40,0,0],"gold":213,"neow_bonus":"ONE_RARE_RELIC","is_daily":false,"chose_seed":false,"campfire_upgraded":0,"win_rate":0.0,"timestamp":1612891249,"path_taken":["M","?","?","M","?","E","R","E","T","$","M","M","M","M","R","BOSS","M","M","?","?","M","E","?","?","T","?","$","R","$","M","R","BOSS","M","$","?","$","M","R","?","?","T","?","?","M","R","M","R","BOSS"],"items_purchased_type":["Relic","Card","Potion","Relic","Relic"],"build_version":"2020-12-22","purchased_purges":0,"victory":false,"max_hp_per_floor":[72,72,72,72,72,72,72,72,72,72,72,72,72,72,72,72,72,72,72,72,72,72,72,72,72,72,72,72,72,72,72,72,72,72,72,72,72,72,72,72,72,72,72,72,72,72,72,72,72,72,72],"relic_stats":{"counters":[20,106],"Black Blood":171,"Tiny Chest":2,"Boot":[85],"MawBank":96,"obtain_stats":[{"Girya":0,"Lantern":25,"Black Blood":17,"Vajra":36,"The Courier":41,"Frozen Egg 2":26,"Boot":8,"Empty Cage":34,"MawBank":42,"Burning Blood":0,"ClockworkSouvenir":3,"Mercury Hourglass":21,"Anchor":6,"DollysMirror":28,"Tiny Chest":9,"Toxic Egg 2":20,"Meat on the Bone":43},{"Girya":0,"Lantern":13,"Black Blood":9,"Vajra":16,"The Courier":17,"Frozen Egg 2":13,"Boot":4,"Empty Cage":15,"MawBank":17,"Burning Blood":0,"ClockworkSouvenir":1,"Mercury Hourglass":11,"Anchor":3,"DollysMirror":13,"Tiny Chest":4,"Toxic Egg 2":11,"Meat on the Bone":17},{"Girya":0,"Lantern":69,"Black Blood":47,"Vajra":87,"The Courier":91,"Frozen Egg 2":69,"Boot":21,"Empty Cage":83,"MawBank":91,"Burning Blood":0,"ClockworkSouvenir":3,"Mercury Hourglass":58,"Anchor":12,"DollysMirror":69,"Tiny Chest":21,"Toxic Egg 2":58,"Meat on the Bone":91}],"Mercury Hourglass":[234],"Meat on the Bone":12},"card_choices":[{"not_picked":["Dual Wield","Fire Breathing"],"picked":"Iron Wave","floor":1.0},{"not_picked":["Clash","Armaments"],"picked":"Sword Boomerang","floor":4.0},{"not_picked":["Thunderclap","Perfected Strike","Havoc"],"picked":"SKIP","floor":6.0},{"not_picked":["True Grit","Sword Boomerang"],"picked":"Twin Strike","floor":8.0},{"not_picked":["Twin Strike","Brutality"],"picked":"Flex","floor":11.0},{"not_picked":["Feel No Pain","True Grit"],"picked":"Pommel Strike","floor":12.0},{"not_picked":["Thunderclap","Evolve"],"picked":"Headbutt","floor":13.0},{"not_picked":["Headbutt","Evolve"],"picked":"Body Slam","floor":14.0},{"not_picked":["Exhume","Juggernaut"],"picked":"Limit Break","floor":16.0},{"not_picked":["Dark Embrace","Warcry"],"picked":"Shockwave","floor":18.0},{"not_picked":["Clash","Burning Pact"],"picked":"Bloodletting+1","floor":19.0},{"not_picked":["Seeing Red+1","Pommel Strike"],"picked":"Spot Weakness+1","floor":22.0},{"not_picked":["Havoc+1","Warcry+1"],"picked":"Entrench+1","floor":31.0},{"not_picked":["Immolate","Barricade+1"],"picked":"Double Tap+1","floor":33.0},{"not_picked":["Body Slam","True Grit+1","Dual Wield+1"],"picked":"SKIP","floor":35.0},{"not_picked":["Clothesline+1","Cleave+1"],"picked":"Iron Wave+1","floor":39.0},{"not_picked":["Dramatic Entrance","Magnetism+1"],"picked":"Sadistic Nature+1","floor":45.0},{"not_picked":["Flex+1","Body Slam"],"picked":"Uppercut+1","floor":46.0},{"not_picked":["Flex+1","Inflame+1"],"picked":"Shrug It Off+1","floor":48.0}],"player_experience":543244,"relics_obtained":[{"floor":6.0,"key":"Anchor"},{"floor":8.0,"key":"Boot"},{"floor":9.0,"key":"Tiny Chest"},{"floor":20.0,"key":"Toxic Egg 2"},{"floor":25.0,"key":"Lantern"},{"floor":26.0,"key":"Frozen Egg 2"},{"floor":41.0,"key":"The Courier"},{"floor":42.0,"key":"MawBank"},{"floor":43.0,"key":"Meat on the Bone"}],"event_choices":[{"damage_healed":0.0,"max_hp_gain":0.0,"max_hp_loss":0.0,"gold_gain":75.0,"event_name":"FaceTrader","player_choice":"Touch","floor":2.0,"gold_loss":0.0,"damage_taken":7.0},{"damage_healed":7.0,"max_hp_gain":0.0,"max_hp_loss":0.0,"gold_gain":0.0,"event_name":"Wheel of Change","player_choice":"Full Heal","floor":5.0,"gold_loss":0.0,"damage_taken":0.0},{"damage_healed":0.0,"max_hp_gain":0.0,"max_hp_loss":0.0,"gold_gain":0.0,"event_name":"Addict","player_choice":"Obtained Relic","floor":21.0,"gold_loss":85.0,"damage_taken":0.0,"relics_obtained":["Mercury Hourglass"]},{"damage_healed":0.0,"max_hp_gain":0.0,"max_hp_loss":0.0,"gold_gain":0.0,"event_name":"Vampires","player_choice":"Ignored","floor":24.0,"gold_loss":0.0,"damage_taken":0.0},{"damage_healed":0.0,"max_hp_gain":0.0,"max_hp_loss":0.0,"gold_gain":0.0,"event_name":"Lab","player_choice":"Got Potions","floor":27.0,"gold_loss":0.0,"damage_taken":0.0},{"damage_healed":0.0,"max_hp_gain":0.0,"max_hp_loss":0.0,"gold_gain":0.0,"event_name":"Mysterious Sphere","player_choice":"Ignored","floor":44.0,"gold_loss":0.0,"damage_taken":0.0},{"damage_healed":0.0,"max_hp_gain":0.0,"max_hp_loss":0.0,"gold_gain":0.0,"event_name":"SensoryStone","player_choice":"Memory 1","floor":45.0,"gold_loss":0.0,"damage_taken":0.0}],"is_beta":false,"boss_relics":[{"not_picked":["Fusion Hammer","Coffee Dripper"],"picked":"Black Blood"},{"not_picked":["Runic Dome","Tiny House"],"picked":"Empty Cage"}],"items_purged_floors":[],"is_endless":false,"potions_floor_spawned":[1,4,13,14,16,18,23,33,48],"killed_by":"Time Eater","ascension_level":9}}