{"host":"2i0myh7fqij2ti1z","time":1612857035,"event":{"mods":["Aspiration","BaseMod","Better Third Choice","Colored Powertips","Conspire","Evolution","FoggyMod","GifTheSpireLib","Highlight Path","Hubris","Minty Spire (QoL Compilation)","Permanent Neow","Quick Restart","Random Character Button","Random Character Mod","Replay The Spire","Shop Mod","StSLib","Stuff the Spire","Transform Curses","Wandering Minibosses","óô»ðÖ¸ÄÏ"],"gold_per_floor":[115,115,115,115,40,65,65,95,95,113,113,13,31,31,31,129,129,139,14,33,33,33,64,64,76,100,200,226,226,260,286,286,383,383,399,399,399,419,419,419,438,438,438,288,322,322,322,355,355,355,355,355,207,242,242],"floor_reached":56,"language":"ENG","playtime":2061,"items_purged":["ReplayTheSpireMod:Strike From Hell","Armaments","Twin Strike","Iron Wave"],"score":2512,"play_id":"e97a03bd-3e6c-4ff0-a70e-3e6c0cdbe5ec","local_time":"20210209155035","is_ascension_mode":true,"campfire_choices":[{"data":"Sword Boomerang","floor":7,"key":"SMITH"},{"data":"Iron Wave","floor":15,"key":"SMITH"},{"data":"Sword Boomerang+1","floor":24,"key":"SMITH"},{"data":"Sword Boomerang+2","floor":32,"key":"SMITH"},{"data":"Sword Boomerang+3","floor":40,"key":"SMITH"},{"data":"Sword Boomerang+3","floor":42,"key":"SMITH"},{"data":"Limit Break","floor":47,"key":"SMITH"},{"data":"Iron Wave+1","floor":49,"key":"SMITH"},{"data":"StuffTheSpire:Slingshot","floor":52,"key":"SMITH"}],"circlet_count":0,"master_deck":["Sword Boomerang+4","Iron Wave+2","Limit Break+1","StuffTheSpire:Slingshot+1","wanderingMiniBosses:FinaleOfPromise","Sword Boomerang+4","Dramatic Entrance","Sword Boomerang+4"],"relics":["Burning Blood","EVO:Axolotl","hubris:Metronome","StuffTheSpire:Experiment12","Pen Nib","WingedGreaves","CultistMask","hubris:Backtick","conspire:InfiniteJournal","Gremlin Food","MealTicket","Durian","hubris:SphereOfDissonance","wanderingMiniBosses:Blackblade","Pocketwatch","Meat on the Bone","Art of War","StuffTheSpire:Kangaroo","hubris:Icosahedron","StuffTheSpire:Tea","Juzu Bracelet","conspire:TopHat","DollysMirror","Replay:WaspNest"],"acts_visited":["Exordium","TheCity","TheBeyond","TheEnding"],"potions_floor_usage":[6,27,27,31,55,55,55],"damage_taken":[{"damage":0,"enemies":"Cultist","floor":1,"turns":3},{"damage":40,"enemies":"3 Sentries","floor":6,"turns":5},{"damage":0,"enemies":"Gremlin Nob","floor":8,"turns":2},{"damage":0,"enemies":"2 Louse","floor":10,"turns":1},{"damage":5,"enemies":"Small Slimes","floor":13,"turns":2},{"damage":33,"enemies":"The Guardian","floor":16,"turns":7},{"damage":5,"enemies":"Chosen","floor":18,"turns":3},{"damage":32,"enemies":"2 Thieves","floor":20,"turns":4},{"damage":0,"enemies":"Gremlin Leader","floor":23,"turns":4},{"damage":0,"enemies":"Snecko","floor":25,"turns":2},{"damage":0,"enemies":"Colosseum Slavers","floor":27,"turns":1},{"damage":21,"enemies":"Colosseum Nobs","floor":27,"turns":6},{"damage":0,"enemies":"Slavers","floor":28,"turns":1},{"damage":0,"enemies":"Gremlin Leader","floor":30,"turns":1},{"damage":0,"enemies":"Book of Stabbing","floor":31,"turns":1},{"damage":2,"enemies":"Pondfish","floor":33,"turns":5},{"damage":1,"enemies":"Orb Walker","floor":35,"turns":2},{"damage":0,"enemies":"3 Darklings","floor":38,"turns":2},{"damage":3,"enemies":"4 Shapes","floor":41,"turns":1},{"damage":0,"enemies":"Reptomancer","floor":45,"turns":2},{"damage":0,"enemies":"R_Hoarder","floor":48,"turns":1},{"damage":0,"enemies":"Awakened One","floor":50,"turns":3},{"damage":3,"enemies":"Shield and Spear","floor":54,"turns":2},{"damage":59,"enemies":"The Heart","floor":55,"turns":3}],"seed_played":"-2444785726114856945","potions_obtained":[{"floor":1,"key":"Death Potion"},{"floor":8,"key":"PowerPotion"},{"floor":16,"key":"SteroidPotion"},{"floor":20,"key":"BloodPotion"},{"floor":27,"key":"Energy Potion"},{"floor":33,"key":"ElixirPotion"},{"floor":35,"key":"Swift Potion"}],"is_trial":false,"path_per_floor":["M","?","?","?","$","E","R","E","T","M","?","$","M","$","R","B",null,"M","$","M","$","?","E","R","M","T","?","E","?","E","E","R","B",null,"M","?","?","M","?","R","M","R","T","$","E","?","R","E","R","B",null,"R","$","E","B",null],"character_chosen":"IRONCLAD","items_purchased":["DollysMirror"],"campfire_rested":0,"item_purchase_floors":[53],"current_hp_per_floor":[72,72,64,71,71,37,37,43,43,49,49,49,50,50,50,23,60,61,61,35,35,35,41,41,47,47,43,49,29,35,53,53,57,72,77,77,77,77,77,77,77,77,77,77,77,67,67,73,73,77,77,77,77,77,51],"gold":242,"neow_bonus":"REMOVE_TWO","is_daily":false,"chose_seed":false,"campfire_upgraded":9,"win_rate":0.0,"timestamp":1612857035,"path_taken":["M","?","?","?","$","E","R","E","T","?","?","$","?","$","R","BOSS","M","?","?","?","?","E","R","?","T","?","E","?","E","E","R","BOSS","M","?","?","?","?","R","?","R","T","$","E","?","R","E","R","BOSS","R","$","E","BOSS"],"items_purchased_type":["Relic"],"build_version":"2020-12-22","purchased_purges":4,"victory":true,"max_hp_per_floor":[72,72,72,72,72,72,72,72,72,72,72,72,72,72,72,72,72,72,72,72,72,72,72,72,72,72,77,77,77,77,77,77,77,77,77,77,77,77,77,77,77,77,77,77,77,77,77,77,77,77,77,77,77,77,77],"card_choices":[{"not_picked":["Heavy Blade","StuffTheSpire:Incineration"],"picked":"Combust","floor":1},{"not_picked":["StuffTheSpire:Incineration","ReplayTheSpireMod:Muscle Training","Anger"],"picked":"SKIP","floor":6},{"not_picked":["conspire:ExplosiveBarrier","StuffTheSpire:RockThrow"],"picked":"Cleave","floor":8},{"not_picked":["Heavy Blade","True Grit"],"picked":"Iron Wave","floor":10},{"not_picked":["Searing Blow","Havoc","Hemokinesis"],"picked":"SKIP","floor":13},{"not_picked":["Searing Blow","Havoc","Hemokinesis"],"picked":"SKIP","floor":13},{"not_picked":["Demon Form","Bludgeon"],"picked":"Limit Break","floor":16},{"not_picked":["Power Through+1","Body Slam","Iron Wave"],"picked":"SKIP","floor":18},{"not_picked":["Headbutt","Second Wind","True Grit"],"picked":"SKIP","floor":20},{"not_picked":["Wild Strike+1","Heavy Blade","Clothesline+1"],"picked":"SKIP","floor":23},{"not_picked":["Clothesline+1","Dropkick"],"picked":"StuffTheSpire:Slingshot","floor":25},{"not_picked":[],"picked":"wanderingMiniBosses:FinaleOfPromise","floor":27},{"not_picked":["Clothesline+1","Replay:Undeath\u0027s Touch","Bludgeon"],"picked":"SKIP","floor":28},{"not_picked":["Body Slam","Iron Wave","Armaments+1"],"picked":"SKIP","floor":30},{"not_picked":["Abandon","Rupture","Heavy Blade"],"picked":"SKIP","floor":31},{"not_picked":["Armaments+1","Warcry","True Grit"],"picked":"SKIP","floor":35},{"not_picked":["StuffTheSpire:Slingshot","Clothesline","StuffTheSpire:RockThrow+1"],"picked":"SKIP","floor":38},{"not_picked":["Run Through+1","Fire Breathing","StuffTheSpire:Pyroclast+1"],"picked":"SKIP","floor":41},{"not_picked":["Evolve+1","Feel No Pain","Rampage+1"],"picked":"SKIP","floor":45},{"not_picked":["Midas Touch","Mayhem"],"picked":"Dramatic Entrance","floor":46},{"not_picked":["Hemokinesis","Clothesline","Flex"],"picked":"SKIP","floor":48},{"not_picked":["Havoc","Uppercut","Corruption"],"picked":"SKIP","floor":54}],"player_experience":333887,"relics_obtained":[{"floor":6,"key":"StuffTheSpire:Experiment12"},{"floor":8,"key":"Pen Nib"},{"floor":9,"key":"WingedGreaves"},{"floor":23,"key":"Gremlin Food"},{"floor":26,"key":"MealTicket"},{"floor":27,"key":"Durian"},{"floor":27,"key":"hubris:SphereOfDissonance"},{"floor":27,"key":"wanderingMiniBosses:Blackblade"},{"floor":28,"key":"Pocketwatch"},{"floor":30,"key":"Meat on the Bone"},{"floor":31,"key":"Art of War"},{"floor":43,"key":"StuffTheSpire:Tea"},{"floor":45,"key":"Juzu Bracelet"},{"floor":48,"key":"conspire:TopHat"},{"floor":54,"key":"Replay:WaspNest"}],"event_choices":[{"damage_healed":0,"gold_gain":0,"player_choice":"Trade","damage_taken":0,"relics_obtained":["CultistMask"],"max_hp_gain":0,"max_hp_loss":0,"event_name":"FaceTrader","floor":11,"gold_loss":0},{"cards_removed":["Combust"],"damage_healed":0,"gold_gain":0,"player_choice":"Purged","damage_taken":0,"max_hp_gain":0,"max_hp_loss":0,"event_name":"Purifier","floor":22,"gold_loss":0},{"damage_healed":0,"gold_gain":0,"player_choice":"Fight","damage_taken":0,"max_hp_gain":0,"max_hp_loss":0,"event_name":"Colosseum","floor":27,"gold_loss":0},{"damage_healed":0,"gold_gain":0,"player_choice":"Fought Nobs","damage_taken":0,"max_hp_gain":0,"max_hp_loss":0,"event_name":"Colosseum","floor":27,"gold_loss":0},{"damage_healed":0,"gold_gain":0,"player_choice":"Copied","damage_taken":0,"max_hp_gain":0,"max_hp_loss":0,"event_name":"Duplicator","floor":37,"gold_loss":0,"cards_obtained":["Sword Boomerang"]},{"damage_healed":0,"gold_gain":0,"player_choice":"1 cards matched","damage_taken":0,"max_hp_gain":0,"max_hp_loss":0,"event_name":"Match and Keep!","floor":39,"gold_loss":0,"cards_obtained":["Carnage"]},{"damage_healed":0,"gold_gain":0,"player_choice":"Memory 3","damage_taken":10,"max_hp_gain":0,"max_hp_loss":0,"event_name":"SensoryStone","floor":46,"gold_loss":0}],"is_beta":false,"boss_relics":[{"not_picked":["Replay:Wanted Poster","hubris:BlackHole"],"picked":"hubris:Backtick"},{"not_picked":["Ooze Armor","Painkiller Herb"],"picked":"StuffTheSpire:Kangaroo"}],"items_purged_floors":[5,12,19,44],"is_endless":false,"potions_floor_spawned":[1,8,16,20,27,33,35,45],"ascension_level":10}}