{"host":"92108ef2q9tm8rod","time":1612831148,"event":{"mods":["BaseMod","Defuse TimeMaze Blight","Minty Spire (QoL Compilation)","StSLib","The Jungle"],"gold_per_floor":[109,129,147,147,161,187,187,220,220,220,220,220,220,237,237,341,391,410,64,64,79,79,79,113,144,144,144,144,144,177,177,177,278,278,296,306,306,319,244,244,273,273,273,273,273,273,273,0,0,0,0],"floor_reached":50,"language":"ENG","playtime":2033,"items_purged":["Strike_G"],"score":585,"play_id":"6cac534b-da35-4bb8-9375-8c18da77eace","local_time":"20210209003908","daily_mods":["Colorless Cards","Heirloom","Flight"],"is_ascension_mode":false,"campfire_choices":[{"data":"Neutralize","floor":7,"key":"SMITH"},{"data":"Survivor","floor":10,"key":"SMITH"},{"floor":11,"key":"REST"},{"data":"Noxious Fumes","floor":12,"key":"SMITH"},{"data":"Finesse","floor":13,"key":"SMITH"},{"data":"Escape Plan","floor":15,"key":"SMITH"},{"data":"Sadistic Nature","floor":23,"key":"SMITH"},{"floor":28,"key":"REST"},{"floor":29,"key":"REST"},{"data":"Defend_G","floor":32,"key":"SMITH"},{"data":"Adrenaline","floor":40,"key":"SMITH"},{"data":"Defend_G","floor":42,"key":"SMITH"},{"data":"Strike_G","floor":47,"key":"SMITH"},{"data":"Strike_G","floor":49,"key":"SMITH"}],"circlet_count":0,"master_deck":["Strike_G+1","Strike_G+1","Strike_G+1","Defend_G+1","Defend_G+1","Defend_G","Defend_G+1","Survivor+1","Neutralize+1","Blind+1","Noxious Fumes+1","Finesse+1","Escape Plan+1","Dark Shackles+1","Sadistic Nature+1","Adrenaline+1"],"relics":["Ring of the Snake","Tingsha","Snake Skull","Oddly Smooth Stone","Bag of Preparation","Tiny House","War Paint","StrikeDummy","Juzu Bracelet","Pear","Toy Ornithopter","Busted Crown","Torii","Happy Flower","Red Mask"],"acts_visited":["Exordium","Exordium","TheBeyond"],"potions_floor_usage":[6,8,24,25,41,41,45,50],"damage_taken":[{"damage":0,"enemies":"Jaw Worm","floor":1,"turns":3},{"damage":0,"enemies":"2 Louse","floor":2,"turns":4},{"damage":0,"enemies":"Small Slimes","floor":3,"turns":3},{"damage":0,"enemies":"2 Fungi Beasts","floor":5,"turns":4},{"damage":5,"enemies":"3 Sentries","floor":6,"turns":6},{"damage":25,"enemies":"Lagavulin","floor":8,"turns":8},{"damage":0,"enemies":"3 Louse","floor":14,"turns":4},{"damage":17,"enemies":"Slime Boss","floor":16,"turns":12},{"damage":5,"enemies":"theJungle:Flameango_and_Byrd","floor":18,"turns":7},{"damage":0,"enemies":"theJungle:GiantWrat","floor":21,"turns":6},{"damage":15,"enemies":"theJungle:MamaSnecko","floor":24,"turns":6},{"damage":9,"enemies":"theJungle:2_Phrogs","floor":25,"turns":5},{"damage":9,"enemies":"theJungle:Cassacara","floor":30,"turns":6},{"damage":6,"enemies":"theJungle:FunGuy","floor":33,"turns":10},{"damage":0,"enemies":"3 Shapes","floor":35,"turns":5},{"damage":0,"enemies":"3 Darklings","floor":36,"turns":5},{"damage":7,"enemies":"Writhing Mass","floor":38,"turns":8},{"damage":0,"enemies":"Reptomancer","floor":41,"turns":7},{"damage":0,"enemies":"Nemesis","floor":45,"turns":3},{"damage":90,"enemies":"Time Eater","floor":50,"turns":15}],"seed_played":"2902373046939518796","potions_obtained":[{"floor":1,"key":"AttackPotion"},{"floor":5,"key":"AttackPotion"},{"floor":17,"key":"DuplicationPotion"},{"floor":21,"key":"Weak Potion"},{"floor":24,"key":"Poison Potion"},{"floor":36,"key":"SmokeBomb"},{"floor":38,"key":"AttackPotion"},{"floor":41,"key":"Dexterity Potion"}],"is_trial":true,"path_per_floor":["M","M","M","?","M","E","R","E","T","R","R","R","R","M","R","B",null,"M","$","?","M","?","R","E","E","T","?","R","R","E","?","R","B",null,"M","M","?","M","$","R","E","R","T","?","E","?","R","?","R","B"],"character_chosen":"THE_SILENT","items_purchased":["Sadistic Nature","War Paint"],"campfire_rested":3,"item_purchase_floors":[19,19],"current_hp_per_floor":[70,70,70,70,70,65,65,40,40,40,61,61,61,61,61,44,75,70,70,60,60,60,60,45,36,46,46,71,85,76,78,78,72,85,85,85,85,78,78,78,85,85,85,81,81,81,81,81,81,0,0],"gold":0,"neow_bonus":"","is_daily":false,"chose_seed":false,"campfire_upgraded":11,"win_rate":0.0,"timestamp":1612831148,"path_taken":["M","M","M","?","M","E","R","E","T","R","R","R","R","M","R","BOSS","M","$","?","M","?","R","E","E","T","?","R","R","E","?","R","BOSS","M","M","?","M","$","R","E","R","T","?","E","?","R","?","R","BOSS"],"items_purchased_type":["Card","Relic"],"build_version":"2020-12-22","purchased_purges":1,"victory":false,"max_hp_per_floor":[70,70,70,70,70,70,70,70,70,70,70,70,70,70,70,70,75,75,75,75,75,75,75,75,75,85,85,85,85,85,85,85,85,85,85,85,85,85,85,85,85,85,85,81,81,81,81,81,81,81,81],"card_choices":[{"not_picked":["Purity","Dagger Spray"],"picked":"Blind","floor":1},{"not_picked":["Endless Agony","Blade Dance","Dodge and Roll"],"picked":"SKIP","floor":2},{"not_picked":["Bouncing Flask","Dagger Spray"],"picked":"Noxious Fumes","floor":3},{"not_picked":["Accuracy","Flying Knee","Trip"],"picked":"SKIP","floor":5},{"not_picked":["Outmaneuver","Quick Slash"],"picked":"Finesse","floor":6},{"not_picked":["Deflect","Phantasmal Killer","Secret Technique"],"picked":"SKIP","floor":8},{"not_picked":["Sucker Punch","PiercingWail"],"picked":"Escape Plan","floor":14},{"not_picked":["Quick Slash","Cloak And Dagger"],"picked":"Dark Shackles","floor":18},{"not_picked":["Well Laid Plans","Riddle With Holes","Slice+1"],"picked":"SKIP","floor":21},{"not_picked":["Bullet Time","Skewer","Slice"],"picked":"SKIP","floor":24},{"not_picked":["Acrobatics","Cloak And Dagger","Dagger Throw"],"picked":"SKIP","floor":25},{"not_picked":["Cloak And Dagger+1","Finisher","Slice"],"picked":"SKIP","floor":30},{"not_picked":["Bullet Time","Tools of the Trade"],"picked":"Adrenaline","floor":33},{"not_picked":["Flying Knee"],"picked":"SKIP","floor":35},{"not_picked":["Flying Knee+1"],"picked":"SKIP","floor":36},{"not_picked":["Dagger Throw+1"],"picked":"SKIP","floor":38},{"not_picked":["Slice"],"picked":"SKIP","floor":41}],"player_experience":3404267,"relics_obtained":[{"floor":6,"key":"Snake Skull"},{"floor":8,"key":"Oddly Smooth Stone"},{"floor":9,"key":"Bag of Preparation"},{"floor":24,"key":"StrikeDummy"},{"floor":25,"key":"Juzu Bracelet"},{"floor":26,"key":"Pear"},{"floor":30,"key":"Toy Ornithopter"},{"floor":41,"key":"Torii"},{"floor":43,"key":"Happy Flower"}],"event_choices":[{"damage_healed":0,"gold_gain":0,"player_choice":"Grow","damage_taken":0,"max_hp_gain":0,"max_hp_loss":0,"event_name":"Living Wall","floor":4,"gold_loss":0,"cards_upgraded":["Blind"]},{"cards_removed":["Strike_G"],"damage_healed":0,"gold_gain":0,"player_choice":"Removed Attack","damage_taken":0,"max_hp_gain":0,"max_hp_loss":0,"event_name":"Falling","floor":37,"gold_loss":0},{"damage_healed":0,"gold_gain":0,"player_choice":"Max HP","damage_taken":0,"max_hp_gain":0,"max_hp_loss":4,"event_name":"Winding Halls","floor":44,"gold_loss":0},{"damage_healed":0,"gold_gain":0,"player_choice":"Ignored","damage_taken":0,"max_hp_gain":0,"max_hp_loss":0,"event_name":"Mysterious Sphere","floor":46,"gold_loss":0},{"damage_healed":0,"gold_gain":0,"player_choice":"Paid","damage_taken":0,"relics_obtained":["Red Mask"],"max_hp_gain":0,"max_hp_loss":0,"event_name":"Tomb of Lord Red Mask","floor":48,"gold_loss":273}],"is_beta":false,"boss_relics":[{"not_picked":["SlaversCollar","Philosopher\u0027s Stone"],"picked":"Tiny House"},{"not_picked":["Velvet Choker","Runic Pyramid"],"picked":"Busted Crown"}],"items_purged_floors":[39],"is_endless":false,"potions_floor_spawned":[1,5,21,24,36,38,41],"killed_by":"Time Eater","ascension_level":0}}