{"host":"995ppxxqmb2p2due","time":1612830989,"event":{"mods":["BaseMod","Downfall","Minty Spire (QoL Compilation)","StSLib"],"gold_per_floor":[99,113,131,131,150,178,178,198,198,198,198,198],"floor_reached":10,"language":"ENG","playtime":457,"items_purged":[],"score":68,"play_id":"8fca7b43-602e-4b7d-a387-c8cb24d4ff68","local_time":"20210208193629","is_ascension_mode":false,"campfire_choices":[],"circlet_count":0,"master_deck":["sneckomod:Strike","sneckomod:Strike","sneckomod:Defend","sneckomod:TailWhip","sneckomod:SnekBite","sneckomod:Unknown","Ball Lightning","sneckomod:UnknownStrike","sneckomod:WideSting","downfall:Icky","sneckomod:Nope","sneckomod:QuickMove","sneckomod:UnknownVulnerable","sneckomod:UnknownClassTHE_BRONZE_AUTOMATON"],"relics":["sneckomod:SneckoSoul","StoneCalendar","Girya","sneckomod:SneckoCommon"],"acts_visited":["Exordium"],"potions_floor_usage":[],"damage_taken":[{"damage":0,"enemies":"Cultist","floor":2,"turns":3},{"damage":10,"enemies":"2 Louse","floor":3,"turns":2},{"damage":7,"enemies":"Small Slimes","floor":5,"turns":3},{"damage":54,"enemies":"3 Sentries","floor":6,"turns":6},{"damage":4,"enemies":"2 Fungi Beasts","floor":8,"turns":3},{"damage":14,"enemies":"Gremlin Nob","floor":10,"turns":3}],"seed_played":"3183889898899138104","potions_obtained":[{"floor":2,"key":"sneckomod:MuddlingPotion"},{"floor":6,"key":"Block Potion"},{"floor":8,"key":"Slimebound:ThreeZeroPotion"}],"is_trial":false,"path_per_floor":["R","M","M","?","M","E","T","M","?","E"],"character_chosen":"THE_SNECKO","items_purchased":[],"campfire_rested":0,"item_purchase_floors":[],"current_hp_per_floor":[99,99,89,89,82,28,28,24,21,7,7,7],"gold":198,"neow_bonus":"TEN_PERCENT_HP_BONUS","is_daily":false,"chose_seed":false,"campfire_upgraded":0,"win_rate":0.0,"timestamp":1612830989,"path_taken":["R","M","M","?","M","E","T","?","?","E"],"items_purchased_type":[],"build_version":"2020-12-22","purchased_purges":0,"victory":false,"max_hp_per_floor":[99,99,99,99,99,99,99,99,99,99,99,99],"card_choices":[{"not_picked":["sneckomod:UnknownBlock","sneckomod:QuickMove"],"picked":"sneckomod:UnknownStrike","floor":2},{"not_picked":["sneckomod:CheapStock","sneckomod:IronFang"],"picked":"sneckomod:WideSting","floor":3},{"not_picked":["sneckomod:QuickBite","sneckomod:UnendingSupply"],"picked":"sneckomod:Nope","floor":5},{"not_picked":["sneckomod:UnknownCommonSkill","sneckomod:SoulDraw"],"picked":"sneckomod:QuickMove","floor":6},{"not_picked":["sneckomod:Nope","sneckomod:UnknownCommonSkill"],"picked":"sneckomod:UnknownVulnerable","floor":8}],"player_experience":127917,"relics_obtained":[{"floor":6,"key":"StoneCalendar"},{"floor":7,"key":"Girya"}],"event_choices":[{"damage_healed":0,"gold_gain":0,"player_choice":"Success","damage_taken":3,"relics_obtained":["sneckomod:SneckoCommon"],"max_hp_gain":0,"max_hp_loss":0,"event_name":"Scrap Ooze","floor":9,"gold_loss":0}],"is_beta":false,"boss_relics":[],"items_purged_floors":[],"is_endless":false,"potions_floor_spawned":[2,6,8],"killed_by":"Gremlin Nob","ascension_level":0}}