{"host":"q5twaoo3ngmfp14g","time":1612832985,"event":{"mods":["AchievementEnabler","BaseMod","Minty Spire (QoL Compilation)","Relic Stats","StSLib"],"gold_per_floor":[116,116,129,149,149,149,184,200,254,254,254,268,25,35,35,106,106,125,175,190,203,218,218,228,228,254,281,281,299,318,338,338,338,338],"floor_reached":33,"language":"ENG","playtime":1228,"items_purged":["Dualcast"],"score":546,"play_id":"91b0d033-3f5a-441d-9622-934c7caef95c","local_time":"20210209020945","is_ascension_mode":true,"campfire_choices":[{"floor":6.0,"key":"REST"},{"data":"Reprogram","floor":10.0,"key":"SMITH"},{"floor":15.0,"key":"REST"},{"floor":23.0,"key":"REST"},{"floor":25.0,"key":"REST"},{"data":"Reprogram","floor":28.0,"key":"SMITH"},{"floor":32.0,"key":"REST"}],"circlet_count":0,"master_deck":["AscendersBane","Strike_B+1","Strike_B","Strike_B","Defend_B","Defend_B","Defend_B","Defend_B","Cold Snap","Chill","Doom and Gloom+1","Reprogram+1","Leap","Cold Snap","Barrage","Doom and Gloom","Self Repair","Hyperbeam","Go for the Eyes","Conserve Battery","Conserve Battery","Reprogram+1"],"relics":["Cracked Core","Pen Nib","Matryoshka","Strawberry","Pantograph","Whetstone","TheAbacus","Nuclear Battery","Lantern","Akabeko","Anchor"],"acts_visited":["Exordium","TheCity"],"potions_floor_usage":[33,33],"damage_taken":[{"damage":7.0,"enemies":"Cultist","floor":1.0,"turns":4.0},{"damage":0.0,"enemies":"2 Louse","floor":3.0,"turns":3.0},{"damage":2.0,"enemies":"Small Slimes","floor":4.0,"turns":3.0},{"damage":13.0,"enemies":"3 Sentries","floor":7.0,"turns":7.0},{"damage":7.0,"enemies":"Gremlin Gang","floor":8.0,"turns":4.0},{"damage":15.0,"enemies":"Large Slime","floor":12.0,"turns":6.0},{"damage":0.0,"enemies":"2 Fungi Beasts","floor":14.0,"turns":1.0},{"damage":31.0,"enemies":"Slime Boss","floor":16.0,"turns":11.0},{"damage":18.0,"enemies":"3 Byrds","floor":18.0,"turns":2.0},{"damage":13.0,"enemies":"Chosen","floor":20.0,"turns":5.0},{"damage":38.0,"enemies":"Shelled Parasite and Fungi","floor":21.0,"turns":7.0},{"damage":0.0,"enemies":"Centurion and Healer","floor":22.0,"turns":1.0},{"damage":16.0,"enemies":"Cultist and Chosen","floor":24.0,"turns":8.0},{"damage":21.0,"enemies":"Gremlin Leader","floor":27.0,"turns":5.0},{"damage":0.0,"enemies":"Snake Plant","floor":29.0,"turns":2.0},{"damage":32.0,"enemies":"Snecko","floor":30.0,"turns":6.0},{"damage":4.0,"enemies":"Centurion and Healer","floor":31.0,"turns":4.0},{"damage":81,"enemies":"Collector","floor":33,"turns":8}],"seed_played":"-5262647309274731893","potions_obtained":[{"floor":3.0,"key":"PowerPotion"},{"floor":4.0,"key":"CultistPotion"},{"floor":18.0,"key":"Ancient Potion"},{"floor":22.0,"key":"ColorlessPotion"},{"floor":24.0,"key":"AttackPotion"},{"floor":27.0,"key":"Explosive Potion"}],"is_trial":false,"path_per_floor":["M","?","M","M","?","R","E","M","T","R","?","M","$","M","R","B",null,"M","?","M","M","M","R","M","R","T","E","R","M","M","M","R","B"],"character_chosen":"DEFECT","items_purchased":["TheAbacus"],"campfire_rested":5,"item_purchase_floors":[13],"current_hp_per_floor":[57,57,57,55,29,50,44,37,37,37,37,22,22,22,45,46,70,59,59,53,22,22,45,36,59,59,45,45,52,27,30,53,0,0],"gold":338,"neow_bonus":"RANDOM_COMMON_RELIC","is_daily":false,"chose_seed":false,"campfire_upgraded":2,"win_rate":0.0,"timestamp":1612832985,"path_taken":["M","?","?","M","?","R","E","M","T","R","?","?","$","M","R","BOSS","M","?","M","M","M","R","M","R","T","E","R","M","M","M","R","BOSS"],"items_purchased_type":["Relic"],"build_version":"2020-12-22","purchased_purges":1,"victory":false,"max_hp_per_floor":[71,71,71,71,71,71,78,78,78,78,78,78,78,78,78,78,78,78,78,78,78,78,78,78,78,78,78,78,78,78,78,78,78,78],"relic_stats":{"TheAbacus":[48],"counters":[18,87],"Pantograph":50,"Pen Nib":[13],"Whetstone":["Doom and Gloom","Strike_B"],"obtain_stats":[{"Lantern":26,"Anchor":27,"Matryoshka":5,"TheAbacus":13,"Strawberry":7,"Pantograph":9,"Pen Nib":0,"Whetstone":9,"Cracked Core":0,"Akabeko":26,"Nuclear Battery":17},{"Lantern":13,"Anchor":14,"Matryoshka":3,"TheAbacus":6,"Strawberry":4,"Pantograph":5,"Pen Nib":0,"Whetstone":5,"Cracked Core":0,"Akabeko":13,"Nuclear Battery":8},{"Lantern":62,"Anchor":67,"Matryoshka":10,"TheAbacus":27,"Strawberry":17,"Pantograph":21,"Pen Nib":0,"Whetstone":21,"Cracked Core":0,"Akabeko":62,"Nuclear Battery":39}]},"card_choices":[{"not_picked":["Steam","Streamline"],"picked":"Cold Snap","floor":1.0},{"not_picked":["Force Field","Skim"],"picked":"Doom and Gloom","floor":3.0},{"not_picked":["Streamline","Rebound"],"picked":"Reprogram","floor":4.0},{"not_picked":["Gash","Barrage"],"picked":"Leap","floor":7.0},{"not_picked":["Darkness","Melter"],"picked":"Cold Snap","floor":8.0},{"not_picked":["Steam","Darkness"],"picked":"Doom and Gloom","floor":12.0},{"not_picked":["Sunder","Force Field"],"picked":"Self Repair","floor":14.0},{"not_picked":["Reboot","Fission"],"picked":"Hyperbeam","floor":16.0},{"not_picked":["Turbo","Sweeping Beam+1"],"picked":"Go for the Eyes","floor":18.0},{"not_picked":["Beam Cell","Ball Lightning"],"picked":"Conserve Battery","floor":20.0},{"not_picked":["Force Field","Coolheaded"],"picked":"Conserve Battery","floor":21.0},{"not_picked":["Static Discharge","Hologram"],"picked":"Reprogram","floor":22.0},{"not_picked":["Compile Driver","Force Field","Consume"],"picked":"SKIP","floor":24.0},{"not_picked":["Sweeping Beam+1","Amplify","Reprogram"],"picked":"SKIP","floor":27.0},{"not_picked":["Compile Driver","Heatsinks","Cold Snap"],"picked":"SKIP","floor":29.0},{"not_picked":["Cold Snap","Darkness","Redo"],"picked":"SKIP","floor":30.0},{"not_picked":["Barrage","FTL","Defragment"],"picked":"SKIP","floor":31.0}],"player_experience":821370,"relics_obtained":[{"floor":7.0,"key":"Strawberry"},{"floor":9.0,"key":"Pantograph"},{"floor":9.0,"key":"Whetstone"},{"floor":26.0,"key":"Lantern"},{"floor":26.0,"key":"Akabeko"},{"floor":27.0,"key":"Anchor"}],"event_choices":[{"damage_healed":0.0,"max_hp_gain":0.0,"max_hp_loss":0.0,"gold_gain":0.0,"cards_transformed":["Strike_B"],"event_name":"Transmorgrifier","player_choice":"Transformed","floor":2.0,"gold_loss":0.0,"damage_taken":0.0,"cards_obtained":["Chill"]},{"damage_healed":0.0,"max_hp_gain":0.0,"max_hp_loss":0.0,"gold_gain":0.0,"event_name":"Scrap Ooze","player_choice":"Success","floor":5.0,"gold_loss":0.0,"damage_taken":26.0,"relics_obtained":["Matryoshka"]},{"damage_healed":0.0,"max_hp_gain":0.0,"max_hp_loss":0.0,"gold_gain":0.0,"cards_transformed":["Zap"],"event_name":"Transmorgrifier","player_choice":"Transformed","floor":11.0,"gold_loss":0.0,"damage_taken":0.0,"cards_obtained":["Barrage"]},{"damage_healed":0.0,"max_hp_gain":0.0,"max_hp_loss":0.0,"gold_gain":50.0,"event_name":"Nest","player_choice":"Stole From Cult","floor":19.0,"gold_loss":0.0,"damage_taken":0.0}],"is_beta":false,"boss_relics":[{"not_picked":["Ectoplasm","Astrolabe"],"picked":"Nuclear Battery"}],"items_purged_floors":[13],"is_endless":false,"potions_floor_spawned":[3,4,8,12,14,18,22,24,27,30],"killed_by":"Collector","ascension_level":20}}