{"host":"fv1cjvqplxezqiss","time":1612908115,"event":{"mods":["BaseMod","Colored Map","Minty Spire (QoL Compilation)","StSLib"],"gold_per_floor":[14,31,46,62,79,110,128,128,153,9,9,36,49,69,69,170,170,184,184,184,184],"floor_reached":20,"language":"ENG","playtime":905,"items_purged":[],"score":320,"play_id":"debb4e73-531e-4f12-b49c-264268274490","local_time":"20210209170155","is_ascension_mode":true,"campfire_choices":[{"data":"Defragment","floor":11.0,"key":"SMITH"},{"data":"Coolheaded","floor":15.0,"key":"SMITH"}],"circlet_count":0,"master_deck":["AscendersBane","Strike_B","Strike_B","Strike_B+1","Defend_B","Defend_B","Defend_B","Zap","Dualcast","Biased Cognition","Capacitor","Coolheaded+1","Cold Snap+1","Defragment+1","Sweeping Beam","Turbo","Defragment","Ball Lightning","Tempest","Reboot","Glacier"],"relics":["Cracked Core","DataDisk","Whetstone","OrangePellets","Omamori","Empty Cage","Necronomicon"],"acts_visited":["Exordium","TheCity"],"potions_floor_usage":[],"damage_taken":[{"damage":11.0,"enemies":"Small Slimes","floor":1.0,"turns":3.0},{"damage":1.0,"enemies":"Cultist","floor":2.0,"turns":3.0},{"damage":10.0,"enemies":"2 Louse","floor":3.0,"turns":3.0},{"damage":7.0,"enemies":"2 Fungi Beasts","floor":4.0,"turns":4.0},{"damage":16.0,"enemies":"3 Louse","floor":5.0,"turns":3.0},{"damage":0.0,"enemies":"Lagavulin","floor":6.0,"turns":7.0},{"damage":3.0,"enemies":"Exordium Thugs","floor":7.0,"turns":6.0},{"damage":8.0,"enemies":"Gremlin Nob","floor":12.0,"turns":4.0},{"damage":1.0,"enemies":"Blue Slaver","floor":13.0,"turns":2.0},{"damage":8.0,"enemies":"Exordium Wildlife","floor":14.0,"turns":4.0},{"damage":7.0,"enemies":"Hexaghost","floor":16.0,"turns":6.0},{"damage":0.0,"enemies":"Shell Parasite","floor":18.0,"turns":5.0},{"damage":52,"enemies":"Masked Bandits","floor":20,"turns":3}],"seed_played":"-7618072685607973359","potions_obtained":[{"floor":3.0,"key":"BlessingOfTheForge"},{"floor":4.0,"key":"Strength Potion"},{"floor":6.0,"key":"Explosive Potion"},{"floor":8.0,"key":"Fruit Juice"},{"floor":8.0,"key":"DuplicationPotion"},{"floor":14.0,"key":"PotionOfCapacity"}],"is_trial":false,"path_per_floor":["M","M","M","M","M","E","M","?","T","$","R","E","M","M","R","B",null,"M","?","?"],"character_chosen":"DEFECT","items_purchased":["OrangePellets"],"campfire_rested":0,"item_purchase_floors":[10],"current_hp_per_floor":[57,56,46,39,23,23,20,25,25,25,25,17,16,8,8,1,60,60,44,0,0],"gold":184,"neow_bonus":"THREE_RARE_CARDS","is_daily":false,"chose_seed":false,"campfire_upgraded":2,"win_rate":0.0,"timestamp":1612908115,"path_taken":["M","M","M","M","M","E","M","?","T","$","R","E","?","M","R","BOSS","M","?","?"],"items_purchased_type":["Relic"],"build_version":"2020-12-22","purchased_purges":0,"victory":false,"max_hp_per_floor":[75,75,75,75,75,75,75,80,80,80,80,80,80,80,80,80,80,80,80,80,80],"card_choices":[{"not_picked":["Rainbow","Thunder Strike"],"picked":"Biased Cognition","floor":0.0},{"not_picked":["Sweeping Beam","Conserve Battery"],"picked":"Capacitor","floor":1.0},{"not_picked":["Gash","Beam Cell"],"picked":"Coolheaded","floor":2.0},{"not_picked":["Redo","Beam Cell"],"picked":"Cold Snap","floor":3.0},{"not_picked":["Streamline","Chill"],"picked":"Defragment","floor":4.0},{"not_picked":["Go for the Eyes","Redo"],"picked":"Sweeping Beam","floor":5.0},{"not_picked":["Rebound","Steam"],"picked":"Turbo","floor":6.0},{"not_picked":["Heatsinks","Thunder Strike"],"picked":"Defragment","floor":7.0},{"not_picked":["Gash","Redo"],"picked":"Ball Lightning","floor":12.0},{"not_picked":["Aggregate","Conserve Battery"],"picked":"Tempest","floor":13.0},{"not_picked":["Cold Snap","Beam Cell","Rebound"],"picked":"SKIP","floor":14.0},{"not_picked":["Creative AI","Hyperbeam"],"picked":"Reboot","floor":16.0},{"not_picked":["Scrape","Capacitor+1"],"picked":"Glacier","floor":18.0}],"player_experience":628904,"relics_obtained":[{"floor":6.0,"key":"DataDisk"},{"floor":9.0,"key":"Whetstone"},{"floor":12.0,"key":"Omamori"},{"floor":19.0,"key":"Necronomicon"}],"event_choices":[{"damage_healed":0.0,"max_hp_gain":0.0,"max_hp_loss":0.0,"gold_gain":0.0,"event_name":"Lab","player_choice":"Got Potions","floor":8.0,"gold_loss":0.0,"damage_taken":0.0},{"damage_healed":0.0,"max_hp_gain":0.0,"max_hp_loss":0.0,"gold_gain":0.0,"event_name":"Cursed Tome","player_choice":"Obtained Book","floor":19.0,"gold_loss":0.0,"damage_taken":16.0},{"damage_healed":0,"gold_gain":0,"player_choice":"Fought Bandits","damage_taken":0,"max_hp_gain":0,"max_hp_loss":0,"event_name":"Masked Bandits","floor":20,"gold_loss":0}],"is_beta":false,"boss_relics":[{"not_picked":["Coffee Dripper","Black Star"],"picked":"Empty Cage"}],"items_purged_floors":[],"is_endless":false,"potions_floor_spawned":[3,4,6,7,14],"killed_by":"Masked Bandits","ascension_level":10}}