{"host":"April","time":1612863512,"event":{"mods":["BaseMod","Minty Spire (QoL Compilation)"],"gold_per_floor":[110,110,40,54,64,97,110,110,110,110,110,120,120,164,164,164,164],"floor_reached":16,"language":"ENG","playtime":638,"items_purged":[],"score":116,"play_id":"a472a437-8243-4aca-b234-e827949a4620","local_time":"20210209013832","is_ascension_mode":true,"campfire_choices":[{"data":"Bash","floor":8,"key":"SMITH"},{"data":"Reckless Charge","floor":11,"key":"SMITH"},{"floor":15,"key":"REST"}],"circlet_count":0,"master_deck":["Strike_R","Strike_R","Strike_R","Strike_R","Strike_R","Defend_R","Defend_R","Defend_R","Defend_R","Bash+1","Twin Strike","Blood for Blood","Second Wind","Reckless Charge+1","Exhume","Pummel","Anger","Injury","Ghostly Armor"],"relics":["Burning Blood","Juzu Bracelet","Darkstone Periapt","Gremlin Horn","Peace Pipe","Golden Idol","PreservedInsect"],"acts_visited":["Exordium"],"potions_floor_usage":[6,12,14,16],"damage_taken":[{"damage":5.0,"enemies":"Cultist","floor":1.0,"turns":4.0},{"damage":1.0,"enemies":"2 Louse","floor":4.0,"turns":3.0},{"damage":6.0,"enemies":"Jaw Worm","floor":5.0,"turns":3.0},{"damage":34,"enemies":"Lagavulin","floor":6,"turns":7},{"damage":12,"enemies":"Blue Slaver","floor":7,"turns":2},{"damage":0,"enemies":"Large Slime","floor":12,"turns":3},{"damage":28,"enemies":"Gremlin Nob","floor":14,"turns":4},{"damage":61,"enemies":"The Guardian","floor":16,"turns":6}],"seed_played":"534778610834763929","potions_obtained":[{"floor":2.0,"key":"Dexterity Potion"},{"floor":2.0,"key":"GamblersBrew"},{"floor":2.0,"key":"FairyPotion"},{"floor":6,"key":"Fire Potion"},{"floor":14,"key":"Fruit Juice"}],"is_trial":false,"path_per_floor":["M","?","$","M","M","E","M","R","T","T","R","M","?","E","R","B"],"character_chosen":"IRONCLAD","items_purchased":["Blood for Blood"],"campfire_rested":1,"item_purchase_floors":[3],"current_hp_per_floor":[80,80,80,80,80,52,46,46,46,46,46,52,58,36,61,5,5],"gold":164,"neow_bonus":"RANDOM_COMMON_RELIC","is_daily":false,"chose_seed":false,"campfire_upgraded":2,"win_rate":0.0,"timestamp":1612863512,"path_taken":["M","?","$","M","M","E","M","R","T","?","R","M","?","E","R","BOSS"],"items_purchased_type":["Card"],"build_version":"2020-12-18","purchased_purges":0,"victory":false,"max_hp_per_floor":[80,80,80,80,80,80,80,80,80,80,80,80,86,86,86,91,91],"card_choices":[{"not_picked":["True Grit","Warcry"],"picked":"Twin Strike","floor":1.0},{"not_picked":["Headbutt","Armaments"],"picked":"Second Wind","floor":4.0},{"not_picked":["Second Wind","Havoc"],"picked":"Reckless Charge","floor":5.0},{"not_picked":["Perfected Strike","Dual Wield"],"picked":"Exhume","floor":6},{"not_picked":["Heavy Blade","Sword Boomerang"],"picked":"Pummel","floor":7},{"not_picked":["Shrug It Off","Heavy Blade"],"picked":"Anger","floor":12},{"not_picked":["Rupture","Infernal Blade"],"picked":"Ghostly Armor","floor":14}],"player_experience":2650327,"relics_obtained":[{"floor":6,"key":"Darkstone Periapt"},{"floor":9,"key":"Gremlin Horn"},{"floor":10,"key":"Peace Pipe"},{"floor":14,"key":"PreservedInsect"}],"event_choices":[{"damage_healed":0.0,"max_hp_gain":0.0,"max_hp_loss":0.0,"gold_gain":0.0,"event_name":"Lab","player_choice":"Got Potions","floor":2.0,"gold_loss":0.0,"damage_taken":0.0},{"damage_healed":0,"gold_gain":0,"player_choice":"Take Wound","damage_taken":0,"relics_obtained":["Golden Idol"],"max_hp_gain":0,"max_hp_loss":0,"event_name":"Golden Idol","floor":13,"gold_loss":0,"cards_obtained":["Injury"]}],"is_beta":true,"boss_relics":[],"items_purged_floors":[],"is_endless":false,"potions_floor_spawned":[4,5,6,7,14],"killed_by":"The Guardian","ascension_level":1}}