{"host":"yq854828l1wg20je","time":1612866504,"event":{"mods":["AchievementEnabler","BaseMod","Colored Powertips","Downfall","Hubris","Minty Spire (QoL Compilation)","Quick Restart","READ ME - Snecko Mod","Replay The Spire","StSLib","The Construct","The Cursed","The Disciple","The Senshi","The Servant 0.9.4"],"gold_per_floor":[109,109,120,135,135,135,154,154,166,183,183,183,199,199,217,240,340,461,461,461,461],"floor_reached":20,"language":"ENG","playtime":1811,"items_purged":[],"score":218,"play_id":"1282260e-385c-40ff-b247-37df8df20198","local_time":"20210209052824","is_ascension_mode":false,"campfire_choices":[{"data":"theSenshi:MoonCrisisMakeUp","floor":8.0,"key":"SMITH"}],"circlet_count":0,"master_deck":["theSenshi:SailorKick","theSenshi:SailorKick","theSenshi:SailorKick","theSenshi:SailorBlock","theSenshi:SailorBlock","theSenshi:SailorBlock","theSenshi:RoseThrow","theSenshi:MoonPrismPowerMakeUp","theSenshi:SailorVenusAssists","theSenshi:SaturnsMystery","theSenshi:MoonCrisisMakeUp+1","theSenshi:MoonsReflection","theSenshi:JupitersPower","theSenshi:InTheNickOfTime","theSenshi:NeptunesGrace+1","theSenshi:SailorUranusAssists","theSenshi:MoonPunch","hubris:Envy","hubris:Compulsion","theSenshi:JupitersPower","theSenshi:SailorStarHealerAssists","theSenshi:SailorCosmosAssists+1","downfall:Aged","hubris:Envy"],"relics":["theSenshi:TransformationBroochRelic","Pear","Golden Idol","Darkstone Periapt","Astrolabe"],"acts_visited":["Exordium","TheCity"],"potions_floor_usage":[20],"damage_taken":[{"damage":1.0,"enemies":"Small Slimes","floor":1.0,"turns":5.0},{"damage":0.0,"enemies":"Cultist","floor":3.0,"turns":3.0},{"damage":3.0,"enemies":"Jaw Worm","floor":4.0,"turns":4.0},{"damage":2.0,"enemies":"3 Louse","floor":7.0,"turns":2.0},{"damage":22.0,"enemies":"Lots of Slimes","floor":9.0,"turns":7.0},{"damage":8.0,"enemies":"Looter","floor":10.0,"turns":3.0},{"damage":11.0,"enemies":"3 Louse","floor":13.0,"turns":4.0},{"damage":8.0,"enemies":"Exordium Thugs","floor":15.0,"turns":4.0},{"damage":4.0,"enemies":"2 Fungi Beasts","floor":16.0,"turns":4.0},{"damage":90.0,"enemies":"Hexaghost","floor":18.0,"turns":15.0},{"damage":0,"enemies":"Spheric Guardian","floor":20,"turns":2}],"seed_played":"-3279114915361281797","potions_obtained":[{"floor":3.0,"key":"Explosive Potion"},{"floor":4.0,"key":"Energy Potion"},{"floor":10.0,"key":"DuplicationPotion"},{"floor":13.0,"key":"champ:CounterPotion"},{"floor":15.0,"key":"SneckoOil"},{"floor":18.0,"key":"SkillPotion"}],"is_trial":false,"path_per_floor":["M","?","M","M","PTL","PTL","M","R","M","M","T","?","M","?","M","M","R","B",null,"M"],"character_chosen":"THE_SENSHI","items_purchased":[],"campfire_rested":0,"item_purchase_floors":[],"current_hp_per_floor":[74,74,74,71,71,71,70,70,55,62,72,72,68,68,70,66,90,10,115,115,115],"gold":461,"neow_bonus":"REMOVE_CARD","is_daily":false,"chose_seed":false,"campfire_upgraded":1,"win_rate":0.0,"timestamp":1612866504,"path_taken":["M","?","M","M","PTL","PTL","M","R","M","?","T","?","M","?","M","?","R","BOSS","M"],"items_purchased_type":[],"build_version":"2020-12-22","purchased_purges":0,"victory":false,"max_hp_per_floor":[75,75,75,75,75,75,75,75,75,75,85,79,79,79,79,79,103,103,115,115,115],"card_choices":[{"not_picked":["theSenshi:SailorV","theSenshi:SailorMarsAssists"],"picked":"theSenshi:SailorVenusAssists","floor":1.0},{"not_picked":["theSenshi:SailorUranusAssists","theSenshi:MoonPrincessHalation"],"picked":"theSenshi:SaturnsMystery","floor":3.0},{"not_picked":["theSenshi:UranusStrength","theSenshi:IWillPunishYou"],"picked":"theSenshi:MoonCrisisMakeUp","floor":4.0},{"not_picked":["theSenshi:SailorMarsAssists","theSenshi:MoonKick"],"picked":"theSenshi:MoonsReflection","floor":7.0},{"not_picked":["theSenshi:LateForSchool","theSenshi:LunasBite"],"picked":"theSenshi:JupitersPower","floor":9.0},{"not_picked":["theSenshi:SailorStarMakerAssists","theSenshi:SchoolBag"],"picked":"theSenshi:InTheNickOfTime","floor":10.0},{"not_picked":["theSenshi:MoonSpiralHeartAttack","theSenshi:KlutzyLuck"],"picked":"theSenshi:NeptunesGrace","floor":13.0},{"not_picked":["theSenshi:SupersonicWaves","theSenshi:MoonPrincessHalation"],"picked":"theSenshi:SailorUranusAssists","floor":15.0},{"not_picked":["theSenshi:Sidestep","theSenshi:YouCanTalk"],"picked":"theSenshi:MoonPunch","floor":16.0},{"not_picked":["theSenshi:SailorPlutoAssists","theSenshi:JupitersPower"],"picked":"theSenshi:SailorStarHealerAssists","floor":18.0}],"player_experience":30790,"relics_obtained":[{"floor":11.0,"key":"Pear"}],"event_choices":[{"cards_removed":["theSenshi:SailorBlock"],"damage_healed":0.0,"max_hp_gain":0.0,"max_hp_loss":0.0,"gold_gain":0.0,"event_name":"NoteForYourself","player_choice":"Took Card","floor":2.0,"gold_loss":0.0,"damage_taken":0.0,"cards_obtained":["Iron Wave"]},{"damage_healed":0.0,"max_hp_gain":0.0,"max_hp_loss":6.0,"gold_gain":0.0,"event_name":"Golden Idol","player_choice":"Lose Max HP","floor":12.0,"gold_loss":0.0,"damage_taken":0.0,"relics_obtained":["Golden Idol"]},{"damage_healed":0.0,"max_hp_gain":0.0,"max_hp_loss":0.0,"gold_gain":0.0,"event_name":"Upgrade Shrine","player_choice":"Upgraded","floor":14.0,"gold_loss":0.0,"damage_taken":0.0,"cards_upgraded":["theSenshi:NeptunesGrace"]}],"is_beta":false,"boss_relics":[{"not_picked":["Philosopher\u0027s Stone","Black Star"],"picked":"Astrolabe"}],"items_purged_floors":[],"is_endless":false,"potions_floor_spawned":[3,4,10,13,15,18],"killed_by":"Spheric Guardian","ascension_level":0}}