{"host":"uv5ws9rdk87e8i5k","time":1612842650,"event":{"mods":["AchievementEnabler","BaseMod","Colored Map","Minty Spire (QoL Compilation)","Permanent Neow","Quick Restart","StSLib","SuperFastMode","The Necromancer"],"gold_per_floor":[17,36,49,65,65,65,90,90,90,123,142,177,177,188,188,288,288,306,306,306,194,208,208,208,208],"floor_reached":24,"language":"ENG","playtime":560,"items_purged":["Writhe"],"score":335,"play_id":"70791c70-a8c8-4558-afc5-80410b3b054d","local_time":"20210208215050","is_ascension_mode":true,"campfire_choices":[{"data":"Die Die Die","floor":6.0,"key":"SMITH"},{"data":"Deadly Poison","floor":13,"key":"SMITH"},{"data":"Bouncing Flask","floor":15,"key":"SMITH"},{"data":"Catalyst","floor":23,"key":"SMITH"}],"circlet_count":0,"master_deck":["AscendersBane","Strike_G","Strike_G","Strike_G","Strike_G","Strike_G","Defend_G","Defend_G","Defend_G","Defend_G","Defend_G","Survivor","Neutralize","Die Die Die+1","Deadly Poison","Deadly Poison+1","Eviscerate","Poisoned Stab","Masterful Stab","Acrobatics","Prepared","Dagger Throw","Bouncing Flask+1","Doppelganger","Deadly Poison","Catalyst+1","Dagger Throw+1"],"relics":["Ring of the Snake","White Beast Statue","Ornamental Fan","Blue Candle","Bag of Preparation","Velvet Choker","Bottled Lightning","Boot"],"acts_visited":["Exordium","TheCity"],"potions_floor_usage":[12,16,18,24,24],"damage_taken":[{"damage":7.0,"enemies":"Small Slimes","floor":1.0,"turns":4.0},{"damage":0.0,"enemies":"Cultist","floor":2.0,"turns":3.0},{"damage":0.0,"enemies":"2 Louse","floor":3.0,"turns":2.0},{"damage":9.0,"enemies":"Exordium Wildlife","floor":4.0,"turns":4.0},{"damage":19.0,"enemies":"3 Sentries","floor":7.0,"turns":7.0},{"damage":8.0,"enemies":"Gremlin Nob","floor":10.0,"turns":3.0},{"damage":8,"enemies":"3 Louse","floor":11,"turns":3},{"damage":7,"enemies":"3 Sentries","floor":12,"turns":4},{"damage":0,"enemies":"Large Slime","floor":14,"turns":4},{"damage":23,"enemies":"Hexaghost","floor":16,"turns":8},{"damage":0,"enemies":"Chosen","floor":18,"turns":3},{"damage":0,"enemies":"Spheric Guardian","floor":22,"turns":2},{"damage":19,"enemies":"Slavers","floor":24,"turns":3}],"seed_played":"-179185203093062082","potions_obtained":[{"floor":2.0,"key":"Explosive Potion"},{"floor":8.0,"key":"Regen Potion"},{"floor":8.0,"key":"LiquidBronze"},{"floor":10.0,"key":"AttackPotion"},{"floor":11,"key":"Poison Potion"},{"floor":12,"key":"FearPotion"},{"floor":16,"key":"SpeedPotion"},{"floor":18,"key":"Fire Potion"},{"floor":22,"key":"Poison Potion"}],"is_trial":false,"path_per_floor":["M","M","M","M","?","R","E","?","T","E","M","E","R","M","R","B",null,"M","T","?","$","M","R","E"],"character_chosen":"THE_SILENT","items_purchased":["Catalyst"],"campfire_rested":0,"item_purchase_floors":[21],"current_hp_per_floor":[56,56,56,47,70,70,51,51,51,55,47,40,40,40,40,17,57,57,57,57,57,57,57,38,38],"gold":208,"neow_bonus":"THREE_RARE_CARDS","is_daily":false,"chose_seed":false,"campfire_upgraded":4,"win_rate":0.0,"timestamp":1612842650,"path_taken":["M","M","M","M","?","R","E","?","T","E","M","E","R","M","R","BOSS","M","?","?","?","?","R","E"],"items_purchased_type":["Card"],"build_version":"2020-12-22","purchased_purges":1,"victory":false,"max_hp_per_floor":[70,70,70,70,70,70,70,70,70,70,70,70,70,70,70,70,70,70,70,70,70,70,70,70,70],"card_choices":[{"not_picked":["Storm of Steel","Grand Finale"],"picked":"Die Die Die","floor":0.0},{"not_picked":["Acrobatics","Infinite Blades"],"picked":"Deadly Poison","floor":1.0},{"not_picked":["PiercingWail","Outmaneuver"],"picked":"Deadly Poison","floor":2.0},{"not_picked":["Expertise","Slice"],"picked":"Eviscerate","floor":3.0},{"not_picked":["Concentrate","Grand Finale"],"picked":"Poisoned Stab","floor":4.0},{"not_picked":["Outmaneuver","Deflect"],"picked":"Masterful Stab","floor":7.0},{"not_picked":["Slice","Infinite Blades"],"picked":"Acrobatics","floor":10.0},{"not_picked":["Dagger Spray","Heel Hook"],"picked":"Prepared","floor":11},{"not_picked":["Blade Dance","Heel Hook"],"picked":"Dagger Throw","floor":12},{"not_picked":["Backflip","Acrobatics"],"picked":"Bouncing Flask","floor":14},{"not_picked":["A Thousand Cuts","Malaise"],"picked":"Doppelganger","floor":16},{"not_picked":["Prepared+1","Accuracy+1"],"picked":"Deadly Poison","floor":18},{"not_picked":["Deflect","Accuracy"],"picked":"Dagger Throw+1","floor":22}],"player_experience":275143,"relics_obtained":[{"floor":7.0,"key":"White Beast Statue"},{"floor":9.0,"key":"Ornamental Fan"},{"floor":10.0,"key":"Blue Candle"},{"floor":12,"key":"Bag of Preparation"},{"floor":19,"key":"Bottled Lightning"}],"event_choices":[{"damage_healed":23.0,"max_hp_gain":0.0,"max_hp_loss":0.0,"gold_gain":0.0,"event_name":"Big Fish","player_choice":"Banana","floor":5.0,"gold_loss":0.0,"damage_taken":0.0},{"damage_healed":0.0,"max_hp_gain":0.0,"max_hp_loss":0.0,"gold_gain":0.0,"event_name":"Lab","player_choice":"Got Potions","floor":8.0,"gold_loss":0.0,"damage_taken":0.0},{"damage_healed":0,"gold_gain":0,"player_choice":"Opened","damage_taken":0,"relics_obtained":["Boot"],"max_hp_gain":0,"max_hp_loss":0,"event_name":"The Mausoleum","floor":20,"gold_loss":0,"cards_obtained":["Writhe"]}],"is_beta":false,"boss_relics":[{"not_picked":["Busted Crown","WristBlade"],"picked":"Velvet Choker"}],"items_purged_floors":[21],"is_endless":false,"potions_floor_spawned":[2,10,11,12,14,16,18,22],"killed_by":"Slavers","ascension_level":11}}