{"host":"tml1x4ylw9tadh99","time":1612894719,"event":{"mods":["AchievementEnabler","Act Like it!","BaseMod","Bestiary","Colored Map","Colored Powertips","DeckTracker","Friendly Minions","GifTheSpireLib","Minty Spire (QoL Compilation)","Quick Restart","Random Character Button","Random Character Mod","Relic Stats","StSLib","Synergy Search"],"gold_per_floor":[113,43,59,71,85,9,20,20,20,20,33,50,50,70,70,169,169,188,188,188,188,113,113,113],"floor_reached":23,"language":"ENG","playtime":1568,"items_purged":["Vigilance"],"score":183,"play_id":"d0379029-fbb8-4b67-8942-f7283016cf90","local_time":"20210209191839","is_ascension_mode":false,"campfire_choices":[{"floor":8,"key":"REST"},{"floor":13,"key":"REST"},{"data":"Eruption","floor":15,"key":"SMITH"}],"circlet_count":0,"master_deck":["Strike_P","Strike_P","Strike_P","Defend_P","Defend_P","Defend_P","Eruption+1","InnerPeace","Adaptation"],"relics":["PureWater","Lantern","Bronze Scales","Fusion Hammer"],"acts_visited":["Exordium","TheCity"],"potions_floor_usage":[7,16,16,16],"damage_taken":[{"damage":1,"enemies":"Jaw Worm","floor":1,"turns":5},{"damage":0,"enemies":"Cultist","floor":3,"turns":3},{"damage":0,"enemies":"Small Slimes","floor":4,"turns":2},{"damage":17,"enemies":"2 Fungi Beasts","floor":5,"turns":3},{"damage":28,"enemies":"Lots of Slimes","floor":7,"turns":4},{"damage":6,"enemies":"Red Slaver","floor":11,"turns":4},{"damage":12,"enemies":"3 Louse","floor":12,"turns":4},{"damage":1,"enemies":"Exordium Wildlife","floor":14,"turns":3},{"damage":11,"enemies":"Hexaghost","floor":16,"turns":9},{"damage":51,"enemies":"Chosen","floor":18,"turns":5},{"damage":73,"enemies":"Book of Stabbing","floor":23,"turns":5}],"seed_played":"597367951027054631","potions_obtained":[{"floor":5,"key":"ColorlessPotion"},{"floor":7,"key":"Regen Potion"},{"floor":12,"key":"StancePotion"},{"floor":14,"key":"ColorlessPotion"},{"floor":18,"key":"BlessingOfTheForge"}],"is_trial":false,"path_per_floor":["M","$","M","M","M","$","M","R","T","?","M","M","R","M","R","B",null,"M","?","?","?","$","E"],"character_chosen":"WATCHER","items_purchased":["InnerPeace","Adaptation"],"campfire_rested":2,"item_purchase_floors":[2,6],"current_hp_per_floor":[50,50,50,50,33,33,5,26,26,26,20,8,29,28,28,32,72,21,21,21,72,72,0,0],"gold":113,"neow_bonus":"REMOVE_TWO","is_daily":false,"chose_seed":false,"campfire_upgraded":1,"win_rate":0.0,"timestamp":1612894719,"path_taken":["M","$","M","M","M","$","M","R","T","?","M","M","R","?","R","BOSS","M","?","?","?","$","E"],"items_purchased_type":["Card","Card"],"build_version":"2020-12-22","purchased_purges":1,"victory":false,"max_hp_per_floor":[72,72,72,72,72,72,72,72,72,72,72,72,72,72,72,72,72,72,72,72,72,72,72,72],"relic_stats":{"counters":[11,47],"Bronze Scales":[114],"obtain_stats":[{"Lantern":9,"Bronze Scales":10,"Fusion Hammer":17,"PureWater":0},{"Lantern":5,"Bronze Scales":5,"Fusion Hammer":9,"PureWater":0},{"Lantern":17,"Bronze Scales":17,"Fusion Hammer":37,"PureWater":0}]},"card_choices":[{"not_picked":["Halt","Prostrate","EmptyMind"],"picked":"SKIP","floor":1},{"not_picked":["SignatureMove","Evaluate"],"picked":"Tantrum","floor":3},{"not_picked":["Sanctity","Evaluate","CutThroughFate"],"picked":"SKIP","floor":4},{"not_picked":["JustLucky","Tantrum","Fasting2"],"picked":"SKIP","floor":5},{"not_picked":["WaveOfTheHand","Worship","Conclude"],"picked":"SKIP","floor":7},{"not_picked":["WreathOfFlame","LikeWater","WheelKick"],"picked":"SKIP","floor":11},{"not_picked":["BattleHymn","Protect","SashWhip"],"picked":"SKIP","floor":12},{"not_picked":["Halt","BowlingBash","EmptyFist"],"picked":"SKIP","floor":14},{"not_picked":["Evaluate","FlyingSleeves+1","SandsOfTime"],"picked":"SKIP","floor":18}],"player_experience":43386,"relics_obtained":[{"floor":9,"key":"Lantern"}],"event_choices":[{"cards_removed":["Tantrum"],"damage_healed":0,"gold_gain":0,"player_choice":"Gave Card","damage_taken":0,"relics_obtained":["Bronze Scales"],"max_hp_gain":0,"max_hp_loss":0,"event_name":"WeMeetAgain","floor":10,"gold_loss":0},{"damage_healed":0,"gold_gain":0,"player_choice":"Ignored","damage_taken":0,"max_hp_gain":0,"max_hp_loss":0,"event_name":"Cursed Tome","floor":20,"gold_loss":0},{"damage_healed":51,"gold_gain":0,"player_choice":"Full Heal","damage_taken":0,"max_hp_gain":0,"max_hp_loss":0,"event_name":"Wheel of Change","floor":21,"gold_loss":0}],"is_beta":false,"boss_relics":[{"not_picked":["Black Star","HolyWater"],"picked":"Fusion Hammer"}],"items_purged_floors":[22],"is_endless":false,"potions_floor_spawned":[5,7,12,14,18],"killed_by":"Book of Stabbing","ascension_level":0}}