{"host":"9qgbal69wq5palas","time":1612870621,"event":{"mods":["2.2 Compatiblity","Abigail Mod","AchievementEnabler","Act Like it!","Aspiration","Astrologer","Bartender","BaseMod","Better Altar","Better Note","Better Skull","Better Third Choice","Colored Powertips","Hallownest","Hermit","Highlight Path","Hubris","Infinite Spire","Jorbs\u0027s Wanderer Trilogy","Koishi","Lobotomy","Minty Spire (QoL Compilation)","Potionbrewer","Quick Restart","Random Character Button","Replay The Spire","Shade Mod","Shop Mod","Spicy Shops","StSLib","The Animator","The Bug Knight","The Cursed","The Disciple","The Exalted","The Hierophant","The Necromancer","The Servant 0.9.4","Wandering Minibosses"],"gold_per_floor":[119,133,58,72,72,100,111,111,111,137,150,179,179,189,189,266,266,282,282,282,293,388,388,388,413,437,176,208,226,226,256,256,331,331,349,77,88,88,98,126,126,153,230,265,296,323,32,49,49,67,67,67,67,17,70,82],"floor_reached":57,"language":"ENG","playtime":2944,"items_purged":["Strike_W","Defend_W","ReplayTheSpireMod:Splinters"],"score":2200,"play_id":"8c4d0847-8735-4e57-a063-e9d48fd592df","local_time":"20210209123701","is_ascension_mode":true,"campfire_choices":[{"data":"Summon_Vampire_Lady","floor":8.0,"key":"SMITH"},{"data":"Summon_Vampire_Lady","floor":13.0,"key":"SMITH"},{"data":"Siphon_Strength","floor":15.0,"key":"SMITH"},{"floor":23.0,"key":"REST"},{"data":"Siphon_Strength","floor":30.0,"key":"SMITH"},{"floor":32.0,"key":"RECALL"},{"data":"Bones_to_Steel","floor":41,"key":"SMITH"},{"data":"Summon_Death_Knight","floor":49,"key":"SMITH"},{"data":"Summon_Death_Knight","floor":49,"key":"SMITH"},{"data":"Shackles_Of_Pain","floor":53,"key":"SMITH"},{"data":"Summon_Lich","floor":53,"key":"SMITH"}],"circlet_count":0,"master_deck":["AscendersBane","Negative_Energy_Arrows","Bone_Wall","Summon_Vampire_Lady+1","Siphon_Strength+1","Summon_Vampire_Lady+1","Bones_to_Steel+1","Acid_Javelin","Summon_Lich+1","Siphon_Strength+1","Shackles_Of_Pain+1","Grasp_Heart","Bone_Bullets","J.A.X.","stsjorbsmod:Withering","Bone_Shift","Summon_Undead","Bone_Armor","Grasp_Heart","Bone_Bullets","Skeleton_Dragon","Epidemic","Flash of Steel","Summon_Death_Knight+1","Summon_Death_Knight+1","Spectral_Armor"],"relics":["Vampire_Amulet","FaceOfCleric","potionbrewer:DrinkingBird","hubris:CrystalStatue","Nunchaku","Blue Doll","Empty Cage","Kintsugi","Pantograph","Bag of Preparation","infinitespire:CursedDice","Juzu Bracelet","Orichalcum","aspiration:SeaSaltIceCream","Replay:Bottled Snecko","ReplayTheSpireMod:TigerMarble","Busted Crown","potionbrewer:Keyblade","hubris:Towel","Akabeko","infinitespire:Midas Blood","Bromod:ArcaneDeflection","Replay:Arrowhead","TungstenRod","Membership Card","Pantograph"],"acts_visited":["Exordium","TheCity","TheBeyond","TheEnding"],"potions_floor_usage":[39,40,44,50,56,56,56],"damage_taken":[{"damage":6.0,"enemies":"Cultist","floor":1.0,"turns":4.0},{"damage":11.0,"enemies":"Small Slimes","floor":2.0,"turns":4.0},{"damage":0.0,"enemies":"Jaw Worm","floor":4.0,"turns":4.0},{"damage":45.0,"enemies":"3 Sentries","floor":6.0,"turns":9.0},{"damage":28.0,"enemies":"Blue Slaver","floor":7.0,"turns":5.0},{"damage":18.0,"enemies":"Replay:BlueRogue","floor":10.0,"turns":9.0},{"damage":28.0,"enemies":"Lots of Slimes","floor":11.0,"turns":3.0},{"damage":32.0,"enemies":"3 Sentries","floor":12.0,"turns":6.0},{"damage":12.0,"enemies":"Looter","floor":14.0,"turns":3.0},{"damage":20.0,"enemies":"Hexaghost","floor":16.0,"turns":7.0},{"damage":48.0,"enemies":"2 Thieves","floor":18.0,"turns":5.0},{"damage":18.0,"enemies":"Spheric Guardian","floor":21.0,"turns":3.0},{"damage":37.0,"enemies":"Slavers","floor":25.0,"turns":6.0},{"damage":30.0,"enemies":"Gremlin Leader","floor":28.0,"turns":7.0},{"damage":15.0,"enemies":"Snake Plant","floor":29.0,"turns":5.0},{"damage":6.0,"enemies":"Replay:Snechameleon","floor":31.0,"turns":9.0},{"damage":57.0,"enemies":"Collector","floor":33.0,"turns":8.0},{"damage":1.0,"enemies":"3 Darklings","floor":35.0,"turns":4.0},{"damage":5,"enemies":"3 Shapes","floor":37,"turns":4},{"damage":52,"enemies":"Jaw Worm Horde","floor":39,"turns":6},{"damage":24,"enemies":"Giant Head","floor":40,"turns":6},{"damage":0,"enemies":"R_Hoarder","floor":42,"turns":5},{"damage":26,"enemies":"Reptomancer","floor":44,"turns":5},{"damage":50,"enemies":"4 Shapes","floor":45,"turns":6},{"damage":3,"enemies":"Mind Bloom Boss Battle","floor":46,"turns":4},{"damage":18,"enemies":"Spire Growth","floor":48,"turns":5},{"damage":76,"enemies":"Awakened One","floor":50,"turns":11},{"damage":78,"enemies":"Shield and Spear","floor":55,"turns":8},{"damage":72,"enemies":"The Heart","floor":56,"turns":8}],"seed_played":"-517109755108498223","potions_obtained":[{"floor":1.0,"key":"Milkshake"},{"floor":4.0,"key":"Energy Potion"},{"floor":7.0,"key":"Regen Potion"},{"floor":10.0,"key":"potionbrewer:ToxicPotion"},{"floor":12.0,"key":"DistilledChaos"},{"floor":16.0,"key":"potionbrewer:DiscountPotion"},{"floor":21.0,"key":"AttackPotion"},{"floor":25.0,"key":"Death Potion"},{"floor":28.0,"key":"potionbrewer:ToxicPotion"},{"floor":35.0,"key":"Adrenaline Potion"},{"floor":44,"key":"SpeedPotion"},{"floor":48,"key":"infinitespire:BlackPotion"}],"is_trial":false,"path_per_floor":["M","M","$","M","?","E","M","R","T","E","M","E","R","M","R","B",null,"M","?","AVR","M","?","R","T","E","T","$","E","M","R","E","R","B",null,"M","$","M","?","M","E","R","E","T","E","M","?","$","M","R","B",null,null,"R","$","E","B",null],"character_chosen":"NECROMANCER","items_purchased":["Orichalcum","Bone_Armor","potionbrewer:Keyblade","Flash of Steel","Membership Card","Summon_Death_Knight","Spectral_Armor","CultistPotion","SkillPotion","Doom Potion"],"campfire_rested":1,"item_purchase_floors":[27,27,36,36,47,47,47,47,47,54],"current_hp_per_floor":[51,56,56,64,64,66,59,59,59,74,57,56,56,58,58,70,76,50,50,50,44,12,36,36,30,30,30,47,65,65,84,84,54,77,86,86,87,87,69,72,72,75,75,78,73,93,93,81,81,95,95,95,95,95,63,33],"gold":82,"neow_bonus":"THREE_RARE_CARDS","is_daily":false,"chose_seed":false,"campfire_upgraded":9,"win_rate":0.0,"timestamp":1612870621,"path_taken":["M","M","$","?","?","E","M","R","T","E","M","E","R","?","R","BOSS","M","?","AVR","M","?","R","?","E","T","$","E","M","R","E","R","BOSS","M","?","M","?","M","E","R","E","T","E","M","?","$","M","R","BOSS","R","$","E","BOSS"],"items_purchased_type":["Relic","Card","Relic","Card","Relic","Card","Card","Potion","Potion","Potion"],"build_version":"2020-12-22","purchased_purges":3,"victory":true,"max_hp_per_floor":[71,71,71,71,71,72,73,73,73,74,75,76,76,77,77,78,78,79,79,79,80,80,80,80,81,81,81,82,83,83,84,84,85,85,86,86,87,87,88,89,89,90,90,91,92,93,93,94,94,95,95,95,95,95,96,97],"card_choices":[{"not_picked":["Skeleton_Dragon","Hellfire"],"picked":"Summon_Vampire_Lady","floor":0.0},{"not_picked":["Uncharnel","Bones_to_Steel"],"picked":"Vampiric_Strike","floor":1.0},{"not_picked":["Summon_Undead_Army","Negative_Energy_Javelin"],"picked":"Siphon_Strength","floor":2.0},{"not_picked":["Shackles_Of_Pain","Negative_Energy_Burst"],"picked":"Summon_Vampire_Lady","floor":4.0},{"not_picked":["Toxic_Smoke_Screen","Negative_Energy_Sphere"],"picked":"Bones_to_Steel","floor":6.0},{"not_picked":["Slay_Living","Negative_Energy_Javelin"],"picked":"Acid_Javelin","floor":7.0},{"not_picked":["Negative_Energy_Javelin","Negative_Energy_Mist"],"picked":"Summon_Lich","floor":10.0},{"not_picked":["Bone_Armory","Acid_Javelin"],"picked":"Siphon_Strength","floor":11.0},{"not_picked":["Bones_to_Steel","Slay_Living","Epidemic"],"picked":"SKIP","floor":12.0},{"not_picked":["Thousand_Bone_Knives","Death_Coil"],"picked":"Shackles_Of_Pain","floor":14.0},{"not_picked":["Blood_Magic","Hellfire"],"picked":"Grasp_Heart","floor":16.0},{"not_picked":["Death_Coil","Pandemic"],"picked":"Bone_Bullets","floor":18.0},{"not_picked":["Toxic_Smoke_Screen","Flesh_Made_Foul","Epidemic"],"picked":"SKIP","floor":21.0},{"not_picked":["Exploit","Blood_Curse"],"picked":"Bone_Shift","floor":22.0},{"not_picked":["Negative_Energy_Javelin+1","Detonate_Bones"],"picked":"Summon_Undead","floor":25.0},{"not_picked":["Death_Coil","Plague_Bolt"],"picked":"Grasp_Heart","floor":28.0},{"not_picked":["Scare","Summon_Undead_Army","Exploit"],"picked":"SKIP","floor":29.0},{"not_picked":["Deaths_Shadow","Summon_Undead_Army"],"picked":"Bone_Bullets","floor":31.0},{"not_picked":["Hellfire","Detonate_Bones"],"picked":"Skeleton_Dragon","floor":33.0},{"not_picked":[],"picked":"Epidemic","floor":35.0},{"not_picked":["Necromantic_Selection+1"],"picked":"SKIP","floor":37},{"not_picked":["Toxic_Smoke_Screen+1"],"picked":"SKIP","floor":39},{"not_picked":["Blood_for_Blood"],"picked":"SKIP","floor":40},{"not_picked":["Pandemic"],"picked":"SKIP","floor":42},{"not_picked":["Negative_Energy_Javelin"],"picked":"SKIP","floor":44},{"not_picked":["Consume_Illness"],"picked":"SKIP","floor":45},{"not_picked":["Negative_Energy_Shield"],"picked":"SKIP","floor":48},{"not_picked":["Exploit+1"],"picked":"SKIP","floor":55}],"player_experience":2745174,"relics_obtained":[{"floor":6.0,"key":"potionbrewer:DrinkingBird"},{"floor":9.0,"key":"hubris:CrystalStatue"},{"floor":10.0,"key":"Nunchaku"},{"floor":12.0,"key":"Blue Doll"},{"floor":22.0,"key":"Bag of Preparation"},{"floor":25.0,"key":"infinitespire:CursedDice"},{"floor":26.0,"key":"Juzu Bracelet"},{"floor":28.0,"key":"aspiration:SeaSaltIceCream"},{"floor":31.0,"key":"ReplayTheSpireMod:TigerMarble"},{"floor":40,"key":"Akabeko"},{"floor":42,"key":"infinitespire:Midas Blood"},{"floor":43,"key":"Bromod:ArcaneDeflection"},{"floor":44,"key":"Replay:Arrowhead"},{"floor":46,"key":"TungstenRod"},{"floor":55,"key":"Pantograph"}],"event_choices":[{"damage_healed":0.0,"max_hp_gain":0.0,"max_hp_loss":0.0,"gold_gain":0.0,"event_name":"FaceTrader","player_choice":"Trade","floor":5.0,"gold_loss":0.0,"damage_taken":0.0,"relics_obtained":["FaceOfCleric"]},{"damage_healed":0.0,"max_hp_gain":0.0,"max_hp_loss":0.0,"gold_gain":0.0,"event_name":"Drug Dealer","player_choice":"Obtain J.A.X.","floor":19.0,"gold_loss":0.0,"damage_taken":0.0,"cards_obtained":["J.A.X."]},{"damage_healed":0,"gold_gain":0,"player_choice":"Fight","damage_taken":0,"max_hp_gain":0,"max_hp_loss":0,"event_name":"MindBloom","floor":46,"gold_loss":0}],"is_beta":false,"boss_relics":[{"not_picked":["Velvet Choker","Tiny House"],"picked":"Empty Cage"},{"not_picked":["Sozu","ReplayTheSpireMod:DimensionalGlitch"],"picked":"Busted Crown"}],"items_purged_floors":[3,20,27],"is_endless":false,"potions_floor_spawned":[1,4,7,10,12,16,21,25,28,35,37,44,48],"ascension_level":15}}