{"host":"zlryddw6xv0ljf8b","time":1612900004,"event":{"mods":["AchievementEnabler","BaseMod","Colored Map","Colored Powertips","Highlight Path","Minty Spire (QoL Compilation)","Permanent Neow","Quick Restart","StSLib"],"gold_per_floor":[116,128,128,4,15,15,15,31,85,110,110,142,162,188,188,285,285,297,572,8,0,17,17,17],"floor_reached":23,"language":"ENG","playtime":1845,"items_purged":["Regret"],"score":389,"play_id":"04d27d78-d1ae-4250-bccd-ec07310e85f1","local_time":"20210209134644","is_ascension_mode":true,"campfire_choices":[{"data":"Hyperbeam","floor":6,"key":"SMITH"},{"floor":11,"key":"REST"},{"data":"Dualcast","floor":15,"key":"SMITH"}],"circlet_count":0,"master_deck":["AscendersBane","Strike_B","Strike_B","Strike_B","Defend_B","Defend_B","Defend_B","Defend_B","Zap+1","Dualcast+1","Chill","Go for the Eyes","Capacitor","Cold Snap","Hyperbeam+1","Coolheaded","Rebound","Compile Driver","Coolheaded","Leap","Echo Form","Go for the Eyes+1","Leap","Coolheaded","Barrage"],"relics":["Cracked Core","Lizard Tail","Smiling Mask","Dream Catcher","Blood Vial","Inserter","Turnip","Art of War"],"acts_visited":["Exordium","TheCity"],"potions_floor_usage":[16,16,16,23],"damage_taken":[{"damage":1,"enemies":"Cultist","floor":1,"turns":4},{"damage":15,"enemies":"2 Louse","floor":2,"turns":3},{"damage":6,"enemies":"Small Slimes","floor":5,"turns":5},{"damage":0,"enemies":"Gremlin Gang","floor":8,"turns":1},{"damage":0,"enemies":"3 Sentries","floor":10,"turns":3},{"damage":12,"enemies":"Lagavulin","floor":12,"turns":5},{"damage":0,"enemies":"Large Slime","floor":13,"turns":3},{"damage":0,"enemies":"3 Sentries","floor":14,"turns":2},{"damage":8,"enemies":"Slime Boss","floor":16,"turns":8},{"damage":15,"enemies":"Spheric Guardian","floor":18,"turns":6},{"damage":19,"enemies":"2 Thieves","floor":21,"turns":4},{"damage":64,"enemies":"Snecko","floor":22,"turns":7},{"damage":9,"enemies":"Slavers","floor":23,"turns":3}],"seed_played":"-3159982238893733162","potions_obtained":[{"floor":2,"key":"SpeedPotion"},{"floor":5,"key":"GamblersBrew"},{"floor":10,"key":"PowerPotion"},{"floor":16,"key":"CultistPotion"}],"is_trial":false,"path_per_floor":["M","M","?","$","M","R","?","M","T","E","R","E","M","E","R","B",null,"M","?","$","M","M","E"],"character_chosen":"DEFECT","items_purchased":["Capacitor","Cold Snap","Turnip","Art of War","Leap"],"campfire_rested":1,"item_purchase_floors":[4,4,20,20,20],"current_hp_per_floor":[67,52,45,45,39,39,39,39,39,39,59,47,47,47,47,41,61,48,48,48,31,6,0,0],"gold":17,"neow_bonus":"ONE_RARE_RELIC","is_daily":false,"chose_seed":false,"campfire_upgraded":2,"win_rate":0.0,"timestamp":1612900004,"path_taken":["M","M","?","$","M","R","?","M","T","E","R","E","M","E","R","BOSS","M","?","$","?","M","E"],"items_purchased_type":["Card","Card","Relic","Relic","Card"],"build_version":"2020-12-22","purchased_purges":1,"victory":false,"max_hp_per_floor":[68,68,68,68,68,68,68,68,68,68,68,68,68,68,68,68,68,68,68,68,68,68,68,68],"card_choices":[{"not_picked":["Hologram","Rebound"],"picked":"Chill","floor":1},{"not_picked":["Leap","Hello World"],"picked":"Go for the Eyes","floor":2},{"not_picked":["Redo","Capacitor"],"picked":"Hyperbeam","floor":5},{"not_picked":["Barrage","Sunder"],"picked":"Coolheaded","floor":8},{"not_picked":["Steam Power","FTL"],"picked":"Rebound","floor":10},{"not_picked":["Redo","Reprogram"],"picked":"Compile Driver","floor":12},{"not_picked":["Sweeping Beam","Go for the Eyes"],"picked":"Coolheaded","floor":13},{"not_picked":["White Noise","Hologram"],"picked":"Leap","floor":14},{"not_picked":["Biased Cognition","Thunder Strike"],"picked":"Echo Form","floor":16},{"not_picked":["Sweeping Beam","Sunder+1"],"picked":"Go for the Eyes+1","floor":18},{"not_picked":["Steam","Compile Driver"],"picked":"Coolheaded","floor":21},{"not_picked":["Fusion+1","Stack"],"picked":"Barrage","floor":22}],"player_experience":72978,"relics_obtained":[{"floor":10,"key":"Smiling Mask"},{"floor":12,"key":"Dream Catcher"},{"floor":14,"key":"Blood Vial"}],"event_choices":[{"cards_removed":["Strike_B"],"damage_healed":0,"gold_gain":0,"player_choice":"Card Removal","damage_taken":7,"max_hp_gain":0,"max_hp_loss":0,"event_name":"Golden Wing","floor":3,"gold_loss":0},{"damage_healed":0,"gold_gain":0,"player_choice":"Grow","damage_taken":0,"max_hp_gain":0,"max_hp_loss":0,"event_name":"Living Wall","floor":7,"gold_loss":0,"cards_upgraded":["Zap"]},{"damage_healed":0,"gold_gain":275,"player_choice":"Desecrate","damage_taken":0,"max_hp_gain":0,"max_hp_loss":0,"event_name":"Golden Shrine","floor":19,"gold_loss":0,"cards_obtained":["Regret"]}],"is_beta":false,"boss_relics":[{"not_picked":["Sozu","Busted Crown"],"picked":"Inserter"}],"items_purged_floors":[20],"is_endless":false,"potions_floor_spawned":[2,5,10,13,16],"killed_by":"Slavers","ascension_level":10}}