{"host":"5ffrjkuvgrxgllwx","time":1612841035,"event":{"mods":["AchievementEnabler","BaseMod","Colored Map","Colored Powertips","Minty Spire (QoL Compilation)","Quick Restart","Rare Cards Sparkle","StSLib","everything is the same but u backflip on backflip"],"gold_per_floor":[116,41,41,41,60,60,60,60,138,172,188,219,229,245,245,245,245],"floor_reached":16,"language":"ENG","playtime":354,"items_purged":[],"score":257,"play_id":"a9d343a8-7c71-46d5-a7fd-8595fe626325","local_time":"20210208222355","is_ascension_mode":true,"campfire_choices":[{"floor":6,"key":"REST"},{"data":"Cloak And Dagger","floor":8,"key":"SMITH"},{"floor":15,"key":"REST"}],"circlet_count":0,"master_deck":["AscendersBane","Strike_G","Strike_G","Strike_G","Defend_G","Defend_G","Defend_G+1","Defend_G+1","Defend_G","Survivor","Neutralize","Cloak And Dagger+1","Dagger Spray","Endless Agony","Sucker Punch","Grand Finale","Acrobatics","Burst"],"relics":["Ring of the Snake","NeowsBlessing","Ninja Scroll","Mummified Hand","Regal Pillow"],"acts_visited":["Exordium"],"potions_floor_usage":[16],"damage_taken":[{"damage":0,"enemies":"2 Louse","floor":1,"turns":2},{"damage":0,"enemies":"Small Slimes","floor":5,"turns":1},{"damage":0,"enemies":"3 Sentries","floor":10,"turns":1},{"damage":0,"enemies":"Jaw Worm","floor":11,"turns":2},{"damage":19,"enemies":"Gremlin Nob","floor":12,"turns":4},{"damage":0,"enemies":"Exordium Wildlife","floor":13,"turns":2},{"damage":4,"enemies":"Large Slime","floor":14,"turns":5},{"damage":70,"enemies":"Slime Boss","floor":16,"turns":8}],"seed_played":"8548854735542069469","potions_obtained":[{"floor":1,"key":"LiquidBronze"},{"floor":12,"key":"Strength Potion"}],"is_trial":false,"path_per_floor":["M","?","?","$","M","R","?","R","T","E","M","E","M","M","R","B"],"character_chosen":"THE_SILENT","items_purchased":[],"campfire_rested":2,"item_purchase_floors":[],"current_hp_per_floor":[59,59,39,39,39,58,58,58,58,58,58,39,39,35,66,0,0],"gold":245,"neow_bonus":"THREE_ENEMY_KILL","is_daily":false,"chose_seed":false,"campfire_upgraded":1,"win_rate":0.0,"timestamp":1612841035,"path_taken":["M","?","?","?","?","R","?","R","T","E","M","E","?","M","R","BOSS"],"items_purchased_type":[],"build_version":"2020-12-22","purchased_purges":0,"victory":false,"max_hp_per_floor":[66,66,66,66,66,66,66,66,66,66,66,66,66,66,66,66,66],"card_choices":[{"not_picked":["Endless Agony","Outmaneuver"],"picked":"Cloak And Dagger","floor":1},{"not_picked":["Quick Slash","Caltrops"],"picked":"Dagger Spray","floor":5},{"not_picked":["Die Die Die","Catalyst"],"picked":"Endless Agony","floor":10},{"not_picked":["Poisoned Stab","Bane"],"picked":"Sucker Punch","floor":11},{"not_picked":["Dodge and Roll","Deflect"],"picked":"Grand Finale","floor":12},{"not_picked":["Dagger Spray","Sucker Punch"],"picked":"Acrobatics","floor":13},{"not_picked":["Underhanded Strike","Bane"],"picked":"Burst","floor":14}],"player_experience":1395353,"relics_obtained":[{"floor":9,"key":"Ninja Scroll"},{"floor":10,"key":"Mummified Hand"},{"floor":12,"key":"Regal Pillow"}],"event_choices":[{"cards_removed":["Strike_G"],"damage_healed":0,"gold_gain":0,"player_choice":"Card Removal","damage_taken":0,"max_hp_gain":0,"max_hp_loss":0,"event_name":"The Cleric","floor":2,"gold_loss":75},{"damage_healed":0,"gold_gain":0,"player_choice":"Entered Light","damage_taken":20,"max_hp_gain":0,"max_hp_loss":0,"event_name":"Shining Light","floor":3,"gold_loss":0,"cards_upgraded":["Defend_G","Defend_G"]},{"cards_removed":["Strike_G"],"damage_healed":0,"gold_gain":0,"player_choice":"Purged","damage_taken":0,"max_hp_gain":0,"max_hp_loss":0,"event_name":"Purifier","floor":7,"gold_loss":0}],"is_beta":false,"boss_relics":[],"items_purged_floors":[],"is_endless":false,"potions_floor_spawned":[1,12],"killed_by":"Slime Boss","ascension_level":18}}