{"host":"vlqej45p0v31lhdi","time":1612832412,"event":{"mods":["AchievementEnabler","BaseMod","Bestiary","Colored Powertips","Minty Spire (QoL Compilation)","Relic Stats"],"gold_per_floor":[111,129,129,99,113,113,145,145,196,216,216,73,73,98,98,203,203,214,227,238,256,256,256],"floor_reached":22,"language":"ENG","playtime":3265,"items_purged":[],"score":320,"play_id":"fdab5de6-9856-44e1-9c8d-f59e4e39579a","local_time":"20210208190012","is_ascension_mode":true,"campfire_choices":[{"data":"Hologram","floor":6,"key":"SMITH"},{"data":"Doom and Gloom","floor":8,"key":"SMITH"},{"data":"Zap","floor":11,"key":"SMITH"},{"data":"Machine Learning","floor":13,"key":"SMITH"},{"data":"Coolheaded","floor":15,"key":"SMITH"}],"circlet_count":0,"master_deck":["Strike_B","Strike_B","Strike_B","Defend_B","Defend_B","Defend_B","Defend_B","Zap+1","Dualcast","Hologram+1","Coolheaded+1","Doom and Gloom+1","Compile Driver","Machine Learning+1","Glacier","Biased Cognition","Turbo+1","Ball Lightning","Melter","Go for the Eyes+1"],"relics":["Nuclear Battery","Anchor","Blood Vial","Blue Candle","Runic Dome"],"acts_visited":["Exordium","TheCity"],"potions_floor_usage":[7,7,16,20,21,21,22],"damage_taken":[{"damage":4,"enemies":"2 Louse","floor":1,"turns":3},{"damage":6,"enemies":"Jaw Worm","floor":2,"turns":4},{"damage":0,"enemies":"Cultist","floor":5,"turns":5},{"damage":14,"enemies":"Gremlin Nob","floor":7,"turns":4},{"damage":0,"enemies":"2 Fungi Beasts","floor":10,"turns":2},{"damage":5,"enemies":"3 Sentries","floor":14,"turns":3},{"damage":0,"enemies":"Hexaghost","floor":16,"turns":8},{"damage":0,"enemies":"Chosen","floor":18,"turns":4},{"damage":0,"enemies":"3 Byrds","floor":19,"turns":4},{"damage":23,"enemies":"Centurion and Healer","floor":20,"turns":6},{"damage":22,"enemies":"Shelled Parasite and Fungi","floor":21,"turns":3},{"damage":41,"enemies":"Masked Bandits","floor":22,"turns":3}],"seed_played":"3072424619404148950","potions_obtained":[{"floor":4,"key":"ColorlessPotion"},{"floor":4,"key":"SneckoOil"},{"floor":5,"key":"FearPotion"},{"floor":16,"key":"LiquidMemories"},{"floor":18,"key":"PotionOfCapacity"},{"floor":19,"key":"Regen Potion"},{"floor":20,"key":"Fire Potion"}],"is_trial":false,"path_per_floor":["M","M","?","?","M","R","E","R","T","M","R","$","R","E","R","B",null,"M","M","M","M","?"],"character_chosen":"DEFECT","items_purchased":["Machine Learning"],"campfire_rested":0,"item_purchase_floors":[12],"current_hp_per_floor":[64,58,51,51,51,51,37,37,37,39,39,39,39,36,36,38,66,68,70,49,38,0,0],"gold":256,"neow_bonus":"BOSS_RELIC","is_daily":false,"chose_seed":false,"campfire_upgraded":5,"win_rate":0.0,"timestamp":1612832412,"path_taken":["M","M","?","?","M","R","E","R","T","M","R","$","R","E","R","BOSS","M","M","M","?","?"],"items_purchased_type":["Card"],"build_version":"2020-12-22","purchased_purges":0,"victory":false,"max_hp_per_floor":[75,75,75,75,75,75,75,75,75,75,75,75,75,75,75,75,75,75,75,75,75,75,75],"relic_stats":{"Blood Vial":16,"counters":[12,49],"Blue Candle":[0],"obtain_stats":[{"Blood Vial":9,"Runic Dome":17,"Anchor":7,"Blue Candle":14,"Cracked Core":0,"Nuclear Battery":0},{"Blood Vial":4,"Runic Dome":7,"Anchor":4,"Blue Candle":6,"Cracked Core":0,"Nuclear Battery":0},{"Blood Vial":16,"Runic Dome":29,"Anchor":16,"Blue Candle":21,"Cracked Core":0,"Nuclear Battery":0}]},"card_choices":[{"not_picked":["Turbo","Steam"],"picked":"Hologram","floor":1},{"not_picked":["Gash","Fusion"],"picked":"Coolheaded","floor":2},{"not_picked":["Conserve Battery","Reinforced Body"],"picked":"Doom and Gloom","floor":5},{"not_picked":["Ball Lightning","Barrage"],"picked":"Compile Driver","floor":7},{"not_picked":["Gash","Turbo","Sunder"],"picked":"SKIP","floor":10},{"not_picked":["Go for the Eyes","Blizzard"],"picked":"Glacier","floor":14},{"not_picked":["Fission","Buffer"],"picked":"Biased Cognition","floor":16},{"not_picked":["Leap","Chaos"],"picked":"Turbo+1","floor":18},{"not_picked":["Conserve Battery+1","Leap"],"picked":"Ball Lightning","floor":19},{"not_picked":["Storm","Seek"],"picked":"Melter","floor":20},{"not_picked":["Compile Driver","Beam Cell"],"picked":"Go for the Eyes+1","floor":21}],"player_experience":2486847,"relics_obtained":[{"floor":7,"key":"Anchor"},{"floor":9,"key":"Blood Vial"},{"floor":14,"key":"Blue Candle"}],"event_choices":[{"cards_removed":["Strike_B"],"damage_healed":0,"gold_gain":0,"player_choice":"Card Removal","damage_taken":7,"max_hp_gain":0,"max_hp_loss":0,"event_name":"Golden Wing","floor":3,"gold_loss":0},{"damage_healed":0,"gold_gain":0,"player_choice":"Bought 2 Potions","damage_taken":0,"max_hp_gain":0,"max_hp_loss":0,"event_name":"The Woman in Blue","floor":4,"gold_loss":0},{"damage_healed":0,"gold_gain":0,"player_choice":"Fought Bandits","damage_taken":0,"max_hp_gain":0,"max_hp_loss":0,"event_name":"Masked Bandits","floor":22,"gold_loss":0}],"is_beta":false,"boss_relics":[{"not_picked":["Ectoplasm","Velvet Choker"],"picked":"Runic Dome"}],"items_purged_floors":[],"is_endless":false,"potions_floor_spawned":[5,16,18,19,20],"killed_by":"Masked Bandits","ascension_level":6}}