{"host":"hl3ams4am2ku5u4p","time":1612904743,"event":{"mods":["AchievementEnabler","Act Like it!","Aspiration","BaseMod","Beaked The Cultist","BetterRewards","CatGirl Mod","Colored Map","Colored Powertips","Conspire","Downfall","Energized Spire","Halation","Hallownest","HornydragonMod","Hubris","Infinite Spire","Mad Scientist","Magitek Elite","Minty Spire (QoL Compilation)","READ ME - Guardian Mod","Replay The Spire","Spikes Relics","StSLib","SuperFastMode","The Blackbeard","The Bug Knight","The Construct","The Disciple","The Jungle","The Mystic","The Necromancer","The Senshi"],"gold_per_floor":[115,0,0,20,20,20,35,35,59,59,59,88,38,74,74,184,184,216,216,216,239,12,12,12,42,42,42,42,42,72,92,92,221,221,250,250,290,219,219,219,243,243,243,243,272,304,378,398,398,412],"floor_reached":51,"language":"FRA","playtime":2699,"items_purged":["Defend_L","Strike_L"],"score":778,"play_id":"23454adb-01c1-454e-bb4f-e996478c05c7","local_time":"20210209220543","is_ascension_mode":false,"campfire_choices":[{"data":"Fire2","floor":6,"key":"SMITH"},{"data":"Panacea","floor":8,"key":"SMITH"},{"data":"Quake","floor":11,"key":"SMITH"},{"data":"Mama","floor":15,"key":"SMITH"},{"data":"Blizzard_P","floor":23,"key":"SMITH"},{"data":"Blizzard_P","floor":27,"key":"SMITH"},{"data":"Aero","floor":29,"key":"SMITH"},{"floor":32,"key":"REST"},{"floor":40,"key":"REST"},{"data":"Osmosis","floor":42,"key":"SMITH"},{"data":"Enhancer+1","floor":44,"key":"SMITH"},{"data":"Panacea+1","floor":49,"key":"SMITH"}],"circlet_count":0,"master_deck":["Strike_L","Strike_L","Strike_L","Defend_L","Defend_L","Defend_L","Defend_L","Fire2+2","Cure","Enhancer+2","Minerva_Bustier+1","Panacea+2","Quake+1","Circlet","Diamond_Shield2","Aero+2","Blood_Hilt+1","Blizzard_P+2","Float2_Spell+1","Rasp+1","Osmosis+1","Man_Eater+1","Flametongue+1","Bravery+1","Rune_Blade"],"relics":["Pendant","Oddly Smooth Stone","Guide Book","Odd Mushroom","Hallownest:DreamNailRelic","RollingBoulder","infinitespire:Midas Blood","GiantMaggot","halation:PinkAlligatorPlush","Frozen Egg 2","Hallownest:WatcherSealRelic","HollowMod:LifeEnderRelic","SacredBark","halation:PinkSoulGem","conspire:InfiniteJournal","Sundial"],"acts_visited":["Exordium","Hallownest:Greenpath","Hallownest:CityofTears"],"potions_floor_usage":[21,37,48,50,50],"damage_taken":[{"damage":0,"enemies":"Hallownest:2_MossCreeps","floor":1,"turns":4},{"damage":1,"enemies":"Hallownest:monsterHuskGuard","floor":4,"turns":3},{"damage":0,"enemies":"Hallownest:monsterHuskWarrior","floor":7,"turns":2},{"damage":0,"enemies":"Hallownest:eliteMossKnight","floor":12,"turns":6},{"damage":2,"enemies":"Hallownest:eliteCrystalGuardian","floor":14,"turns":5},{"damage":28,"enemies":"Hallownest:BossHornet","floor":16,"turns":10},{"damage":12,"enemies":"Hallownest:2_Mistakes","floor":18,"turns":6},{"damage":10,"enemies":"Hallownest:Guard_and_Sentry","floor":21,"turns":4},{"damage":15,"enemies":"Hallownest:monsterShrumalOgre","floor":25,"turns":5},{"damage":16,"enemies":"Hallownest:2_Flukemon","floor":30,"turns":8},{"damage":6,"enemies":"Hallownest:2_Husk_Sentries","floor":31,"turns":3},{"damage":37,"enemies":"Hallownest:BossGrimm","floor":33,"turns":9},{"damage":15,"enemies":"Hallownest:Shield_Heavy","floor":35,"turns":7},{"damage":35,"enemies":"Hallownest:2_Littles","floor":37,"turns":5},{"damage":18,"enemies":"Hallownest:2_Great","floor":41,"turns":6},{"damage":15,"enemies":"Hallownest:monsterPrimalAspid","floor":45,"turns":4},{"damage":32,"enemies":"Hallownest:Slobbering_and_Violent","floor":46,"turns":8},{"damage":10,"enemies":"Hallownest:2_Great","floor":48,"turns":4},{"damage":16,"enemies":"Hallownest:Radiance","floor":50,"turns":6}],"seed_played":"-5278314285479545046","potions_obtained":[{"floor":1,"key":"FearPotion"},{"floor":14,"key":"Milkshake"},{"floor":16,"key":"champ:CounterPotion"},{"floor":18,"key":"Reflective Coating"},{"floor":31,"key":"Adrenaline Potion"},{"floor":41,"key":"BlessingOfTheForge"},{"floor":46,"key":"Reflective Coating"},{"floor":48,"key":"FearPotion"}],"is_trial":false,"path_per_floor":["M","?","?","M","?","R","M","R","T","?","R","E","$","E","R","B",null,"M","AVR","?","M","$","R","?","M","T","R","?","R","M","M","R","B",null,"M","?","M","$","?","R","M","R","T","R","M","M","T","M","R","B",null],"character_chosen":"MAGITEKELITE","items_purchased":["Enhancer","Oddly Smooth Stone","Minerva_Bustier","Guide Book","Panacea","Quake","Circlet","Blizzard_P","Float2_Spell+1","Bravery+1"],"campfire_rested":2,"item_purchase_floors":[0,0,0,0,0,0,13,22,22,38],"current_hp_per_floor":[57,57,57,56,56,56,56,56,56,56,56,62,62,63,63,40,63,57,57,57,53,53,53,53,50,50,50,50,50,42,48,63,52,63,54,54,35,35,41,59,45,45,45,45,44,20,20,16,16,63],"gold":412,"neow_bonus":"","is_daily":false,"chose_seed":false,"campfire_upgraded":10,"win_rate":0.0,"timestamp":1612904743,"path_taken":["M","?","?","?","?","R","M","R","T","?","R","E","?","E","R","BOSS","M","AVR","?","M","$","R","?","M","T","R","?","R","M","M","R","BOSS","M","?","M","$","?","R","?","R","T","R","?","M","?","M","R","BOSS"],"items_purchased_type":["Card","Relic","Card","Relic","Card","Card","Card","Card","Card","Card"],"build_version":"2020-12-22","purchased_purges":2,"victory":true,"max_hp_per_floor":[63,63,63,63,63,63,63,63,63,63,63,63,63,63,63,63,63,63,63,63,63,63,63,63,63,63,63,63,63,63,63,63,63,63,63,63,63,63,63,63,63,63,63,63,63,63,63,63,63,63],"card_choices":[{"not_picked":["Icebrand","Thunder_Blade","Astra"],"picked":"SKIP","floor":1},{"not_picked":["Thornlet","Flametongue","Aero"],"picked":"SKIP","floor":4},{"not_picked":["Crystal_Sword","Falchion","Poisona"],"picked":"SKIP","floor":7},{"not_picked":["Tornado","Thunder_Blade"],"picked":"Mama","floor":12},{"not_picked":["Flare","Cursed_Shield","Transfusion"],"picked":"SKIP","floor":14},{"not_picked":["Mama","Fake_Moustache"],"picked":"Diamond_Shield2","floor":16},{"not_picked":["Transpose_P+1","Heavy_Shield+1"],"picked":"Aero","floor":18},{"not_picked":["Meltdown","Thunder_P"],"picked":"Blood_Hilt+1","floor":21},{"not_picked":["Gladius+1","Thunder_P","Magus_Robe"],"picked":"SKIP","floor":25},{"not_picked":["Astra+1","Thunder_P","Transfusion"],"picked":"SKIP","floor":30},{"not_picked":["Haste+1","Protect_M+1"],"picked":"Rasp+1","floor":31},{"not_picked":["Mystery_Veil","Fake_Moustache+1"],"picked":"Osmosis","floor":33},{"not_picked":["Thunder_P","Quake+1"],"picked":"Man_Eater+1","floor":35},{"not_picked":["Mythril_Knife+1","Poisona+1"],"picked":"Flametongue+1","floor":37},{"not_picked":["Meteor","Transfusion","Crystal_Sword"],"picked":"SKIP","floor":41},{"not_picked":["Transfusion","Transpose2+1","Barrier+1"],"picked":"SKIP","floor":45},{"not_picked":["Gaia_Gear","Thunder_Blade+1","Aero"],"picked":"SKIP","floor":46},{"not_picked":["Dark","Flare+1"],"picked":"Rune_Blade","floor":48}],"player_experience":51147,"relics_obtained":[{"floor":9,"key":"RollingBoulder"},{"floor":12,"key":"infinitespire:Midas Blood"},{"floor":14,"key":"GiantMaggot"},{"floor":26,"key":"HollowMod:LifeEnderRelic"},{"floor":43,"key":"conspire:InfiniteJournal"},{"floor":47,"key":"Sundial"}],"event_choices":[],"is_beta":false,"boss_relics":[{"not_picked":["aspiration:SecretTechniqueScroll","hubris:CrackedHourglass"],"picked":"halation:PinkAlligatorPlush"},{"not_picked":["halation:Risk","Replay:Wanted Poster"],"picked":"SacredBark"}],"items_purged_floors":[19,22],"is_endless":false,"potions_floor_spawned":[1,14,16,18,31,41,46,48],"ascension_level":0}}