{"host":"bakf0s4odzu8z5xt","time":1612847495,"event":{"mods":["2.2 Compatiblity","BaseMod","Downfall","Friendly Minions","Minty Spire (QoL Compilation)","StSLib"],"gold_per_floor":[199,215,235,255,274,2,2,2,2,34,52,52,72,22,38,133,133,33,48,48,59,74,84,153,54,54,87,87,37,137,27,44,139,139,39,55,330,342,145,198,198,214,214,214,214],"floor_reached":43,"language":"ENG","playtime":3300,"items_purged":["sneckomod:Unknown0Cost+1","sneckomod:Defend","Regret"],"score":475,"play_id":"c4e3afae-845e-47d1-9ddf-59506a4781eb","local_time":"20210208231135","is_ascension_mode":false,"campfire_choices":[{"data":"sneckomod:SnekBite","floor":1,"key":"SMITH"},{"data":"sneckomod:CheapStock","floor":12,"key":"SMITH"},{"floor":18,"key":"RECALL"},{"data":"sneckomod:SoulCleanse","floor":28,"key":"SMITH"},{"data":"sneckomod:Nope","floor":35,"key":"SMITH"}],"circlet_count":0,"master_deck":["sneckomod:Defend","sneckomod:Defend","sneckomod:TailWhip","sneckomod:SnekBite+1","sneckomod:Unknown","sneckomod:PureSnecko","Slimebound:PrepareCrush","sneckomod:SnakeSap","sneckomod:SnakeSap","sneckomod:SlitherStrike","sneckomod:CheapStock+1","hexamod:NightmareGuise","sneckomod:SerpentMind","sneckomod:QuickBite","sneckomod:Nope+1","sneckomod:UnknownDraw","sneckomod:UnknownColorless","sneckomod:UnknownRareAttack","sneckomod:Mudshield","sneckomod:DiceBoulder+1","sneckomod:QuickBite+1","sneckomod:QuickMove+1","Slimebound:PrepareCrush","sneckomod:UnknownStrength","sneckomod:SoulDraw+1","sneckomod:SoulCleanse+1","sneckomod:WideSting","sneckomod:QuickBite","hexamod:NightmareGuise+1","sneckomod:ImprovisedGuard+1","sneckomod:DefensiveFlair","sneckomod:Restock","sneckomod:SlitherStrike+1","sneckomod:MasterEye","sneckomod:Memorize","sneckomod:SoulRoll+1"],"relics":["sneckomod:SneckoSoul","sneckomod:SleevedAce","Gremlin Horn","Incense Burner","Astrolabe","downfall:HeartBlessingGreen","Bottled Lightning","Kunai","Lantern","Unceasing Top","The Courier","expansioncontent:StudyCardRelic","downfall:HeartBlessingRed","Calipers"],"acts_visited":["Exordium","TheCity","TheBeyond"],"potions_floor_usage":[5,10,33,40,40],"damage_taken":[{"damage":0,"enemies":"Cultist","floor":2,"turns":3},{"damage":4,"enemies":"2 Louse","floor":3,"turns":3},{"damage":5,"enemies":"Small Slimes","floor":4,"turns":3},{"damage":6,"enemies":"Blue Slaver","floor":5,"turns":4},{"damage":0,"enemies":"downfall:FleeingMerchant","floor":6,"turns":4},{"damage":12,"enemies":"Lagavulin","floor":10,"turns":4},{"damage":1,"enemies":"3 Louse","floor":11,"turns":3},{"damage":8,"enemies":"Lots of Slimes","floor":13,"turns":3},{"damage":0,"enemies":"downfall:FleeingMerchant","floor":14,"turns":4},{"damage":12,"enemies":"Blue Slaver","floor":15,"turns":3},{"damage":28,"enemies":"IC_STATUS_ARCHETYPE","floor":16,"turns":4},{"damage":4,"enemies":"Shell Parasite","floor":19,"turns":4},{"damage":0,"enemies":"Spheric Guardian","floor":21,"turns":3},{"damage":9,"enemies":"Shelled Parasite and Fungi","floor":22,"turns":5},{"damage":20,"enemies":"3 Cultists","floor":23,"turns":6},{"damage":12,"enemies":"downfall:FleeingMerchant","floor":25,"turns":4},{"damage":11,"enemies":"Book of Stabbing","floor":27,"turns":4},{"damage":1,"enemies":"Colosseum Nobs","floor":30,"turns":4},{"damage":0,"enemies":"Snecko","floor":32,"turns":4},{"damage":30,"enemies":"SI_MIRROR_ARCHETYPE","floor":33,"turns":7},{"damage":0,"enemies":"Orb Walker","floor":36,"turns":3},{"damage":2,"enemies":"3 Darklings","floor":38,"turns":3},{"damage":31,"enemies":"2 Orb Walkers","floor":40,"turns":6},{"damage":54,"enemies":"4 Shapes","floor":42,"turns":4},{"damage":17,"enemies":"Spire Growth","floor":43,"turns":2}],"seed_played":"-4569800653065457096","potions_obtained":[{"floor":2,"key":"Guardian:BlockOnCardUsePotion"},{"floor":5,"key":"ColorlessPotion"},{"floor":10,"key":"Dexterity Potion"},{"floor":11,"key":"Dexterity Potion"},{"floor":23,"key":"SmokeBomb"},{"floor":27,"key":"sneckomod:OffclassReductionPotion"},{"floor":33,"key":"DuplicationPotion"},{"floor":42,"key":"DistilledChaos"},{"floor":42,"key":"sneckomod:DiceRollPotion"}],"is_trial":false,"path_per_floor":["R","M","M","M","M","$","T","R","?","E","M","R","M","$","M","B",null,"R","M","?","M","M","M","T","$","R","E","R","?","?","$","M","B",null,"R","M","?","M","$","?","T","M","M"],"character_chosen":"THE_SNECKO","items_purchased":["sneckomod:SlitherStrike","sneckomod:CheapStock","sneckomod:SleevedAce","sneckomod:UnknownColorless","Kunai","sneckomod:WideSting","sneckomod:QuickBite","sneckomod:DefensiveFlair","sneckomod:MasterEye","SkillPotion"],"campfire_rested":0,"item_purchase_floors":[6,6,6,14,25,25,25,31,39,39],"current_hp_per_floor":[90,90,86,81,75,75,75,75,75,63,62,62,54,54,42,14,90,90,86,86,86,84,68,68,56,56,45,45,78,77,77,77,47,93,93,93,93,91,91,60,60,6,0,0,0],"gold":214,"neow_bonus":"HUNDRED_GOLD","is_daily":false,"chose_seed":false,"campfire_upgraded":4,"win_rate":0.0,"timestamp":1612847495,"path_taken":["R","M","M","M","M","?","T","R","?","E","M","R","M","$","M","BOSS","R","M","?","M","?","M","T","$","R","E","R","?","?","?","M","BOSS","R","M","?","?","$","?","T","M","M"],"items_purchased_type":["Card","Card","Relic","Card","Relic","Card","Card","Card","Card","Potion"],"build_version":"2020-12-22","purchased_purges":3,"victory":false,"max_hp_per_floor":[90,90,90,90,90,90,90,90,90,90,90,90,90,90,90,90,90,90,90,90,90,93,93,93,93,93,93,93,93,93,93,93,93,93,93,93,93,93,93,93,93,93,93,93,93],"card_choices":[{"not_picked":["sneckomod:WideSting","sneckomod:RainOfDice"],"picked":"sneckomod:Memorize","floor":2},{"not_picked":["sneckomod:ImprovisedAttack","sneckomod:UnknownDraw"],"picked":"sneckomod:PureSnecko","floor":3},{"not_picked":["sneckomod:Unknown1Cost","sneckomod:UnknownStrength"],"picked":"sneckomod:UnknownBlock","floor":4},{"not_picked":["sneckomod:QuickMove","sneckomod:RainOfDice"],"picked":"sneckomod:SnakeSap","floor":5},{"not_picked":["sneckomod:UnknownDraw","sneckomod:QuickMove"],"picked":"sneckomod:SnakeSap","floor":6},{"not_picked":["sneckomod:UnknownDraw","sneckomod:UnknownUncommonAttack"],"picked":"sneckomod:SerpentMind","floor":10},{"not_picked":["sneckomod:Unknown1Cost","sneckomod:DiceCrush"],"picked":"sneckomod:QuickBite","floor":11},{"not_picked":["sneckomod:UnknownCommonAttack","sneckomod:SerpentIdol"],"picked":"sneckomod:Nope","floor":13},{"not_picked":["sneckomod:DiceBlock","sneckomod:Nope"],"picked":"sneckomod:UnknownDraw","floor":14},{"not_picked":["sneckomod:SoulRoll","sneckomod:DiceBoulder"],"picked":"sneckomod:UnknownRareAttack","floor":15},{"not_picked":["sneckomod:UnknownBoss","sneckomod:Transmogrify"],"picked":"sneckomod:Mudshield","floor":16},{"not_picked":["sneckomod:DiceBoulder","sneckomod:PureSnecko"],"picked":"sneckomod:QuickMove+1","floor":19},{"not_picked":["sneckomod:RainOfDice+1","sneckomod:UnknownDraw"],"picked":"sneckomod:UnknownExhaust+1","floor":21},{"not_picked":["sneckomod:SerpentIdol","sneckomod:UnknownUncommonPower"],"picked":"sneckomod:UnknownStrength","floor":22},{"not_picked":["sneckomod:QuickBite","sneckomod:UnknownStrike"],"picked":"sneckomod:SoulDraw+1","floor":23},{"not_picked":["sneckomod:UnknownUncommonAttack","sneckomod:RainOfDice+1"],"picked":"sneckomod:SoulCleanse","floor":25},{"not_picked":["sneckomod:MixItUp","sneckomod:RainOfDice","sneckomod:UnknownBlock"],"picked":"SKIP","floor":27},{"not_picked":["sneckomod:Unknown0Cost","sneckomod:UnknownCommonAttack"],"picked":"sneckomod:ImprovisedGuard+1","floor":30},{"not_picked":["sneckomod:UnknownColorless","sneckomod:WideSting","sneckomod:UnknownCommonAttack"],"picked":"SKIP","floor":32},{"not_picked":["sneckomod:Transmogrify","sneckomod:UnknownRareAttack"],"picked":"sneckomod:Restock","floor":33},{"not_picked":["sneckomod:UnknownUncommonSkill+1","sneckomod:IronFang","sneckomod:UnknownUncommonAttack+1"],"picked":"SKIP","floor":36},{"not_picked":["sneckomod:UnknownDraw","sneckomod:UnknownClassSLIMEBOUND+1"],"picked":"sneckomod:SlitherStrike+1","floor":38},{"not_picked":["sneckomod:Rotation+1","sneckomod:DiceBoulder"],"picked":"sneckomod:Memorize","floor":40},{"not_picked":["sneckomod:MixItUp","sneckomod:SoulCleanse"],"picked":"sneckomod:SoulRoll+1","floor":42}],"player_experience":2123141,"relics_obtained":[{"floor":7,"key":"Gremlin Horn"},{"floor":10,"key":"Incense Burner"},{"floor":24,"key":"Bottled Lightning"},{"floor":27,"key":"Lantern"},{"floor":30,"key":"Unceasing Top"},{"floor":30,"key":"The Courier"},{"floor":40,"key":"Calipers"}],"event_choices":[{"damage_healed":0,"gold_gain":0,"player_choice":"Ignored","damage_taken":0,"max_hp_gain":0,"max_hp_loss":0,"event_name":"NoteForYourself","floor":9,"gold_loss":0},{"damage_healed":0,"gold_gain":0,"player_choice":"Fight","damage_taken":0,"max_hp_gain":0,"max_hp_loss":0,"event_name":"Mysterious Sphere","floor":40,"gold_loss":0}],"is_beta":false,"boss_relics":[{"not_picked":["bronze:MakeshiftBattery","SlaversCollar"],"picked":"Astrolabe"},{"not_picked":["Velvet Choker","Fusion Hammer"],"picked":"expansioncontent:StudyCardRelic"}],"items_purged_floors":[25,31,39],"is_endless":false,"potions_floor_spawned":[2,5,10,11,23,27,30,33,38,42],"killed_by":"Spire Growth","ascension_level":0}}