{"host":"vgnj3owxn2tq7mop","time":1612890871,"event":{"mods":["Act Like it!","BaseMod","Colored Map","Downfall","Hallownest","Minty Spire (QoL Compilation)","StSLib","SuperFastMode","The Bug Knight","The Servant 0.9.4"],"gold_per_floor":[0,11,28,38,54,88,115,129,129,163,163,225,25,35,53,153,153,153,153,163,248,265,365,392,392,392,392,392],"floor_reached":26,"language":"ZHS","playtime":1613,"items_purged":[],"score":229,"play_id":"bf7741e5-ae4b-4958-8c14-7c56c63aa213","local_time":"20210210011431","is_ascension_mode":true,"campfire_choices":[{"data":"bronze:Replicate","floor":1.0,"key":"SMITH"},{"data":"bronze:Mutator","floor":11,"key":"SMITH"},{"data":"bronze:DarkDash","floor":13,"key":"SMITH"},{"data":"bronze:AlphaBuild","floor":18,"key":"SMITH"},{"data":"bronze:GetLatest","floor":25,"key":"SMITH"}],"circlet_count":0,"master_deck":["bronze:Strike","bronze:Strike","bronze:Strike","bronze:Strike","bronze:Defend","bronze:Defend","bronze:Defend","bronze:Defend","bronze:Replicate+1","bronze:Goto","bronze:Iterate","bronze:ChosenStrike","bronze:BitShift","bronze:ChildClass","bronze:Mutator+1","bronze:DarkDash+1","bronze:Verify","bronze:AlphaBuild+1","bronze:GetLatest+1"],"relics":["bronze:BronzeCore","Ice Cream","HollowMod:PaleOreRelic","bronze:BottledCode","Omamori","Anchor","downfall:HeartBlessingBlue","downfall:HeartBlessingGreen","Coffee Dripper","Oddly Smooth Stone"],"acts_visited":["Exordium","TheCity"],"potions_floor_usage":[10,10,12,12,16],"damage_taken":[{"damage":5.0,"enemies":"Small Slimes","floor":2.0,"turns":3.0},{"damage":5.0,"enemies":"Jaw Worm","floor":3.0,"turns":4.0},{"damage":0.0,"enemies":"Cultist","floor":4.0,"turns":2.0},{"damage":1.0,"enemies":"Exordium Wildlife","floor":5.0,"turns":3.0},{"damage":16.0,"enemies":"3 Sentries","floor":6.0,"turns":8.0},{"damage":7.0,"enemies":"3 Louse","floor":8.0,"turns":3.0},{"damage":10,"enemies":"Lagavulin","floor":10,"turns":3},{"damage":6,"enemies":"Gremlin Nob","floor":12,"turns":3},{"damage":0,"enemies":"2 Fungi Beasts","floor":14,"turns":2},{"damage":0,"enemies":"Red Slaver","floor":15,"turns":2},{"damage":7,"enemies":"IC_STATUS_ARCHETYPE","floor":16,"turns":7},{"damage":0,"enemies":"3 Byrds","floor":20,"turns":5},{"damage":35,"enemies":"Snake Plant","floor":22,"turns":6},{"damage":35,"enemies":"3 Cultists","floor":26,"turns":5}],"seed_played":"8437627494543489506","potions_obtained":[{"floor":4.0,"key":"SpeedPotion"},{"floor":5.0,"key":"FearPotion"},{"floor":6.0,"key":"BlessingOfTheForge"},{"floor":8.0,"key":"PowerPotion"},{"floor":10,"key":"bronze:FreeFunctionsPotion"},{"floor":14,"key":"bronze:CleanCodePotion"}],"is_trial":false,"path_per_floor":["R","M","M","M","M","E","T","M","?","E","R","?","R","M","M","B",null,"R","?","M","?","M","?","T","R","M"],"character_chosen":"THE_AUTOMATON","items_purchased":[],"campfire_rested":0,"item_purchase_floors":[],"current_hp_per_floor":[70,65,60,60,59,43,43,36,36,26,26,20,30,30,30,23,70,70,70,70,56,21,21,21,21,0,0,0],"gold":392,"neow_bonus":"ONE_RARE_RELIC","is_daily":false,"chose_seed":false,"campfire_upgraded":5,"win_rate":0.0,"timestamp":1612890871,"path_taken":["R","M","M","M","M","E","T","M","?","E","R","?","R","M","M","BOSS","R","?","M","?","M","?","T","R","M"],"items_purchased_type":[],"build_version":"2020-12-22","purchased_purges":0,"victory":false,"max_hp_per_floor":[70,70,70,70,70,70,70,70,60,60,60,60,70,70,70,70,70,70,70,70,70,70,70,70,70,70,70,70],"card_choices":[{"not_picked":["bronze:OilSpill","bronze:Terminator"],"picked":"bronze:Iterate","floor":2.0},{"not_picked":["bronze:DigitalCarnage","bronze:Terminator"],"picked":"bronze:ChosenStrike","floor":3.0},{"not_picked":["bronze:Overheat","bronze:DelayedGuard","bronze:Safeguard"],"picked":"SKIP","floor":4.0},{"not_picked":["bronze:Branch","bronze:BugBarrage"],"picked":"bronze:BitShift","floor":5.0},{"not_picked":["bronze:Optimize","bronze:GetLatest"],"picked":"bronze:ChildClass","floor":6.0},{"not_picked":["bronze:ItsAFeature","bronze:BuggyMess","bronze:Deprecate"],"picked":"SKIP","floor":8.0},{"not_picked":["bronze:DarkDash","bronze:Turbo"],"picked":"bronze:Mutator","floor":10},{"not_picked":["bronze:DelayedGuard","bronze:BugBarrage"],"picked":"bronze:DarkDash","floor":12},{"not_picked":["bronze:Branch","bronze:NullPointer","bronze:Safeguard"],"picked":"SKIP","floor":14},{"not_picked":["bronze:Separator","bronze:Deprecate"],"picked":"bronze:Verify","floor":15},{"not_picked":["bronze:Virus","bronze:ThunderWave"],"picked":"bronze:AlphaBuild","floor":16},{"not_picked":["bronze:CutThrough","bronze:BitShift","bronze:BugBarrage"],"picked":"SKIP","floor":20},{"not_picked":["bronze:Branch","bronze:DelayedGuard"],"picked":"bronze:GetLatest","floor":22}],"player_experience":1189970,"relics_obtained":[{"floor":6.0,"key":"HollowMod:PaleOreRelic"},{"floor":10,"key":"Omamori"},{"floor":12,"key":"Anchor"},{"floor":24,"key":"Oddly Smooth Stone"}],"event_choices":[{"damage_healed":0,"gold_gain":0,"player_choice":"Ignored","damage_taken":0,"max_hp_gain":0,"max_hp_loss":0,"event_name":"Ghosts","floor":19,"gold_loss":0}],"is_beta":false,"boss_relics":[{"not_picked":["Pandora\u0027s Box","bronze:PlatinumCore"],"picked":"Coffee Dripper"}],"items_purged_floors":[],"is_endless":false,"potions_floor_spawned":[4,5,6,8,10,14],"killed_by":"3 Cultists","ascension_level":1}}