{"host":"vyjryxuuuxkt43k4","time":1612845162,"event":{"mods":["AchievementEnabler","BaseMod","Colored Map","DeckTracker","Keyboard Shortcuts","Minty Spire (QoL Compilation)","Permanent Neow","Quick Restart","StSLib","SuperFastMode","everything is the same but u backflip on backflip"],"gold_per_floor":[117,2,2,2,17,17,42,42,42,192,222,64,97,113,113,184,184,194,210,210,210,14,14,32,32,32,67,81,93,172,191,191,265,265,285,285,310,329,329,329,359,374,397,409,436,58,58,85,85,85],"floor_reached":51,"language":"KOR","playtime":9106,"items_purged":["Doubt","Strike_B"],"score":1396,"play_id":"8f68afe5-5e6e-4e59-ae11-1d4c6d678d08","local_time":"20210209133242","is_ascension_mode":true,"campfire_choices":[{"data":"Melter","floor":6.0,"key":"SMITH"},{"floor":8.0,"key":"REST"},{"data":"Genetic Algorithm","floor":15.0,"key":"SMITH"},{"floor":23.0,"key":"REST"},{"data":"Apotheosis","floor":25.0,"key":"SMITH"},{"floor":32.0,"key":"REST"},{"floor":40,"key":"RECALL"},{"floor":47,"key":"REST"},{"floor":49,"key":"REST"}],"circlet_count":0,"master_deck":["AscendersBane","Strike_B+1","Strike_B+1","Defend_B","Defend_B+1","Defend_B","Zap","Dualcast","Reprogram+1","Genetic Algorithm+1","Self Repair","Leap","Melter+1","Reinforced Body","Hologram","Undo+1","BootSequence","Core Surge","Conserve Battery","RitualDagger","Apotheosis+1","Genetic Algorithm","Beam Cell","Turbo","Core Surge","Stack+1","Streamline+1","Heatsinks+1","Panacea","Jack Of All Trades","Dramatic Entrance","Hyperbeam","Double Energy"],"relics":["Cracked Core","Dead Branch","Letter Opener","Pocketwatch","Eternal Feather","SlaversCollar","War Paint","Incense Burner","Strawberry","Kunai","Fusion Hammer","Unceasing Top","Regal Pillow","MawBank","Membership Card","Shuriken","Blue Candle"],"acts_visited":["Exordium","TheCity","TheBeyond"],"potions_floor_usage":[48,50,50],"damage_taken":[{"damage":7.0,"enemies":"Cultist","floor":1.0,"turns":6.0},{"damage":3.0,"enemies":"Small Slimes","floor":5.0,"turns":5.0},{"damage":29.0,"enemies":"Gremlin Nob","floor":7.0,"turns":4.0},{"damage":8.0,"enemies":"Lagavulin","floor":11.0,"turns":7.0},{"damage":2.0,"enemies":"3 Sentries","floor":13.0,"turns":7.0},{"damage":0.0,"enemies":"Jaw Worm","floor":14.0,"turns":4.0},{"damage":44.0,"enemies":"Hexaghost","floor":16.0,"turns":12.0},{"damage":36.0,"enemies":"2 Thieves","floor":18.0,"turns":5.0},{"damage":24.0,"enemies":"3 Byrds","floor":19.0,"turns":6.0},{"damage":17.0,"enemies":"Shelled Parasite and Fungi","floor":24.0,"turns":7.0},{"damage":32.0,"enemies":"Slavers","floor":27.0,"turns":8.0},{"damage":24.0,"enemies":"Snake Plant","floor":28.0,"turns":4.0},{"damage":0.0,"enemies":"Sentry and Sphere","floor":29.0,"turns":4.0},{"damage":0.0,"enemies":"Centurion and Healer","floor":31.0,"turns":6.0},{"damage":22.0,"enemies":"Champ","floor":33.0,"turns":13.0},{"damage":0.0,"enemies":"3 Darklings","floor":35.0,"turns":9.0},{"damage":0.0,"enemies":"Mind Bloom Boss Battle","floor":37.0,"turns":10.0},{"damage":0,"enemies":"3 Shapes","floor":38,"turns":4},{"damage":0,"enemies":"Reptomancer","floor":41,"turns":8},{"damage":21,"enemies":"Spire Growth","floor":42,"turns":6},{"damage":0,"enemies":"Maw","floor":45,"turns":8},{"damage":13,"enemies":"Nemesis","floor":48,"turns":5},{"damage":35,"enemies":"Donu and Deca","floor":50,"turns":8}],"seed_played":"-7888946383879997351","potions_obtained":[{"floor":1.0,"key":"PowerPotion"},{"floor":5.0,"key":"Energy Potion"},{"floor":7.0,"key":"AttackPotion"},{"floor":11.0,"key":"Weak Potion"},{"floor":14.0,"key":"Fruit Juice"},{"floor":18.0,"key":"Weak Potion"},{"floor":19.0,"key":"SteroidPotion"},{"floor":24.0,"key":"Energy Potion"},{"floor":27.0,"key":"AttackPotion"},{"floor":33.0,"key":"SteroidPotion"},{"floor":37.0,"key":"Ancient Potion"},{"floor":48,"key":"SpeedPotion"}],"is_trial":false,"path_per_floor":["M","$","?","?","M","R","E","R","T","?","E","$","E","M","R","B",null,"M","M","?","?","$","R","M","R","T","E","M","M","T","M","R","B",null,"M","?","?","M","?","R","E","M","T","?","M","$","R","E","R","B",null],"character_chosen":"DEFECT","items_purchased":["Self Repair","Leap","EssenceOfSteel","Apotheosis","Membership Card","Shuriken","Hyperbeam"],"campfire_rested":5,"item_purchase_floors":[2,2,12,22,46,46,46],"current_hp_per_floor":[57,57,36,36,40,40,18,39,39,39,38,38,43,50,59,27,64,35,11,5,5,5,39,32,44,44,29,15,15,15,25,64,49,75,82,82,83,83,83,83,83,69,69,59,59,59,83,77,83,58],"gold":85,"neow_bonus":"TRANSFORM_CARD","is_daily":false,"chose_seed":false,"campfire_upgraded":3,"win_rate":0.0,"timestamp":1612845162,"path_taken":["M","$","?","?","?","R","E","R","T","?","E","$","E","M","R","BOSS","M","M","?","?","$","R","?","R","T","E","M","M","?","M","R","BOSS","M","?","?","M","?","R","E","M","T","?","M","$","R","E","R","BOSS"],"items_purchased_type":["Card","Card","Potion","Card","Relic","Relic","Card"],"build_version":"2020-12-22","purchased_purges":2,"victory":true,"max_hp_per_floor":[71,71,71,71,71,71,71,71,71,71,71,71,71,71,71,76,76,76,76,76,76,76,76,76,76,76,83,83,83,83,83,83,83,83,83,83,83,83,83,83,83,83,83,83,83,83,83,83,83,83],"card_choices":[{"not_picked":["Ball Lightning","Leap"],"picked":"Genetic Algorithm","floor":1.0},{"not_picked":["Redo","Stack"],"picked":"Melter","floor":5.0},{"not_picked":["Force Field","Stack"],"picked":"Reinforced Body","floor":7.0},{"not_picked":["Thunder Strike","Consume"],"picked":"Hologram","floor":11.0},{"not_picked":["Coolheaded","Lockon"],"picked":"Undo","floor":13.0},{"not_picked":["Beam Cell","Compile Driver"],"picked":"BootSequence","floor":14.0},{"not_picked":["Thunder Strike","Machine Learning"],"picked":"Core Surge","floor":16.0},{"not_picked":["Steam","Leap","Undo"],"picked":"SKIP","floor":18.0},{"not_picked":["Heatsinks","Hologram"],"picked":"Conserve Battery","floor":19.0},{"not_picked":["Darkness","Cold Snap+1","Blizzard"],"picked":"SKIP","floor":24.0},{"not_picked":["Biased Cognition","Redo"],"picked":"Genetic Algorithm","floor":27.0},{"not_picked":["Leap","Doom and Gloom","Rip and Tear"],"picked":"SKIP","floor":28.0},{"not_picked":["Barrage","Turbo"],"picked":"Beam Cell","floor":29.0},{"not_picked":["Sweeping Beam","Self Repair"],"picked":"Turbo","floor":31.0},{"not_picked":["Biased Cognition","Multi-Cast"],"picked":"Core Surge","floor":33.0},{"not_picked":["Beam Cell","Chill","Loop"],"picked":"SKIP","floor":35.0},{"not_picked":["Coolheaded+1","Capacitor"],"picked":"Stack+1","floor":37.0},{"not_picked":["Stack","Chaos+1","Static Discharge"],"picked":"SKIP","floor":38},{"not_picked":["Redo","Barrage+1"],"picked":"Streamline+1","floor":41},{"not_picked":["Leap+1","Compile Driver+1"],"picked":"Heatsinks+1","floor":42},{"not_picked":["Dark Shackles","Madness"],"picked":"Panacea","floor":44},{"not_picked":["Swift Strike","Enlightenment"],"picked":"Jack Of All Trades","floor":44},{"not_picked":["Forethought","HandOfGreed"],"picked":"Dramatic Entrance","floor":44},{"not_picked":["Cold Snap","Stack","Streamline"],"picked":"SKIP","floor":45},{"not_picked":["Storm","BootSequence"],"picked":"Double Energy","floor":48}],"player_experience":850065,"relics_obtained":[{"floor":7.0,"key":"Dead Branch"},{"floor":9.0,"key":"Letter Opener"},{"floor":11.0,"key":"Pocketwatch"},{"floor":13.0,"key":"Eternal Feather"},{"floor":21.0,"key":"War Paint"},{"floor":26.0,"key":"Incense Burner"},{"floor":27.0,"key":"Strawberry"},{"floor":30.0,"key":"Kunai"},{"floor":37.0,"key":"Unceasing Top"},{"floor":41,"key":"Regal Pillow"},{"floor":43,"key":"MawBank"},{"floor":48,"key":"Blue Candle"}],"event_choices":[{"damage_healed":0.0,"max_hp_gain":0.0,"max_hp_loss":0.0,"gold_gain":0.0,"event_name":"Shining Light","player_choice":"Entered Light","floor":3.0,"gold_loss":0.0,"damage_taken":21.0,"cards_upgraded":["Strike_B","Strike_B"]},{"damage_healed":0.0,"max_hp_gain":0.0,"max_hp_loss":0.0,"gold_gain":0.0,"event_name":"Living Wall","player_choice":"Grow","floor":4.0,"gold_loss":0.0,"damage_taken":0.0,"cards_upgraded":["Reprogram"]},{"damage_healed":0.0,"max_hp_gain":0.0,"max_hp_loss":0.0,"gold_gain":150.0,"event_name":"Liars Game","player_choice":"AGREE","floor":10.0,"gold_loss":0.0,"damage_taken":0.0,"cards_obtained":["Doubt"]},{"damage_healed":0.0,"max_hp_gain":0.0,"max_hp_loss":0.0,"gold_gain":0.0,"event_name":"Nest","player_choice":"Joined the Cult","floor":20.0,"gold_loss":0.0,"damage_taken":6.0,"cards_obtained":["RitualDagger"]},{"damage_healed":0.0,"max_hp_gain":0.0,"max_hp_loss":0.0,"gold_gain":0.0,"event_name":"Wheel of Change","player_choice":"Relic","floor":21.0,"gold_loss":0.0,"damage_taken":0.0},{"cards_removed":["Defend_B"],"damage_healed":0.0,"max_hp_gain":0.0,"max_hp_loss":0.0,"gold_gain":0.0,"event_name":"Falling","player_choice":"Removed Skill","floor":36.0,"gold_loss":0.0,"damage_taken":0.0},{"damage_healed":0.0,"max_hp_gain":0.0,"max_hp_loss":0.0,"gold_gain":0.0,"event_name":"MindBloom","player_choice":"Fight","floor":37.0,"gold_loss":0.0,"damage_taken":0.0},{"damage_healed":0,"gold_gain":0,"player_choice":"Ignored","damage_taken":0,"max_hp_gain":0,"max_hp_loss":0,"event_name":"Tomb of Lord Red Mask","floor":39,"gold_loss":0},{"damage_healed":0,"gold_gain":0,"player_choice":"Memory 3","damage_taken":10,"max_hp_gain":0,"max_hp_loss":0,"event_name":"SensoryStone","floor":44,"gold_loss":0}],"is_beta":false,"boss_relics":[{"not_picked":["Sozu","Inserter"],"picked":"SlaversCollar"},{"not_picked":["Nuclear Battery","Calling Bell"],"picked":"Fusion Hammer"}],"items_purged_floors":[12,46],"is_endless":false,"potions_floor_spawned":[1,5,7,11,14,18,19,24,27,33,37,42,45,48],"ascension_level":19}}