{"host":"i09pxcjttd31eh4q","time":1612835851,"event":{"mods":["AchievementEnabler","BaseMod","Colored Map","Keyboard Shortcuts","Minty Spire (QoL Compilation)","StSLib","SuperFastMode"],"gold_per_floor":[114,114,39,39,55,83,100,134,134,34,47,47,59,75,75,147,147,162,177,177,177],"floor_reached":20,"language":"KOR","playtime":454,"items_purged":["Regret","Strike_G"],"score":422,"play_id":"26d466a6-6571-4ee4-b651-ca1a8448efe3","local_time":"20210209105731","is_ascension_mode":true,"campfire_choices":[{"data":"Deadly Poison","floor":12,"key":"SMITH"},{"data":"Neutralize","floor":15,"key":"SMITH"}],"circlet_count":0,"master_deck":["AscendersBane","Strike_G","Strike_G+1","Strike_G+1","Defend_G","Defend_G","Defend_G","Defend_G","Defend_G","Survivor","Neutralize+1","Deadly Poison+1","Dash","Backflip","Blade Dance","Acrobatics","Corpse Explosion","Tools of the Trade","Well Laid Plans"],"relics":["Ring of the Snake","NeowsBlessing","Bronze Scales","Darkstone Periapt","Nunchaku","Whetstone","HoveringKite"],"acts_visited":["Exordium","TheCity"],"potions_floor_usage":[11,16,20],"damage_taken":[{"damage":0.0,"enemies":"2 Louse","floor":1.0,"turns":1.0},{"damage":0,"enemies":"Jaw Worm","floor":5,"turns":1},{"damage":0,"enemies":"3 Sentries","floor":6,"turns":2},{"damage":0,"enemies":"Cultist","floor":7,"turns":4},{"damage":30,"enemies":"Lagavulin","floor":8,"turns":9},{"damage":0,"enemies":"Lots of Slimes","floor":11,"turns":3},{"damage":0,"enemies":"2 Fungi Beasts","floor":13,"turns":2},{"damage":0,"enemies":"3 Louse","floor":14,"turns":3},{"damage":13,"enemies":"The Guardian","floor":16,"turns":9},{"damage":14,"enemies":"Spheric Guardian","floor":18,"turns":5},{"damage":20,"enemies":"Shell Parasite","floor":19,"turns":6},{"damage":23,"enemies":"Shelled Parasite and Fungi","floor":20,"turns":2}],"seed_played":"2720994897784534610","potions_obtained":[{"floor":5,"key":"Fire Potion"},{"floor":7,"key":"Energy Potion"},{"floor":13,"key":"SmokeBomb"},{"floor":14,"key":"Dexterity Potion"},{"floor":19,"key":"Fire Potion"}],"is_trial":false,"path_per_floor":["M","?","$","?","M","E","M","E","T","$","M","R","M","M","R","B",null,"M","M","M"],"character_chosen":"THE_SILENT","items_purchased":[],"campfire_rested":0,"item_purchase_floors":[],"current_hp_per_floor":[59,59,59,59,59,59,59,29,29,29,29,29,29,29,29,16,54,40,20,0,0],"gold":177,"neow_bonus":"THREE_ENEMY_KILL","is_daily":false,"chose_seed":false,"campfire_upgraded":2,"win_rate":0.0,"timestamp":1612835851,"path_taken":["M","?","$","?","M","E","?","E","T","?","?","R","M","M","R","BOSS","M","M","M"],"items_purchased_type":[],"build_version":"2020-12-22","purchased_purges":2,"victory":false,"max_hp_per_floor":[66,66,66,66,66,66,66,66,66,66,66,66,66,66,66,66,66,66,66,66,66],"card_choices":[{"not_picked":["Cloak And Dagger","Heel Hook"],"picked":"Deadly Poison","floor":1.0},{"not_picked":["Flying Knee","Slice"],"picked":"Backflip","floor":5},{"not_picked":["Glass Knife","Endless Agony"],"picked":"Blade Dance","floor":6},{"not_picked":["Infinite Blades","Concentrate","Sucker Punch"],"picked":"SKIP","floor":7},{"not_picked":["Dodge and Roll","Flying Knee","Eviscerate"],"picked":"SKIP","floor":8},{"not_picked":["Outmaneuver","Poisoned Stab"],"picked":"Acrobatics","floor":11},{"not_picked":["Poisoned Stab","Accuracy","Predator"],"picked":"SKIP","floor":13},{"not_picked":["Deadly Poison","Slice"],"picked":"Corpse Explosion","floor":14},{"not_picked":["A Thousand Cuts","Wraith Form v2"],"picked":"Tools of the Trade","floor":16},{"not_picked":["Flying Knee","Deadly Poison"],"picked":"Well Laid Plans","floor":18},{"not_picked":["Deadly Poison","Expertise","Terror"],"picked":"SKIP","floor":19}],"player_experience":890547,"relics_obtained":[{"floor":6,"key":"Darkstone Periapt"},{"floor":8,"key":"Nunchaku"},{"floor":9,"key":"Whetstone"}],"event_choices":[{"damage_healed":0,"gold_gain":0,"player_choice":"Box","damage_taken":0,"relics_obtained":["Bronze Scales"],"max_hp_gain":0,"max_hp_loss":0,"event_name":"Big Fish","floor":2,"gold_loss":0,"cards_obtained":["Regret"]},{"damage_healed":0,"gold_gain":0,"cards_transformed":["Strike_G"],"player_choice":"Change","damage_taken":0,"max_hp_gain":0,"max_hp_loss":0,"event_name":"Living Wall","floor":4,"gold_loss":0,"cards_obtained":["Dash"]}],"is_beta":false,"boss_relics":[{"not_picked":["Runic Dome","WristBlade"],"picked":"HoveringKite"}],"items_purged_floors":[3,10],"is_endless":false,"potions_floor_spawned":[5,7,8,13,14,19],"killed_by":"Shelled Parasite and Fungi","ascension_level":20}}