{"host":"y0i0tbisecj7yjyn","time":1612893459,"event":{"mods":["A Penny For Your Troubles","AlwaysNeverKeys","BaseMod","BetterRewards","Colored Map","Colored Powertips","Curses Come First","Displayed Cursed Tome","Keyboard Shortcuts","Minty Spire (QoL Compilation)","Random Character Button","Rare Cards Sparkle","Relic Sorter","StSLib","SuperFastMode","Transform Curses","Weighted Paths"],"gold_per_floor":[118,118,68,86,86,115,115,130,178,253,253,266,266,304,304,430,430,451,221,221,235,334,334,334,355,355,355,355],"floor_reached":27,"language":"ENG","playtime":1170,"items_purged":[],"score":252,"play_id":"2e05b5c0-f824-40f2-9859-d476401eba56","local_time":"20210209115739","is_ascension_mode":true,"campfire_choices":[{"floor":13,"key":"REST"},{"floor":15,"key":"REST"},{"floor":23,"key":"REST"}],"circlet_count":0,"master_deck":["Strike_B+1","Strike_B","Strike_B","Strike_B","Defend_B","Defend_B","Defend_B","Defend_B","Zap","Dualcast","Ball Lightning+1","Cold Snap","Heatsinks","Fusion","Conserve Battery","Consume","Creative AI","Ball Lightning","Melter","Darkness","Rebound+1"],"relics":["FrozenCore","Anchor","Boot","Calipers","Golden Idol","Art of War","Omamori","Vajra","Necronomicon","Singing Bowl"],"acts_visited":["Exordium","TheCity"],"potions_floor_usage":[6,25,25,27],"damage_taken":[{"damage":0,"enemies":"Small Slimes","floor":1,"turns":3},{"damage":0,"enemies":"2 Louse","floor":4,"turns":2},{"damage":13,"enemies":"3 Sentries","floor":6,"turns":3},{"damage":0,"enemies":"Jaw Worm","floor":8,"turns":3},{"damage":8,"enemies":"Lots of Slimes","floor":12,"turns":3},{"damage":18,"enemies":"Lagavulin","floor":14,"turns":6},{"damage":50,"enemies":"Hexaghost","floor":16,"turns":12},{"damage":20,"enemies":"Spheric Guardian","floor":18,"turns":6},{"damage":7,"enemies":"Chosen","floor":21,"turns":6},{"damage":22,"enemies":"Centurion and Healer","floor":25,"turns":8},{"damage":16,"enemies":"Chosen and Byrds","floor":27,"turns":4}],"seed_played":"7372972647510960615","potions_obtained":[{"floor":1,"key":"ColorlessPotion"},{"floor":8,"key":"SneckoOil"},{"floor":18,"key":"LiquidBronze"},{"floor":21,"key":"Energy Potion"},{"floor":25,"key":"LiquidBronze"}],"is_trial":false,"path_per_floor":["M","?","?","M","?","E","?","M","T","?","?","M","R","E","R","B",null,"M","$","?","M","?","R","?","M","T","M"],"character_chosen":"DEFECT","items_purchased":["Vajra","Melter"],"campfire_rested":3,"item_purchase_floors":[19,19],"current_hp_per_floor":[75,75,75,75,75,62,62,62,62,51,37,29,49,31,51,1,69,49,49,33,26,26,46,34,12,12,0,0],"gold":355,"neow_bonus":"RANDOM_COMMON_RELIC","is_daily":false,"chose_seed":false,"campfire_upgraded":0,"win_rate":0.0,"timestamp":1612893459,"path_taken":["M","?","?","M","?","E","?","M","T","?","?","?","R","E","R","BOSS","M","?","?","M","?","R","?","?","T","M"],"items_purchased_type":["Relic","Card"],"build_version":"2020-12-22","purchased_purges":0,"victory":false,"max_hp_per_floor":[75,75,75,75,75,75,69,69,69,69,69,69,69,69,69,69,69,69,69,69,69,69,69,74,74,74,74,74],"card_choices":[{"not_picked":["Heatsinks","Streamline"],"picked":"Ball Lightning","floor":1},{"not_picked":["Coolheaded","Lockon"],"picked":"Cold Snap","floor":4},{"not_picked":["Compile Driver","Genetic Algorithm"],"picked":"Heatsinks","floor":6},{"not_picked":["Glacier","Streamline"],"picked":"Fusion","floor":8},{"not_picked":["Rebound","Meteor Strike"],"picked":"Conserve Battery","floor":12},{"not_picked":["Beam Cell","Coolheaded"],"picked":"Consume","floor":14},{"not_picked":["Biased Cognition","Multi-Cast"],"picked":"Creative AI","floor":16},{"not_picked":["Steam","Cold Snap"],"picked":"Ball Lightning","floor":18},{"not_picked":["Hologram","Sweeping Beam"],"picked":"Darkness","floor":21},{"not_picked":["Rip and Tear","Beam Cell+1"],"picked":"Rebound+1","floor":25}],"player_experience":405261,"relics_obtained":[{"floor":6,"key":"Calipers"},{"floor":9,"key":"Art of War"},{"floor":14,"key":"Omamori"},{"floor":26,"key":"Singing Bowl"}],"event_choices":[{"damage_healed":0,"gold_gain":0,"player_choice":"Box","damage_taken":0,"relics_obtained":["Boot"],"max_hp_gain":0,"max_hp_loss":0,"event_name":"Big Fish","floor":2,"gold_loss":0,"cards_obtained":["Regret"]},{"cards_removed":["Regret"],"damage_healed":0,"gold_gain":0,"player_choice":"Card Removal","damage_taken":0,"max_hp_gain":0,"max_hp_loss":0,"event_name":"The Cleric","floor":3,"gold_loss":50},{"damage_healed":0,"gold_gain":0,"player_choice":"Ignored","damage_taken":0,"max_hp_gain":0,"max_hp_loss":0,"event_name":"Golden Wing","floor":5,"gold_loss":0},{"damage_healed":0,"gold_gain":0,"player_choice":"Lose Max HP","damage_taken":0,"relics_obtained":["Golden Idol"],"max_hp_gain":0,"max_hp_loss":6,"event_name":"Golden Idol","floor":7,"gold_loss":0},{"damage_healed":0,"gold_gain":75,"player_choice":"Gather Gold","damage_taken":11,"max_hp_gain":0,"max_hp_loss":0,"event_name":"World of Goop","floor":10,"gold_loss":0},{"damage_healed":0,"gold_gain":0,"player_choice":"Entered Light","damage_taken":14,"max_hp_gain":0,"max_hp_loss":0,"event_name":"Shining Light","floor":11,"gold_loss":0,"cards_upgraded":["Ball Lightning","Strike_B"]},{"damage_healed":0,"gold_gain":0,"player_choice":"Obtained Book","damage_taken":16,"max_hp_gain":0,"max_hp_loss":0,"event_name":"Cursed Tome","floor":20,"gold_loss":0},{"damage_healed":0,"gold_gain":99,"player_choice":"Stole From Cult","damage_taken":0,"max_hp_gain":0,"max_hp_loss":0,"event_name":"Nest","floor":22,"gold_loss":0},{"damage_healed":0,"gold_gain":0,"player_choice":"Shed Blood","damage_taken":17,"max_hp_gain":5,"max_hp_loss":0,"event_name":"Forgotten Altar","floor":24,"gold_loss":0}],"is_beta":false,"boss_relics":[{"not_picked":["Pandora\u0027s Box","Runic Dome"],"picked":"FrozenCore"}],"items_purged_floors":[],"is_endless":false,"potions_floor_spawned":[1,8,18,21,25],"killed_by":"Chosen and Byrds","ascension_level":3}}