{"host":"uceopoba4zvqsgiy","time":1612878632,"event":{"mods":["2.2 Compatiblity","Act Like it!","BaseMod","Better Skull","Better Third Choice","Elementarium","Evolution","GifTheSpireLib","Hermit","Humility","Infinite Spire","Jorbs\u0027s Wanderer Trilogy","Marked Mod","Minty Spire (QoL Compilation)","Potionbrewer","Reliquary","Replay The Spire","Robot Space Explorer","Shade Mod","Spicy Shops","StS++","StSLib","Stuff the Spire","The Blue Laboratory","The Caster","The Cursed","The Dragon Tamer","The Hierophant","The Judge","The Jungle","TheSurvivalist","Wandering Minibosses"],"gold_per_floor":[111,129,129,129,146,146,165,165,192,208,208,220,237,272,272,367,367,377,403,423,423,423,458,468,496,522,532,566,566,583,583,583,686,686,714,726,808,808,808],"floor_reached":38,"language":"ENG","playtime":4999,"items_purged":[],"score":571,"play_id":"40d48f3b-f1fd-40b6-bb88-791b86110c85","local_time":"20210210002032","is_ascension_mode":false,"campfire_choices":[{"data":"Weave","floor":6.0,"key":"SMITH"},{"floor":8.0,"key":"REST"},{"data":"TalkToTheHand","floor":11.0,"key":"SMITH"},{"floor":15.0,"key":"REST"},{"floor":32,"key":"REST"}],"circlet_count":0,"master_deck":["CutThroughFate","CutThroughFate","CutThroughFate","CutThroughFate","ThirdEye","ThirdEye","ThirdEye","Weave+1","TalkToTheHand+1","Replay:LoomingThreat","ReachHeaven+1","Pray+1","InnerPeace+1","ThirdEye","BattleHymn","infinitespire:DeathsTouch","ReplayTheSpireMod:Chaos Vortex","infinitespire:FutureSight","ConjureBlade","LikeWater","Bite","Bite","Bite","Bite","Bite","StuffTheSpire:CuriosityCurse","StSpp:Patience","ReplayTheSpireMod:Splinters","Parasite"],"relics":["PureWater","EVO:Axolotl","NeowsBlessing","Art of War","potionbrewer:Torch","Astrolabe","Centennial Puzzle","potionbrewer:AlchemistFlask","Happy Flower","GoldenEye","StuffTheSpire:HeavyRock","Juzu Bracelet","wanderingMiniBosses:CarrionFlame","Ornamental Fan","StSpp:Balance"],"acts_visited":["Exordium","TheCity","TheBeyond"],"potions_floor_usage":[23,30,35],"damage_taken":[{"damage":0.0,"enemies":"2 Louse","floor":1.0,"turns":1.0},{"damage":0.0,"enemies":"Cultist","floor":2.0,"turns":1.0},{"damage":0.0,"enemies":"Jaw Worm","floor":5.0,"turns":1.0},{"damage":28.0,"enemies":"Gremlin Nob","floor":7.0,"turns":3.0},{"damage":0.0,"enemies":"2 Fungi Beasts","floor":10.0,"turns":2.0},{"damage":11.0,"enemies":"Gremlin Gang","floor":12.0,"turns":6.0},{"damage":0.0,"enemies":"Blue Slaver","floor":13.0,"turns":2.0},{"damage":0.0,"enemies":"Lagavulin","floor":14.0,"turns":3.0},{"damage":25.0,"enemies":"Hexaghost","floor":16.0,"turns":6.0},{"damage":3.0,"enemies":"Shell Parasite","floor":18.0,"turns":4.0},{"damage":19,"enemies":"3 Byrds","floor":20,"turns":8},{"damage":6,"enemies":"Book of Stabbing","floor":23,"turns":5},{"damage":1,"enemies":"Centurion and Healer","floor":24,"turns":5},{"damage":25,"enemies":"Gremlin Leader","floor":25,"turns":4},{"damage":0,"enemies":"Sentry and Sphere","floor":27,"turns":3},{"damage":0,"enemies":"Nightmare","floor":28,"turns":5},{"damage":19,"enemies":"Shelled Parasite and Fungi","floor":30,"turns":5},{"damage":30,"enemies":"Pondfish","floor":33,"turns":10},{"damage":6,"enemies":"3 Shapes","floor":35,"turns":2},{"damage":77,"enemies":"3 Darklings","floor":36,"turns":4},{"damage":26,"enemies":"Writhing Mass","floor":38,"turns":6}],"seed_played":"3792769289237589226","potions_obtained":[{"floor":2.0,"key":"ColorlessPotion"},{"floor":7.0,"key":"blueLaboratory:PhilterOfMotion"},{"floor":10.0,"key":"ColorlessPotion"},{"floor":16.0,"key":"blueLaboratory:Moonshine"},{"floor":18.0,"key":"potionbrewer:BarricadePotion"},{"floor":27,"key":"blueLaboratory:BubblePotion"},{"floor":30,"key":"potionbrewer:MidasPotion"}],"is_trial":false,"path_per_floor":["M","M","$","?","M","R","E","R","T","M","R","M","M","E","R","B",null,"M","T","M","?","AVR","E","M","E","T","M","NM","?","M","?","R","B",null,"M","M","?","M"],"character_chosen":"WATCHER","items_purchased":[],"campfire_rested":3,"item_purchase_floors":[],"current_hp_per_floor":[78,78,78,71,71,71,43,66,66,66,66,55,55,55,78,53,78,75,75,58,58,58,54,55,32,32,34,36,36,25,25,48,37,78,74,3,3,0,0],"gold":808,"neow_bonus":"THREE_ENEMY_KILL","is_daily":false,"chose_seed":false,"campfire_upgraded":2,"win_rate":0.0,"timestamp":1612878632,"path_taken":["M","M","$","?","M","R","E","R","T","M","R","M","M","E","R","BOSS","M","?","M","?","AVR","E","M","E","T","M","NM","?","M","?","R","BOSS","M","M","?","M"],"items_purchased_type":[],"build_version":"2020-12-22","purchased_purges":0,"victory":false,"max_hp_per_floor":[78,78,78,78,78,78,78,78,78,78,78,78,78,78,78,78,78,78,78,78,78,78,78,78,78,78,78,78,78,78,78,78,78,78,78,78,78,78,78],"card_choices":[{"not_picked":["Prostrate","StSpp:Renounce","EmptyFist"],"picked":"SKIP","floor":1.0},{"not_picked":["ThirdEye","Perseverance"],"picked":"Weave","floor":2.0},{"not_picked":["ThirdEye","Replay:DivineShield","EmptyBody"],"picked":"SKIP","floor":5.0},{"not_picked":["MarkedMod:FirstStrike","Omniscience"],"picked":"TalkToTheHand","floor":7.0},{"not_picked":["Replay:ManipulateFuture","Fasting2","EmptyBody"],"picked":"SKIP","floor":10.0},{"not_picked":["Consecrate","Perseverance","FollowUp"],"picked":"SKIP","floor":12.0},{"not_picked":["CrushJoints","Protect","ThirdEye"],"picked":"SKIP","floor":13.0},{"not_picked":["Evaluate","Replay:Battleflow","Crescendo"],"picked":"SKIP","floor":14.0},{"not_picked":["SpiritShield","Replay:AllIn"],"picked":"Replay:LoomingThreat","floor":16.0},{"not_picked":["Replay:Anticipation+1","Protect"],"picked":"ThirdEye","floor":18.0},{"not_picked":["JustLucky","MarkedMod:GentlePulse+1"],"picked":"BattleHymn","floor":20},{"not_picked":["FlurryOfBlows","CrushJoints+1","ThirdEye"],"picked":"SKIP","floor":23},{"not_picked":["Prostrate","Evaluate","SashWhip+1"],"picked":"SKIP","floor":24},{"not_picked":["Nirvana","FlurryOfBlows"],"picked":"ConjureBlade","floor":25},{"not_picked":["FearNoEvil","CrushJoints","Wallop"],"picked":"SKIP","floor":27},{"not_picked":["MarkedMod:OneThousandNeedles","Protect"],"picked":"LikeWater","floor":28},{"not_picked":["Tantrum+1","ClearTheMind","Protect"],"picked":"SKIP","floor":30},{"not_picked":["Ragnarok","MarkedMod:NorthStar"],"picked":"StSpp:Patience","floor":33},{"not_picked":["FlyingSleeves+1","SashWhip","EmptyFist"],"picked":"SKIP","floor":35},{"not_picked":["EmptyFist+1","BowlingBash+1","Study"],"picked":"SKIP","floor":36}],"player_experience":1782278,"relics_obtained":[{"floor":7.0,"key":"Art of War"},{"floor":9.0,"key":"potionbrewer:Torch"},{"floor":14.0,"key":"Blood Vial"},{"floor":19,"key":"Centennial Puzzle"},{"floor":23,"key":"Happy Flower"},{"floor":25,"key":"GoldenEye"},{"floor":26,"key":"StuffTheSpire:HeavyRock"},{"floor":28,"key":"Juzu Bracelet"},{"floor":30,"key":"wanderingMiniBosses:CarrionFlame"}],"event_choices":[{"damage_healed":0.0,"max_hp_gain":0.0,"max_hp_loss":0.0,"gold_gain":0.0,"event_name":"Wheel of Change","player_choice":"Damaged","floor":4.0,"gold_loss":0.0,"damage_taken":7.0},{"damage_healed":0,"gold_gain":0,"player_choice":"Became a vampire (Vial)","damage_taken":0,"max_hp_gain":0,"max_hp_loss":0,"event_name":"Vampires","floor":29,"relics_lost":["Blood Vial"],"gold_loss":0,"cards_obtained":["Bite","Bite","Bite","Bite","Bite"]}],"is_beta":false,"boss_relics":[{"not_picked":["Replay:Wanted Poster","reliquary:RedPaperclip"],"picked":"Astrolabe"},{"not_picked":["StSpp:Magatama","VioletLotus"],"picked":"StSpp:Balance"}],"items_purged_floors":[],"is_endless":true,"potions_floor_spawned":[2,7,10,16,18,27,30],"killed_by":"Writhing Mass","ascension_level":0,"is_humility":true}}