{"host":"roqoyek1hn7n931r","time":1612834778,"event":{"mods":["A Magickal Journey","Act Like it!","Arknights","Aspiration","BaseMod","CapriCore","Colored Map","Colored Powertips","Conspire","Downfall","Duelist Mod","GifTheSpireLib","Hermit","Hubris","Infinite Spire","Jorbs\u0027s Wanderer Trilogy","Koishi","Marisa????????","Minty Spire (QoL Compilation)","READ ME - Guardian Mod","READ ME - Snecko Mod","Reliquary","Remilia??????","Replay The Spire","Shade Mod","Shop Mod","StSLib","The Alterego","The Animator","The Bug Knight","The Cursed","The Disciple","The Forsaken","The Gatherer","The Hierophant","The Jungle","The Marked","The Mystic","The Necromancer","The Runesmith","The Senshi","The Servant 0.9.4","TheVacant","Yuyuko"],"gold_per_floor":[99,114,114,124,124,124,124,124,124,124,143,159,144,154,171,276,276,276,294,304,304,320,320,320,340,340,11,11,11,11,11,21,124,124,124,124,124,136,147,160,160,175,175,188,188,57,57,83,95,95],"floor_reached":51,"language":"ENG","playtime":5813,"items_purged":[],"score":739,"play_id":"b1ed533e-7a9a-4cd6-b074-1d1f1c877179","local_time":"20210209023938","is_ascension_mode":false,"metric_token":2833,"campfire_choices":[{"data":"Gatherer:Centralize","floor":1,"key":"SMITH"},{"data":"ReplayTheSpireMod:Chaos Vortex","floor":9,"key":"SMITH"},{"data":"Gatherer:MindSearch","floor":18,"key":"SMITH"},{"data":"Gatherer:ColorfulGarden","floor":23,"key":"SMITH"},{"floor":30,"key":"DIG"},{"floor":35,"key":"DIG"},{"floor":45,"key":"DIG"},{"floor":47,"key":"REST"}],"circlet_count":0,"master_deck":["Gatherer:Strike_Gatherer","Gatherer:Strike_Gatherer","Gatherer:Strike_Gatherer","Gatherer:Defend_Gatherer","Gatherer:Defend_Gatherer","Gatherer:Defend_Gatherer","Gatherer:Defend_Gatherer","Gatherer:Centralize+1","Gatherer:FlowerWhip","Gatherer:FruitForce","ReplayTheSpireMod:Chaos Vortex+1","Gatherer:Misfortune","Gatherer:WoolGloves","Gatherer:UpgradeBag","Gatherer:FlowerFalling","Gatherer:FragileHammer","Gatherer:ColorfulGarden+1","Gatherer:QuickSynthesis","Gatherer:BigPouch","Gatherer:MindSearch+1","Gatherer:DrugPower","Gatherer:Duality","Gatherer:Frenzy","Gatherer:FlowerBeam","Gatherer:EnergyBasket","Gatherer:Pollute","theForsaken:PlagueCurse","Gatherer:DrugPower+1","Wraith","Gatherer:StoneFence","Echoward","Gatherer:VenomBarrier+1","Gatherer:Snatch+1","Gatherer:GlowingPlant+1","Gatherer:Shadow","Gatherer:Light","Gatherer:EchoOfNature+1"],"relics":["Gatherer:AlchemyBag","reliquary:PartyBalloon","hubris:ToyBattleship","conspire:RoyalGoblet","hubris:Reverence","hubris:GlazedTorus","Shovel","reliquary:Knoch","theForsaken:PlagueMask","Busted Crown","Snack Pack","aspiration:HatOfInfinitePower","Replay:Arrowhead","hubris:Zylophone","Bronze Scales","infinitespire:Eraser"],"acts_visited":["Exordium","Exordium","TheBeyond"],"potions_floor_usage":[16,16,16,27,33,33,33,44,44,50],"damage_taken":[{"damage":0,"enemies":"ats:Genji","floor":2,"turns":4},{"damage":0,"enemies":"Jaw Worm","floor":4,"turns":2},{"damage":0,"enemies":"Cultist","floor":10,"turns":1},{"damage":0,"enemies":"Red Slaver","floor":11,"turns":3},{"damage":2,"enemies":"3 Louse","floor":12,"turns":4},{"damage":0,"enemies":"downfall:FleeingMerchant","floor":13,"turns":4},{"damage":0,"enemies":"Blue Slaver","floor":14,"turns":4},{"damage":0,"enemies":"2 Fungi Beasts","floor":15,"turns":3},{"damage":56,"enemies":"IC_STATUS_ARCHETYPE","floor":16,"turns":11},{"damage":0,"enemies":"Shell Parasite","floor":19,"turns":5},{"damage":0,"enemies":"theJungle:MUSHROOMGANG","floor":20,"turns":3},{"damage":20,"enemies":"theJungle:2_Snecko_Cultists","floor":22,"turns":5},{"damage":0,"enemies":"theJungle:Lyon","floor":25,"turns":5},{"damage":0,"enemies":"downfall:FleeingMerchant","floor":27,"turns":4},{"damage":2,"enemies":"theJungle:Snecko_Cultist_And_Trap","floor":32,"turns":3},{"damage":11,"enemies":"SI_MIRROR_ARCHETYPE","floor":33,"turns":3},{"damage":2,"enemies":"3 Darklings","floor":38,"turns":6},{"damage":0,"enemies":"Orb Walker","floor":39,"turns":4},{"damage":14,"enemies":"4 Shapes","floor":40,"turns":5},{"damage":26,"enemies":"3 Darklings","floor":42,"turns":5},{"damage":26,"enemies":"Maw","floor":44,"turns":7},{"damage":9,"enemies":"downfall:FleeingMerchant","floor":46,"turns":3},{"damage":5,"enemies":"conspire:MimicChest","floor":48,"turns":5},{"damage":0,"enemies":"Spire Growth","floor":49,"turns":4},{"damage":0,"enemies":"DF_ARCHETYPE_ORBS","floor":50,"turns":8}],"seed_played":"-32682974822316453","potions_obtained":[{"floor":4,"key":"ColorlessPotion"},{"floor":11,"key":"Swift Potion"},{"floor":12,"key":"Toxic Potion"},{"floor":25,"key":"Cursed Concoction"},{"floor":32,"key":"champ:CounterPotion"},{"floor":33,"key":"infinitespire:BlackPotion"},{"floor":40,"key":"Venom Potion"},{"floor":42,"key":"SteroidPotion"}],"is_trial":false,"path_per_floor":["R","M","?","M","?","?","T","?","R","M","M","M","$","M","M","B",null,"R","M","M","?","M","R","T","M","?","$","?","?","R","?","M","B",null,"R","?","?","M","M","M","T","M","AVR","M","R","$","R","?","M","B",null],"character_chosen":"THE_GATHERER","items_purchased":["hubris:GlazedTorus","hubris:Zylophone","Bronze Scales"],"campfire_rested":1,"item_purchase_floors":[27,46,46],"current_hp_per_floor":[79,83,62,62,62,62,62,62,62,62,62,60,60,60,60,4,83,83,83,83,83,63,63,63,63,63,77,83,71,71,71,69,83,83,83,83,83,83,83,71,71,49,49,29,29,22,46,43,43,57],"gold":95,"neow_bonus":"TEN_PERCENT_HP_BONUS","is_daily":false,"chose_seed":false,"campfire_upgraded":4,"win_rate":0.0,"timestamp":1612834778,"path_taken":["R","M","?","M","?","?","T","?","R","?","M","?","$","M","M","BOSS","R","M","M","?","M","R","T","?","?","$","?","?","R","?","M","BOSS","R","?","?","M","?","M","T","M","AVR","M","R","$","R","?","M","BOSS"],"items_purchased_type":["Relic","Relic","Relic"],"build_version":"2020-12-22","purchased_purges":0,"victory":true,"max_hp_per_floor":[79,83,83,83,83,83,83,83,83,83,83,83,83,83,83,83,83,83,83,83,83,83,83,83,83,83,83,83,83,83,83,83,83,83,83,83,83,83,83,83,83,83,83,83,83,83,83,83,83,83],"card_choices":[{"not_picked":["Gatherer:EchoOfNature","Gatherer:QuickSynthesis"],"picked":"Gatherer:FruitForce","floor":2},{"not_picked":["infinitespire:Starlight","infinitespire:NeuralNetwork"],"picked":"ReplayTheSpireMod:Chaos Vortex","floor":3},{"not_picked":["Gatherer:Liquidism","Gatherer:AromaProtection"],"picked":"Gatherer:Misfortune","floor":4},{"not_picked":["Gatherer:OddSpoils","Gatherer:Polymorphism"],"picked":"Gatherer:UpgradeBag","floor":10},{"not_picked":["Gatherer:BambuSword","Gatherer:TacticalStrike"],"picked":"Gatherer:FlowerFalling","floor":11},{"not_picked":["Gatherer:ScentOfRosmari","Gatherer:BambuSword"],"picked":"Gatherer:FragileHammer","floor":12},{"not_picked":["Gatherer:Nutrients","Gatherer:Convert"],"picked":"Gatherer:ColorfulGarden","floor":13},{"not_picked":["Gatherer:CollectorsShot","Gatherer:FlowerFalling"],"picked":"Gatherer:QuickSynthesis","floor":14},{"not_picked":["Gatherer:StoneFence","Gatherer:TacticalStrike"],"picked":"Gatherer:BigPouch","floor":15},{"not_picked":["Gatherer:LuckyClover","Gatherer:BomberForm"],"picked":"Gatherer:MindSearch","floor":16},{"not_picked":["Gatherer:WoolGloves","Gatherer:BigPouch"],"picked":"Gatherer:DrugPower","floor":19},{"not_picked":["Gatherer:WoolGloves","Gatherer:Solidify+1"],"picked":"Gatherer:Duality","floor":20},{"not_picked":["Gatherer:GatherMaterial","Gatherer:Duplicator+1"],"picked":"Gatherer:FlowerBeam","floor":22},{"not_picked":["Gatherer:CollectorsShot","Gatherer:WitheringStrike"],"picked":"Gatherer:EnergyBasket","floor":25},{"not_picked":["Gatherer:FlowerFalling","Gatherer:BambuSword"],"picked":"Gatherer:Pollute","floor":27},{"not_picked":["Gatherer:WitheringStrike+1","Gatherer:AromaProtection"],"picked":"Gatherer:DrugPower+1","floor":32},{"not_picked":["Gatherer:StoneFence","Gatherer:FinishingStrike"],"picked":"Gatherer:GrowBook","floor":33},{"not_picked":["Gatherer:WoolGloves+1"],"picked":"SKIP","floor":38},{"not_picked":[],"picked":"Gatherer:VenomBarrier+1","floor":39},{"not_picked":["Gatherer:FlowerFalling"],"picked":"SKIP","floor":40},{"not_picked":[],"picked":"Gatherer:Snatch+1","floor":42},{"not_picked":[],"picked":"Gatherer:GlowingPlant+1","floor":44},{"not_picked":[],"picked":"Gatherer:EchoOfNature+1","floor":46},{"not_picked":["Gatherer:Duality"],"picked":"SKIP","floor":49}],"player_experience":121664,"relics_obtained":[{"floor":6,"key":"reliquary:PartyBalloon"},{"floor":7,"key":"hubris:ToyBattleship"},{"floor":24,"key":"hubris:Reverence"},{"floor":30,"key":"reliquary:Knoch"},{"floor":35,"key":"Snack Pack"},{"floor":41,"key":"aspiration:HatOfInfinitePower"},{"floor":45,"key":"Replay:Arrowhead"},{"floor":48,"key":"infinitespire:Eraser"}],"event_choices":[{"damage_healed":0,"gold_gain":0,"player_choice":"Obtain Plague Curse","damage_taken":0,"max_hp_gain":0,"max_hp_loss":0,"event_name":"Plague Doctor","floor":31,"gold_loss":0,"cards_obtained":["theForsaken:PlagueCurse"]},{"damage_healed":0,"gold_gain":0,"player_choice":"Ignored","damage_taken":0,"max_hp_gain":0,"max_hp_loss":0,"event_name":"OrinTheCat","floor":36,"gold_loss":0}],"is_beta":false,"boss_relics":[{"not_picked":["aspiration:MobileForge","aspiration:IroncladSkillbook"],"picked":"conspire:RoyalGoblet"},{"not_picked":["reliquary:RedPaperclip","Ring of Chaos"],"picked":"Busted Crown"}],"items_purged_floors":[],"is_endless":false,"potions_floor_spawned":[4,11,12,25,32,33,40,42],"ascension_level":0}}