{"host":"188x3om7sf6mgxv1","time":1612849012,"event":{"mods":["BaseMod","Block Reminder","Jorbs\u0027s Wanderer Trilogy","Minty Spire (QoL Compilation)","Relic Stats","StSLib"],"gold_per_floor":[113,168,168,182,199,224,101,101,101,101,120,130,165,41,41,145,145,158,171,171,190,4,4,4,4,4],"floor_reached":25,"language":"ENG","playtime":660,"items_purged":["Strike_B"],"score":232,"play_id":"55700dce-ff65-4395-9a16-c7c7c8817107","local_time":"20210209003652","is_ascension_mode":true,"campfire_choices":[{"floor":8,"key":"REST"},{"data":"Melter","floor":10,"key":"SMITH"},{"data":"Loop","floor":15,"key":"SMITH"},{"data":"Biased Cognition","floor":23,"key":"SMITH"}],"circlet_count":0,"master_deck":["Strike_B","Defend_B","Defend_B","Defend_B","Zap","Dualcast","Core Surge+1","Multi-Cast+1","White Noise+1","Streamline","Melter+1","Capacitor","Cold Snap","Barrage","Coolheaded","Loop+1","Compile Driver","Biased Cognition+1","Self Repair","Cold Snap+1","RitualDagger","Capacitor"],"relics":["Astrolabe","CaptainsWheel","Art of War","Gremlin Horn","Ancient Tea Set","Velvet Choker","Membership Card"],"acts_visited":["Exordium","TheCity"],"potions_floor_usage":[13,16,25],"damage_taken":[{"damage":4,"enemies":"Small Slimes","floor":1,"turns":3},{"damage":0,"enemies":"2 Louse","floor":4,"turns":2},{"damage":12,"enemies":"Jaw Worm","floor":5,"turns":4},{"damage":25,"enemies":"3 Sentries","floor":6,"turns":7},{"damage":9,"enemies":"Red Slaver","floor":11,"turns":3},{"damage":8,"enemies":"Exordium Thugs","floor":12,"turns":4},{"damage":4,"enemies":"Gremlin Nob","floor":13,"turns":4},{"damage":9,"enemies":"Hexaghost","floor":16,"turns":7},{"damage":0,"enemies":"Spheric Guardian","floor":18,"turns":2},{"damage":32,"enemies":"2 Thieves","floor":19,"turns":5},{"damage":10,"enemies":"Cultist and Chosen","floor":21,"turns":5},{"damage":36,"enemies":"Slavers","floor":25,"turns":2}],"seed_played":"5325158707740098505","potions_obtained":[{"floor":6,"key":"FocusPotion"},{"floor":11,"key":"GamblersBrew"},{"floor":18,"key":"Strength Potion"},{"floor":19,"key":"Dexterity Potion"}],"is_trial":false,"path_per_floor":["M","?","?","M","M","E","$","R","T","R","M","M","E","$","R","B",null,"M","M","?","M","$","R","?","E"],"character_chosen":"DEFECT","items_purchased":["PowerPotion","Loop","Compile Driver","Membership Card","Capacitor"],"campfire_rested":1,"item_purchase_floors":[7,14,14,22,22],"current_hp_per_floor":[71,71,64,64,52,27,27,49,49,49,40,32,28,28,28,19,75,75,50,44,41,41,41,35,0,0],"gold":4,"neow_bonus":"BOSS_RELIC","is_daily":false,"chose_seed":false,"campfire_upgraded":3,"win_rate":0.0,"timestamp":1612849012,"path_taken":["M","?","?","M","?","E","?","R","T","R","M","M","E","$","R","BOSS","M","M","?","M","$","R","?","E"],"items_purchased_type":["Potion","Card","Card","Relic","Card"],"build_version":"2020-12-22","purchased_purges":1,"victory":false,"max_hp_per_floor":[75,75,75,75,75,75,75,75,75,75,75,75,75,75,75,75,75,75,75,75,75,75,75,75,75,75],"relic_stats":{"Gremlin Horn":[3,3],"counters":[12,48],"Astrolabe":["Core Surge","Multi-Cast","White Noise"],"Art of War":[3],"obtain_stats":[{"CaptainsWheel":3,"Gremlin Horn":9,"Astrolabe":0,"Velvet Choker":17,"Art of War":6,"Membership Card":22,"Cracked Core":0,"Ancient Tea Set":13},{"CaptainsWheel":1,"Gremlin Horn":4,"Astrolabe":0,"Velvet Choker":8,"Art of War":4,"Membership Card":11,"Cracked Core":0,"Ancient Tea Set":7},{"CaptainsWheel":3,"Gremlin Horn":16,"Astrolabe":0,"Velvet Choker":34,"Art of War":16,"Membership Card":46,"Cracked Core":0,"Ancient Tea Set":27}]},"card_choices":[{"not_picked":["Turbo","Reinforced Body"],"picked":"Streamline","floor":1},{"not_picked":["Rebound","BootSequence","Reinforced Body"],"picked":"SKIP","floor":4},{"not_picked":["Steam Power","Stack"],"picked":"Melter","floor":5},{"not_picked":["Stack","Go for the Eyes"],"picked":"Capacitor","floor":6},{"not_picked":["Sweeping Beam","Fusion"],"picked":"Cold Snap","floor":11},{"not_picked":["Scrape","Rip and Tear"],"picked":"Barrage","floor":12},{"not_picked":["Leap","Sweeping Beam"],"picked":"Coolheaded","floor":13},{"not_picked":["Rainbow","All For One"],"picked":"Biased Cognition","floor":16},{"not_picked":["Compile Driver","Heatsinks+1"],"picked":"Self Repair","floor":18},{"not_picked":["Turbo","Steam+1"],"picked":"Cold Snap+1","floor":19},{"not_picked":["Coolheaded","Reinforced Body","Gash"],"picked":"SKIP","floor":21}],"player_experience":42139,"relics_obtained":[{"floor":6,"key":"Art of War"},{"floor":9,"key":"Gremlin Horn"},{"floor":13,"key":"Ancient Tea Set"}],"event_choices":[{"damage_healed":0,"gold_gain":55,"player_choice":"Gained Gold","damage_taken":0,"max_hp_gain":0,"max_hp_loss":0,"event_name":"Golden Wing","floor":2,"gold_loss":0},{"damage_healed":0,"gold_gain":0,"player_choice":"Success","damage_taken":7,"relics_obtained":["CaptainsWheel"],"max_hp_gain":0,"max_hp_loss":0,"event_name":"Scrap Ooze","floor":3,"gold_loss":0},{"damage_healed":0,"gold_gain":0,"player_choice":"Joined the Cult","damage_taken":6,"max_hp_gain":0,"max_hp_loss":0,"event_name":"Nest","floor":20,"gold_loss":0,"cards_obtained":["RitualDagger"]},{"damage_healed":0,"gold_gain":0,"player_choice":"","damage_taken":6,"max_hp_gain":0,"max_hp_loss":0,"event_name":"Knowing Skull","floor":24,"potions_obtained":[],"gold_loss":0,"cards_obtained":[]}],"is_beta":false,"boss_relics":[{"not_picked":["Fusion Hammer","Coffee Dripper"],"picked":"Velvet Choker"}],"items_purged_floors":[7],"is_endless":false,"potions_floor_spawned":[6,11,12,18,19],"killed_by":"Slavers","ascension_level":2}}