{"host":"crmowuwgj9wiiaqp","time":1612913976,"event":{"mods":["Aya Shameimaru","BaseMod","Colored Map","Mathematician","Mathemortician","Minty Spire (QoL Compilation)","Relic Stats","Spire Arcade","StSLib","Wide Potions"],"gold_per_floor":[137,137,151,162,178,208,222,236,236,268,29,0,0,0,0,103,103,103,28,5,5,5,5,5,5,5,5,5,5,5,5],"floor_reached":30,"language":"ENG","playtime":2744,"items_purged":["MathAttackStrike"],"score":244,"play_id":"8e31ca11-b745-4a52-891d-6680c320e4fb","local_time":"20210209163936","is_ascension_mode":false,"campfire_choices":[{"data":"MathPowerBrewingHatred","floor":13,"key":"SMITH"},{"data":"MathPowerKlang","floor":15,"key":"SMITH"},{"floor":23,"key":"REST"},{"data":"MathAttackKrack","floor":27,"key":"SMITH"},{"data":"MathAttackKrack","floor":29,"key":"SMITH"}],"circlet_count":0,"master_deck":["MathAttackStrike","MathAttackStrike","MathAttackStrike","MathSkillDefend","MathSkillDefend","MathSkillDefend","MathSkillDefend","MathAttackSineStrike","MathSkillCosGuard","MathAttackSineStrike","MathPowerBrewingHatred+1","MathSkillStop","MathAttackFalseCleave","MathSkillAmnesia","MathSkillCosGuard","MathPowerKlang+","MathSkillHeist","MathPowerBackhanded","MathAttackSineStrike","MathSkillCosecantGuard","MathSkillRecall","MathSkillStoneGuard+1","MathPowerPonder+1","MathSkillConfusion","MathAttackKrack+","MathAttackVengeance+1","MathSkillSwap","MathSkillFlashBack+1"],"relics":["ReverseTimePiece","Happy Flower","Torii","FocusScrunchie","Ectoplasm","Meat on the Bone"],"acts_visited":["Exordium","TheCity"],"potions_floor_usage":[10,24],"damage_taken":[{"damage":2,"enemies":"Jaw Worm","floor":1,"turns":5},{"damage":5,"enemies":"Cultist","floor":3,"turns":4},{"damage":5,"enemies":"Small Slimes","floor":4,"turns":4},{"damage":1,"enemies":"Exordium Wildlife","floor":5,"turns":4},{"damage":27,"enemies":"Gremlin Nob","floor":6,"turns":5},{"damage":4,"enemies":"Exordium Thugs","floor":7,"turns":4},{"damage":0,"enemies":"Large Slime","floor":8,"turns":6},{"damage":2,"enemies":"3 Sentries","floor":10,"turns":5},{"damage":21,"enemies":"Hexaghost","floor":16,"turns":13},{"damage":15,"enemies":"3 Byrds","floor":18,"turns":7},{"damage":7,"enemies":"2 Thieves","floor":19,"turns":4},{"damage":17,"enemies":"Snecko","floor":21,"turns":8},{"damage":25,"enemies":"Sentry and Sphere","floor":22,"turns":16},{"damage":4,"enemies":"Cultist and Chosen","floor":24,"turns":8},{"damage":0,"enemies":"Snake Plant","floor":25,"turns":8},{"damage":31,"enemies":"Gremlin Leader","floor":30,"turns":7}],"seed_played":"-6133681049302456213","potions_obtained":[{"floor":3,"key":"BlessingOfTheForge"},{"floor":16,"key":"LiquidMemories"},{"floor":19,"key":"Explosive Potion"},{"floor":25,"key":"MathConcentratePotion"}],"is_trial":false,"path_per_floor":["M","?","M","M","M","E","M","M","T","E","$","?","R","$","R","B",null,"M","M","$","M","M","R","M","M","T","R","$","R","E"],"character_chosen":"MATH","items_purchased":["MathPowerBackhanded","MathAttackSineStrike","MathSkillCosecantGuard","MathSkillConfusion"],"campfire_rested":1,"item_purchase_floors":[11,11,11,20],"current_hp_per_floor":[68,68,63,58,57,30,26,26,26,24,24,24,24,24,24,3,70,55,48,48,31,6,27,23,23,23,23,23,23,0,0],"gold":5,"neow_bonus":"TEN_PERCENT_HP_BONUS","is_daily":false,"chose_seed":false,"campfire_upgraded":4,"win_rate":0.0,"timestamp":1612913976,"path_taken":["M","?","M","M","M","E","?","M","T","E","?","?","R","?","R","BOSS","M","M","$","M","M","R","M","M","T","R","$","R","E"],"items_purchased_type":["Card","Card","Card","Card"],"build_version":"2020-12-22","purchased_purges":1,"victory":false,"max_hp_per_floor":[70,70,70,70,70,70,70,70,70,70,70,70,70,70,70,70,70,70,70,70,70,70,70,70,70,70,70,70,70,70,70],"relic_stats":{"Happy Flower":[28],"Torii":36,"counters":[16,108],"Ectoplasm":142,"obtain_stats":[{"Happy Flower":6,"Torii":9,"Ectoplasm":17,"FocusScrunchie":10,"ReverseTimePiece":0,"Meat on the Bone":26},{"Happy Flower":5,"Torii":7,"Ectoplasm":9,"FocusScrunchie":8,"ReverseTimePiece":0,"Meat on the Bone":15},{"Happy Flower":22,"Torii":32,"Ectoplasm":50,"FocusScrunchie":37,"ReverseTimePiece":0,"Meat on the Bone":101}],"Meat on the Bone":0},"card_choices":[{"not_picked":["MathSkillFlashForwards","MathAttackKrack"],"picked":"MathAttackSineStrike","floor":1},{"not_picked":["MathAttackDesperation","MathAttackGrief"],"picked":"MathPowerBrewingHatred","floor":3},{"not_picked":["MathSkillSolidDefense","MathSkillResolve"],"picked":"MathSkillStop","floor":4},{"not_picked":["MathAttackFrizz","MathSkillFleetingHope"],"picked":"MathAttackFalseCleave","floor":5},{"not_picked":["MathAttackFrizz","MathSkillSolidDefense"],"picked":"MathSkillAmnesia","floor":6},{"not_picked":["MathAttackFumble","MathSkillSolidDefense"],"picked":"MathSkillCosGuard","floor":7},{"not_picked":["MathSkillSolidDefense","MathSkillAvoidance"],"picked":"MathPowerKlang","floor":8},{"not_picked":["MathSkillFleetingHope","MathSkillAvoidance"],"picked":"MathSkillHeist","floor":10},{"not_picked":["MathAttackZam","MathSkillForcedEvolution"],"picked":"MathSkillRecall","floor":16},{"not_picked":["MathAttackDesperation","MathSkillBargain"],"picked":"MathSkillStoneGuard+1","floor":18},{"not_picked":["MathSkillConcentrate","MathSkillDodgeRoll"],"picked":"MathPowerPonder+1","floor":19},{"not_picked":["MathSkillSwap","MathSkillAvoidance"],"picked":"MathAttackKrack","floor":21},{"not_picked":["MathPowerStoneSkin","MathAttackTangentStrike"],"picked":"MathAttackVengeance+1","floor":22},{"not_picked":["MathAttackFrizz","MathSkillFleetingInspiration"],"picked":"MathSkillSwap","floor":24},{"not_picked":["MathAttackWither+1","MathSkillChannelAnger"],"picked":"MathSkillFlashBack+1","floor":25}],"player_experience":1334879,"relics_obtained":[{"floor":6,"key":"Happy Flower"},{"floor":9,"key":"Torii"},{"floor":10,"key":"FocusScrunchie"},{"floor":26,"key":"Meat on the Bone"}],"event_choices":[{"damage_healed":0,"gold_gain":0,"player_choice":"Ignored","damage_taken":0,"max_hp_gain":0,"max_hp_loss":0,"event_name":"NoteForYourself","floor":2,"gold_loss":0},{"damage_healed":0,"gold_gain":0,"player_choice":"Left Gold","damage_taken":0,"max_hp_gain":0,"max_hp_loss":0,"event_name":"World of Goop","floor":12,"gold_loss":29}],"is_beta":false,"boss_relics":[{"not_picked":["Sozu","Coffee Dripper"],"picked":"Ectoplasm"}],"items_purged_floors":[11],"is_endless":false,"potions_floor_spawned":[3,8,16,19,21,25],"killed_by":"Gremlin Leader","ascension_level":0}}