{"host":"a92fqxohjrzqy5rn","time":1612896630,"event":{"mods":["AchievementEnabler","BaseMod","Minty Spire (QoL Compilation)","Relic Sorter","Smile Girya"],"gold_per_floor":[99,99,99,99,10,10,10,10,10,10,10,10,10,10,10,10,10,10,10,10,10,10,10,10,10,10,10,10,10,10,10,10,10,10,10,10,10,10,10,10,10,10,10,10,10,10,10,10,10,10,10],"floor_reached":50,"language":"ENG","playtime":1351,"items_purged":[],"score":578,"play_id":"10e3594d-44cd-4a7f-80c6-a2d3d1527aa5","local_time":"20210209185030","is_ascension_mode":false,"campfire_choices":[{"data":"Shockwave","floor":8,"key":"SMITH"},{"floor":13,"key":"REST"},{"data":"Spot Weakness","floor":15,"key":"SMITH"},{"data":"Rupture","floor":23,"key":"SMITH"},{"floor":28,"key":"REST"},{"data":"Brutality","floor":32,"key":"SMITH"},{"floor":42,"key":"REST"},{"floor":44,"key":"REST"},{"floor":49,"key":"RECALL"}],"circlet_count":0,"master_deck":["Strike_R","Strike_R","Strike_R","Strike_R","Defend_R","Defend_R","Defend_R","Defend_R","Bash","Inflame+1","Twin Strike","Whirlwind","Flex","Pummel","Shockwave+1","Spot Weakness+1","Infernal Blade","Exhume","Rupture+1","Brutality+1","Heavy Blade","Cleave+1","Necronomicurse","Offering","Chrysalis"],"relics":["Ectoplasm","Singing Bowl","Bottled Lightning","Pantograph","Runic Dome","Bag of Marbles","Necronomicon","Philosopher\u0027s Stone","WingedGreaves","StrikeDummy"],"acts_visited":["Exordium","TheCity","TheBeyond"],"potions_floor_usage":[7,16,16,25,25,33,37,39,50,50],"damage_taken":[{"damage":0,"enemies":"2 Louse","floor":1,"turns":2},{"damage":0,"enemies":"Cultist","floor":3,"turns":3},{"damage":3,"enemies":"Jaw Worm","floor":4,"turns":3},{"damage":8,"enemies":"Lagavulin","floor":6,"turns":4},{"damage":10,"enemies":"Large Slime","floor":7,"turns":4},{"damage":8,"enemies":"Red Slaver","floor":10,"turns":2},{"damage":13,"enemies":"3 Sentries","floor":11,"turns":3},{"damage":8,"enemies":"Lots of Slimes","floor":12,"turns":3},{"damage":2,"enemies":"Blue Slaver","floor":14,"turns":2},{"damage":0,"enemies":"Slime Boss","floor":16,"turns":3},{"damage":11,"enemies":"Spheric Guardian","floor":18,"turns":3},{"damage":1,"enemies":"Chosen","floor":21,"turns":2},{"damage":12,"enemies":"Snecko","floor":22,"turns":4},{"damage":12,"enemies":"Snake Plant","floor":24,"turns":3},{"damage":19,"enemies":"Sentry and Sphere","floor":25,"turns":4},{"damage":25,"enemies":"Centurion and Healer","floor":27,"turns":5},{"damage":2,"enemies":"Snecko","floor":30,"turns":3},{"damage":16,"enemies":"Collector","floor":33,"turns":4},{"damage":13,"enemies":"3 Darklings","floor":35,"turns":3},{"damage":21,"enemies":"3 Shapes","floor":37,"turns":3},{"damage":30,"enemies":"Mind Bloom Boss Battle","floor":38,"turns":4},{"damage":14,"enemies":"Spire Growth","floor":39,"turns":3},{"damage":43,"enemies":"Reptomancer","floor":40,"turns":3},{"damage":16,"enemies":"Transient","floor":47,"turns":5},{"damage":39,"enemies":"4 Shapes","floor":48,"turns":3},{"damage":45,"enemies":"Awakened One","floor":50,"turns":2}],"seed_played":"4905791694267725949","potions_obtained":[{"floor":1,"key":"GamblersBrew"},{"floor":6,"key":"GamblersBrew"},{"floor":12,"key":"SkillPotion"},{"floor":16,"key":"Dexterity Potion"},{"floor":22,"key":"ColorlessPotion"},{"floor":24,"key":"Block Potion"},{"floor":30,"key":"Energy Potion"},{"floor":35,"key":"ColorlessPotion"},{"floor":40,"key":"Fire Potion"},{"floor":48,"key":"PowerPotion"}],"is_trial":false,"path_per_floor":["M","?","M","M","$","E","M","R","T","M","?","M","R","M","R","B",null,"M","?","$","M","M","R","M","M","T","M","R","?","M","?","R","B",null,"M","?","M","?","M","E","$","R","T","R","?","$","M","M","R","B"],"character_chosen":"IRONCLAD","items_purchased":["Flex","Pummel"],"campfire_rested":4,"item_purchase_floors":[5,5],"current_hp_per_floor":[80,80,80,77,77,69,61,61,61,53,40,32,56,54,54,79,82,71,71,71,72,62,62,52,35,35,12,39,69,67,51,51,60,92,81,81,62,59,47,6,6,36,36,66,66,66,52,15,15,0,0],"gold":10,"neow_bonus":"BOSS_RELIC","is_daily":false,"chose_seed":false,"campfire_upgraded":4,"win_rate":0.0,"timestamp":1612896630,"path_taken":["M","?","M","?","$","E","?","R","T","M","?","M","R","M","R","BOSS","M","?","$","?","?","R","M","M","T","M","R","?","M","?","R","BOSS","M","?","M","?","M","E","?","R","T","R","?","$","M","?","R","BOSS"],"items_purchased_type":["Card","Card"],"build_version":"2020-12-22","purchased_purges":0,"victory":false,"max_hp_per_floor":[80,80,80,80,80,80,82,82,82,82,82,82,82,82,82,82,82,82,82,82,84,86,86,88,90,90,92,92,92,92,92,92,92,92,94,94,96,98,100,102,102,102,102,102,102,102,104,106,106,106,106],"card_choices":[{"not_picked":["Blood for Blood","Sword Boomerang"],"picked":"Inflame","floor":1},{"not_picked":["Pommel Strike","Shrug It Off"],"picked":"Twin Strike","floor":3},{"not_picked":["Clash","Second Wind"],"picked":"Whirlwind","floor":4},{"not_picked":["Clothesline","Rupture"],"picked":"Shockwave","floor":6},{"not_picked":["Feel No Pain","Anger","Combust"],"picked":"Singing Bowl","floor":7},{"not_picked":["Cleave","Heavy Blade"],"picked":"Spot Weakness","floor":10},{"not_picked":["Evolve","Hemokinesis"],"picked":"Infernal Blade","floor":11},{"not_picked":["Cleave","Rupture"],"picked":"Exhume","floor":12},{"not_picked":["Twin Strike","Entrench"],"picked":"Rupture","floor":14},{"not_picked":["Limit Break","Immolate"],"picked":"Brutality","floor":16},{"not_picked":["Clash","Warcry+1"],"picked":"Heavy Blade","floor":18},{"not_picked":["Warcry","Pommel Strike","Flex"],"picked":"Singing Bowl","floor":21},{"not_picked":["Twin Strike","Clash","Dropkick"],"picked":"Singing Bowl","floor":22},{"not_picked":["Clothesline","Heavy Blade","Sever Soul"],"picked":"Singing Bowl","floor":24},{"not_picked":["Shrug It Off","Anger","Clash"],"picked":"Singing Bowl","floor":25},{"not_picked":["Berserk","Wild Strike","Sentinel"],"picked":"Singing Bowl","floor":27},{"not_picked":["Clothesline","Hemokinesis"],"picked":"Cleave+1","floor":30},{"not_picked":["Juggernaut","Bludgeon"],"picked":"Offering","floor":33},{"not_picked":["Anger+1","Thunderclap+1","Twin Strike+1"],"picked":"Singing Bowl","floor":35},{"not_picked":["Purity","Dark Shackles"],"picked":"Chrysalis","floor":36},{"not_picked":["Warcry","Twin Strike+1","Wild Strike+1"],"picked":"Singing Bowl","floor":37},{"not_picked":["Metallicize+1","Wild Strike+1","Clothesline"],"picked":"Singing Bowl","floor":38},{"not_picked":["Clash","Havoc","Perfected Strike"],"picked":"Singing Bowl","floor":39},{"not_picked":["Brutality","Rampage+1","Headbutt+1"],"picked":"Singing Bowl","floor":40},{"not_picked":["Uppercut+1","Anger","Pommel Strike"],"picked":"Singing Bowl","floor":47},{"not_picked":["Blood for Blood","Warcry+1","Havoc"],"picked":"Singing Bowl","floor":48}],"player_experience":227228,"relics_obtained":[{"floor":6,"key":"Singing Bowl"},{"floor":9,"key":"Bottled Lightning"},{"floor":26,"key":"Bag of Marbles"},{"floor":31,"key":"Necronomicon"},{"floor":38,"key":"WingedGreaves"},{"floor":40,"key":"StrikeDummy"}],"event_choices":[{"damage_healed":0,"gold_gain":0,"player_choice":"Forge","damage_taken":0,"max_hp_gain":0,"max_hp_loss":0,"event_name":"Accursed Blacksmith","floor":2,"gold_loss":0,"cards_upgraded":["Inflame"]},{"damage_healed":0,"gold_gain":0,"player_choice":"Searched \u00273\u0027 times","damage_taken":0,"relics_obtained":["Pantograph"],"max_hp_gain":0,"max_hp_loss":0,"event_name":"Dead Adventurer","floor":11,"gold_loss":0},{"cards_removed":["Strike_R"],"damage_healed":0,"gold_gain":0,"player_choice":"Offered Basic","damage_taken":0,"max_hp_gain":0,"max_hp_loss":0,"event_name":"Bonfire Elementals","floor":19,"gold_loss":0},{"damage_healed":30,"gold_gain":0,"player_choice":"Heal","damage_taken":0,"max_hp_gain":0,"max_hp_loss":0,"event_name":"The Library","floor":29,"gold_loss":0},{"damage_healed":0,"gold_gain":0,"player_choice":"Obtained Book","damage_taken":16,"max_hp_gain":0,"max_hp_loss":0,"event_name":"Cursed Tome","floor":31,"gold_loss":0},{"damage_healed":0,"gold_gain":0,"player_choice":"Memory 1","damage_taken":0,"max_hp_gain":0,"max_hp_loss":0,"event_name":"SensoryStone","floor":36,"gold_loss":0},{"damage_healed":0,"gold_gain":0,"player_choice":"Fight","damage_taken":0,"max_hp_gain":0,"max_hp_loss":0,"event_name":"MindBloom","floor":38,"gold_loss":0},{"damage_healed":0,"gold_gain":0,"player_choice":"Ignored","damage_taken":0,"max_hp_gain":0,"max_hp_loss":0,"event_name":"NoteForYourself","floor":45,"gold_loss":0}],"is_beta":false,"boss_relics":[{"not_picked":["SlaversCollar","Velvet Choker"],"picked":"Runic Dome"},{"not_picked":["Empty Cage","SacredBark"],"picked":"Philosopher\u0027s Stone"}],"items_purged_floors":[],"is_endless":false,"potions_floor_spawned":[1,6,12,16,22,24,30,35,40,48],"killed_by":"Awakened One","ascension_level":0}}