{"host":"zeqqfkj762i3pba1","time":1612833697,"event":{"mods":["BaseMod","Colored Map","Minty Spire (QoL Compilation)","StSLib","The Cursed"],"gold_per_floor":[112,127,140,140,140,140,140],"floor_reached":6,"language":"ENG","playtime":602,"items_purged":[],"score":36,"play_id":"6f30f52c-d8f6-4c6f-a4e2-7cbc0ebefe99","local_time":"20210208202137","is_ascension_mode":false,"campfire_choices":[],"circlet_count":0,"master_deck":["TheCursedMod:Strike_TheCursed","TheCursedMod:Strike_TheCursed","TheCursedMod:Strike_TheCursed","TheCursedMod:Defend_TheCursed","TheCursedMod:Defend_TheCursed","TheCursedMod:Defend_TheCursed","TheCursedMod:Defend_TheCursed","TheCursedMod:CursedWand","TheCursedMod:CleanUpWorkshop","TheCursedMod:Dregs","TheCursedMod:FleshFromBone","TheCursedMod:SmokeScreen","TheCursedMod:NeowsMight"],"relics":["TheCursedMod:BlackMagic101"],"acts_visited":["Exordium"],"potions_floor_usage":[6,6],"damage_taken":[{"damage":0,"enemies":"Small Slimes","floor":1,"turns":3},{"damage":0,"enemies":"Cultist","floor":2,"turns":5},{"damage":0,"enemies":"2 Louse","floor":3,"turns":3},{"damage":4,"enemies":"Gremlin Nob","floor":6,"turns":3}],"seed_played":"-1624577177480963167","potions_obtained":[{"floor":2,"key":"ColorlessPotion"},{"floor":3,"key":"GamblersBrew"}],"is_trial":false,"path_per_floor":["M","M","M","?","?","E"],"character_chosen":"THE_CURSED","items_purchased":[],"campfire_rested":0,"item_purchase_floors":[],"current_hp_per_floor":[82,82,82,82,82,78,78],"gold":140,"neow_bonus":"TEN_PERCENT_HP_BONUS","is_daily":false,"chose_seed":false,"campfire_upgraded":0,"win_rate":0.0,"timestamp":1612833697,"path_taken":["M","M","M","?","?","E"],"items_purchased_type":[],"build_version":"2020-12-22","purchased_purges":0,"victory":false,"max_hp_per_floor":[82,82,82,82,82,82,82],"card_choices":[{"not_picked":["TheCursedMod:CursedAmulet","TheCursedMod:Grudge"],"picked":"TheCursedMod:FleshFromBone","floor":1},{"not_picked":["TheCursedMod:Stretching","TheCursedMod:RavingStaff"],"picked":"TheCursedMod:SmokeScreen","floor":2},{"not_picked":["TheCursedMod:SpitefulStrike","TheCursedMod:SmokeScreen"],"picked":"TheCursedMod:NeowsMight","floor":3}],"player_experience":215782,"relics_obtained":[],"event_choices":[{"cards_removed":["TheCursedMod:Strike_TheCursed"],"damage_healed":0,"gold_gain":0,"player_choice":"Forget","damage_taken":0,"max_hp_gain":0,"max_hp_loss":0,"event_name":"Living Wall","floor":4,"gold_loss":0},{"damage_healed":0,"gold_gain":0,"player_choice":"Bought 0 Potions","damage_taken":0,"max_hp_gain":0,"max_hp_loss":0,"event_name":"The Woman in Blue","floor":5,"gold_loss":0}],"is_beta":false,"boss_relics":[],"items_purged_floors":[],"is_endless":false,"potions_floor_spawned":[2,3],"killed_by":"Gremlin Nob","ascension_level":0}}