{"host":"nwjx7hbomubpmo86","time":1612875393,"event":{"mods":["AchievementEnabler","BaseMod","Better Note","Better Third Choice","Downfall","Hubris","Minty Spire (QoL Compilation)","Replay The Spire","StSLib","The Necromancer","slay the spire mod where everything is the same but ironclad has a cowboy hat"],"gold_per_floor":[112,126,126,126,126,126,126,126,126,160,5,23,35,35,35,35,35],"floor_reached":16,"language":"ENG","playtime":538,"items_purged":[],"score":196,"play_id":"bfba0e30-63f7-43df-811f-b672f8686532","local_time":"20210209135633","is_ascension_mode":true,"campfire_choices":[{"floor":6,"key":"REST"},{"floor":8,"key":"REST"},{"data":"Chill","floor":15,"key":"SMITH"}],"circlet_count":0,"master_deck":["AscendersBane","Strike_B","Strike_B","Strike_B","Strike_B","Defend_B","Defend_B","Defend_B","Defend_B","Zap+1","Dualcast","Time Bomb","Cold Snap","Stack+1","Coolheaded","Conserve Battery","Static Discharge","Stack","Chill+1","Hologram"],"relics":["Cracked Core","PreservedInsect","hubris:OldNail","StrikeDummy","Bottled Flame"],"acts_visited":["Exordium"],"potions_floor_usage":[16],"damage_taken":[{"damage":0,"enemies":"Cultist","floor":1,"turns":3},{"damage":10,"enemies":"Small Slimes","floor":2,"turns":3},{"damage":19,"enemies":"3 Sentries","floor":10,"turns":8},{"damage":4,"enemies":"2 Louse","floor":12,"turns":3},{"damage":3,"enemies":"2 Fungi Beasts","floor":13,"turns":5},{"damage":34,"enemies":"Fading Forest","floor":16,"turns":9}],"seed_played":"-2988439544365727606","potions_obtained":[{"floor":2,"key":"Elixir"},{"floor":10,"key":"Adrenaline Potion"},{"floor":13,"key":"Explosive Potion"}],"is_trial":false,"path_per_floor":["M","M","?","?","?","R","T","R","T","E","$","M","M","$","R","B"],"character_chosen":"DEFECT","items_purchased":["Conserve Battery","Static Discharge","Stack"],"campfire_rested":2,"item_purchase_floors":[11,11,11],"current_hp_per_floor":[64,54,54,54,19,40,40,61,61,42,42,38,35,35,35,7,7],"gold":35,"neow_bonus":"THREE_CARDS","is_daily":false,"chose_seed":false,"campfire_upgraded":1,"win_rate":0.0,"timestamp":1612875393,"path_taken":["M","?","?","?","?","R","?","R","T","E","$","?","M","?","R","BOSS"],"items_purchased_type":["Card","Card","Card"],"build_version":"2020-12-22","purchased_purges":0,"victory":false,"max_hp_per_floor":[71,71,71,71,71,71,71,71,71,71,71,71,71,71,71,71,71],"card_choices":[{"not_picked":["Leap","Fusion"],"picked":"Ball Lightning","floor":0},{"not_picked":["Rebound","Redo"],"picked":"Time Bomb","floor":1},{"not_picked":["Ball Lightning","Streamline"],"picked":"Cold Snap","floor":2},{"not_picked":["ReplayTheSpireMod:GoodbyeWorld","Conserve Battery"],"picked":"Coolheaded","floor":10},{"not_picked":["Leap","Double Energy"],"picked":"Chill","floor":12},{"not_picked":["Reinforced Body","FIFO Queue"],"picked":"Hologram","floor":13}],"player_experience":590667,"relics_obtained":[{"floor":7,"key":"hubris:OldNail"},{"floor":9,"key":"StrikeDummy"},{"floor":10,"key":"Bottled Flame"}],"event_choices":[{"damage_healed":0,"gold_gain":0,"player_choice":"Relic ","damage_taken":35,"max_hp_gain":0,"max_hp_loss":0,"event_name":"betterThird:BetterScrap","floor":5,"gold_loss":0,"cards_obtained":["DeceiveReality"]}],"is_beta":false,"boss_relics":[],"items_purged_floors":[],"is_endless":false,"potions_floor_spawned":[2,10,13],"killed_by":"Fading Forest","ascension_level":20}}