{"host":"mqhvlr3kpxebko0t","time":1612879729,"event":{"mods":["AchievementEnabler","BaseMod","Colored Map","Colored Powertips","KOR Keyword Fix","Keyboard Shortcuts","Minty Spire (QoL Compilation)","StSLib","SuperFastMode"],"gold_per_floor":[119,119,137,137,137,165,176,176,176,101,133,59,77,102,102,177,177,196,196,196,225,244,244,244],"floor_reached":23,"language":"KOR","playtime":390,"items_purged":[],"score":464,"play_id":"1a31866a-2132-43cc-b9f8-4192fd3b413e","local_time":"20210209230849","is_ascension_mode":true,"campfire_choices":[{"data":"Inflame","floor":8,"key":"SMITH"},{"data":"Armaments","floor":15,"key":"SMITH"}],"circlet_count":0,"master_deck":["AscendersBane","Strike_R","Defend_R","Defend_R","Defend_R","Defend_R","Bash","Headbutt","Inflame+1","Evolve","Reaper+1","Carnage+1","Armaments+1","Limit Break","Heavy Blade+1","Flex"],"relics":["Burning Blood","NeowsBlessing","TungstenRod","Mummified Hand","Mango","Molten Egg 2","Incense Burner","Runic Pyramid","Red Mask"],"acts_visited":["Exordium","TheCity"],"potions_floor_usage":[13,21,21,22],"damage_taken":[{"damage":0,"enemies":"Jaw Worm","floor":1,"turns":1},{"damage":0,"enemies":"Cultist","floor":3,"turns":1},{"damage":0,"enemies":"3 Sentries","floor":6,"turns":2},{"damage":7,"enemies":"2 Louse","floor":7,"turns":2},{"damage":33,"enemies":"Lagavulin","floor":11,"turns":5},{"damage":1,"enemies":"2 Fungi Beasts","floor":13,"turns":3},{"damage":7,"enemies":"Gremlin Nob","floor":14,"turns":3},{"damage":20,"enemies":"Slime Boss","floor":16,"turns":9},{"damage":38,"enemies":"Spheric Guardian","floor":18,"turns":8},{"damage":62,"enemies":"Masked Bandits","floor":21,"turns":5},{"damage":19,"enemies":"Chosen","floor":22,"turns":5},{"damage":57,"enemies":"Gremlin Leader","floor":23,"turns":6}],"seed_played":"2281417095609123256","potions_obtained":[{"floor":7,"key":"Regen Potion"},{"floor":13,"key":"BloodPotion"},{"floor":14,"key":"Explosive Potion"},{"floor":22,"key":"Fruit Juice"}],"is_trial":false,"path_per_floor":["M","?","M","?","?","E","M","R","T","?","E","$","M","E","R","B",null,"M","?","?","?","M","E"],"character_chosen":"IRONCLAD","items_purchased":["Carnage+1"],"campfire_rested":0,"item_purchase_floors":[12],"current_hp_per_floor":[74,74,75,64,58,64,63,63,77,77,50,50,80,79,79,73,85,53,53,53,24,24,0,0],"gold":244,"neow_bonus":"THREE_ENEMY_KILL","is_daily":false,"chose_seed":false,"campfire_upgraded":2,"win_rate":0.0,"timestamp":1612879729,"path_taken":["M","?","?","?","?","E","M","R","T","?","E","?","M","E","R","BOSS","M","?","?","?","M","E"],"items_purchased_type":["Card"],"build_version":"2020-12-22","purchased_purges":0,"victory":false,"max_hp_per_floor":[75,75,75,75,75,75,75,75,89,89,89,89,89,89,89,89,89,89,89,89,89,94,94,94],"card_choices":[{"not_picked":["Perfected Strike","Cleave"],"picked":"Headbutt","floor":1},{"not_picked":["True Grit","Heavy Blade"],"picked":"Inflame","floor":3},{"not_picked":["Anger","Inflame"],"picked":"Evolve","floor":6},{"not_picked":["Thunderclap","Dual Wield","Body Slam"],"picked":"SKIP","floor":7},{"not_picked":["Clash+1","Hemokinesis+1"],"picked":"Reaper+1","floor":11},{"not_picked":["Clothesline+1","Inflame","Sentinel"],"picked":"SKIP","floor":13},{"not_picked":["Ghostly Armor","Cleave+1"],"picked":"Armaments","floor":14},{"not_picked":["Corruption","Berserk"],"picked":"Limit Break","floor":16},{"not_picked":["Sentinel","Pommel Strike+1","Perfected Strike+1"],"picked":"SKIP","floor":18},{"not_picked":["Headbutt+1","Clash+1"],"picked":"Heavy Blade+1","floor":21},{"not_picked":["Searing Blow+1","Anger+1"],"picked":"Flex","floor":22}],"player_experience":700243,"relics_obtained":[{"floor":6,"key":"Mummified Hand"},{"floor":9,"key":"Mango"},{"floor":11,"key":"Molten Egg 2"},{"floor":14,"key":"Incense Burner"},{"floor":21,"key":"Red Mask"}],"event_choices":[{"cards_removed":["Strike_R"],"damage_healed":0,"gold_gain":0,"player_choice":"Purged","damage_taken":0,"max_hp_gain":0,"max_hp_loss":0,"event_name":"Purifier","floor":2,"gold_loss":0},{"damage_healed":0,"gold_gain":0,"player_choice":"Success","damage_taken":11,"relics_obtained":["TungstenRod"],"max_hp_gain":0,"max_hp_loss":0,"event_name":"Scrap Ooze","floor":4,"gold_loss":0},{"cards_removed":["Strike_R"],"damage_healed":0,"gold_gain":0,"player_choice":"Card Removal","damage_taken":7,"max_hp_gain":0,"max_hp_loss":0,"event_name":"Golden Wing","floor":5,"gold_loss":0},{"cards_removed":["Strike_R"],"damage_healed":0,"gold_gain":0,"player_choice":"Card Removal","damage_taken":0,"max_hp_gain":0,"max_hp_loss":0,"event_name":"The Cleric","floor":10,"gold_loss":75},{"cards_removed":["Strike_R"],"damage_healed":0,"gold_gain":0,"player_choice":"Elegance","damage_taken":0,"max_hp_gain":0,"max_hp_loss":0,"event_name":"Back to Basics","floor":19,"gold_loss":0},{"damage_healed":0,"gold_gain":0,"player_choice":"Ignored","damage_taken":0,"max_hp_gain":0,"max_hp_loss":0,"event_name":"The Mausoleum","floor":20,"gold_loss":0},{"damage_healed":0,"gold_gain":0,"player_choice":"Fought Bandits","damage_taken":0,"max_hp_gain":0,"max_hp_loss":0,"event_name":"Masked Bandits","floor":21,"gold_loss":0}],"is_beta":false,"boss_relics":[{"not_picked":["Black Blood","SlaversCollar"],"picked":"Runic Pyramid"}],"items_purged_floors":[],"is_endless":false,"potions_floor_spawned":[7,13,14,22],"killed_by":"Gremlin Leader","ascension_level":20}}