{"host":"vit9b6u76k1y61sh","time":1612902916,"event":{"mods":["BaseMod","Block Reminder","Colored Powertips","Highlight Path","Minty Spire (QoL Compilation)","Quick Restart","Rare Cards Sparkle","Relic Sorter","Relic Stats","StSLib"],"gold_per_floor":[114,114,39,39,49,49,49,49,124,124,149,49,66,77,77,182,182,201,201,201,201,214,214,214],"floor_reached":23,"language":"ENG","playtime":573,"items_purged":["Regret","Defend_R"],"score":258,"play_id":"880f1545-f6ee-4e64-9d33-7441ec458cab","local_time":"20210209153516","is_ascension_mode":true,"campfire_choices":[{"data":"Perfected Strike","floor":6,"key":"SMITH"},{"data":"Hemokinesis","floor":8,"key":"SMITH"},{"data":"Seeing Red","floor":15,"key":"SMITH"}],"circlet_count":0,"master_deck":["Strike_R","Strike_R","Strike_R","Strike_R","Defend_R","Defend_R","Bash","Hemokinesis+1","Perfected Strike+1","Seeing Red+1","Whirlwind","Pommel Strike","Offering","Armaments+1","Ghostly","Ghostly","Ghostly","Ghostly","Ghostly","Writhe","Iron Wave","Bash","Whirlwind"],"relics":["Black Blood","NeowsBlessing","Kunai","Incense Burner","Dream Catcher","Du-Vu Doll"],"acts_visited":["Exordium","TheCity"],"potions_floor_usage":[16,16,18,22],"damage_taken":[{"damage":0,"enemies":"2 Louse","floor":1,"turns":1},{"damage":0,"enemies":"Jaw Worm","floor":5,"turns":1},{"damage":0,"enemies":"3 Sentries","floor":11,"turns":2},{"damage":2,"enemies":"Cultist","floor":13,"turns":2},{"damage":14,"enemies":"Large Slime","floor":14,"turns":4},{"damage":18,"enemies":"Slime Boss","floor":16,"turns":8},{"damage":10,"enemies":"Chosen","floor":18,"turns":2},{"damage":2,"enemies":"2 Thieves","floor":22,"turns":4},{"damage":41,"enemies":"Book of Stabbing","floor":23,"turns":7}],"seed_played":"8060034170107640354","potions_obtained":[{"floor":5,"key":"PowerPotion"},{"floor":14,"key":"ColorlessPotion"},{"floor":16,"key":"Energy Potion"},{"floor":18,"key":"Energy Potion"}],"is_trial":false,"path_per_floor":["M","?","$","?","M","R","?","R","T","?","E","$","M","M","R","B",null,"M","?","?","?","M","E"],"character_chosen":"IRONCLAD","items_purchased":[],"campfire_rested":0,"item_purchase_floors":[],"current_hp_per_floor":[80,80,80,80,80,80,62,62,62,55,61,61,65,57,57,45,80,80,40,40,40,40,0,0],"gold":214,"neow_bonus":"THREE_ENEMY_KILL","is_daily":false,"chose_seed":false,"campfire_upgraded":3,"win_rate":0.0,"timestamp":1612902916,"path_taken":["M","?","$","?","?","R","?","R","T","?","E","$","M","M","R","BOSS","M","?","?","?","?","E"],"items_purchased_type":[],"build_version":"2020-12-22","purchased_purges":2,"victory":false,"max_hp_per_floor":[80,80,80,80,80,80,80,80,80,80,80,80,80,80,80,80,80,80,40,40,40,40,40,40],"relic_stats":{"Dream Catcher":0,"counters":[9,31],"Black Blood":36,"Kunai":[12],"obtain_stats":[{"Du-Vu Doll":20,"Dream Catcher":11,"NeowsBlessing":0,"Black Blood":17,"Incense Burner":7,"Kunai":2,"Burning Blood":0},{"Du-Vu Doll":7,"Dream Catcher":3,"NeowsBlessing":0,"Black Blood":6,"Incense Burner":2,"Kunai":1,"Burning Blood":0},{"Du-Vu Doll":20,"Dream Catcher":4,"NeowsBlessing":0,"Black Blood":18,"Incense Burner":2,"Kunai":1,"Burning Blood":0}]},"card_choices":[{"not_picked":["Clash","Thunderclap","Intimidate"],"picked":"SKIP","floor":1},{"not_picked":["Armaments","Thunderclap"],"picked":"Perfected Strike","floor":5},{"not_picked":["Reckless Charge","Shockwave"],"picked":"Seeing Red","floor":11},{"not_picked":["Fire Breathing","Iron Wave"],"picked":"Whirlwind","floor":13},{"not_picked":["Armaments","Sword Boomerang"],"picked":"Pommel Strike","floor":14},{"not_picked":["Corruption","Impervious"],"picked":"Offering","floor":16},{"not_picked":["Iron Wave","Combust"],"picked":"Armaments+1","floor":18},{"not_picked":["Uppercut","Heavy Blade"],"picked":"Whirlwind","floor":22}],"player_experience":165270,"relics_obtained":[{"floor":11,"key":"Dream Catcher"}],"event_choices":[{"damage_healed":0,"gold_gain":0,"player_choice":"Box","damage_taken":0,"relics_obtained":["Kunai"],"max_hp_gain":0,"max_hp_loss":0,"event_name":"Big Fish","floor":2,"gold_loss":0,"cards_obtained":["Regret"]},{"damage_healed":0,"gold_gain":0,"cards_transformed":["Strike_R"],"player_choice":"Change","damage_taken":0,"max_hp_gain":0,"max_hp_loss":0,"event_name":"Living Wall","floor":4,"gold_loss":0,"cards_obtained":["Hemokinesis"]},{"damage_healed":0,"gold_gain":0,"player_choice":"Success","damage_taken":18,"relics_obtained":["Incense Burner"],"max_hp_gain":0,"max_hp_loss":0,"event_name":"Scrap Ooze","floor":7,"gold_loss":0},{"cards_removed":["Defend_R"],"damage_healed":0,"gold_gain":0,"player_choice":"Card Removal","damage_taken":7,"max_hp_gain":0,"max_hp_loss":0,"event_name":"Golden Wing","floor":10,"gold_loss":0},{"damage_healed":0,"gold_gain":0,"player_choice":"Became a Ghost","damage_taken":0,"max_hp_gain":0,"max_hp_loss":40,"event_name":"Ghosts","floor":19,"gold_loss":0,"cards_obtained":["Ghostly","Ghostly","Ghostly","Ghostly","Ghostly"]},{"damage_healed":0,"gold_gain":0,"player_choice":"Opened","damage_taken":0,"relics_obtained":["Du-Vu Doll"],"max_hp_gain":0,"max_hp_loss":0,"event_name":"The Mausoleum","floor":20,"gold_loss":0,"cards_obtained":["Writhe"]},{"damage_healed":0,"gold_gain":0,"player_choice":"2 cards matched","damage_taken":0,"max_hp_gain":0,"max_hp_loss":0,"event_name":"Match and Keep!","floor":21,"gold_loss":0,"cards_obtained":["Iron Wave","Bash"]}],"is_beta":false,"boss_relics":[{"not_picked":["Pandora\u0027s Box","Snecko Eye"],"picked":"Black Blood"}],"items_purged_floors":[3,12],"is_endless":false,"potions_floor_spawned":[5,14,16,18],"killed_by":"Book of Stabbing","ascension_level":2}}