{"host":"epc8efk9vrywpcsw","time":1612880033,"event":{"mods":["BaseMod","Minty Spire (QoL Compilation)","Relic Stats","StSLib"],"gold_per_floor":[10,22,22,22,33,68,80,100,151,171,151,163,163,163,163,242,242,253,271,28,28,53,53,69,69,69],"floor_reached":25,"language":"ENG","playtime":808,"items_purged":[],"score":410,"play_id":"6fdda79a-719b-4511-9272-271e7cbdb0fa","local_time":"20210209151353","is_ascension_mode":true,"campfire_choices":[{"floor":13.0,"key":"REST"},{"data":"Bouncing Flask","floor":15.0,"key":"SMITH"},{"floor":23.0,"key":"REST"}],"circlet_count":0,"master_deck":["AscendersBane","Strike_G","Strike_G","Strike_G","Strike_G","Strike_G","Defend_G","Defend_G","Defend_G","Defend_G","Defend_G","Survivor","Neutralize","Die Die Die+1","Bouncing Flask+1","Bouncing Flask","Leg Sweep","Leg Sweep","Dodge and Roll","Corpse Explosion","Blur","PiercingWail"],"relics":["Ring of the Snake","Oddly Smooth Stone","Blue Candle","Juzu Bracelet","Velvet Choker","TwistedFunnel","PreservedInsect"],"acts_visited":["Exordium","TheCity"],"potions_floor_usage":[24,25],"damage_taken":[{"damage":4.0,"enemies":"Jaw Worm","floor":1.0,"turns":6.0},{"damage":0.0,"enemies":"Small Slimes","floor":2.0,"turns":2.0},{"damage":11.0,"enemies":"Cultist","floor":5.0,"turns":4.0},{"damage":31.0,"enemies":"Lagavulin","floor":6.0,"turns":7.0},{"damage":0.0,"enemies":"Blue Slaver","floor":7.0,"turns":4.0},{"damage":0.0,"enemies":"Lots of Slimes","floor":8.0,"turns":1.0},{"damage":3.0,"enemies":"Red Slaver","floor":10.0,"turns":4.0},{"damage":0.0,"enemies":"Looter","floor":12.0,"turns":4.0},{"damage":12.0,"enemies":"Hexaghost","floor":16.0,"turns":11.0},{"damage":16.0,"enemies":"Chosen","floor":18.0,"turns":6.0},{"damage":9.0,"enemies":"Shell Parasite","floor":19.0,"turns":5.0},{"damage":29,"enemies":"Centurion and Healer","floor":24,"turns":7},{"damage":24,"enemies":"Gremlin Leader","floor":25,"turns":4}],"seed_played":"-7323518678908459365","potions_obtained":[{"floor":1.0,"key":"AttackPotion"},{"floor":6.0,"key":"EssenceOfSteel"},{"floor":7.0,"key":"AttackPotion"},{"floor":11.0,"key":"EntropicBrew"},{"floor":16.0,"key":"Dexterity Potion"}],"is_trial":false,"path_per_floor":["M","M","?","?","M","E","M","M","T","M","?","M","R","$","R","B",null,"M","M","$","?","T","R","M","E"],"character_chosen":"THE_SILENT","items_purchased":["TwistedFunnel","Blur"],"campfire_rested":2,"item_purchase_floors":[20,20],"current_hp_per_floor":[55,55,55,55,44,13,13,13,13,10,10,10,29,29,29,17,54,38,29,29,29,29,48,19,0,0],"gold":69,"neow_bonus":"THREE_RARE_CARDS","is_daily":false,"chose_seed":false,"campfire_upgraded":1,"win_rate":0.0,"timestamp":1612880033,"path_taken":["M","M","?","?","M","E","M","?","T","M","?","M","R","$","R","BOSS","M","M","$","?","?","R","M","E"],"items_purchased_type":["Relic","Card"],"build_version":"2020-12-22","purchased_purges":0,"victory":false,"max_hp_per_floor":[66,66,66,66,66,66,66,66,66,66,66,66,66,66,66,66,66,66,66,66,66,66,66,66,66,66],"relic_stats":{"counters":[13,65],"Blue Candle":[0],"PreservedInsect":47,"Juzu Bracelet":1,"obtain_stats":[{"TwistedFunnel":20,"Blue Candle":6,"Oddly Smooth Stone":4,"Velvet Choker":17,"PreservedInsect":22,"Juzu Bracelet":9,"Ring of the Snake":0},{"TwistedFunnel":11,"Blue Candle":4,"Oddly Smooth Stone":2,"Velvet Choker":9,"PreservedInsect":11,"Juzu Bracelet":6,"Ring of the Snake":0},{"TwistedFunnel":54,"Blue Candle":19,"Oddly Smooth Stone":8,"Velvet Choker":43,"PreservedInsect":54,"Juzu Bracelet":24,"Ring of the Snake":0}],"Ring of the Snake":[26]},"card_choices":[{"not_picked":["Tools of the Trade","Envenom"],"picked":"Die Die Die","floor":0.0},{"not_picked":["Deflect","Acrobatics"],"picked":"Bouncing Flask","floor":1.0},{"not_picked":["Infinite Blades","Dodge and Roll"],"picked":"Bouncing Flask","floor":2.0},{"not_picked":["Reflex","Blade Dance"],"picked":"Leg Sweep","floor":5.0},{"not_picked":["After Image","Concentrate","Sucker Punch"],"picked":"SKIP","floor":6.0},{"not_picked":["Poisoned Stab","Blade Dance"],"picked":"Leg Sweep","floor":7.0},{"not_picked":["Endless Agony","Cloak And Dagger"],"picked":"Dodge and Roll","floor":8.0},{"not_picked":["Skewer","Choke","Prepared"],"picked":"SKIP","floor":10.0},{"not_picked":["Expertise","Sucker Punch","Finisher"],"picked":"SKIP","floor":12.0},{"not_picked":["A Thousand Cuts","Venomology"],"picked":"Corpse Explosion","floor":16.0},{"not_picked":["Outmaneuver","Caltrops","Backstab"],"picked":"SKIP","floor":18.0},{"not_picked":["Dodge and Roll","Underhanded Strike","Eviscerate+1"],"picked":"SKIP","floor":19.0},{"not_picked":["Flechettes","Outmaneuver"],"picked":"PiercingWail","floor":24}],"player_experience":504558,"relics_obtained":[{"floor":6.0,"key":"Blue Candle"},{"floor":9.0,"key":"Juzu Bracelet"},{"floor":22.0,"key":"PreservedInsect"}],"event_choices":[{"damage_healed":0.0,"max_hp_gain":0.0,"max_hp_loss":0.0,"gold_gain":0.0,"event_name":"Living Wall","player_choice":"Grow","floor":3.0,"gold_loss":0.0,"damage_taken":0.0,"cards_upgraded":["Die Die Die"]},{"damage_healed":0.0,"max_hp_gain":0.0,"max_hp_loss":0.0,"gold_gain":0.0,"event_name":"WeMeetAgain","player_choice":"Gave Potion","floor":4.0,"gold_loss":0.0,"damage_taken":0.0,"relics_obtained":["Oddly Smooth Stone"]},{"damage_healed":0.0,"max_hp_gain":0.0,"max_hp_loss":0.0,"gold_gain":0.0,"event_name":"The Woman in Blue","player_choice":"Bought 1 Potion","floor":11.0,"gold_loss":0.0,"damage_taken":0.0},{"damage_healed":0.0,"max_hp_gain":0.0,"max_hp_loss":0.0,"gold_gain":0.0,"event_name":"N\u0027loth","player_choice":"Ignored","floor":21.0,"gold_loss":0.0,"damage_taken":0.0}],"is_beta":false,"boss_relics":[{"not_picked":["Coffee Dripper","Philosopher\u0027s Stone"],"picked":"Velvet Choker"}],"items_purged_floors":[],"is_endless":false,"potions_floor_spawned":[1,6,7,16,18],"killed_by":"Gremlin Leader","ascension_level":20}}