{"host":"ewns8ifhbubwkcum","time":1612844045,"event":{"mods":["BaseMod","Block Reminder","Colored Map","Colored Powertips","Downfall","Highlight Path","Minty Spire (QoL Compilation)","Permanent Neow","Quick Restart","Random Character Button","StSLib"],"gold_per_floor":[99,115,22,37,37,50,123,143,174,191,218,230,130,157,170,267,267,267,286,286,286,338,238,262,294,304,304,314,214,214,287,307,407,407,407,463,517,543,595,13,13,72,130,200,200,258,285,338,392,432,432,506,14,14,14,14],"floor_reached":57,"language":"ENG","playtime":5354,"items_purged":["Guardian:Strike_Guardian"],"score":1863,"play_id":"3a0d75cd-e480-468a-a9b5-d54c02abda13","local_time":"20210208221405","is_ascension_mode":true,"campfire_choices":[{"data":"Apotheosis","floor":1.0,"key":"SMITH"},{"data":"Guardian:ConstructionForm","floor":13.0,"key":"SMITH"},{"floor":18.0,"key":"RECALL"},{"floor":23.0,"key":"REST"},{"floor":29.0,"key":"REST"},{"floor":35.0,"key":"REST"},{"floor":45.0,"key":"REST"},{"floor":54.0,"key":"REST"}],"circlet_count":0,"master_deck":["Guardian:Strike_Guardian","Guardian:Defend_Guardian","Guardian:Defend_Guardian","Guardian:Defend_Guardian","Guardian:Defend_Guardian","Guardian:CurlUp","Guardian:TwinSlam","Apotheosis+1","Guardian:ConstructionForm+1","Guardian:BodySlam","Guardian:PiercingHide","Guardian:TemporalShield","Guardian:BronzeOrb","Guardian:Recover","Guardian:ShieldCharger","Guardian:AncientConstruct","Guardian:BodySlam","Guardian:Incinerate+1","Guardian:TemporalStrike+1","Guardian:RollAttack+1","Guardian:PrismaticBarrier","Necronomicurse","Guardian:Emergency","Guardian:Reroute","Guardian:CrystalBeam","Guardian:BronzeOrb+1","Guardian:ShieldSpikes","Guardian:BodySlam","Guardian:SpikerProtocol+1","Guardian:ArmoredProtocol","downfall:Bewildered","Guardian:Preprogram+1","Guardian:Orbwalk+1","Guardian:PolyBeam+1","Guardian:ConstructionForm","Guardian:PiercingHide+1","Guardian:Recover+1","Guardian:Orbwalk","Guardian:TimeCapacitor","Guardian:TimeCapacitor","Guardian:Emergency"],"relics":["Guardian:ModeShifter","Centennial Puzzle","Calipers","downfall:HeartBlessingBlue","Guardian:SackOfGems","Fusion Hammer","downfall:KnowingSkull","downfall:HeartBlessingRed","Pen Nib","Ancient Tea Set","downfall:HeartBlessingGreen","Necronomicon","Ornamental Fan","Cursed Key","hexamod:BolsterEngine","hexamod:CandleOfCauterizing","Mango","The Courier","Guardian:PickAxe","Oddly Smooth Stone","Toy Ornithopter","champ:DeflectingBracers"],"acts_visited":["Exordium","TheCity","TheBeyond","TheEnding"],"potions_floor_usage":[55,56,56],"damage_taken":[{"damage":0.0,"enemies":"Small Slimes","floor":2.0,"turns":4.0},{"damage":0.0,"enemies":"downfall:FleeingMerchant","floor":3.0,"turns":4.0},{"damage":0.0,"enemies":"Cultist","floor":4.0,"turns":5.0},{"damage":0.0,"enemies":"2 Louse","floor":6.0,"turns":3.0},{"damage":5.0,"enemies":"Red Slaver","floor":8.0,"turns":5.0},{"damage":3.0,"enemies":"Gremlin Nob","floor":9.0,"turns":6.0},{"damage":12.0,"enemies":"Exordium Wildlife","floor":10.0,"turns":6.0},{"damage":0.0,"enemies":"Lagavulin","floor":11.0,"turns":7.0},{"damage":0.0,"enemies":"2 Fungi Beasts","floor":12.0,"turns":5.0},{"damage":0.0,"enemies":"3 Sentries","floor":14.0,"turns":6.0},{"damage":2.0,"enemies":"3 Louse","floor":15.0,"turns":3.0},{"damage":1.0,"enemies":"DF_ARCHETYPE_STREAMLINE","floor":16.0,"turns":8.0},{"damage":5.0,"enemies":"Shell Parasite","floor":19.0,"turns":5.0},{"damage":3.0,"enemies":"Spheric Guardian","floor":22.0,"turns":4.0},{"damage":44.0,"enemies":"Gremlin Leader","floor":25.0,"turns":7.0},{"damage":19.0,"enemies":"Snake Plant","floor":26.0,"turns":3.0},{"damage":1.0,"enemies":"Shelled Parasite and Fungi","floor":28.0,"turns":5.0},{"damage":3.0,"enemies":"Slavers","floor":31.0,"turns":2.0},{"damage":0.0,"enemies":"Cultist and Chosen","floor":32.0,"turns":4.0},{"damage":1.0,"enemies":"SI_MIRROR_ARCHETYPE","floor":33.0,"turns":7.0},{"damage":3.0,"enemies":"Orb Walker","floor":36.0,"turns":4.0},{"damage":3.0,"enemies":"3 Darklings","floor":37.0,"turns":2.0},{"damage":3.0,"enemies":"downfall:FleeingMerchant","floor":38.0,"turns":4.0},{"damage":3.0,"enemies":"Maw","floor":39.0,"turns":5.0},{"damage":3.0,"enemies":"Transient","floor":42.0,"turns":5.0},{"damage":0.0,"enemies":"4 Shapes","floor":43.0,"turns":6.0},{"damage":3.0,"enemies":"Giant Head","floor":44.0,"turns":4.0},{"damage":3.0,"enemies":"Spire Growth","floor":46.0,"turns":3.0},{"damage":5.0,"enemies":"Reptomancer","floor":47.0,"turns":3.0},{"damage":3.0,"enemies":"Jaw Worm Horde","floor":48.0,"turns":3.0},{"damage":3.0,"enemies":"Transient","floor":49.0,"turns":5.0},{"damage":3.0,"enemies":"WA_ARCHETYPE_DIVINITY","floor":50.0,"turns":7.0},{"damage":3.0,"enemies":"downfall:CharBossMerchant","floor":52.0,"turns":6.0},{"damage":15,"enemies":"downfall:NeowBoss","floor":55,"turns":14},{"damage":22,"enemies":"downfall:NeowBossFinal","floor":56,"turns":10}],"seed_played":"-2672295569999369364","potions_obtained":[{"floor":2.0,"key":"ColorlessPotion"},{"floor":4.0,"key":"EssenceOfSteel"},{"floor":6.0,"key":"Weak Potion"},{"floor":9.0,"key":"Strength Potion"},{"floor":14.0,"key":"bronze:BurnAndBuffPotion"},{"floor":15.0,"key":"Weak Potion"},{"floor":26.0,"key":"SteroidPotion"},{"floor":31.0,"key":"PowerPotion"},{"floor":32.0,"key":"Weak Potion"},{"floor":39.0,"key":"AttackPotion"},{"floor":46.0,"key":"Weak Potion"},{"floor":48.0,"key":"Guardian:AcceleratePotion"},{"floor":52.0,"key":"DistilledChaos"}],"is_trial":false,"path_per_floor":["R","M","$","M","?","M","T","M","E","M","E","M","R","E","M","B",null,"R","M","?","?","M","R","T","E","M","?","M","R","?","E","M","B",null,"R","M","M","$","M","$","T","M","M","E","R","M","E","M","M","B",null,"E","$","R","B","B",null],"character_chosen":"GUARDIAN","items_purchased":["Guardian:ConstructionForm","hexamod:BolsterEngine","Guardian:ShieldSpikes","Guardian:BodySlam","hexamod:CandleOfCauterizing","Mango","Guardian:ArmoredProtocol","champ:DeflectingBracers","Guardian:Orbwalk","Guardian:TimeCapacitor","Guardian:TimeCapacitor","Guardian:Emergency"],"campfire_rested":5,"item_purchase_floors":[3,38,38,38,40,40,40,53,53,53,53,53],"current_hp_per_floor":[56,56,56,56,56,56,56,51,48,36,36,36,46,46,44,43,78,78,73,73,65,62,89,89,45,26,26,25,52,36,33,33,32,76,90,87,84,81,78,92,92,89,89,86,104,101,96,93,90,87,100,97,97,104,94,82],"gold":14,"neow_bonus":"RANDOM_COLORLESS_2","is_daily":false,"chose_seed":false,"campfire_upgraded":2,"win_rate":0.0,"timestamp":1612844045,"path_taken":["R","M","$","M","?","M","T","M","E","?","E","M","R","E","M","BOSS","R","M","?","?","?","R","T","E","M","?","M","R","?","E","M","BOSS","R","M","M","$","M","$","T","M","M","E","R","M","E","M","M","BOSS","E","$","R","BOSS","BOSS"],"items_purchased_type":["Card","Relic","Card","Card","Relic","Relic","Card","Relic","Card","Card","Card","Card"],"build_version":"2020-12-22","purchased_purges":1,"victory":true,"max_hp_per_floor":[80,80,80,80,80,80,80,80,80,80,80,80,90,90,90,90,90,90,90,90,90,90,90,90,90,90,90,90,90,90,90,90,90,90,90,90,90,90,90,104,104,104,104,104,104,104,104,104,104,104,104,104,104,104,104,104],"card_choices":[{"not_picked":["Magnetism","Transmutation"],"picked":"Apotheosis","floor":0.0},{"not_picked":["Guardian:ShieldCharger","Guardian:TimeCapacitor"],"picked":"Guardian:Gem_Lightblue","floor":2.0},{"not_picked":["Guardian:VentSteam","Guardian:TimeCapacitor","Guardian:PiercingHide"],"picked":"SKIP","floor":3.0},{"not_picked":["Guardian:CrystalBeam","Guardian:ShieldCharger","Guardian:TemporalShield"],"picked":"SKIP","floor":4.0},{"not_picked":["Guardian:WalkerClaw","Guardian:Incinerate"],"picked":"Guardian:Gem_Crimson","floor":6.0},{"not_picked":["Guardian:GemFinder","Guardian:Gem_Green"],"picked":"Guardian:BodySlam","floor":8.0},{"not_picked":["Guardian:Gem_Red","Guardian:CrystalBeam"],"picked":"Guardian:Gem_Synthetic","floor":9.0},{"not_picked":["Guardian:Gem_Green","Guardian:Gem_Purple"],"picked":"Guardian:PiercingHide","floor":10.0},{"not_picked":["Guardian:GuardianWhirl","Guardian:Gem_Cyan"],"picked":"Guardian:TemporalShield","floor":11.0},{"not_picked":["Guardian:DonusPower","Guardian:Gem_Cyan"],"picked":"Guardian:BronzeOrb","floor":12.0},{"not_picked":["Guardian:PiercingHide","Guardian:CompilePackage"],"picked":"Guardian:Recover","floor":14.0},{"not_picked":["Guardian:ChargeCore","Guardian:TemporalShield"],"picked":"Guardian:ShieldCharger","floor":15.0},{"not_picked":["Guardian:FastForward","Guardian:Gem_Orange"],"picked":"Guardian:AncientConstruct","floor":16.0},{"not_picked":["Guardian:TemporalShield","Guardian:VentSteam"],"picked":"Guardian:BodySlam","floor":19.0},{"not_picked":["Guardian:PrismaticBarrier","Guardian:Reroute"],"picked":"Guardian:Incinerate+1","floor":22.0},{"not_picked":["Guardian:BronzeArmor","Guardian:FierceBash"],"picked":"Guardian:TemporalStrike+1","floor":25.0},{"not_picked":["Guardian:TemporalStrike","Guardian:CrystalBeam"],"picked":"Guardian:RollAttack+1","floor":26.0},{"not_picked":["Guardian:Gem_Green","Guardian:BronzeArmor"],"picked":"Guardian:PrismaticBarrier","floor":28.0},{"not_picked":["Guardian:Gem_Lightblue","Guardian:ChargeCore"],"picked":"Guardian:Emergency","floor":31.0},{"not_picked":["Guardian:ChargeCore+1","Guardian:EvasiveProtocol"],"picked":"Guardian:Reroute","floor":32.0},{"not_picked":["Guardian:Gem_Red","Guardian:PrismaticBeam"],"picked":"Guardian:CrystalBeam","floor":36.0},{"not_picked":["Guardian:Gem_Cyan","Guardian:PiercingHide"],"picked":"Guardian:BronzeOrb+1","floor":37.0},{"not_picked":["Guardian:Suspension","Guardian:MultiBeam"],"picked":"Guardian:Gem_Red","floor":38.0},{"not_picked":["Guardian:ChargeCore","Guardian:Orbwalk+1"],"picked":"Guardian:SpikerProtocol+1","floor":39.0},{"not_picked":["Guardian:RefractedBeam+1","Guardian:PrimingBeam+1"],"picked":"Guardian:Preprogram+1","floor":42.0},{"not_picked":["Guardian:Reroute+1","Guardian:BronzeOrb+1"],"picked":"Guardian:Gem_Crimson","floor":43.0},{"not_picked":["Guardian:Suspension+1","Guardian:VentSteam"],"picked":"Guardian:Orbwalk+1","floor":44.0},{"not_picked":["Guardian:Gem_Yellow","Guardian:Suspension","Guardian:Incinerate"],"picked":"SKIP","floor":46.0},{"not_picked":["Guardian:Gem_Green","Guardian:Gem_Purple"],"picked":"Guardian:PolyBeam+1","floor":47.0},{"not_picked":["Guardian:GuardianWhirl","Guardian:CrystalBeam"],"picked":"Guardian:ConstructionForm","floor":48.0},{"not_picked":["Guardian:WalkerClaw","Guardian:Gem_Green"],"picked":"Guardian:PiercingHide+1","floor":49.0},{"not_picked":["Guardian:Suspension","Guardian:Reroute"],"picked":"Guardian:Recover+1","floor":52.0}],"player_experience":1163427,"relics_obtained":[{"floor":9.0,"key":"Centennial Puzzle"},{"floor":11.0,"key":"Calipers"},{"floor":14.0,"key":"Guardian:SackOfGems"},{"floor":24.0,"key":"Pen Nib"},{"floor":25.0,"key":"Ancient Tea Set"},{"floor":30.0,"key":"Necronomicon"},{"floor":31.0,"key":"Ornamental Fan"},{"floor":41.0,"key":"The Courier"},{"floor":44.0,"key":"Guardian:PickAxe"},{"floor":47.0,"key":"Oddly Smooth Stone"},{"floor":52.0,"key":"Toy Ornithopter"}],"event_choices":[{"damage_healed":0.0,"max_hp_gain":0.0,"max_hp_loss":0.0,"gold_gain":0.0,"event_name":"Ghosts","player_choice":"Ignored","floor":20.0,"gold_loss":0.0,"damage_taken":0.0}],"is_beta":false,"boss_relics":[{"not_picked":["Snecko Eye","Runic Pyramid"],"picked":"Fusion Hammer"},{"not_picked":["Coffee Dripper","Runic Dome"],"picked":"Cursed Key"}],"items_purged_floors":[38],"is_endless":false,"potions_floor_spawned":[2,4,6,9,14,15,26,31,32,33,39,42,46,47,48,49,52],"ascension_level":5}}