{"host":"j9610sde00vfp93k","time":1612831545,"event":{"mods":["AchievementEnabler","BaseMod","Dio Mod","Minty Spire (QoL Compilation)","Permanent Neow","Rare Cards Sparkle","Spire Arcade","StSLib","SuperFastMode"],"gold_per_floor":[119,135,149,168,168,168,179,192,242,242,271,283,297,327,327,424,424,444,476,124,124,142,142,175,175,175,187,233,243,243,243,243,342,342,362,584,584,584,115,115,150,161,161,196,196,210,235,246,246,246,246,246,37,64,64,64],"floor_reached":55,"language":"ENG","playtime":2601,"items_purged":[],"score":812,"play_id":"815717c5-5c80-4cb3-b85f-0cea8f943ef8","local_time":"20210209084545","is_ascension_mode":false,"campfire_choices":[{"data":"dioMod:StreetSign","floor":6,"key":"SMITH"},{"data":"dioMod:HeavyLifting","floor":15,"key":"SMITH"},{"data":"dioMod:Muda","floor":23,"key":"SMITH"},{"data":"dioMod:Muda","floor":32,"key":"SMITH"},{"data":"dioMod:MudaMudaMuda","floor":40,"key":"SMITH"},{"data":"dioMod:Muda","floor":45,"key":"SMITH"},{"floor":49,"key":"RECALL"},{"data":"Violence","floor":52,"key":"SMITH"}],"circlet_count":0,"master_deck":["dioMod:Strike+1","dioMod:Strike","dioMod:Strike","dioMod:Strike","Bite+1","dioMod:Defend","dioMod:Defend","dioMod:Defend","dioMod:Defend","Dramatic Entrance+1","dioMod:CutDeep","dioMod:Pluck","dioMod:TripleThreat","dioMod:StreetSign+1","dioMod:LaserVision","dioMod:PathToHeaven","dioMod:DominatingPresence","dioMod:HeavyLifting+1","dioMod:Muda+1","dioMod:Muda+1","dioMod:Refresh","dioMod:GoodbyeJojo+1","dioMod:BloodSuck","Metamorphosis+1","dioMod:VengefulMuda+1","dioMod:DoubleTime+1","dioMod:Muda+1","dioMod:Freeze","dioMod:DaggerSpree","dioMod:MudaMudaMuda+1","dioMod:DaggerToss+1","Violence+1","dioMod:DisarmingVoice+1","dioMod:ComposedMuda+1","dioMod:DoubleTime+1","dioMod:Refresh","dioMod:DominatingPresence+1","dioMod:Pluck+1","dioMod:VengefulMuda","dioMod:DisarmingVoice"],"relics":["dioMod:JoestarBlood","Vajra","Nunchaku","HornCleat","Whetstone","Red Mask","Tiny Chest","Lantern","War Paint","Toy Ornithopter","MutagenicStrength","SlaversCollar","Bag of Marbles","ClockworkSouvenir","Lizard Tail","Juzu Bracelet","PreservedInsect","MealTicket","Anchor","White Beast Statue"],"acts_visited":["Exordium","TheCity","TheBeyond","TheEnding"],"potions_floor_usage":[16,16,16,33,33,33,50,50,50],"damage_taken":[{"damage":0,"enemies":"Small Slimes","floor":1,"turns":3},{"damage":0,"enemies":"2 Louse","floor":2,"turns":2},{"damage":6,"enemies":"Cultist","floor":3,"turns":4},{"damage":21,"enemies":"Blue Slaver","floor":4,"turns":4},{"damage":7,"enemies":"3 Louse","floor":7,"turns":2},{"damage":0,"enemies":"Lots of Slimes","floor":8,"turns":1},{"damage":14,"enemies":"Gremlin Nob","floor":11,"turns":3},{"damage":0,"enemies":"2 Fungi Beasts","floor":12,"turns":2},{"damage":13,"enemies":"Large Slime","floor":13,"turns":4},{"damage":13,"enemies":"3 Sentries","floor":14,"turns":6},{"damage":32,"enemies":"Slime Boss","floor":16,"turns":8},{"damage":31,"enemies":"2 Thieves","floor":18,"turns":4},{"damage":0,"enemies":"Masked Bandits","floor":19,"turns":2},{"damage":17,"enemies":"Spheric Guardian","floor":22,"turns":4},{"damage":0,"enemies":"Gremlin Leader","floor":24,"turns":4},{"damage":18,"enemies":"Snake Plant","floor":27,"turns":4},{"damage":33,"enemies":"Centurion and Healer","floor":29,"turns":4},{"damage":39,"enemies":"Champ","floor":33,"turns":10},{"damage":7,"enemies":"3 Darklings","floor":35,"turns":2},{"damage":6,"enemies":"Reptomancer","floor":41,"turns":2},{"damage":0,"enemies":"Orb Walker","floor":42,"turns":1},{"damage":38,"enemies":"Giant Head","floor":44,"turns":6},{"damage":12,"enemies":"3 Darklings","floor":46,"turns":2},{"damage":38,"enemies":"Nemesis","floor":47,"turns":3},{"damage":11,"enemies":"Sphere and 2 Shapes","floor":48,"turns":2},{"damage":18,"enemies":"Donu and Deca","floor":50,"turns":5},{"damage":28,"enemies":"Shield and Spear","floor":54,"turns":3},{"damage":102,"enemies":"The Heart","floor":55,"turns":5}],"seed_played":"-7692696200816143530","potions_obtained":[{"floor":1,"key":"SmokeBomb"},{"floor":2,"key":"FearPotion"},{"floor":3,"key":"CultistPotion"},{"floor":11,"key":"ColorlessPotion"},{"floor":19,"key":"GamblersBrew"},{"floor":22,"key":"PowerPotion"},{"floor":27,"key":"FearPotion"},{"floor":29,"key":"BlessingOfTheForge"},{"floor":41,"key":"dioMod:HumanBlood"},{"floor":46,"key":"SpeedPotion"},{"floor":47,"key":"Weak Potion"},{"floor":48,"key":"ColorlessPotion"}],"is_trial":false,"path_per_floor":["M","M","M","M","?","R","M","M","T","?","E","M","M","E","R","B",null,"M","?","$","?","M","R","E","?","T","M","T","M","?","?","R","B",null,"M","?","T","?","$","R","E","M","T","E","R","M","E","M","R","B",null,"R","$","E","B"],"character_chosen":"THE_DEFAULT","items_purchased":["Metamorphosis","Tiny Chest","Bag of Marbles","Violence","ClockworkSouvenir","Anchor","dioMod:VengefulMuda"],"campfire_rested":0,"item_purchase_floors":[20,20,39,39,39,53,53],"current_hp_per_floor":[75,75,74,60,53,53,55,70,70,70,61,67,62,62,62,48,75,47,50,50,50,36,36,66,66,66,61,61,41,41,41,41,42,75,71,71,71,71,71,71,75,75,75,50,50,62,24,19,19,22,75,75,75,47,0,0],"gold":64,"neow_bonus":"RANDOM_COLORLESS","is_daily":false,"chose_seed":false,"campfire_upgraded":7,"win_rate":0.0,"timestamp":1612831545,"path_taken":["M","M","M","M","?","R","M","M","T","?","E","M","?","E","R","BOSS","M","?","$","?","?","R","E","?","T","M","?","M","?","?","R","BOSS","M","?","?","?","$","R","E","?","T","E","R","M","E","M","R","BOSS","R","$","E","BOSS"],"items_purchased_type":["Card","Relic","Relic","Card","Relic","Relic","Card"],"build_version":"2020-12-22","purchased_purges":0,"victory":false,"max_hp_per_floor":[75,75,75,75,75,75,75,75,75,75,75,75,75,75,75,75,75,75,75,75,75,75,75,75,75,75,75,75,75,75,75,75,75,75,75,75,75,75,75,75,75,75,75,75,75,75,75,75,75,75,75,75,75,75,75,75],"card_choices":[{"not_picked":["Swift Strike","Finesse"],"picked":"Dramatic Entrance","floor":0},{"not_picked":["dioMod:FlyAway","dioMod:BloodSuck"],"picked":"dioMod:CutDeep","floor":1},{"not_picked":["dioMod:CautiousMuda","dioMod:DaggerSpree"],"picked":"dioMod:Pluck","floor":2},{"not_picked":["dioMod:SlashThroughTime","dioMod:PathToHeaven"],"picked":"dioMod:TripleThreat","floor":3},{"not_picked":["dioMod:ComposedMuda","dioMod:Diversion"],"picked":"dioMod:StreetSign","floor":4},{"not_picked":["dioMod:GoodbyeJojo","dioMod:BlendIn"],"picked":"dioMod:LaserVision","floor":7},{"not_picked":["dioMod:Muda","dioMod:GoodbyeJojo"],"picked":"dioMod:PathToHeaven","floor":8},{"not_picked":["dioMod:SlashThroughTime","dioMod:Diversion"],"picked":"dioMod:DominatingPresence","floor":11},{"not_picked":["dioMod:Roundabout","dioMod:FlyAway"],"picked":"dioMod:HeavyLifting","floor":12},{"not_picked":["dioMod:SlashThroughTime","dioMod:DisarmingVoice"],"picked":"dioMod:Muda","floor":13},{"not_picked":["dioMod:GoldVial","dioMod:LaserVision"],"picked":"dioMod:Muda","floor":14},{"not_picked":["dioMod:ZaWarudo","dioMod:RoadRoller"],"picked":"dioMod:Refresh","floor":16},{"not_picked":["dioMod:Hiss+1","dioMod:Roundabout"],"picked":"dioMod:GoodbyeJojo","floor":18},{"not_picked":["dioMod:HeavyLifting","dioMod:Roundabout"],"picked":"dioMod:BloodSuck","floor":19},{"not_picked":["dioMod:SecretPlan","dioMod:GoodbyeJojo"],"picked":"dioMod:VengefulMuda+1","floor":22},{"not_picked":["dioMod:SlashThroughTime","dioMod:VengefulMuda"],"picked":"dioMod:DoubleTime","floor":24},{"not_picked":["dioMod:BloodSuck+1","dioMod:Roundabout"],"picked":"dioMod:Freeze","floor":27},{"not_picked":["dioMod:SlashThroughTime","dioMod:ComposedMuda"],"picked":"dioMod:DaggerSpree","floor":29},{"not_picked":["dioMod:TheWalk","dioMod:ZaWarudo"],"picked":"dioMod:MudaMudaMuda","floor":33},{"not_picked":["dioMod:Roundabout+1","dioMod:Muda"],"picked":"dioMod:DaggerToss+1","floor":35},{"not_picked":["dioMod:ComboFever","dioMod:VengefulMuda+1"],"picked":"dioMod:DisarmingVoice+1","floor":41},{"not_picked":["dioMod:BloodSplash","dioMod:WRYYY"],"picked":"dioMod:ComposedMuda+1","floor":42},{"not_picked":["dioMod:Diversion+1","dioMod:GoodbyeJojo"],"picked":"dioMod:DoubleTime+1","floor":44},{"not_picked":["dioMod:ComposedMuda+1","dioMod:SadisticLaugh"],"picked":"dioMod:Refresh","floor":46},{"not_picked":["dioMod:BloodTransfusion","dioMod:StreetSign"],"picked":"dioMod:DominatingPresence+1","floor":47},{"not_picked":["dioMod:TripleThreat+1","dioMod:HeavyLifting"],"picked":"dioMod:Pluck+1","floor":48},{"not_picked":["dioMod:DaggerSpree+1","dioMod:SlashThroughTime"],"picked":"dioMod:DisarmingVoice","floor":54}],"player_experience":214637,"relics_obtained":[{"floor":9,"key":"Nunchaku"},{"floor":11,"key":"HornCleat"},{"floor":14,"key":"Whetstone"},{"floor":19,"key":"Red Mask"},{"floor":24,"key":"Lantern"},{"floor":26,"key":"War Paint"},{"floor":28,"key":"Toy Ornithopter"},{"floor":41,"key":"Lizard Tail"},{"floor":43,"key":"Juzu Bracelet"},{"floor":44,"key":"PreservedInsect"},{"floor":47,"key":"MealTicket"},{"floor":54,"key":"White Beast Statue"}],"event_choices":[{"damage_healed":0,"gold_gain":0,"player_choice":"Success","damage_taken":7,"relics_obtained":["Vajra"],"max_hp_gain":0,"max_hp_loss":0,"event_name":"Scrap Ooze","floor":5,"gold_loss":0},{"damage_healed":0,"gold_gain":0,"player_choice":"Upgraded","damage_taken":0,"max_hp_gain":0,"max_hp_loss":0,"event_name":"Upgrade Shrine","floor":10,"gold_loss":0,"cards_upgraded":["Dramatic Entrance"]},{"damage_healed":0,"gold_gain":0,"player_choice":"Fought Bandits","damage_taken":0,"max_hp_gain":0,"max_hp_loss":0,"event_name":"Masked Bandits","floor":19,"gold_loss":0},{"damage_healed":0,"gold_gain":0,"player_choice":"Forge","damage_taken":0,"max_hp_gain":0,"max_hp_loss":0,"event_name":"Accursed Blacksmith","floor":21,"gold_loss":0,"cards_upgraded":["Metamorphosis"]},{"damage_healed":0,"gold_gain":0,"player_choice":"Read","damage_taken":0,"max_hp_gain":0,"max_hp_loss":0,"event_name":"The Library","floor":25,"gold_loss":0,"cards_obtained":["dioMod:Muda"]},{"damage_healed":0,"gold_gain":0,"player_choice":"Ignored","damage_taken":0,"max_hp_gain":0,"max_hp_loss":0,"event_name":"Beggar","floor":30,"gold_loss":0},{"damage_healed":0,"gold_gain":0,"player_choice":"Inject Mutagens","damage_taken":0,"relics_obtained":["MutagenicStrength"],"max_hp_gain":0,"max_hp_loss":0,"event_name":"Drug Dealer","floor":31,"gold_loss":0},{"damage_healed":0,"gold_gain":222,"player_choice":"Wore Mask","damage_taken":0,"max_hp_gain":0,"max_hp_loss":0,"event_name":"Tomb of Lord Red Mask","floor":36,"gold_loss":0},{"damage_healed":0,"gold_gain":0,"player_choice":"Ignored","damage_taken":0,"max_hp_gain":0,"max_hp_loss":0,"event_name":"Transmorgrifier","floor":38,"gold_loss":0}],"is_beta":false,"boss_relics":[{"not_picked":["SacredBark","Philosopher\u0027s Stone"],"picked":"dioMod:JoestarBlood"},{"not_picked":["Busted Crown","Empty Cage"],"picked":"SlaversCollar"}],"items_purged_floors":[],"is_endless":false,"potions_floor_spawned":[1,2,3,11,13,19,22,27,29,41,46,47,48],"killed_by":"The Heart","ascension_level":0}}