{"host":"04x9isxu4s2lvye3","time":1612843157,"event":{"mods":["BaseMod","Colored Powertips","Highlight Path","Minty Spire (QoL Compilation)"],"gold_per_floor":[112,112,62,86,86,86,130,16,42,66,66,99,99,123,123,246,246,267,22,22,47,61,61,100,116,141,141,6,47,70,88,88,218,218,233,233,233,256,272,272,313,313,313,38,62,62,62,76,76,76],"floor_reached":51,"language":"ENG","playtime":2772,"items_purged":["Strike_R","Strike_R","Strike_R"],"score":931,"play_id":"8f03c20f-6a34-4a08-a1b6-53e321086cdf","local_time":"20210208225917","is_ascension_mode":true,"campfire_choices":[{"data":"Armaments","floor":6,"key":"SMITH"},{"data":"Rampage","floor":13,"key":"SMITH"},{"data":"Fire Breathing","floor":15,"key":"SMITH"},{"data":"Barricade","floor":23,"key":"SMITH"},{"data":"Seeing Red","floor":27,"key":"SMITH"},{"floor":32,"key":"REST"},{"floor":40,"key":"REST"},{"data":"Berserk","floor":42,"key":"SMITH"},{"data":"Madness","floor":46,"key":"SMITH"},{"data":"Demon Form","floor":49,"key":"SMITH"}],"circlet_count":0,"master_deck":["Strike_R","Defend_R","Defend_R","Defend_R","Defend_R","Bash","Impervious","Rampage+1","Armaments+1","Seeing Red+1","Fire Breathing+1","Uppercut","Dropkick","Barricade+1","Pommel Strike+1","Shrug It Off+1","True Grit","Warcry+1","Rampage","Berserk+1","Demon Form+1","Madness+1","Madness","Fiend Fire","Body Slam+1","Juggernaut"],"relics":["Black Blood","Golden Idol","Regal Pillow","Ancient Tea Set","HornCleat","Mercury Hourglass","White Beast Statue","Happy Flower","MealTicket","PreservedInsect","Runic Pyramid","Bronze Scales","Meat on the Bone","Medical Kit"],"acts_visited":["Exordium","TheCity","TheBeyond"],"potions_floor_usage":[7,12,21,22,24,25,30,31,33,35,41,48,50,50,50],"damage_taken":[{"damage":8,"enemies":"Jaw Worm","floor":1,"turns":5},{"damage":0,"enemies":"2 Louse","floor":4,"turns":2},{"damage":29,"enemies":"Gremlin Nob","floor":7,"turns":5},{"damage":0,"enemies":"Small Slimes","floor":10,"turns":5},{"damage":15,"enemies":"Lagavulin","floor":12,"turns":8},{"damage":0,"enemies":"Exordium Wildlife","floor":14,"turns":3},{"damage":0,"enemies":"Slime Boss","floor":16,"turns":6},{"damage":39,"enemies":"Shell Parasite","floor":18,"turns":9},{"damage":19,"enemies":"Spheric Guardian","floor":21,"turns":4},{"damage":0,"enemies":"Snecko","floor":22,"turns":5},{"damage":36,"enemies":"Slavers","floor":24,"turns":5},{"damage":8,"enemies":"Shelled Parasite and Fungi","floor":25,"turns":8},{"damage":55,"enemies":"Book of Stabbing","floor":29,"turns":8},{"damage":0,"enemies":"3 Cultists","floor":30,"turns":5},{"damage":7,"enemies":"Cultist and Chosen","floor":31,"turns":6},{"damage":36,"enemies":"Automaton","floor":33,"turns":14},{"damage":0,"enemies":"Orb Walker","floor":35,"turns":4},{"damage":1,"enemies":"3 Shapes","floor":38,"turns":5},{"damage":57,"enemies":"Spire Growth","floor":39,"turns":6},{"damage":30,"enemies":"Reptomancer","floor":41,"turns":6},{"damage":3,"enemies":"Sphere and 2 Shapes","floor":45,"turns":3},{"damage":37,"enemies":"Writhing Mass","floor":48,"turns":6},{"damage":30,"enemies":"Time Eater","floor":50,"turns":7}],"seed_played":"-5898419817710009626","potions_obtained":[{"floor":1,"key":"Fire Potion"},{"floor":4,"key":"SpeedPotion"},{"floor":14,"key":"Ancient Potion"},{"floor":18,"key":"AttackPotion"},{"floor":21,"key":"SteroidPotion"},{"floor":22,"key":"LiquidBronze"},{"floor":24,"key":"Dexterity Potion"},{"floor":25,"key":"Fire Potion"},{"floor":29,"key":"AttackPotion"},{"floor":30,"key":"Energy Potion"},{"floor":31,"key":"EssenceOfSteel"},{"floor":33,"key":"Fruit Juice"},{"floor":35,"key":"SneckoOil"},{"floor":38,"key":"PowerPotion"},{"floor":39,"key":"Weak Potion"},{"floor":41,"key":"BloodPotion"},{"floor":48,"key":"Dexterity Potion"}],"is_trial":false,"path_per_floor":["M","?","?","M","?","R","E","$","T","M","?","E","R","M","R","B",null,"M","$","?","M","M","R","E","M","T","R","$","E","M","M","R","B",null,"M","?","?","M","M","R","E","R","T","$","M","R","?","M","R","B",null],"character_chosen":"IRONCLAD","items_purchased":["Fire Breathing","White Beast Statue","Rampage","Medical Kit"],"campfire_rested":2,"item_purchase_floors":[8,19,28,44],"current_hp_per_floor":[78,74,74,74,74,74,51,51,51,57,50,41,41,47,47,53,69,42,42,74,67,74,74,50,54,54,54,69,26,38,43,74,50,68,79,79,69,79,34,72,54,54,54,69,78,78,78,68,68,62],"gold":76,"neow_bonus":"ONE_RANDOM_RARE_CARD","is_daily":false,"chose_seed":false,"campfire_upgraded":8,"win_rate":0.0,"timestamp":1612843157,"path_taken":["M","?","?","M","?","R","E","$","T","?","?","E","R","M","R","BOSS","M","$","?","?","M","R","E","M","T","R","?","E","?","M","R","BOSS","M","?","?","M","M","R","E","R","T","$","M","R","?","M","R","BOSS"],"items_purchased_type":["Card","Relic","Card","Relic"],"build_version":"2020-12-22","purchased_purges":3,"victory":true,"max_hp_per_floor":[80,74,74,74,74,74,74,74,74,74,74,74,74,74,74,74,74,74,74,74,74,74,74,74,74,74,74,74,74,74,74,74,74,74,79,79,79,79,79,79,79,79,79,79,79,79,79,79,79,79],"card_choices":[{"not_picked":["Cleave","Dark Embrace"],"picked":"Rampage","floor":1},{"not_picked":["True Grit","Dark Embrace"],"picked":"Armaments","floor":4},{"not_picked":["Bludgeon","Anger"],"picked":"Seeing Red","floor":7},{"not_picked":["Body Slam","Shrug It Off"],"picked":"Uppercut","floor":10},{"not_picked":["Body Slam","Sever Soul","Anger"],"picked":"SKIP","floor":12},{"not_picked":["Iron Wave","True Grit"],"picked":"Dropkick","floor":14},{"not_picked":["Fiend Fire","Offering"],"picked":"Barricade","floor":16},{"not_picked":["Shrug It Off","Perfected Strike"],"picked":"Pommel Strike+1","floor":18},{"not_picked":["Armaments+1","Whirlwind+1"],"picked":"Shrug It Off+1","floor":21},{"not_picked":["Clothesline","Armaments+1"],"picked":"True Grit","floor":22},{"not_picked":["Wild Strike","Thunderclap"],"picked":"Warcry+1","floor":24},{"not_picked":["Havoc","Reckless Charge"],"picked":"Blood for Blood","floor":25},{"not_picked":["True Grit","Iron Wave+1","Disarm"],"picked":"SKIP","floor":29},{"not_picked":["Havoc","Sever Soul","Clash"],"picked":"SKIP","floor":30},{"not_picked":["Flex+1","Carnage+1"],"picked":"Berserk","floor":31},{"not_picked":["Juggernaut","Impervious"],"picked":"Demon Form","floor":33},{"not_picked":["Shrug It Off","Twin Strike","Cleave+1"],"picked":"SKIP","floor":35},{"not_picked":["Sword Boomerang","Blood for Blood+1","Iron Wave+1"],"picked":"SKIP","floor":38},{"not_picked":["Disarm","Warcry","Dropkick+1"],"picked":"SKIP","floor":39},{"not_picked":["Headbutt","Flex"],"picked":"Fiend Fire","floor":41},{"not_picked":["Havoc+1","Flex"],"picked":"Body Slam+1","floor":45},{"not_picked":["Clothesline+1","Sword Boomerang"],"picked":"Juggernaut","floor":48}],"player_experience":256908,"relics_obtained":[{"floor":7,"key":"Regal Pillow"},{"floor":9,"key":"Ancient Tea Set"},{"floor":12,"key":"Mercury Hourglass"},{"floor":24,"key":"Happy Flower"},{"floor":26,"key":"MealTicket"},{"floor":29,"key":"PreservedInsect"},{"floor":41,"key":"Bronze Scales"},{"floor":43,"key":"Meat on the Bone"}],"event_choices":[{"damage_healed":0,"gold_gain":0,"player_choice":"Lose Max HP","damage_taken":0,"relics_obtained":["Golden Idol"],"max_hp_gain":0,"max_hp_loss":6,"event_name":"Golden Idol","floor":2,"gold_loss":0},{"cards_removed":["Strike_R"],"damage_healed":0,"gold_gain":0,"player_choice":"Card Removal","damage_taken":0,"max_hp_gain":0,"max_hp_loss":0,"event_name":"The Cleric","floor":3,"gold_loss":50},{"damage_healed":0,"gold_gain":0,"player_choice":"Ignored","damage_taken":0,"max_hp_gain":0,"max_hp_loss":0,"event_name":"Liars Game","floor":5,"gold_loss":0},{"damage_healed":0,"gold_gain":0,"player_choice":"Success","damage_taken":7,"relics_obtained":["HornCleat"],"max_hp_gain":0,"max_hp_loss":0,"event_name":"Scrap Ooze","floor":11,"gold_loss":0},{"damage_healed":32,"gold_gain":0,"player_choice":"Full Heal","damage_taken":0,"max_hp_gain":0,"max_hp_loss":0,"event_name":"Wheel of Change","floor":20,"gold_loss":0},{"damage_healed":0,"gold_gain":0,"player_choice":"Memory 1","damage_taken":0,"max_hp_gain":0,"max_hp_loss":0,"event_name":"SensoryStone","floor":36,"gold_loss":0},{"damage_healed":0,"gold_gain":0,"player_choice":"Embrace Madness","damage_taken":10,"max_hp_gain":0,"max_hp_loss":0,"event_name":"Winding Halls","floor":37,"gold_loss":0,"cards_obtained":["Madness","Madness"]},{"cards_removed":["Blood for Blood"],"damage_healed":0,"gold_gain":0,"player_choice":"Removed Attack","damage_taken":0,"max_hp_gain":0,"max_hp_loss":0,"event_name":"Falling","floor":47,"gold_loss":0}],"is_beta":false,"boss_relics":[{"not_picked":["Coffee Dripper","SacredBark"],"picked":"Black Blood"},{"not_picked":["Sozu","Pandora\u0027s Box"],"picked":"Runic Pyramid"}],"items_purged_floors":[8,28,44],"is_endless":false,"potions_floor_spawned":[1,4,14,18,21,22,24,25,29,30,31,33,35,38,39,41,45,48],"ascension_level":5}}