{"host":"q349ucdsdrgdzjwk","time":1612886195,"event":{"mods":["2.2 Compatiblity","A Penny For Your Troubles","AchievementEnabler","BaseMod","Beaked The Cultist","Better Altar","Better Match","Better Note","Better Skull","Better Third Choice","BetterRewards","Displayed Cursed Tome","Downfall","Friendly Minions","Googly Eyes","Gremlin Mod","Hermit","Hubris","Infinite Spire","Marisa????????","Minty Spire (QoL Compilation)","Permanent Neow","Relic Filter Mod","Reliquary","Robot Space Explorer","Shop Mod","Spire Arcade","StSLib","The Construct","The Cursed","The Disciple","The Marked","The Necromancer","The Servant 0.9.4","TheVacant","Transform Curses"],"gold_per_floor":[20,33,358,48,68,68,68],"floor_reached":6,"language":"ENG","playtime":245,"items_purged":[],"score":49,"play_id":"b0a2e752-23bc-49c2-b415-75ece11d1a76","local_time":"20210209155635","is_ascension_mode":true,"campfire_choices":[],"circlet_count":0,"master_deck":["Strike_R","Strike_R","Strike_R","Strike_R","Strike_R","Defend_R","Defend_R","Defend_R","Defend_R","Bash","Demon Form","Twin Strike","Clash","Twin Strike"],"relics":["Burning Blood","reliquary:SharkskinSheath","reliquary:WeakTea","Membership Card","sneckomod:BlankCard","MerchantsRug"],"acts_visited":["Exordium"],"potions_floor_usage":[6],"damage_taken":[{"damage":3,"enemies":"2 Louse","floor":1,"turns":4},{"damage":1,"enemies":"Cultist","floor":2,"turns":4},{"damage":7,"enemies":"Small Slimes","floor":5,"turns":2},{"damage":25,"enemies":"Gremlin Nob","floor":6,"turns":3}],"seed_played":"609417355564288512","potions_obtained":[{"floor":5,"key":"PowerPotion"}],"is_trial":false,"path_per_floor":["M","M","?","$","M","E"],"character_chosen":"IRONCLAD","items_purchased":["Membership Card","sneckomod:BlankCard","MerchantsRug"],"campfire_rested":0,"item_purchase_floors":[4,4,4],"current_hp_per_floor":[75,80,17,17,16,0,0],"gold":68,"neow_bonus":"THREE_RARE_CARDS","is_daily":false,"chose_seed":false,"campfire_upgraded":0,"win_rate":0.0,"timestamp":1612886195,"path_taken":["M","M","?","?","M","E"],"items_purchased_type":["Relic","Relic","Relic"],"build_version":"2020-12-22","purchased_purges":0,"victory":false,"max_hp_per_floor":[80,80,80,80,80,80,80],"card_choices":[{"not_picked":["Bludgeon","Impervious"],"picked":"Demon Form","floor":0},{"not_picked":["Sever Soul","hubris:CleavingFinish"],"picked":"Twin Strike","floor":1},{"not_picked":["Armaments","Pommel Strike"],"picked":"Clash","floor":2},{"not_picked":["Rampage","Blood for Blood"],"picked":"Twin Strike","floor":5}],"player_experience":455830,"relics_obtained":[],"event_choices":[{"damage_healed":0,"gold_gain":325,"player_choice":"RE RE GO GO GO ","damage_taken":70,"relics_obtained":["reliquary:SharkskinSheath","reliquary:WeakTea"],"max_hp_gain":0,"max_hp_loss":0,"event_name":"betterSkull:BetterSkull","floor":3,"gold_loss":0,"cards_upgraded":[]}],"is_beta":false,"boss_relics":[],"items_purged_floors":[],"is_endless":false,"potions_floor_spawned":[5],"killed_by":"Gremlin Nob","ascension_level":7}}