{"host":"vyiqbz5w606ur92t","time":1612913034,"event":{"mods":["BaseMod","Downfall","Minty Spire (QoL Compilation)","StSLib"],"gold_per_floor":[99,114,125,140,140,140,195,229,241,100,0,0,31,77,102,211,223,235,258,270,302,324,368,433,460,472,469,515,527,869,896,919,1035,1047,959,489,507,518,531,261,261,274,174,201,201,201,234,35,50,50,50,76,9,9,9,9],"floor_reached":57,"language":"ENG","playtime":20075,"items_purged":["bronze:Defend","bronze:Separator","bronze:Branch","bronze:Flail"],"score":1716,"play_id":"9f2f395a-2769-4f68-b101-7319cc1b41af","local_time":"20210209232354","is_ascension_mode":true,"campfire_choices":[{"data":"bronze:Goto","floor":1.0,"key":"SMITH"},{"floor":11.0,"key":"REST"},{"data":"bronze:TinkerersToolbox","floor":18.0,"key":"SMITH"},{"floor":26.0,"key":"REST"},{"floor":35.0,"key":"RECALL"},{"data":"bronze:BugBarrage","floor":43.0,"key":"SMITH"},{"data":"bronze:ClassDefault","floor":46.0,"key":"SMITH"},{"data":"bronze:BuggyMess","floor":54.0,"key":"SMITH"}],"circlet_count":0,"master_deck":["bronze:Replicate","bronze:Goto+1","bronze:ClassDefault+1","bronze:FindAndReplace","bronze:Verify","bronze:BronzeOrb","bronze:ChildClass","bronze:FineTuning","bronze:TinkerersToolbox+1","bronze:BurnOut","bronze:ChildClass","bronze:ItsAFeature+1","bronze:Return+1","bronze:FineTuning+1","bronze:BuggyMess+1","bronze:BugBarrage+1","bronze:Safeguard+1","bronze:Iterate","bronze:BugBarrage+1","bronze:Terminator"],"relics":["bronze:BronzeCore","Regal Pillow","downfall:HeartBlessingBlue","MawBank","Pear","Pandora\u0027s Box","Bag of Preparation","Vajra","Lizard Tail","bronze:BottledCode","sneckomod:SneckoTalon","downfall:HeartBlessingGreen","Lantern","Slimebound:StickyStick","bronze:DonusWashers","Art of War","downfall:HeartBlessingRed","champ:DuelingGlove","bronze:Mallet"],"acts_visited":["Exordium","TheCity","TheBeyond","TheEnding"],"potions_floor_usage":[56,56,56],"damage_taken":[{"damage":0.0,"enemies":"Small Slimes","floor":2.0,"turns":3.0},{"damage":1.0,"enemies":"Jaw Worm","floor":3.0,"turns":4.0},{"damage":1.0,"enemies":"Cultist","floor":4.0,"turns":5.0},{"damage":20.0,"enemies":"3 Sentries","floor":8.0,"turns":10.0},{"damage":5.0,"enemies":"2 Fungi Beasts","floor":9.0,"turns":3.0},{"damage":4.0,"enemies":"downfall:FleeingMerchant","floor":10.0,"turns":4.0},{"damage":0.0,"enemies":"Exordium Wildlife","floor":13.0,"turns":4.0},{"damage":5.0,"enemies":"Lagavulin","floor":14.0,"turns":5.0},{"damage":11.0,"enemies":"Red Slaver","floor":15.0,"turns":3.0},{"damage":17.0,"enemies":"DF_ARCHETYPE_STREAMLINE","floor":16.0,"turns":5.0},{"damage":7.0,"enemies":"3 Byrds","floor":19.0,"turns":5.0},{"damage":29.0,"enemies":"Snake Plant","floor":21.0,"turns":4.0},{"damage":14.0,"enemies":"Snecko","floor":22.0,"turns":5.0},{"damage":18.0,"enemies":"Gremlin Leader","floor":23.0,"turns":5.0},{"damage":0.0,"enemies":"Cultist and Chosen","floor":25.0,"turns":5.0},{"damage":15.0,"enemies":"downfall:FleeingMerchant","floor":27.0,"turns":4.0},{"damage":19.0,"enemies":"Book of Stabbing","floor":28.0,"turns":4.0},{"damage":0.0,"enemies":"downfall:FleeingMerchant","floor":30.0,"turns":2.0},{"damage":12.0,"enemies":"Snake Plant","floor":31.0,"turns":2.0},{"damage":12.0,"enemies":"Shelled Parasite and Fungi","floor":32.0,"turns":3.0},{"damage":11.0,"enemies":"IC_MUSHROOM_ARCHETYPE","floor":33.0,"turns":2.0},{"damage":4.0,"enemies":"3 Darklings","floor":37.0,"turns":2.0},{"damage":28.0,"enemies":"3 Shapes","floor":38.0,"turns":2.0},{"damage":2.0,"enemies":"Writhing Mass","floor":39.0,"turns":3.0},{"damage":0.0,"enemies":"Maw","floor":42.0,"turns":2.0},{"damage":0.0,"enemies":"Reptomancer","floor":44.0,"turns":2.0},{"damage":0.0,"enemies":"Nemesis","floor":47.0,"turns":3.0},{"damage":0.0,"enemies":"Jaw Worm Horde","floor":49.0,"turns":1.0},{"damage":0.0,"enemies":"WA_ARCHETYPE_DIVINITY","floor":50.0,"turns":2.0},{"damage":0.0,"enemies":"downfall:CharBossMerchant","floor":52.0,"turns":2.0},{"damage":0.0,"enemies":"downfall:NeowBoss","floor":55.0,"turns":3.0},{"damage":72,"enemies":"downfall:NeowBossFinal","floor":56,"turns":4}],"seed_played":"-6246724626304242179","potions_obtained":[{"floor":9.0,"key":"bronze:FreeFunctionsPotion"},{"floor":13.0,"key":"SpeedPotion"},{"floor":14.0,"key":"bronze:CleanCodePotion"},{"floor":16.0,"key":"AttackPotion"},{"floor":21.0,"key":"SkillPotion"},{"floor":22.0,"key":"sneckomod:MuddlingPotion"},{"floor":25.0,"key":"Weak Potion"},{"floor":31.0,"key":"hexamod:SoulburnPotion"},{"floor":33.0,"key":"Regen Potion"},{"floor":38.0,"key":"LiquidMemories"},{"floor":39.0,"key":"DuplicationPotion"}],"is_trial":false,"path_per_floor":["R","M","M","M","?","?","T","E","M","$","R","?","M","E","M","B",null,"R","M","?","M","M","E","T","M","R","$","E","?","$","M","M","B",null,"R","$","M","M","M","$","T","M","R","E","?","R","E","$","M","B",null,"E","$","R","B","B",null],"character_chosen":"THE_AUTOMATON","items_purchased":["Weak Potion","Lantern","Slimebound:StickyStick","bronze:Flail","bronze:DonusWashers","PowerPotion","bronze:Terminator"],"campfire_rested":2,"item_purchase_floors":[10,36,36,36,40,48,53],"current_hp_per_floor":[45,45,44,43,43,48,48,28,23,19,69,66,66,71,60,43,82,82,75,105,76,62,44,44,44,90,75,56,56,56,44,32,21,77,77,77,73,45,43,43,43,43,43,43,43,43,43,43,43,43,82,82,82,82,82,19],"gold":9,"neow_bonus":"REMOVE_TWO","is_daily":false,"chose_seed":false,"campfire_upgraded":5,"win_rate":0.0,"timestamp":1612913034,"path_taken":["R","M","M","M","?","?","T","E","M","$","R","?","M","E","M","BOSS","R","M","?","M","?","E","T","M","R","$","E","?","?","?","M","BOSS","R","$","M","M","M","$","T","M","R","E","?","R","E","$","M","BOSS","E","$","R","BOSS","BOSS"],"items_purchased_type":["Potion","Relic","Relic","Card","Relic","Potion","Card"],"build_version":"2020-12-22","purchased_purges":4,"victory":true,"max_hp_per_floor":[70,70,70,70,70,75,75,75,75,75,85,85,85,95,95,95,95,95,95,105,105,105,105,105,105,105,105,105,95,95,95,95,95,95,95,95,95,95,95,95,95,95,95,95,95,95,95,95,95,95,95,95,95,95,95,95],"card_choices":[{"not_picked":["bronze:Overheat","bronze:BuggyMess"],"picked":"bronze:ClassDefault","floor":2.0},{"not_picked":["bronze:Branch","bronze:Overheat","bronze:Deprecate"],"picked":"SKIP","floor":3.0},{"not_picked":["bronze:BronzeOrb","bronze:Invalidate"],"picked":"bronze:Separator","floor":4.0},{"not_picked":["bronze:Invalidate","bronze:GetLatest"],"picked":"bronze:Verify","floor":8.0},{"not_picked":["bronze:Shell","bronze:Overload"],"picked":"bronze:BronzeOrb","floor":9.0},{"not_picked":["bronze:Hardcode","bronze:BuggyMess"],"picked":"bronze:ChildClass","floor":10.0},{"not_picked":["bronze:ItsAFeature","bronze:Return"],"picked":"bronze:FineTuning","floor":13.0},{"not_picked":["bronze:NullPointer","bronze:Fortify","bronze:Branch"],"picked":"SKIP","floor":14.0},{"not_picked":["bronze:Repair","bronze:OilSpill","bronze:Deprecate"],"picked":"SKIP","floor":15.0},{"not_picked":["bronze:FindAndReplace","bronze:CleanCode"],"picked":"bronze:TinkerersToolbox","floor":16.0},{"not_picked":["bronze:DelayedSlice+1","bronze:OilSpill"],"picked":"bronze:ItsAFeature+1","floor":19.0},{"not_picked":["bronze:Branch+1","bronze:Separator","bronze:Invalidate+1"],"picked":"SKIP","floor":21.0},{"not_picked":["bronze:DelayedSlice","bronze:Invalidate+1","bronze:Overheat"],"picked":"SKIP","floor":22.0},{"not_picked":["bronze:MaxOutput+1","bronze:CutThrough"],"picked":"bronze:Return+1","floor":23.0},{"not_picked":["bronze:ChosenStrike","bronze:Separator","bronze:DelayedSlice"],"picked":"SKIP","floor":25.0},{"not_picked":["bronze:ForceShield","bronze:Overheat"],"picked":"bronze:FineTuning+1","floor":27.0},{"not_picked":["bronze:SpaghettiCode","bronze:WhirlingStrike+1"],"picked":"bronze:BuggyMess","floor":28.0},{"not_picked":["bronze:DelayedSlice","bronze:Shield"],"picked":"bronze:BugBarrage","floor":30.0},{"not_picked":["bronze:Separator","bronze:CloningBeam"],"picked":"bronze:Safeguard+1","floor":31.0},{"not_picked":["bronze:Backtrace","bronze:CutThrough"],"picked":"bronze:Iterate","floor":32.0},{"not_picked":["bronze:Iterate","bronze:MaxOutput+1","bronze:BitShift+1"],"picked":"SKIP","floor":37.0},{"not_picked":["bronze:ChildClass","bronze:Flail+1","bronze:DelayedSlice"],"picked":"SKIP","floor":38.0},{"not_picked":["bronze:DigitalCarnage","bronze:ClassDefault","bronze:CutThrough+1"],"picked":"SKIP","floor":39.0},{"not_picked":["bronze:CloningBeam","bronze:DigitalCarnage","bronze:WildBeam"],"picked":"SKIP","floor":42.0},{"not_picked":["bronze:Boost+1","bronze:OilSpill"],"picked":"bronze:BugBarrage+1","floor":44.0},{"not_picked":["bronze:Overheat","bronze:Constructor+1","bronze:SpaghettiCode"],"picked":"SKIP","floor":47.0},{"not_picked":["bronze:Deprecate","bronze:ChildClass","bronze:Turbo"],"picked":"SKIP","floor":49.0},{"not_picked":["bronze:Optimize+1","bronze:Flail","bronze:Turbo+1"],"picked":"SKIP","floor":52.0}],"player_experience":1694366,"relics_obtained":[{"floor":8.0,"key":"Regal Pillow"},{"floor":14.0,"key":"Pear"},{"floor":23.0,"key":"Bag of Preparation"},{"floor":24.0,"key":"Vajra"},{"floor":28.0,"key":"Lizard Tail"},{"floor":41.0,"key":"Art of War"},{"floor":47.0,"key":"champ:DuelingGlove"},{"floor":52.0,"key":"bronze:Mallet"}],"event_choices":[{"damage_healed":0.0,"max_hp_gain":0.0,"max_hp_loss":0.0,"gold_gain":0.0,"cards_transformed":["bronze:Defend"],"event_name":"Living Wall","player_choice":"Change","floor":5.0,"gold_loss":0.0,"damage_taken":0.0,"cards_obtained":["bronze:FindAndReplace"]},{"damage_healed":0.0,"max_hp_gain":5.0,"max_hp_loss":0.0,"gold_gain":0.0,"event_name":"Big Fish","player_choice":"Donut","floor":6.0,"gold_loss":0.0,"damage_taken":0.0},{"damage_healed":0.0,"max_hp_gain":0.0,"max_hp_loss":0.0,"gold_gain":0.0,"event_name":"Scrap Ooze","player_choice":"Success","floor":12.0,"gold_loss":0.0,"damage_taken":3.0,"relics_obtained":["MawBank"]},{"cards_removed":["bronze:BurnOut"],"damage_healed":20.0,"max_hp_gain":10.0,"max_hp_loss":0.0,"gold_gain":0.0,"event_name":"Bonfire Elementals","player_choice":"Offered Rare","floor":20.0,"gold_loss":0.0,"damage_taken":0.0}],"is_beta":false,"boss_relics":[{"not_picked":["bronze:PlatinumCore","bronze:ElectromagneticCoil"],"picked":"Pandora\u0027s Box"},{"not_picked":["Calling Bell","Runic Dome"],"picked":"sneckomod:SneckoTalon"}],"items_purged_floors":[10,36,40,48],"is_endless":false,"potions_floor_spawned":[9,13,14,16,21,22,25,31,33,38,39,44],"ascension_level":6}}