{"host":"08z5bj28eube4vug","time":1612849186,"event":{"mods":["100% Spire Juice","2.2 Compatiblity","Abigail Mod","Act Like it!","BaseMod","Beaked The Cultist","Bestiary","Friendly Minions","Gensokyo","GungeonMod","Hallownest","Kiyohime????","Koishi","Lobotomy","Marisa????????","Minty Spire (QoL Compilation)","Prisma Mod","Remilia??????","Replay The Spire","Spire Arcade","StSLib","Td1madao Mod","The Alterego","The Bug Knight","The Jungle","The Sage","The Senshi","The Servant 0.9.4","Waifu the Spire","WarShipGirlsR/????R mod","Yuri Mod"],"gold_per_floor":[117,6,6,190,204,229,229,241,265,20,52,52,12,29,29,124,124,139,156,36,53,53,53,53,14,39,39,74,74,85,103,103,202,202,213,213,281,281,281,281,299,328,328,328,338,338,338],"floor_reached":46,"language":"ENG","playtime":3132,"items_purged":["Regret"],"score":649,"play_id":"db65768b-402d-4753-be22-ff38f6c0df51","local_time":"20210209083946","is_ascension_mode":true,"campfire_choices":[{"floor":7.0,"key":"REST"},{"floor":12.0,"key":"REST"},{"floor":15.0,"key":"REST"},{"data":"Moonworks:MeltingMemories","floor":23.0,"key":"SMITH"},{"floor":27.0,"key":"REST"},{"data":"Moonworks:WeAreWaruda","floor":29.0,"key":"SMITH"},{"floor":32,"key":"REST"},{"data":"Moonworks:ReflectiveShell","floor":40,"key":"SMITH"}],"circlet_count":0,"master_deck":["Moonworks:Defend","Moonworks:Defend","Moonworks:Defend","Moonworks:Defend","Moonworks:Ambush","Moonworks:LongDistanceShot","Moonworks:EvilSpyWorkPreparation+1","Moonworks:JonathanRush+1","ReplayTheSpireMod:Splinters","Moonworks:SakisCookie+1","Moonworks:Assault","Moonworks:AngelHand","Moonworks:NicePresent","Moonworks:NicePresent","Moonworks:ImOnFire","Moonworks:MeltingMemories+1","Moonworks:DeployBits+1","Moonworks:Assault+1","Moonworks:NicePresent","Bite","Bite+1","Bite","Bite","Bite+1","Moonworks:UnpaidWork+1","Moonworks:IndiscriminateFireSupport","Moonworks:WeAreWaruda+1","Moonworks:SakisCookie+1","Moonworks:JonathanRush","Moonworks:NicePresent","Moonworks:ReflectiveShell+1","Panacea","Moonworks:ImOnFire+1","Wraith"],"relics":["Moonworks:BrokenBomb","Moonworks:Homemark","Matryoshka","DemoMod:MeltedRock","DemoMod:WhiteGuonStone","The Courier","Boot","ScarletDevilRocket","Lizard Tail","Gremlin Food","Ring of Chaos","Lee\u0027s Waffle","Dream Catcher","Centennial Puzzle","beaked:MawFillet","Pear","Gambling Chip","DemoMod:Bottle"],"acts_visited":["Exordium","TheCity","TheBeyond"],"potions_floor_usage":[30,31,33,42,45,46],"damage_taken":[{"damage":1.0,"enemies":"2 Louse","floor":1.0,"turns":2.0},{"damage":9.0,"enemies":"Jaw Worm","floor":5.0,"turns":4.0},{"damage":14.0,"enemies":"3 Sentries","floor":6.0,"turns":5.0},{"damage":1.0,"enemies":"Cultist","floor":8.0,"turns":3.0},{"damage":11.0,"enemies":"Gremlin Nob","floor":11.0,"turns":4.0},{"damage":5.0,"enemies":"Large Slime","floor":14.0,"turns":3.0},{"damage":30.0,"enemies":"Fading Forest","floor":16.0,"turns":11.0},{"damage":12.0,"enemies":"Spheric Guardian","floor":18.0,"turns":5.0},{"damage":10.0,"enemies":"Chosen","floor":19.0,"turns":5.0},{"damage":27.0,"enemies":"3 Cultists","floor":21.0,"turns":5.0},{"damage":8.0,"enemies":"Gremlin Leader","floor":28.0,"turns":5.0},{"damage":38,"enemies":"Snecko","floor":30,"turns":6},{"damage":24,"enemies":"Cultist and Chosen","floor":31,"turns":6},{"damage":786,"enemies":"Collector","floor":33,"turns":10},{"damage":3,"enemies":"Orb Walker","floor":35,"turns":4},{"damage":46,"enemies":"3 Shapes","floor":41,"turns":4},{"damage":28,"enemies":"HollowMod:StalkingDevout","floor":42,"turns":8},{"damage":54,"enemies":"Maw","floor":45,"turns":9},{"damage":72,"enemies":"Giant Head","floor":46,"turns":6}],"seed_played":"4978359899128816922","potions_obtained":[{"floor":5.0,"key":"BlessingOfTheForge"},{"floor":8.0,"key":"Block Potion"},{"floor":13.0,"key":"Block Potion"},{"floor":13.0,"key":"PowerPotion"},{"floor":13.0,"key":"Weak Potion"},{"floor":14.0,"key":"Fire Potion"},{"floor":16.0,"key":"SteroidPotion"},{"floor":19.0,"key":"Dexterity Potion"},{"floor":30,"key":"SteroidPotion"},{"floor":31,"key":"AttackPotion"},{"floor":42,"key":"PowerPotion"},{"floor":45,"key":"Energy Potion"}],"is_trial":false,"path_per_floor":["M","$","?","?","M","E","R","M","T","$","E","R","?","M","R","B",null,"M","M","$","M","?","R","?","$","T","R","E","R","M","M","R","B",null,"M","?","T","?","?","R","M","E","T","?","M","E"],"character_chosen":"THE_STARBREAKER","items_purchased":["Moonworks:JonathanRush+1","Lizard Tail","Lee\u0027s Waffle","Moonworks:UnpaidWork+1"],"campfire_rested":5,"item_purchase_floors":[2,10,20,25],"current_hp_per_floor":[59,59,26,26,19,8,26,25,25,25,14,32,32,29,47,28,58,46,39,65,41,41,41,41,41,41,45,45,45,23,18,31,14,45,45,45,55,54,54,54,21,31,31,31,17,0,0],"gold":338,"neow_bonus":"RANDOM_EVENT","is_daily":false,"chose_seed":false,"campfire_upgraded":3,"win_rate":0.0,"timestamp":1612849186,"path_taken":["M","$","?","?","M","E","R","M","T","$","E","R","?","?","R","BOSS","M","M","$","M","?","R","?","?","T","R","E","R","?","M","R","BOSS","M","?","?","?","?","R","M","E","T","?","?","E"],"items_purchased_type":["Card","Relic","Relic","Card"],"build_version":"2020-12-22","purchased_purges":1,"victory":false,"max_hp_per_floor":[60,60,60,60,60,60,60,60,60,60,60,60,60,60,60,58,58,58,58,65,65,65,65,45,45,45,45,45,45,45,45,45,45,45,45,45,55,55,55,55,55,55,55,55,55,55,55],"card_choices":[{"not_picked":["Moonworks:CloudOfSeagulls","Moonworks:BigMagnum"],"picked":"Moonworks:EvilSpyWorkPreparation","floor":1.0},{"not_picked":["Moonworks:CloudOfSeagulls","Moonworks:LulusLuckyEgg"],"picked":"Moonworks:SakisCookie","floor":4.0},{"not_picked":["Moonworks:ScrambledEve","Moonworks:TreasureThief"],"picked":"Moonworks:Assault","floor":4.0},{"not_picked":["Moonworks:ImmovableObject","Moonworks:CloudOfSeagulls","Moonworks:BigMagnum"],"picked":"SKIP","floor":5.0},{"not_picked":["Moonworks:Assault","Moonworks:PlushieMaster"],"picked":"Moonworks:AngelHand","floor":6.0},{"not_picked":["Moonworks:LulusLuckyEgg","Moonworks:RedAndBlue"],"picked":"Moonworks:NicePresent","floor":8.0},{"not_picked":["Moonworks:EvilSpyWorkPreparation","Moonworks:ImOnFire"],"picked":"Moonworks:NicePresent","floor":11.0},{"not_picked":["Moonworks:JonathanRush","Moonworks:SealedMemories"],"picked":"Moonworks:ImOnFire","floor":14.0},{"not_picked":["Moonworks:ReflectiveShell","DemoMod:Spice"],"picked":"Moonworks:MeltingMemories","floor":16.0},{"not_picked":["Moonworks:WindyEnchantment","Moonworks:Dinner"],"picked":"Moonworks:DeployBits+1","floor":18.0},{"not_picked":["Moonworks:CloudOfSeagulls","Moonworks:RagingMadness"],"picked":"Moonworks:Assault+1","floor":19.0},{"not_picked":["Moonworks:LulusLuckyEgg","Moonworks:EvilSpyWorkPreparation+1"],"picked":"Moonworks:NicePresent","floor":21.0},{"not_picked":["Moonworks:ImOnFire","Moonworks:SakisCookie"],"picked":"Moonworks:IndiscriminateFireSupport","floor":27.0},{"not_picked":["Moonworks:LuckyCharm+1","Moonworks:CookingTime"],"picked":"Moonworks:WeAreWaruda","floor":28.0},{"not_picked":["Moonworks:Assault","Moonworks:Bloodlust+1"],"picked":"Moonworks:SakisCookie+1","floor":30},{"not_picked":["Moonworks:BigMagnum","Moonworks:ReproductionOfRecords"],"picked":"Moonworks:JonathanRush","floor":31},{"not_picked":["Moonworks:BigMagnum+1","Moonworks:Dinner"],"picked":"Moonworks:NicePresent","floor":32},{"not_picked":["Moonworks:Blazing","Moonworks:FinalBattle"],"picked":"Moonworks:ReflectiveShell","floor":33},{"not_picked":["Moonworks:SweetBattle","Moonworks:MixPhenomenon","Moonworks:UnpaidWork"],"picked":"SKIP","floor":35},{"not_picked":["Swift Strike","Dark Shackles"],"picked":"Panacea","floor":36},{"not_picked":["Moonworks:WindyEnchantment+1","Moonworks:BigMagnum"],"picked":"Moonworks:ImOnFire+1","floor":41},{"not_picked":["Moonworks:FinalSurgery","Moonworks:UnluckyCharm+1","Moonworks:CloudOfSeagulls"],"picked":"SKIP","floor":42},{"not_picked":["Moonworks:CloudOfSeagulls","Moonworks:UnluckyCharm","Moonworks:EvilSpyWorkPreparation"],"picked":"SKIP","floor":45}],"player_experience":899195,"relics_obtained":[{"floor":4.0,"key":"DemoMod:WhiteGuonStone"},{"floor":6.0,"key":"The Courier"},{"floor":9.0,"key":"Boot"},{"floor":9.0,"key":"ScarletDevilRocket"},{"floor":11.0,"key":"Gremlin Food"},{"floor":26.0,"key":"Dream Catcher"},{"floor":28.0,"key":"Centennial Puzzle"},{"floor":37,"key":"Pear"},{"floor":42,"key":"Gambling Chip"},{"floor":43,"key":"DemoMod:Bottle"}],"event_choices":[{"damage_healed":0.0,"max_hp_gain":0.0,"max_hp_loss":0.0,"gold_gain":0.0,"event_name":"Big Fish","player_choice":"Box","floor":0.0,"gold_loss":0.0,"damage_taken":0.0,"relics_obtained":["Matryoshka"],"cards_obtained":["Regret"]},{"damage_healed":0.0,"max_hp_gain":0.0,"max_hp_loss":0.0,"gold_gain":0.0,"event_name":"Scrap Ooze","player_choice":"Success","floor":3.0,"gold_loss":0.0,"damage_taken":33.0,"relics_obtained":["DemoMod:MeltedRock"]},{"damage_healed":0.0,"max_hp_gain":0.0,"max_hp_loss":0.0,"gold_gain":0.0,"event_name":"The Woman in Blue","player_choice":"Bought 3 Potions","floor":13.0,"gold_loss":0.0,"damage_taken":0.0},{"damage_healed":0.0,"max_hp_gain":0.0,"max_hp_loss":20.0,"gold_gain":0.0,"event_name":"Vampires","player_choice":"Became a vampire","floor":24.0,"gold_loss":0.0,"damage_taken":0.0,"cards_obtained":["Bite","Bite","Bite","Bite","Bite"]},{"damage_healed":0,"gold_gain":0,"player_choice":"Memory 1","damage_taken":0,"max_hp_gain":0,"max_hp_loss":0,"event_name":"SensoryStone","floor":36,"gold_loss":0},{"damage_healed":0,"gold_gain":0,"player_choice":"Ignored","damage_taken":0,"max_hp_gain":0,"max_hp_loss":0,"event_name":"Mysterious Sphere","floor":39,"gold_loss":0},{"damage_healed":0,"gold_gain":0,"player_choice":"Ignored","damage_taken":0,"max_hp_gain":0,"max_hp_loss":0,"event_name":"OrinTheCat","floor":44,"gold_loss":0}],"is_beta":false,"boss_relics":[{"not_picked":["Runic Pyramid","Runic Dome"],"picked":"Ring of Chaos"},{"not_picked":["theSenshi:MoonKaleidoScopeRelic","Tiny House"],"picked":"beaked:MawFillet"}],"items_purged_floors":[2],"is_endless":false,"potions_floor_spawned":[5,8,14,16,19,30,31,42,45],"killed_by":"Giant Head","ascension_level":4}}