{"host":"jz4ul6vrcxqkcr33","time":1612865934,"event":{"mods":["BaseMod","Minty Spire (QoL Compilation)","StSLib"],"gold_per_floor":[113,125,137,154,168,203,203,214,214,214,67,67,83,113,113,211,211,225,80,90,104,116,116,215,240,265,265,277,287,202,202,202,202,202],"floor_reached":33,"language":"ENG","playtime":1451,"items_purged":[],"score":351,"play_id":"4c2bdfcc-d61e-4862-bcd4-7b5cad31047a","local_time":"20210209051854","is_ascension_mode":true,"campfire_choices":[{"floor":7.0,"key":"REST"},{"floor":10.0,"key":"REST"},{"data":"Malaise","floor":12.0,"key":"SMITH"},{"data":"Choke","floor":15.0,"key":"SMITH"},{"data":"Dash","floor":23.0,"key":"SMITH"},{"floor":27.0,"key":"REST"},{"floor":32.0,"key":"REST"}],"circlet_count":0,"master_deck":["Strike_G","Strike_G","Strike_G","Strike_G","Strike_G","Defend_G","Defend_G","Defend_G","Defend_G","Defend_G","Survivor","Neutralize","Footwork","Choke+1","Dodge and Roll","Underhanded Strike","PiercingWail","Malaise+1","Underhanded Strike","Dash+1","Venomology","Backflip+1","Underhanded Strike+1","Deadly Poison+1","Crippling Poison","Choke+1","Poisoned Stab+1","PiercingWail","Catalyst+1"],"relics":["Velvet Choker","Happy Flower","HornCleat","Boot","White Beast Statue","SacredBark","OrangePellets","Tiny Chest","Dream Catcher","Frozen Egg 2"],"acts_visited":["Exordium","TheCity"],"potions_floor_usage":[33,33,33],"damage_taken":[{"damage":2.0,"enemies":"Cultist","floor":1.0,"turns":5.0},{"damage":5.0,"enemies":"Jaw Worm","floor":2.0,"turns":4.0},{"damage":0.0,"enemies":"2 Louse","floor":3.0,"turns":2.0},{"damage":0.0,"enemies":"2 Fungi Beasts","floor":4.0,"turns":4.0},{"damage":13.0,"enemies":"3 Louse","floor":5.0,"turns":4.0},{"damage":30.0,"enemies":"Lagavulin","floor":6.0,"turns":10.0},{"damage":8.0,"enemies":"Exordium Wildlife","floor":8.0,"turns":4.0},{"damage":0.0,"enemies":"Red Slaver","floor":13.0,"turns":4.0},{"damage":6.0,"enemies":"3 Sentries","floor":14.0,"turns":9.0},{"damage":13.0,"enemies":"Hexaghost","floor":16.0,"turns":16.0},{"damage":0.0,"enemies":"Spheric Guardian","floor":18.0,"turns":6.0},{"damage":0.0,"enemies":"Shell Parasite","floor":20.0,"turns":7.0},{"damage":6.0,"enemies":"Centurion and Healer","floor":21.0,"turns":7.0},{"damage":14.0,"enemies":"Cultist and Chosen","floor":22.0,"turns":6.0},{"damage":1.0,"enemies":"Gremlin Leader","floor":25.0,"turns":6.0},{"damage":4.0,"enemies":"3 Cultists","floor":28.0,"turns":8.0},{"damage":3.0,"enemies":"Snake Plant","floor":29.0,"turns":4.0},{"damage":92,"enemies":"Champ","floor":33,"turns":12}],"seed_played":"-8633030149643160122","potions_obtained":[{"floor":3.0,"key":"ColorlessPotion"},{"floor":4.0,"key":"DuplicationPotion"},{"floor":5.0,"key":"Dexterity Potion"},{"floor":8.0,"key":"SneckoOil"},{"floor":16.0,"key":"CultistPotion"},{"floor":18.0,"key":"DuplicationPotion"},{"floor":20.0,"key":"Poison Potion"},{"floor":21.0,"key":"AttackPotion"},{"floor":22.0,"key":"Dexterity Potion"},{"floor":25.0,"key":"Block Potion"},{"floor":28.0,"key":"DuplicationPotion"},{"floor":29.0,"key":"Dexterity Potion"}],"is_trial":false,"path_per_floor":["M","M","M","M","M","E","R","M","T","R","$","R","M","E","R","B",null,"M","$","M","M","M","R","?","E","T","R","M","M","?","?","R","B"],"character_chosen":"THE_SILENT","items_purchased":["Boot","OrangePellets"],"campfire_rested":4,"item_purchase_floors":[11,19],"current_hp_per_floor":[68,63,63,63,50,20,41,33,33,54,54,54,54,48,48,35,61,61,61,61,55,67,67,67,66,66,70,66,63,63,63,70,0,0],"gold":202,"neow_bonus":"BOSS_RELIC","is_daily":false,"chose_seed":false,"campfire_upgraded":3,"win_rate":0.0,"timestamp":1612865934,"path_taken":["M","M","M","M","M","E","R","M","T","R","$","R","M","E","R","BOSS","M","$","M","M","?","R","?","E","T","R","M","M","?","?","R","BOSS"],"items_purchased_type":["Relic","Relic"],"build_version":"2020-12-13","purchased_purges":0,"victory":false,"max_hp_per_floor":[70,70,70,70,70,70,70,70,70,70,70,70,70,70,70,70,70,70,70,70,70,70,70,70,70,70,70,70,70,70,70,70,70,70],"card_choices":[{"not_picked":["Poisoned Stab","Cloak And Dagger"],"picked":"Footwork","floor":1.0},{"not_picked":["Skewer","Escape Plan"],"picked":"Choke","floor":2.0},{"not_picked":["Dagger Spray","Calculated Gamble"],"picked":"Dodge and Roll","floor":3.0},{"not_picked":["Prepared","Blade Dance"],"picked":"Underhanded Strike","floor":4.0},{"not_picked":["Dagger Spray","Slice"],"picked":"PiercingWail","floor":5.0},{"not_picked":["Finisher","Infinite Blades"],"picked":"Malaise","floor":6.0},{"not_picked":["PiercingWail","Calculated Gamble"],"picked":"Underhanded Strike","floor":8.0},{"not_picked":["Poisoned Stab","Quick Slash"],"picked":"Dash","floor":13.0},{"not_picked":["Distraction","Acrobatics","Cloak And Dagger"],"picked":"SKIP","floor":14.0},{"not_picked":["Doppelganger","Bullet Time"],"picked":"Venomology","floor":16.0},{"not_picked":["Quick Slash","Blade Dance"],"picked":"Backflip+1","floor":18.0},{"not_picked":["PiercingWail","Dagger Throw"],"picked":"Underhanded Strike+1","floor":20.0},{"not_picked":["Outmaneuver+1","PiercingWail+1"],"picked":"Deadly Poison+1","floor":21.0},{"not_picked":["Finisher+1","Reflex","PiercingWail"],"picked":"SKIP","floor":22.0},{"not_picked":["Blur","Finisher"],"picked":"Crippling Poison","floor":25.0},{"not_picked":["Finisher+1","Reflex"],"picked":"Choke+1","floor":27.0},{"not_picked":["Prepared","Reflex+1"],"picked":"Poisoned Stab+1","floor":28.0},{"not_picked":["Blade Dance","Bane"],"picked":"PiercingWail","floor":29.0},{"not_picked":["Prepared","Well Laid Plans+1"],"picked":"Catalyst+1","floor":32.0}],"player_experience":212093,"relics_obtained":[{"floor":6.0,"key":"Happy Flower"},{"floor":9.0,"key":"HornCleat"},{"floor":14.0,"key":"White Beast Statue"},{"floor":25.0,"key":"Tiny Chest"},{"floor":26.0,"key":"Dream Catcher"}],"event_choices":[{"damage_healed":0.0,"max_hp_gain":0.0,"max_hp_loss":0.0,"gold_gain":99.0,"event_name":"Nest","player_choice":"Stole From Cult","floor":24.0,"gold_loss":0.0,"damage_taken":0.0},{"damage_healed":0.0,"max_hp_gain":0.0,"max_hp_loss":0.0,"gold_gain":0.0,"event_name":"Addict","player_choice":"Obtained Relic","floor":30.0,"gold_loss":85.0,"damage_taken":0.0,"relics_obtained":["Frozen Egg 2"]},{"damage_healed":0.0,"max_hp_gain":0.0,"max_hp_loss":0.0,"gold_gain":0.0,"event_name":"Vampires","player_choice":"Ignored","floor":31.0,"gold_loss":0.0,"damage_taken":0.0}],"is_beta":false,"boss_relics":[{"not_picked":["Runic Pyramid","Ectoplasm"],"picked":"SacredBark"}],"items_purged_floors":[],"is_endless":false,"potions_floor_spawned":[3,4,5,8,16,18,20,21,22,25,28,29],"killed_by":"Champ","ascension_level":5}}