{"host":"65j9mga0429zsj8m","time":1612899324,"event":{"mods":["2.2 Compatiblity","BaseMod","Downfall","GifTheSpireLib","Minty Spire (QoL Compilation)","StSLib"],"gold_per_floor":[99,112,112,112,112,129,129,140,151,51,61,46,65,84,98,195,195,195,280,280,291,154,173,227,240,240,240,240,240],"floor_reached":27,"language":"ENG","playtime":1928,"items_purged":["Guardian:EvasiveProtocol"],"score":207,"play_id":"a146432e-1b65-4557-b2bd-ba3cca6e41dc","local_time":"20210210063524","is_ascension_mode":false,"campfire_choices":[{"floor":1,"key":"RECALL"},{"data":"Guardian:TemporalShield","floor":10,"key":"SMITH"},{"data":"Guardian:TwinSlam","floor":18,"key":"SMITH"},{"data":"Guardian:PrimingBeam","floor":26,"key":"SMITH"}],"circlet_count":0,"master_deck":["Guardian:Strike_Guardian","Guardian:Strike_Guardian","Guardian:Strike_Guardian","Guardian:Defend_Guardian","Guardian:Defend_Guardian","Guardian:Defend_Guardian","Guardian:Defend_Guardian","Guardian:CurlUp","Guardian:TwinSlam+1","Guardian:Recover","Guardian:TemporalShield+1","Guardian:RevengeProtocol","Guardian:RollAttack","Guardian:Incinerate","Guardian:EvasiveProtocol+1","CurseOfTheBell","Guardian:Preprogram+1","Guardian:Reroute","Guardian:TimeBomb+1","Guardian:PrimingBeam+1"],"relics":["Guardian:ModeShifter","Kunai","downfall:HeartBlessingRed","Calling Bell","PreservedInsect","Toxic Egg 2","Ginger","Oddly Smooth Stone"],"acts_visited":["Exordium","TheCity"],"potions_floor_usage":[16],"damage_taken":[{"damage":4,"enemies":"Jaw Worm","floor":2,"turns":7},{"damage":2,"enemies":"Small Slimes","floor":6,"turns":6},{"damage":0,"enemies":"Cultist","floor":8,"turns":4},{"damage":1,"enemies":"2 Fungi Beasts","floor":9,"turns":4},{"damage":15,"enemies":"Gremlin Gang","floor":11,"turns":8},{"damage":0,"enemies":"downfall:FleeingMerchant","floor":12,"turns":4},{"damage":8,"enemies":"Lots of Slimes","floor":13,"turns":5},{"damage":5,"enemies":"Red Slaver","floor":14,"turns":3},{"damage":1,"enemies":"Exordium Wildlife","floor":15,"turns":5},{"damage":39,"enemies":"SI_SHIV_ARCHETYPE","floor":16,"turns":20},{"damage":10,"enemies":"Spheric Guardian","floor":21,"turns":7},{"damage":0,"enemies":"downfall:FleeingMerchant","floor":22,"turns":4},{"damage":8,"enemies":"Chosen","floor":23,"turns":7},{"damage":20,"enemies":"Shelled Parasite and Fungi","floor":25,"turns":10},{"damage":29,"enemies":"Chosen and Byrds","floor":27,"turns":6}],"seed_played":"2315185189826508311","potions_obtained":[{"floor":9,"key":"EntropicBrew"},{"floor":11,"key":"Guardian:AcceleratePotion"},{"floor":13,"key":"SteroidPotion"},{"floor":25,"key":"ColorlessPotion"}],"is_trial":false,"path_per_floor":["R","M","?","?","?","M","T","M","M","R","M","$","M","M","M","B",null,"R","?","?","M","$","M","T","M","R","M"],"character_chosen":"GUARDIAN","items_purchased":["Guardian:Reroute"],"campfire_rested":0,"item_purchase_floors":[22],"current_hp_per_floor":[88,84,84,84,84,82,82,82,81,81,66,66,58,53,52,13,88,88,72,64,54,54,46,46,26,26,0,0,0],"gold":240,"neow_bonus":"TEN_PERCENT_HP_BONUS","is_daily":false,"chose_seed":false,"campfire_upgraded":3,"win_rate":0.0,"timestamp":1612899324,"path_taken":["R","M","?","?","?","?","T","M","M","R","M","$","M","M","M","BOSS","R","?","?","M","$","?","T","M","R","M"],"items_purchased_type":["Card"],"build_version":"2020-12-22","purchased_purges":1,"victory":false,"max_hp_per_floor":[88,88,88,88,88,88,88,88,88,88,88,88,88,88,88,88,88,88,88,88,88,88,88,88,88,88,88,88,88],"card_choices":[{"not_picked":["Guardian:Gem_Cyan","Guardian:Reroute"],"picked":"Guardian:Recover","floor":2},{"not_picked":["Guardian:Gem_Cyan","Guardian:VentSteam"],"picked":"Guardian:ChargeCore","floor":6},{"not_picked":["Guardian:Gem_Green","Guardian:DonusPower"],"picked":"Guardian:EvasiveProtocol","floor":8},{"not_picked":["Guardian:PiercingHide","Guardian:ChargeCore"],"picked":"Guardian:TemporalShield","floor":9},{"not_picked":["Guardian:Reroute","Guardian:RollAttack"],"picked":"Guardian:RevengeProtocol","floor":11},{"not_picked":["Guardian:Gem_Green","Guardian:ChargeCore"],"picked":"Guardian:RollAttack","floor":12},{"not_picked":["Guardian:Gem_Cyan","Guardian:ShieldCharger"],"picked":"Guardian:Incinerate","floor":13},{"not_picked":["Guardian:Gem_Lightblue","Guardian:DecasProtection"],"picked":"Guardian:Gem_Yellow","floor":14},{"not_picked":["Guardian:GuardianWhirl","Guardian:Preprogram"],"picked":"Guardian:EvasiveProtocol","floor":15},{"not_picked":["Guardian:Gem_Synthetic","Guardian:TimeSifter"],"picked":"Guardian:Gem_Orange","floor":16},{"not_picked":["Guardian:Gem_Lightblue","Guardian:Incinerate+1"],"picked":"Guardian:Preprogram+1","floor":21},{"not_picked":["Guardian:ShieldCharger+1","Guardian:Repulse"],"picked":"Guardian:Gem_White","floor":22},{"not_picked":["Guardian:Recover+1","Guardian:TemporalStrike"],"picked":"Guardian:TimeBomb+1","floor":23},{"not_picked":["Guardian:TimeSifter","Guardian:VentSteam+1"],"picked":"Guardian:PrimingBeam","floor":25}],"player_experience":63251,"relics_obtained":[{"floor":7,"key":"Kunai"},{"floor":17,"key":"PreservedInsect"},{"floor":17,"key":"Toxic Egg 2"},{"floor":17,"key":"Ginger"},{"floor":24,"key":"Oddly Smooth Stone"}],"event_choices":[],"is_beta":false,"boss_relics":[{"not_picked":["Runic Dome","Cursed Key"],"picked":"Calling Bell"}],"items_purged_floors":[22],"is_endless":false,"potions_floor_spawned":[9,11,13,14,15,25],"killed_by":"Chosen and Byrds","ascension_level":0}}