{"host":"hf83sijwe64ts2lm","time":1612832705,"event":{"mods":["2.2 Compatiblity","BaseMod","Better Altar","Better Match","Better Note","Better Sensory Stone","Better Skull","Better Third Choice","Colored Map","Colored Powertips","Highlight Path","Hubris","Infinite Spire","Minty Spire (QoL Compilation)","Quick Restart","Rare Cards Sparkle","Relic Stats","Reliquary","Replay The Spire","Shop Mod","Spicy Shops","Spire Arcade","StSLib","Thieving Mod"],"gold_per_floor":[110,120,132,132,21,48,58,89,89,109,119,119,136,153,153,251,251,264,275,275,7,27,27,42,42,42],"floor_reached":25,"language":"ENG","playtime":540,"items_purged":[],"score":277,"play_id":"ff8339b9-bdb8-4b37-8d4f-514d7b5796ba","local_time":"20210208200505","is_ascension_mode":true,"campfire_choices":[{"floor":12,"key":"REST"},{"floor":15,"key":"REST"},{"floor":23,"key":"REST"}],"circlet_count":0,"master_deck":["Strike_G","Strike_G","Strike_G","Strike_G","Strike_G","Defend_G","Defend_G","Defend_G","Defend_G","Defend_G","Survivor+1","Neutralize","Specialist+1","Bane","Slice","Slice","Flying Knee+1","Replay:Poison Smokescreen+1","Envenom","Replay:Poison Smokescreen","Dash","Poisoned Stab","Slice","All Out Attack","Slice","Sucker Punch+1","Slice","Blade Dance","Deflect","Endless Agony+1"],"relics":["Ring of the Snake","hubris:Towel","infinitespire:Golems Mask","Lantern","War Paint","Paper Crane"],"acts_visited":["Exordium","TheCity"],"potions_floor_usage":[3,7,8,13,16,19],"damage_taken":[{"damage":0,"enemies":"2 Louse","floor":1,"turns":3},{"damage":4,"enemies":"Jaw Worm","floor":2,"turns":4},{"damage":10,"enemies":"Cultist","floor":3,"turns":4},{"damage":12,"enemies":"Gremlin Nob","floor":6,"turns":4},{"damage":5,"enemies":"Blue Slaver","floor":7,"turns":3},{"damage":15,"enemies":"Lagavulin","floor":8,"turns":5},{"damage":10,"enemies":"Exordium Thugs","floor":10,"turns":5},{"damage":11,"enemies":"2 Fungi Beasts","floor":11,"turns":3},{"damage":0,"enemies":"Red Slaver","floor":13,"turns":3},{"damage":0,"enemies":"Gremlin Gang","floor":14,"turns":4},{"damage":21,"enemies":"Hexaghost","floor":16,"turns":6},{"damage":19,"enemies":"Spheric Guardian","floor":18,"turns":4},{"damage":9,"enemies":"3 Byrds","floor":19,"turns":3},{"damage":23,"enemies":"3 Cultists","floor":22,"turns":5},{"damage":37,"enemies":"Sentry and Sphere","floor":24,"turns":6},{"damage":10,"enemies":"Nightmare","floor":25,"turns":3}],"seed_played":"-7645499164607653290","potions_obtained":[{"floor":2,"key":"Dexterity Potion"},{"floor":6,"key":"Venom Potion"},{"floor":7,"key":"PowerPotion"},{"floor":11,"key":"BlessingOfTheForge"},{"floor":14,"key":"Poison Potion"},{"floor":18,"key":"SteroidPotion"}],"is_trial":false,"path_per_floor":["M","M","M","?","$","E","M","E","T","M","M","R","M","M","R","B",null,"M","M","?","$","M","R","M","NM"],"character_chosen":"THE_SILENT","items_purchased":["Flying Knee+1","Replay:Poison Smokescreen","Paper Crane","Blade Dance"],"campfire_rested":3,"item_purchase_floors":[5,5,21,21],"current_hp_per_floor":[70,66,56,56,56,44,39,24,24,14,3,24,24,24,45,24,70,51,42,42,42,19,40,3,0,0],"gold":42,"neow_bonus":"RANDOM_COLORLESS","is_daily":false,"chose_seed":false,"campfire_upgraded":0,"win_rate":0.0,"timestamp":1612832705,"path_taken":["M","M","M","?","?","E","M","E","T","M","M","R","?","M","R","BOSS","M","M","?","$","M","R","M","NM"],"items_purchased_type":["Card","Card","Relic","Card"],"build_version":"2020-12-22","purchased_purges":0,"victory":false,"max_hp_per_floor":[70,70,70,70,70,70,70,70,70,70,70,70,70,70,70,70,70,70,70,70,70,70,70,70,70,70],"relic_stats":{"counters":[16,65],"War Paint":["Survivor","Replay:Poison Smokescreen"],"obtain_stats":[{"Lantern":8,"infinitespire:Golems Mask":6,"hubris:Towel":4,"War Paint":9,"Paper Crane":21,"Ring of the Snake":0},{"Lantern":6,"infinitespire:Golems Mask":4,"hubris:Towel":3,"War Paint":6,"Paper Crane":13,"Ring of the Snake":0},{"Lantern":23,"infinitespire:Golems Mask":15,"hubris:Towel":11,"War Paint":23,"Paper Crane":51,"Ring of the Snake":0}],"Ring of the Snake":[32]},"card_choices":[{"not_picked":["Replay:Parry","Replay:Sssssssssstrike"],"picked":"Specialist","floor":0},{"not_picked":["Backflip","Poisoned Stab"],"picked":"Bane","floor":1},{"not_picked":["Reflex","hubris:SlightOfHand"],"picked":"Slice","floor":2},{"not_picked":["Dagger Throw","Backflip"],"picked":"Slice","floor":3},{"not_picked":["Bane","Cloak And Dagger"],"picked":"Envenom","floor":6},{"not_picked":["Predator","Blur"],"picked":"Replay:Poison Smokescreen","floor":7},{"not_picked":["hubris:Sniper","ReplayTheSpireMod:Scrap Shanks"],"picked":"Dash","floor":8},{"not_picked":["Outmaneuver","Wraith Form v2"],"picked":"Poisoned Stab","floor":10},{"not_picked":["Reflex","Escape Plan"],"picked":"Slice","floor":11},{"not_picked":["Outmaneuver","Eviscerate"],"picked":"All Out Attack","floor":13},{"not_picked":["Acrobatics","Setup"],"picked":"Slice","floor":14},{"not_picked":["Dash","Noxious Fumes"],"picked":"Sucker Punch+1","floor":18},{"not_picked":["Tactician","ReplayTheSpireMod:Speed Training"],"picked":"Slice","floor":19},{"not_picked":["Prepared","Sneak Up"],"picked":"Deflect","floor":22},{"not_picked":["Dagger Throw","Hidden Blade+1"],"picked":"Endless Agony+1","floor":24}],"player_experience":164760,"relics_obtained":[{"floor":6,"key":"infinitespire:Golems Mask"},{"floor":8,"key":"Lantern"},{"floor":9,"key":"War Paint"}],"event_choices":[{"damage_healed":0,"gold_gain":0,"player_choice":"Forge","damage_taken":0,"max_hp_gain":0,"max_hp_loss":0,"event_name":"Accursed Blacksmith","floor":20,"gold_loss":0,"cards_upgraded":["Specialist"]}],"is_beta":false,"boss_relics":[{"not_picked":["Painkiller Herb","Fusion Hammer","Sozu"]}],"items_purged_floors":[],"is_endless":false,"potions_floor_spawned":[2,6,7,11,14,18],"killed_by":"Nightmare","ascension_level":3}}