{"host":"3a5itcmwo6ddh3id","time":1612843504,"event":{"mods":["BaseMod","Colored Map","Colored Powertips","Minty Spire (QoL Compilation)","Relic Stats"],"gold_per_floor":[111,111,23,38,38,65,65,93,139,139,157,157,157,169,169,243,243,220,231,231,14,32,32,32],"floor_reached":23,"language":"ENG","playtime":917,"items_purged":[],"score":398,"play_id":"384267c6-4560-41f7-b819-54a3c1147cb1","local_time":"20210208220504","is_ascension_mode":true,"campfire_choices":[{"data":"Streamline","floor":7.0,"key":"SMITH"},{"floor":10.0,"key":"REST"},{"data":"Defragment","floor":12.0,"key":"SMITH"},{"floor":15.0,"key":"REST"}],"circlet_count":0,"master_deck":["AscendersBane","Strike_B","Strike_B","Strike_B","Defend_B","Defend_B","Defend_B","Defend_B+1","Zap","Dualcast","Compile Driver+1","Hello World","Streamline+1","Beam Cell","Defragment+1","Core Surge","White Noise","Echo Form","Self Repair","Leap","Leap","Steam+1"],"relics":["Cracked Core","Blood Vial","Vajra","Oddly Smooth Stone","Black Star","Happy Flower"],"acts_visited":["Exordium","TheCity"],"potions_floor_usage":[23],"damage_taken":[{"damage":4.0,"enemies":"Jaw Worm","floor":1.0,"turns":3.0},{"damage":5.0,"enemies":"Small Slimes","floor":4.0,"turns":3.0},{"damage":20.0,"enemies":"Lagavulin","floor":6.0,"turns":7.0},{"damage":30.0,"enemies":"3 Sentries","floor":8.0,"turns":7.0},{"damage":0.0,"enemies":"Cultist","floor":11.0,"turns":3.0},{"damage":0.0,"enemies":"2 Fungi Beasts","floor":14.0,"turns":2.0},{"damage":34.0,"enemies":"Hexaghost","floor":16.0,"turns":10.0},{"damage":18.0,"enemies":"2 Thieves","floor":18.0,"turns":4.0},{"damage":37.0,"enemies":"Spheric Guardian","floor":19.0,"turns":6.0},{"damage":3,"enemies":"Centurion and Healer","floor":22,"turns":5},{"damage":57,"enemies":"Book of Stabbing","floor":23,"turns":6}],"seed_played":"7319517333326725184","potions_obtained":[{"floor":6.0,"key":"Block Potion"},{"floor":8.0,"key":"LiquidMemories"},{"floor":18.0,"key":"Energy Potion"}],"is_trial":false,"path_per_floor":["M","?","$","M","?","E","R","E","T","R","M","R","?","M","R","B",null,"M","M","?","$","M","E"],"character_chosen":"DEFECT","items_purchased":["Hello World","Happy Flower","Leap"],"campfire_rested":2,"item_purchase_floors":[3,21,21],"current_hp_per_floor":[67,72,72,67,67,47,47,19,19,43,45,45,20,22,46,14,66,50,22,22,22,35,0,0],"gold":32,"neow_bonus":"TEN_PERCENT_HP_BONUS","is_daily":false,"chose_seed":false,"campfire_upgraded":2,"win_rate":0.0,"timestamp":1612843504,"path_taken":["M","?","$","M","?","E","R","E","T","R","?","R","?","M","R","BOSS","M","M","?","$","M","E"],"items_purchased_type":["Card","Relic","Card"],"build_version":"2020-12-22","purchased_purges":0,"victory":false,"max_hp_per_floor":[78,83,83,83,83,83,83,83,83,83,83,83,83,83,83,83,83,83,83,83,83,83,83,83],"relic_stats":{"Blood Vial":16,"Happy Flower":[3],"counters":[11,56],"Black Star":0,"obtain_stats":[{"Blood Vial":6,"Happy Flower":21,"Vajra":8,"Oddly Smooth Stone":9,"Black Star":17,"Cracked Core":0},{"Blood Vial":3,"Happy Flower":9,"Vajra":4,"Oddly Smooth Stone":4,"Black Star":7,"Cracked Core":0},{"Blood Vial":13,"Happy Flower":45,"Vajra":20,"Oddly Smooth Stone":20,"Black Star":35,"Cracked Core":0}]},"card_choices":[{"not_picked":["Hologram","Coolheaded"],"picked":"Compile Driver","floor":1.0},{"not_picked":["Redo","Rip and Tear"],"picked":"Streamline","floor":4.0},{"not_picked":["Stack","Streamline"],"picked":"Beam Cell","floor":6.0},{"not_picked":["Rip and Tear","BootSequence"],"picked":"Defragment","floor":8.0},{"not_picked":["Glacier","Coolheaded"],"picked":"Core Surge","floor":11.0},{"not_picked":["Stack","Coolheaded"],"picked":"White Noise","floor":14.0},{"not_picked":["Core Surge","Hyperbeam"],"picked":"Echo Form","floor":16.0},{"not_picked":["Sunder","Coolheaded"],"picked":"Self Repair","floor":18.0},{"not_picked":["Stack","Go for the Eyes"],"picked":"Leap","floor":19.0},{"not_picked":["Turbo","Tempest"],"picked":"Steam+1","floor":22}],"player_experience":1124907,"relics_obtained":[{"floor":6.0,"key":"Blood Vial"},{"floor":8.0,"key":"Vajra"},{"floor":9.0,"key":"Oddly Smooth Stone"}],"event_choices":[{"damage_healed":0.0,"max_hp_gain":5.0,"max_hp_loss":0.0,"gold_gain":0.0,"event_name":"Big Fish","player_choice":"Donut","floor":2.0,"gold_loss":0.0,"damage_taken":0.0},{"cards_removed":["Strike_B"],"damage_healed":0.0,"max_hp_gain":0.0,"max_hp_loss":0.0,"gold_gain":0.0,"event_name":"Purifier","player_choice":"Purged","floor":5.0,"gold_loss":0.0,"damage_taken":0.0},{"damage_healed":0.0,"max_hp_gain":0.0,"max_hp_loss":0.0,"gold_gain":0.0,"event_name":"Shining Light","player_choice":"Entered Light","floor":13.0,"gold_loss":0.0,"damage_taken":25.0,"cards_upgraded":["Compile Driver","Defend_B"]},{"damage_healed":0.0,"max_hp_gain":0.0,"max_hp_loss":0.0,"gold_gain":0.0,"event_name":"Cursed Tome","player_choice":"Ignored","floor":20.0,"gold_loss":0.0,"damage_taken":0.0}],"is_beta":false,"boss_relics":[{"not_picked":["Calling Bell","FrozenCore"],"picked":"Black Star"}],"items_purged_floors":[],"is_endless":false,"potions_floor_spawned":[6,8,11,14,18],"killed_by":"Book of Stabbing","ascension_level":20}}