{"host":"za1qviwhp34x909e","time":1612861856,"event":{"mods":["BaseMod","Colored Map","Colored Powertips","Highlight Path","Minty Spire (QoL Compilation)","Quick Restart"],"gold_per_floor":[119,136,7,7,24,53,53,72,97,124,124,137,137,156,156,253,253,264,284,284,158,173,173,173],"floor_reached":23,"language":"ENG","playtime":1198,"items_purged":[],"score":294,"play_id":"493121ac-533f-44ac-b7c3-57bd20bfa9cb","local_time":"20210209031056","is_ascension_mode":true,"campfire_choices":[{"floor":7.0,"key":"REST"},{"data":"Double Tap","floor":11.0,"key":"SMITH"},{"data":"Perfected Strike","floor":15.0,"key":"SMITH"}],"circlet_count":0,"master_deck":["Strike_R","Strike_R","Strike_R","Strike_R","Defend_R","Defend_R","Defend_R","Defend_R","Bash","Battle Trance","Anger","Dramatic Entrance","Headbutt","Armaments","Perfected Strike+1","Armaments","Double Tap+1","Dual Wield","Spot Weakness","Reaper","Battle Trance","Flame Barrier","Perfected Strike","Shockwave","True Grit+1"],"relics":["Burning Blood","Tiny Chest","Nunchaku","Boot","Blood Vial","Centennial Puzzle","SlaversCollar","Pear"],"acts_visited":["TheCity"],"potions_floor_usage":[18,22],"damage_taken":[{"damage":11.0,"enemies":"Cultist","floor":1.0,"turns":4.0},{"damage":10.0,"enemies":"Small Slimes","floor":2.0,"turns":4.0},{"damage":0.0,"enemies":"2 Louse","floor":5.0,"turns":2.0},{"damage":52.0,"enemies":"Lagavulin","floor":6.0,"turns":6.0},{"damage":11.0,"enemies":"Exordium Thugs","floor":8.0,"turns":4.0},{"damage":15.0,"enemies":"Gremlin Nob","floor":10.0,"turns":3.0},{"damage":3.0,"enemies":"Blue Slaver","floor":12.0,"turns":2.0},{"damage":0.0,"enemies":"Large Slime","floor":14.0,"turns":4.0},{"damage":36.0,"enemies":"The Guardian","floor":16.0,"turns":6.0},{"damage":8,"enemies":"3 Byrds","floor":18,"turns":6},{"damage":54,"enemies":"Shell Parasite","floor":19,"turns":5},{"damage":21,"enemies":"Snake Plant","floor":22,"turns":3},{"damage":72,"enemies":"Book of Stabbing","floor":23,"turns":5}],"seed_played":"-7313413360774872613","potions_obtained":[{"floor":6.0,"key":"Weak Potion"},{"floor":8.0,"key":"CultistPotion"},{"floor":12.0,"key":"ColorlessPotion"},{"floor":16.0,"key":"LiquidMemories"},{"floor":19,"key":"PowerPotion"},{"floor":22,"key":"FairyPotion"}],"is_trial":false,"path_per_floor":["M","M","$","?","M","E","R","M","T","E","R","M","?","M","R","B",null,"M","M","T","$","M","E"],"character_chosen":"IRONCLAD","items_purchased":["Dramatic Entrance","Headbutt","Perfected Strike","Shockwave"],"campfire_rested":1,"item_purchase_floors":[3,3,21,21],"current_hp_per_floor":[67,63,63,63,69,23,47,42,42,33,33,38,38,46,46,18,65,75,29,39,39,26,0,0],"gold":173,"neow_bonus":"RANDOM_COMMON_RELIC","is_daily":false,"chose_seed":false,"campfire_upgraded":2,"win_rate":0.0,"timestamp":1612861856,"path_taken":["M","M","$","?","?","E","R","M","T","E","R","M","?","M","R","BOSS","M","M","?","$","?","E"],"items_purchased_type":["Card","Card","Card","Card"],"build_version":"2020-12-22","purchased_purges":0,"victory":false,"max_hp_per_floor":[80,80,80,80,80,80,80,80,80,80,80,80,80,80,80,80,80,80,80,90,90,90,90,90],"card_choices":[{"not_picked":["Twin Strike","Sentinel"],"picked":"Battle Trance","floor":1.0},{"not_picked":["Armaments","Rupture"],"picked":"Anger","floor":2.0},{"not_picked":["Flex","Sword Boomerang"],"picked":"Armaments","floor":5.0},{"not_picked":["Infernal Blade","Power Through"],"picked":"Perfected Strike","floor":6.0},{"not_picked":["Body Slam","Anger"],"picked":"Armaments","floor":8.0},{"not_picked":["Havoc","Burning Pact"],"picked":"Double Tap","floor":10.0},{"not_picked":["True Grit","Pommel Strike"],"picked":"Dual Wield","floor":12.0},{"not_picked":["Shrug It Off","Fire Breathing"],"picked":"Spot Weakness","floor":14.0},{"not_picked":["Double Tap","Berserk"],"picked":"Reaper","floor":16.0},{"not_picked":["Clash+1","Body Slam"],"picked":"Battle Trance","floor":18},{"not_picked":["Armaments","Thunderclap"],"picked":"Flame Barrier","floor":19},{"not_picked":["Heavy Blade+1","Battle Trance"],"picked":"True Grit+1","floor":22}],"player_experience":658236,"relics_obtained":[{"floor":6.0,"key":"Nunchaku"},{"floor":9.0,"key":"Boot"},{"floor":10.0,"key":"Blood Vial"},{"floor":20,"key":"Pear"}],"event_choices":[{"cards_removed":["Strike_R"],"damage_healed":0.0,"max_hp_gain":0.0,"max_hp_loss":0.0,"gold_gain":0.0,"event_name":"Bonfire Elementals","player_choice":"Offered Basic","floor":4.0,"gold_loss":0.0,"damage_taken":0.0},{"damage_healed":0.0,"max_hp_gain":0.0,"max_hp_loss":0.0,"gold_gain":0.0,"event_name":"WeMeetAgain","player_choice":"Gave Potion","floor":13.0,"gold_loss":0.0,"damage_taken":0.0,"relics_obtained":["Centennial Puzzle"]}],"is_beta":false,"boss_relics":[{"not_picked":["Astrolabe","SacredBark"],"picked":"SlaversCollar"}],"items_purged_floors":[],"is_endless":false,"potions_floor_spawned":[6,8,12,16,19,22],"killed_by":"Book of Stabbing","ascension_level":9}}