{"host":"8dhn6p16jorj0i1s","time":1612904105,"event":{"mods":["AchievementEnabler","BaseMod","Colored Map","DeckTracker","Highlight Path","Minty Spire (QoL Compilation)","Permanent Neow","Quick Restart"],"gold_per_floor":[119,130,305,68,143,171,171,205,205,31,42,42,105,205,205,310,310,322,333,347,367,387,387,387],"floor_reached":23,"language":"ENG","playtime":2791,"items_purged":["Doubt"],"score":364,"play_id":"dc625978-4dcd-44f8-9f9c-ea1d16e9c6d5","local_time":"20210209215505","is_ascension_mode":true,"campfire_choices":[{"data":"Alpha","floor":7,"key":"SMITH"},{"data":"Blind","floor":12,"key":"SMITH"},{"data":"Protect","floor":15,"key":"SMITH"}],"circlet_count":0,"master_deck":["Eruption","Vigilance","Protect+1","CrushJoints","Brilliance","Alpha+1","Worship","Blind+1","Adaptation","DeusExMachina","EmptyFist","Vengeance","ClearTheMind","DevaForm","CutThroughFate","FlurryOfBlows","FollowUp","WaveOfTheHand","ClearTheMind+1","Prostrate+1","MentalFortress","Fasting2","Halt"],"relics":["Coffee Dripper","Sundial","Anchor","Singing Bowl","Pandora\u0027s Box"],"acts_visited":["Exordium","TheCity"],"potions_floor_usage":[8,16,22],"damage_taken":[{"damage":0,"enemies":"Small Slimes","floor":1,"turns":2},{"damage":0,"enemies":"Jaw Worm","floor":2,"turns":3},{"damage":22,"enemies":"3 Sentries","floor":6,"turns":8},{"damage":31,"enemies":"Gremlin Nob","floor":8,"turns":5},{"damage":0,"enemies":"Cultist","floor":11,"turns":3},{"damage":0,"enemies":"Hexaghost","floor":16,"turns":9},{"damage":0,"enemies":"Chosen","floor":18,"turns":3},{"damage":6,"enemies":"Shell Parasite","floor":19,"turns":4},{"damage":23,"enemies":"Sentry and Sphere","floor":20,"turns":5},{"damage":9,"enemies":"Centurion and Healer","floor":21,"turns":4},{"damage":10,"enemies":"Snake Plant","floor":22,"turns":4},{"damage":0,"enemies":"Slavers","floor":23,"turns":1}],"seed_played":"2299397274676698047","potions_obtained":[{"floor":2,"key":"Ancient Potion"},{"floor":6,"key":"PowerPotion"},{"floor":18,"key":"DuplicationPotion"},{"floor":22,"key":"FearPotion"}],"is_trial":false,"path_per_floor":["M","M","?","$","?","E","R","E","T","$","M","R","?","?","R","B",null,"M","M","M","M","M","E"],"character_chosen":"WATCHER","items_purchased":["Brilliance","Blind","Adaptation"],"campfire_rested":0,"item_purchase_floors":[4,10,10],"current_hp_per_floor":[65,65,65,65,54,32,32,1,1,1,3,3,3,3,3,3,56,56,50,27,18,8,8,8],"gold":387,"neow_bonus":"BOSS_RELIC","is_daily":false,"chose_seed":false,"campfire_upgraded":3,"win_rate":0.0,"timestamp":1612904105,"path_taken":["M","M","?","$","?","E","R","E","T","$","M","R","?","?","R","BOSS","M","M","M","M","?","E"],"items_purchased_type":["Card","Card","Card"],"build_version":"2020-12-22","purchased_purges":1,"victory":false,"max_hp_per_floor":[72,72,72,72,72,72,72,72,72,72,74,74,74,74,74,74,74,74,74,74,74,74,74,74],"card_choices":[{"not_picked":["ThirdEye","Evaluate"],"picked":"Protect","floor":1},{"not_picked":["CutThroughFate","SignatureMove"],"picked":"CrushJoints","floor":2},{"not_picked":["FlurryOfBlows","JustLucky"],"picked":"Alpha","floor":6},{"not_picked":["WheelKick","Fasting2"],"picked":"Worship","floor":8},{"not_picked":["EmptyBody","FollowUp","Indignation"],"picked":"Singing Bowl","floor":11},{"not_picked":["Wish","Blasphemy"],"picked":"DeusExMachina","floor":16},{"not_picked":["FlurryOfBlows","SashWhip"],"picked":"ClearTheMind+1","floor":18},{"not_picked":["ThirdEye","Evaluate"],"picked":"Prostrate+1","floor":19},{"not_picked":["JustLucky+1","Tantrum"],"picked":"MentalFortress","floor":20},{"not_picked":["Consecrate","DeusExMachina"],"picked":"Fasting2","floor":21},{"not_picked":["EmptyBody+1","BattleHymn"],"picked":"Halt","floor":22}],"player_experience":525435,"relics_obtained":[{"floor":6,"key":"Sundial"},{"floor":8,"key":"Anchor"},{"floor":9,"key":"Singing Bowl"}],"event_choices":[{"damage_healed":0,"gold_gain":175,"player_choice":"AGREE","damage_taken":0,"max_hp_gain":0,"max_hp_loss":0,"event_name":"Liars Game","floor":3,"gold_loss":0,"cards_obtained":["Doubt"]},{"damage_healed":0,"gold_gain":75,"player_choice":"Gather Gold","damage_taken":11,"max_hp_gain":0,"max_hp_loss":0,"event_name":"World of Goop","floor":5,"gold_loss":0},{"damage_healed":0,"gold_gain":63,"player_choice":"Gained Gold","damage_taken":0,"max_hp_gain":0,"max_hp_loss":0,"event_name":"Golden Wing","floor":13,"gold_loss":0},{"damage_healed":0,"gold_gain":100,"player_choice":"Pray","damage_taken":0,"max_hp_gain":0,"max_hp_loss":0,"event_name":"Golden Shrine","floor":14,"gold_loss":0}],"is_beta":false,"boss_relics":[{"not_picked":["Cursed Key","Runic Dome"],"picked":"Pandora\u0027s Box"}],"items_purged_floors":[4],"is_endless":false,"potions_floor_spawned":[2,6,18,22],"killed_by":"Slavers","ascension_level":9}}