{"host":"8fl9fk3sx00hvnsh","time":1612901323,"event":{"mods":["BaseMod","Bestiary","Bossed Relics","Colored Powertips","Custom Start","Downfall","Minty Spire (QoL Compilation)","Reliquary","Replay The Spire","StSLib","The Blue Laboratory","The Dragon Tamer","The Gatherer","The Marked","The Wild Card"],"gold_per_floor":[99,113,132,117,117,117,193,193,219,219,245,263,163,181,192,288,288,288,303,317,33,33,33,56,93,111,145,145,165,65,65,80,82,82,82],"floor_reached":33,"language":"ENG","playtime":1934,"items_purged":[],"score":265,"play_id":"b8c49095-0fa0-4788-a9fa-2042f3c7a9bd","local_time":"20210209150843","is_ascension_mode":false,"campfire_choices":[{"floor":1,"key":"DIG"},{"data":"Slimebound:Split","floor":6,"key":"SMITH"},{"floor":8,"key":"RECALL"},{"floor":13,"key":"REST"},{"data":"Slimebound:Overexert","floor":30,"key":"SMITH"}],"circlet_count":0,"master_deck":["Slimebound:Tackle","Slimebound:Defend_Slimebound","Slimebound:Defend_Slimebound","Slimebound:Defend_Slimebound","Slimebound:Defend_Slimebound","Slimebound:Split+1","Slimebound:CorrosiveSpit","Slimebound:SplitBruiser+1","Slimebound:Prepare+1","Slimebound:Repurpose","Slimebound:SplitMire","Pot Of Greed","Pot Of Greed","Slimebound:LivingWall","Slimebound:SlimeTap","Slimebound:Overexert+1","Slimebound:SlimeSlap","Slimebound:SplitBruiser","Slimebound:LevelUp","Slimebound:LeechLife","Slimebound:Tackle+1","Slimebound:Tackle+1","Slimebound:Tackle+1","Pot Of Greed","Slimebound:SplitMire+1","Slimebound:SplitMire+1","Slimebound:LeadByExample","Writhe"],"relics":["Slimebound:AbsorbEndCombat","MealTicket","Nunchaku","downfall:HeartBlessingRed","Astrolabe","downfall:RedIOU","Replay:Bandana","Torii","downfall:HeartBlessingGreen","BranchBurnRelic","HornCleat"],"acts_visited":["Exordium","TheCity"],"potions_floor_usage":[25,27,33,33],"damage_taken":[{"damage":1,"enemies":"Cultist","floor":2,"turns":3},{"damage":9,"enemies":"2 Louse","floor":3,"turns":3},{"damage":6,"enemies":"downfall:FleeingMerchant","floor":4,"turns":4},{"damage":31,"enemies":"3 Sentries","floor":11,"turns":5},{"damage":6,"enemies":"Jaw Worm","floor":12,"turns":2},{"damage":6,"enemies":"2 Fungi Beasts","floor":14,"turns":3},{"damage":13,"enemies":"Large Slime","floor":15,"turns":3},{"damage":34,"enemies":"IC_STATUS_ARCHETYPE","floor":16,"turns":7},{"damage":0,"enemies":"Spheric Guardian","floor":19,"turns":3},{"damage":27,"enemies":"3 Cultists","floor":20,"turns":6},{"damage":0,"enemies":"downfall:FleeingMerchant","floor":21,"turns":4},{"damage":20,"enemies":"downfall:FleeingMerchant","floor":25,"turns":4},{"damage":0,"enemies":"Snecko","floor":26,"turns":2},{"damage":41,"enemies":"Slavers","floor":27,"turns":6},{"damage":16,"enemies":"Snake Plant","floor":29,"turns":3},{"damage":16,"enemies":"Chosen and Byrds","floor":32,"turns":5},{"damage":83,"enemies":"DF_ARCHETYPE_CLAW","floor":33,"turns":11}],"seed_played":"408047415360423103","potions_obtained":[{"floor":2,"key":"Weak Potion"},{"floor":3,"key":"BlessingOfTheForge"},{"floor":11,"key":"Fire Potion"},{"floor":16,"key":"blueLaboratory:LouseDecoction"},{"floor":20,"key":"LiquidMemories"},{"floor":26,"key":"blueLaboratory:BubblePotion"},{"floor":27,"key":"Weak Potion"}],"is_trial":false,"path_per_floor":["R","M","M","$","?","R","T","R","T","?","E","M","R","M","M","B",null,"R","M","M","$","?","?","T","$","M","E","$","M","R","?","M","B"],"character_chosen":"SLIMEBOUND","items_purchased":["Slimebound:SplitBruiser","Slimebound:LevelUp","Slimebound:LeechLife","Dead Branch"],"campfire_rested":1,"item_purchase_floors":[21,21,21,25],"current_hp_per_floor":[65,64,57,61,61,61,61,61,61,61,36,32,51,49,38,12,65,65,65,44,63,63,63,63,49,59,46,61,65,65,65,51,0,0,0],"gold":82,"neow_bonus":"THREE_CARDS","is_daily":false,"chose_seed":false,"campfire_upgraded":2,"win_rate":0.0,"timestamp":1612901323,"path_taken":["R","M","M","?","?","R","T","R","?","?","E","M","R","M","M","BOSS","R","M","M","$","?","?","T","$","M","E","?","M","R","?","M","BOSS"],"items_purchased_type":["Card","Card","Card","Relic"],"build_version":"2020-12-22","purchased_purges":0,"victory":false,"max_hp_per_floor":[65,65,65,65,65,65,65,65,65,65,65,65,65,65,65,65,65,65,65,65,65,65,65,65,65,65,65,65,65,65,65,65,65,65,65],"card_choices":[{"not_picked":["Slimebound:PressTheAttack","Slimebound:Nibble"],"picked":"Slimebound:SplitBruiser","floor":0},{"not_picked":["Slimebound:LeechEnergy","Slimebound:SamplingLick"],"picked":"Slimebound:Prepare","floor":2},{"not_picked":["Slimebound:SlimeSlap","Slimebound:Schlurp"],"picked":"Slimebound:Repurpose","floor":3},{"not_picked":["Slimebound:Prepare","Slimebound:OneTwoCombo"],"picked":"Slimebound:SplitMire","floor":4},{"not_picked":["Slimebound:ComboTackle","Slimebound:RainOfGoop","Slimebound:SpikyOuterGoop"],"picked":"SKIP","floor":11},{"not_picked":["Slimebound:PressTheAttack","Slimebound:SlimeSpikes"],"picked":"Slimebound:LivingWall","floor":12},{"not_picked":["Slimebound:Schlurp","Slimebound:Replication","Slimebound:SlimeSpikes"],"picked":"SKIP","floor":14},{"not_picked":["Slimebound:LeadByExample","Slimebound:RejuvenatingLick"],"picked":"Slimebound:SlimeTap","floor":15},{"not_picked":["Slimebound:MinionMaster","Slimebound:DuplicatedForm"],"picked":"Slimebound:Overexert","floor":16},{"not_picked":["Slimebound:PressTheAttack","Slimebound:GoopTackle","Slimebound:SamplingLick+1"],"picked":"SKIP","floor":19},{"not_picked":["Slimebound:PressTheAttack","Slimebound:ServeAndProtect","Slimebound:FinishingTackle+1"],"picked":"SKIP","floor":20},{"not_picked":["Slimebound:BestDefense","Slimebound:GoopSpray"],"picked":"Slimebound:SlimeSlap","floor":21},{"not_picked":["Slimebound:Repurpose","Slimebound:PressTheAttack"],"picked":"Slimebound:SplitMire+1","floor":25},{"not_picked":["Slimebound:ComboTackle","Slimebound:LivingWall"],"picked":"Slimebound:SplitMire+1","floor":26},{"not_picked":["Slimebound:RainOfGoop","Slimebound:ServeAndProtect+1"],"picked":"Slimebound:LeadByExample","floor":27},{"not_picked":["Slimebound:GoopSpray","Slimebound:Replication","Slimebound:Gluttony"],"picked":"SKIP","floor":29},{"not_picked":["Slimebound:SpikyOuterGoop","Slimebound:SamplingLick","Slimebound:Nibble"],"picked":"SKIP","floor":32}],"player_experience":256843,"relics_obtained":[{"floor":1,"key":"MealTicket"},{"floor":9,"key":"Grinning Jar"},{"floor":11,"key":"Nunchaku"},{"floor":24,"key":"Replay:Bandana"},{"floor":27,"key":"Torii"}],"event_choices":[],"is_beta":false,"boss_relics":[{"not_picked":["Slimebound:TarBlob","SacredBark"],"picked":"Astrolabe"}],"items_purged_floors":[],"is_endless":false,"potions_floor_spawned":[2,3,11,15,16,19,20,26,27,32],"killed_by":"DF_ARCHETYPE_CLAW","ascension_level":0}}