{"host":"d76q0rb9a0s9bgr5","time":1612889688,"event":{"mods":["BaseMod","Downfall","Hubris","Minty Spire (QoL Compilation)","StSLib"],"gold_per_floor":[99,99,99,99,99,99,174,194,194,212,240,240,290,200,200,298,298,317,336,336,29,29,45,96,113,113,78,111,126,155,155,55,55,55,55],"floor_reached":33,"language":"ENG","playtime":2501,"items_purged":["downfall:Malfunctioning","bronze:Strike"],"score":279,"play_id":"5b7c99cf-dd49-4e60-a371-e58ad0d19558","local_time":"20210209175448","is_ascension_mode":false,"campfire_choices":[{"data":"bronze:ChosenStrike","floor":9,"key":"SMITH"},{"data":"hubris:DuctTapeCard","floor":12,"key":"SMITH"},{"data":"bronze:Defend","floor":15,"key":"SMITH"},{"data":"bronze:CleanCode","floor":26,"key":"SMITH"},{"data":"bronze:FineTuning","floor":26,"key":"SMITH"},{"data":"bronze:Terminator","floor":32,"key":"SMITH"}],"circlet_count":0,"master_deck":["bronze:Strike+1","bronze:Strike+1","bronze:Strike+1","bronze:Defend+1","bronze:Defend","bronze:Defend","bronze:Defend","bronze:Goto+1","bronze:ChosenStrike+1","hubris:DuctTapeCard+2","bronze:WhirlingStrike+1","bronze:CleanCode+1","bronze:FineTuning+1","bronze:WildBeam","bronze:Terminator+1"],"relics":["bronze:BronzeCore","downfall:HeartsMalice","Ornamental Fan","hubris:DuctTape","Whetstone","Sozu","hubris:TinFlute","Matryoshka","Bag of Preparation","Smiling Mask","hubris:MedicalManual","Juzu Bracelet","hubris:Reverence","downfall:HeartBlessingGreen"],"acts_visited":["Exordium","TheCity"],"potions_floor_usage":[],"damage_taken":[{"damage":0,"enemies":"2 Louse","floor":1,"turns":1},{"damage":0,"enemies":"Cultist","floor":2,"turns":1},{"damage":0,"enemies":"Small Slimes","floor":6,"turns":1},{"damage":18,"enemies":"Red Slaver","floor":8,"turns":5},{"damage":5,"enemies":"Lots of Slimes","floor":10,"turns":3},{"damage":28,"enemies":"Lagavulin","floor":11,"turns":7},{"damage":0,"enemies":"downfall:FleeingMerchant","floor":14,"turns":4},{"damage":9,"enemies":"SI_SHIV_ARCHETYPE","floor":16,"turns":6},{"damage":0,"enemies":"Spheric Guardian","floor":18,"turns":2},{"damage":0,"enemies":"Chosen","floor":19,"turns":3},{"damage":0,"enemies":"downfall:FleeingMerchant","floor":21,"turns":4},{"damage":13,"enemies":"Snecko","floor":23,"turns":5},{"damage":14,"enemies":"Snake Plant","floor":25,"turns":3},{"damage":16,"enemies":"downfall:FleeingMerchant","floor":27,"turns":3},{"damage":5,"enemies":"Book of Stabbing","floor":28,"turns":6},{"damage":0,"enemies":"Cultist and Chosen","floor":29,"turns":4},{"damage":5,"enemies":"Gremlin Leader","floor":30,"turns":4},{"damage":25,"enemies":"IC_MUSHROOM_ARCHETYPE","floor":33,"turns":6}],"seed_played":"-4929180141385078624","potions_obtained":[{"floor":8,"key":"EssenceOfSteel"},{"floor":10,"key":"FearPotion"},{"floor":16,"key":"Block Potion"}],"is_trial":false,"path_per_floor":["M","M","?","?","?","M","T","M","R","M","E","R","T","$","R","B",null,"M","M","T","$","?","M","T","M","R","$","E","M","E","?","R","B"],"character_chosen":"THE_AUTOMATON","items_purchased":["Matryoshka","bronze:FineTuning","hubris:MedicalManual"],"campfire_rested":0,"item_purchase_floors":[21,21,27],"current_hp_per_floor":[70,70,75,75,75,75,75,57,57,52,24,24,24,24,24,15,75,75,75,75,75,75,62,62,48,48,32,27,27,22,22,22,0,0,0],"gold":55,"neow_bonus":"THREE_ENEMY_KILL","is_daily":false,"chose_seed":false,"campfire_upgraded":6,"win_rate":0.0,"timestamp":1612889688,"path_taken":["M","M","?","?","?","M","T","M","R","M","E","R","?","$","R","BOSS","M","M","?","$","?","M","T","?","R","?","E","M","E","?","R","BOSS"],"items_purchased_type":["Relic","Card","Relic"],"build_version":"2020-12-22","purchased_purges":2,"victory":false,"max_hp_per_floor":[70,70,75,75,75,75,75,75,75,75,75,75,75,75,75,75,75,75,75,75,75,75,75,75,75,75,75,75,75,75,75,75,75,75,75],"card_choices":[{"not_picked":["bronze:OilSpill","bronze:Separator","bronze:BitShift"],"picked":"SKIP","floor":1},{"not_picked":["bronze:Overheat","bronze:Philosophize","bronze:BuggyMess"],"picked":"SKIP","floor":2},{"not_picked":["bronze:Branch","bronze:ItsAFeature"],"picked":"bronze:ChosenStrike","floor":6},{"not_picked":["bronze:BuggyMess","bronze:CutThrough"],"picked":"bronze:ChildClass","floor":8},{"not_picked":["bronze:Separator","bronze:Frontload","bronze:WildBeam"],"picked":"SKIP","floor":10},{"not_picked":["bronze:Break","bronze:DarkDash"],"picked":"bronze:WhirlingStrike","floor":11},{"not_picked":["bronze:Shield","bronze:ChosenStrike","bronze:Repulsor"],"picked":"SKIP","floor":14},{"not_picked":["bronze:FindAndReplace","bronze:SpaghettiCode"],"picked":"bronze:CleanCode","floor":16},{"not_picked":["bronze:ChosenStrike","bronze:WildBeam","bronze:BugBarrage"],"picked":"SKIP","floor":18},{"not_picked":["bronze:Constructor","bronze:CutThrough","bronze:Invalidate"],"picked":"SKIP","floor":19},{"not_picked":["bronze:CutThrough+1","bronze:DelayedGuard","bronze:Overload"],"picked":"SKIP","floor":21},{"not_picked":["bronze:Philosophize","bronze:Iterate","bronze:Repair"],"picked":"SKIP","floor":23},{"not_picked":["bronze:ShipIt","bronze:Shell","bronze:Deprecate"],"picked":"SKIP","floor":25},{"not_picked":["bronze:ForLoop","bronze:ForceShield","bronze:BronzeArmor+1"],"picked":"SKIP","floor":27},{"not_picked":["bronze:Invalidate","bronze:ChildClass+1"],"picked":"bronze:WildBeam","floor":28},{"not_picked":["bronze:BitShift","bronze:BuggyMess"],"picked":"bronze:Terminator","floor":29},{"not_picked":["bronze:Invalidate","bronze:Return+1","bronze:Deprecate"],"picked":"SKIP","floor":30}],"player_experience":120181,"relics_obtained":[{"floor":7,"key":"Ornamental Fan"},{"floor":11,"key":"hubris:DuctTape"},{"floor":13,"key":"Whetstone"},{"floor":20,"key":"hubris:TinFlute"},{"floor":24,"key":"Bag of Preparation"},{"floor":24,"key":"Smiling Mask"},{"floor":28,"key":"Juzu Bracelet"},{"floor":30,"key":"hubris:Reverence"}],"event_choices":[{"damage_healed":0,"gold_gain":0,"player_choice":"Donut","damage_taken":0,"max_hp_gain":5,"max_hp_loss":0,"event_name":"Big Fish","floor":3,"gold_loss":0},{"damage_healed":0,"gold_gain":0,"player_choice":"Ignored","damage_taken":0,"max_hp_gain":0,"max_hp_loss":0,"event_name":"Vampires","floor":31,"gold_loss":0}],"is_beta":false,"boss_relics":[{"not_picked":["Velvet Choker","SacredBark"],"picked":"Sozu"}],"items_purged_floors":[14,27],"is_endless":false,"potions_floor_spawned":[8,10,16,25,29,30],"killed_by":"IC_MUSHROOM_ARCHETYPE","ascension_level":0}}