{"host":"71m6b5pyuze2esq2","time":1612902040,"event":{"mods":["2.2 Compatiblity","A Penny For Your Troubles","AchievementEnabler","Act Like it!","Aspiration","Astrologer","BaseMod","Beaked The Cultist","Better Debug","Better Note","Better Sensory Stone","Better Skull","Better Third Choice","Better Vampires","CapriCore","Chat Monstrosity","Colored Powertips","Conjunction","Conspire","Defective Defect","Dota2Spire","Downfall","Duelist Mod","EXCEPTION","Ekko","Elementarium","Energized Spire","Fox Events","Friendly Minions","Gensokyo","GifTheSpireLib","Googly Eyes","GungeonMod","Halation","Hallownest","Hermit","HexUI Lib","HololiveMod","Hubris","Infinite Spire","Ironclad Rager","Jedi Mod","Jess\u0027s Bottle","Mad Scientist","Marisa（霧雨　魔理沙）","Melee Mod","Menagerie","Mimic Mod","Minty Spire (QoL Compilation)","Morshu Shopkeeper","Morshu Shopkeeper - ENHANCED","Permanent Neow","Poor People Problems","Quarter Circle Forward PUNCH!","Random Character Button","Rare Cards Sparkle","RatMod","Reliquary","Replay The Spire","Retaliation","Robot Space Explorer","Ryuuou龙王","SCP261 Mod","Shade Mod","Shedinja","Shop Mod","Small Relic Pack","Somnambulant","Spicy Shops","Spikes Relics","Spire Arcade","StS++","StSLib","The Animator","The Blackbeard","The Bladedancer","The Blue Laboratory","The Bug Knight","The Construct","The Cursed","The Dragon Tamer","The Edgeheg","The Elementalist","The Gatherer","The Hayseed","The Hierophant","The Immortal","The Mystic","The Necromancer","The Poker Player","The Runesmith","The Servant 0.9.4","The Valiant","The Wild Card","TheFirefly","Trackpad","Transform Curses","Uncapped","Useless Jewels Mod","Virulent Crown","Waifu the Spire","Wandering Minibosses","WarShipGirlsR/战舰少女R mod","Wide Potions","egg","everything is the same but u backflip on backflip","slay the spire mod where everything is the same but ironclad has a cowboy hat"],"gold_per_floor":[99,115,115,126,80,99,135,35,35,45,55,68,79,110,124,222,222,122,141,153,153,172,172,172,172],"floor_reached":23,"language":"ENG","playtime":2171,"items_purged":[],"score":212,"play_id":"38d3ef71-e8e8-4d08-8694-e4a9adfc405e","local_time":"20210209142040","is_ascension_mode":false,"campfire_choices":[{"floor":1,"key":"RECALL"},{"floor":8,"key":"REST"},{"data":"champ:GladiatorForm","floor":18,"key":"SMITH"}],"circlet_count":0,"master_deck":["champ:Strike","champ:Strike","champ:Strike","champ:Strike","champ:Defend","champ:Defend","champ:Defend","champ:Defend","champ:Execute","champ:Taunt","champ:PreciseThrust","champ:BringItOn","champ:FaceSlap","champ:DefensiveShout","champ:CheapShot","champ:HeavySlash","champ:AdrenalArmor","champ:CrownThrow","champ:StanceDance","champ:SetATrap","champ:GladiatorForm+1","champ:FanOfKnives","champ:VampiricStrike","champ:RisingSlash"],"relics":["champ:ChampionCrown","aspiration:Nostalgia","hierophant:PropheticMaskRelic","qcfpunch:Red_Beret","downfall:HeartBlessingRed","reliquary:IridiumChain","hubris:TenFootPole","Black Star","downfall:HeartBlessingBlue"],"acts_visited":["Gensokyo:Gensokyo","TheCity"],"potions_floor_usage":[13,16,19],"damage_taken":[{"damage":13,"enemies":"Gensokyo:Python","floor":2,"turns":4},{"damage":0,"enemies":"Gensokyo:Gryphon","floor":4,"turns":4},{"damage":3,"enemies":"Gensokyo:2_Kodama","floor":6,"turns":4},{"damage":19,"enemies":"Gensokyo:VengefulSpirit","floor":7,"turns":9},{"damage":0,"enemies":"Gensokyo:VengefulSpirit","floor":10,"turns":3},{"damage":0,"enemies":"Gensokyo:CorruptedTreant","floor":11,"turns":3},{"damage":27,"enemies":"Gensokyo:3_Kodama","floor":12,"turns":4},{"damage":0,"enemies":"Gensokyo:Kitsune","floor":13,"turns":4},{"damage":10,"enemies":"Gensokyo:CorruptedTreant","floor":14,"turns":5},{"damage":14,"enemies":"Gensokyo:CorruptedTreant","floor":15,"turns":3},{"damage":25,"enemies":"WA_ARCHETYPE_RETAIN","floor":16,"turns":5},{"damage":66,"enemies":"conspire:FuzzyDice","floor":19,"turns":11},{"damage":41,"enemies":"Shell Parasite","floor":20,"turns":5},{"damage":47,"enemies":"Centurion and Healer","floor":22,"turns":9},{"damage":25,"enemies":"downfall:FleeingMerchant","floor":23,"turns":3}],"seed_played":"-6632264552594050942","potions_obtained":[{"floor":6,"key":"SpeedPotion"},{"floor":11,"key":"blueLaboratory:BottleOfVodka"},{"floor":12,"key":"PowerPotion"}],"is_trial":false,"path_per_floor":["R","M","?","M","COS","M","MIM","R","?","M","M","M","M","MIM","M","B",null,"R","M","M","?","M","$"],"character_chosen":"THE_CHAMP","items_purchased":[],"campfire_rested":1,"item_purchase_floors":[],"current_hp_per_floor":[90,87,69,69,69,66,62,89,74,74,74,72,72,72,68,48,90,100,64,48,48,24,0,0,0],"gold":172,"neow_bonus":"NOSTALGIA","is_daily":false,"chose_seed":false,"campfire_upgraded":1,"win_rate":0.0,"timestamp":1612902040,"path_taken":["R","M","?","?","COS","M","MIM","R","?","M","M","?","M","?","M","BOSS","R","M","M","?","M","$"],"items_purchased_type":[],"build_version":"2020-12-22","purchased_purges":0,"victory":false,"max_hp_per_floor":[90,90,90,90,90,90,90,90,90,90,90,90,90,90,90,90,90,100,100,100,100,100,100,100,100],"card_choices":[{"not_picked":["champ:CalledShot","champ:Circumvent"],"picked":"champ:PreciseThrust","floor":2},{"not_picked":["champ:Haymaker","champ:FancyFootwork"],"picked":"champ:BringItOn","floor":4},{"not_picked":["champ:Endure","champ:CrownThrow"],"picked":"champ:FaceSlap","floor":6},{"not_picked":["champ:Duel","champ:Lariat"],"picked":"champ:DefensiveShout","floor":7},{"not_picked":["champ:TornadoPunch","champ:Duel"],"picked":"champ:CheapShot","floor":10},{"not_picked":["champ:CrownThrow","champ:Haymaker"],"picked":"champ:HeavySlash","floor":11},{"not_picked":["champ:FocusedDefense","champ:RisingSlash"],"picked":"champ:AdrenalArmor","floor":12},{"not_picked":["champ:EnGarde","champ:FlashCut"],"picked":"champ:CrownThrow","floor":13},{"not_picked":["champ:BerserkersShout","champ:Shatter"],"picked":"champ:StanceDance","floor":14},{"not_picked":["champ:PreemptiveStrike","champ:BladeFlurry"],"picked":"champ:SetATrap","floor":15},{"not_picked":["champ:DancingMaster","champ:IgnorePain"],"picked":"champ:GladiatorForm","floor":16},{"not_picked":["champ:BerserkersShout+1","champ:FocusedBerserking"],"picked":"champ:FanOfKnives","floor":19},{"not_picked":["champ:BerserkersShout","champ:PerfectedStrike"],"picked":"champ:VampiricStrike","floor":20},{"not_picked":["champ:BerserkersShout","champ:PerfectedStrike"],"picked":"champ:RisingSlash","floor":22}],"player_experience":567361,"relics_obtained":[{"floor":14,"key":"hubris:TenFootPole"}],"event_choices":[{"damage_healed":0,"gold_gain":0,"player_choice":"RE ","damage_taken":20,"relics_obtained":["qcfpunch:Red_Beret"],"max_hp_gain":0,"max_hp_loss":0,"event_name":"betterSkull:BetterSkull","floor":3,"gold_loss":0,"cards_upgraded":[]},{"damage_healed":0,"gold_gain":0,"player_choice":"Leave","damage_taken":0,"max_hp_gain":0,"max_hp_loss":0,"event_name":"conspire:Investor","floor":21,"gold_loss":0}],"is_beta":false,"boss_relics":[{"not_picked":["ReplayTheSpireMod:SealedPack","qcfpunch:Dark_Gi"],"picked":"Black Star"}],"items_purged_floors":[],"is_endless":false,"potions_floor_spawned":[6,11,12],"killed_by":"downfall:FleeingMerchant","ascension_level":0}}