{"host":"1bvadgc0hovl67h4","time":1612846407,"event":{"mods":["BaseMod","Colored Map","Downfall","Hermit","Minty Spire (QoL Compilation)","Morshu Shopkeeper","Morshu Shopkeeper - ENHANCED","StSLib","The Cursed"],"gold_per_floor":[99,99,99,274,374,388,388,388,399,416,80,114,14,14,31,132,132,32,44,44,44,44,62,62,77,77,102,102,128,28,46,56,157,157,157,168,181,181,281,294,294,310,360,360,376,376,376,391,407,407,407,432,33,33,33,33,33],"floor_reached":55,"language":"ENG","playtime":4085,"items_purged":["Doubt","hexamod:GhostOfSpirePresent+1"],"score":794,"play_id":"3530a246-f095-49b1-99dc-4813e9d5c893","local_time":"20210208205327","is_ascension_mode":true,"campfire_choices":[{"floor":1,"key":"RECALL"},{"data":"hexamod:HeatMetal","floor":13,"key":"SMITH"},{"data":"hexamod:TimeOfNeed","floor":18,"key":"SMITH"},{"data":"hexamod:SuperheatedStrike","floor":26,"key":"SMITH"},{"floor":30,"key":"REST"},{"data":"hexamod:GhostOfSpirePresent","floor":35,"key":"SMITH"},{"floor":47,"key":"REST"},{"floor":54,"key":"REST"}],"circlet_count":0,"master_deck":["hexamod:Strike","hexamod:Strike","hexamod:Strike","hexamod:Defend","hexamod:Defend","hexamod:Defend","hexamod:Defend","hexamod:Sear","hexamod:Float+1","hexamod:SuperheatedStrike+1","hexamod:ThermalTransfer","hexamod:BurningTouch","hexamod:EmpoweredFlame+1","hexamod:HeatMetal+1","hexamod:TimeOfNeed+1","hexamod:RadiantFlame+1","hexamod:FastForward","hexamod:BurningTouch+1","hexamod:HeatShield+1","hexamod:SkipABeat+1","hexamod:GhostLash+1","hexamod:SoulSteal+1","hexamod:NightmareGuise+1","hexamod:FastForward+1","hexamod:CatchUp+1","hexamod:PowerFromBeyond+1"],"relics":["hexamod:SpiritBrand","downfall:HeartsMalice","downfall:GremlinWheel","Blood Vial","downfall:HeartBlessingRed","Singing Bowl","SlaversCollar","downfall:HeartBlessingBlue","MutagenicStrength","Kunai","downfall:RedIOU","FossilizedHelix","WingedGreaves","Toxic Egg 2","downfall:HeartBlessingGreen","The Courier","expansioncontent:StudyCardRelic","White Beast Statue","Ginger","Lizard Tail","Lantern","Orichalcum","hexamod:MatchstickCase"],"acts_visited":["Exordium","TheCity","TheBeyond","TheEnding"],"potions_floor_usage":[12,16,23,25,25,32,32,42,43,45,48,50,50,55,55],"damage_taken":[{"damage":0,"enemies":"Jaw Worm","floor":2,"turns":1},{"damage":0,"enemies":"Cultist","floor":3,"turns":1},{"damage":0,"enemies":"Cultist","floor":5,"turns":1},{"damage":0,"enemies":"Small Slimes","floor":6,"turns":3},{"damage":8,"enemies":"Gremlin Gang","floor":9,"turns":4},{"damage":14,"enemies":"Exordium Thugs","floor":10,"turns":4},{"damage":0,"enemies":"downfall:FleeingMerchant","floor":11,"turns":4},{"damage":4,"enemies":"Gremlin Nob","floor":12,"turns":3},{"damage":0,"enemies":"Large Slime","floor":15,"turns":4},{"damage":22,"enemies":"DF_ARCHETYPE_STREAMLINE","floor":16,"turns":6},{"damage":9,"enemies":"Shell Parasite","floor":19,"turns":4},{"damage":25,"enemies":"3 Cultists","floor":23,"turns":5},{"damage":0,"enemies":"Cultist and Chosen","floor":25,"turns":6},{"damage":33,"enemies":"Slavers","floor":27,"turns":6},{"damage":12,"enemies":"Book of Stabbing","floor":29,"turns":4},{"damage":3,"enemies":"Centurion and Healer","floor":31,"turns":8},{"damage":16,"enemies":"Snake Plant","floor":32,"turns":3},{"damage":13,"enemies":"IC_MUSHROOM_ARCHETYPE","floor":33,"turns":9},{"damage":8,"enemies":"Orb Walker","floor":36,"turns":3},{"damage":18,"enemies":"3 Darklings","floor":37,"turns":3},{"damage":36,"enemies":"downfall:LadyInBlue","floor":39,"turns":9},{"damage":0,"enemies":"Maw","floor":40,"turns":7},{"damage":0,"enemies":"4 Shapes","floor":42,"turns":5},{"damage":0,"enemies":"4 Shapes","floor":43,"turns":7},{"damage":64,"enemies":"Transient","floor":45,"turns":5},{"damage":20,"enemies":"Writhing Mass","floor":48,"turns":6},{"damage":10,"enemies":"Maw","floor":49,"turns":6},{"damage":0,"enemies":"SI_POISON_ARCHETYPE","floor":50,"turns":7},{"damage":177,"enemies":"downfall:CharBossMerchant","floor":52,"turns":10},{"damage":47,"enemies":"downfall:NeowBoss","floor":55,"turns":9}],"seed_played":"6529347914974935270","potions_obtained":[{"floor":9,"key":"Fire Potion"},{"floor":10,"key":"LiquidMemories"},{"floor":12,"key":"Swift Potion"},{"floor":16,"key":"Guardian:BlockOnCardUsePotion"},{"floor":19,"key":"Explosive Potion"},{"floor":23,"key":"Swift Potion"},{"floor":29,"key":"hexamod:EctoCoolerPotion"},{"floor":31,"key":"DistilledChaos"},{"floor":37,"key":"SneckoOil"},{"floor":39,"key":"hexamod:InfernoChargePotion"},{"floor":39,"key":"CultistPotion"},{"floor":42,"key":"hexamod:InfernoChargePotion"},{"floor":42,"key":"SteroidPotion"},{"floor":43,"key":"Ancient Potion"},{"floor":45,"key":"GamblersBrew"},{"floor":45,"key":"LiquidMemories"},{"floor":48,"key":"champ:CounterPotion"},{"floor":52,"key":"CultistPotion"}],"is_trial":false,"path_per_floor":["R","M","M","?","?","M","T","?","M","M","$","E","R","T","M","B",null,"R","M","?","T","?","M","T","M","R","E","?","E","R","M","M","B",null,"R","M","M","?","?","M","T","M","?","?","M","?","R","M","M","B",null,"E","$","R","B"],"character_chosen":"THE_SPIRIT","items_purchased":["Blood Vial","FairyPotion","Orichalcum","hexamod:MatchstickCase","FearPotion","champ:CounterPotion"],"campfire_rested":3,"item_purchase_floors":[11,11,53,53,53,53],"current_hp_per_floor":[70,70,70,70,70,70,70,70,62,48,48,46,46,46,50,30,72,82,73,73,73,73,52,52,56,56,27,27,19,46,45,31,20,90,90,82,66,66,32,36,36,38,40,80,16,8,32,14,8,10,82,17,17,42,0,0,0],"gold":33,"neow_bonus":"THREE_ENEMY_KILL","is_daily":false,"chose_seed":false,"campfire_upgraded":4,"win_rate":0.0,"timestamp":1612846407,"path_taken":["R","M","M","?","?","?","T","?","?","M","?","E","R","?","M","BOSS","R","?","?","?","?","M","T","M","R","E","?","E","R","?","M","BOSS","R","M","M","?","?","M","T","?","?","?","M","?","R","?","M","BOSS","E","$","R","BOSS"],"items_purchased_type":["Relic","Potion","Relic","Relic","Potion","Potion"],"build_version":"2020-12-22","purchased_purges":2,"victory":false,"max_hp_per_floor":[70,70,70,70,70,70,70,70,70,70,70,70,70,70,72,72,72,82,82,82,82,82,84,84,86,86,88,88,90,90,90,90,90,90,90,90,90,90,90,92,92,92,92,80,80,80,80,80,82,82,82,84,84,84,84,84,84],"card_choices":[{"not_picked":["hexamod:GhostOfSpireFuture","hexamod:NightmareStrike"],"picked":"hexamod:SuperheatedStrike","floor":2},{"not_picked":["hexamod:PhantomFireball","hexamod:GhostShield"],"picked":"hexamod:ThermalTransfer","floor":3},{"not_picked":["hexamod:NightmareGuise","hexamod:AdvancingGuard"],"picked":"hexamod:BurningTouch","floor":6},{"not_picked":["hexamod:GhostflameInferno","hexamod:Firestarter"],"picked":"hexamod:EmpoweredFlame","floor":9},{"not_picked":["hexamod:HeatMetal","hexamod:GhostOfSpirePast","hexamod:ShieldOfDarkness"],"picked":"SKIP","floor":10},{"not_picked":["hexamod:FastForward","hexamod:Incineration","hexamod:ThermalTransfer"],"picked":"SKIP","floor":11},{"not_picked":["hexamod:Rewind","hexamod:FastForward"],"picked":"hexamod:HeatMetal","floor":12},{"not_picked":["hexamod:ThermalTransfer","hexamod:PhantomCloak","hexamod:HeatMetal"],"picked":"Singing Bowl","floor":15},{"not_picked":["hexamod:UnlimitedPower","hexamod:Toasty"],"picked":"hexamod:TimeOfNeed","floor":16},{"not_picked":["hexamod:Hexaguard+1","hexamod:SwordOfDarkness"],"picked":"hexamod:RadiantFlame+1","floor":19},{"not_picked":["hexamod:SpectralAdrenaline","hexamod:ThermalTransfer","hexamod:HeatMetal"],"picked":"Singing Bowl","floor":23},{"not_picked":["hexamod:InspiringFlames","hexamod:GhostOfSpireFuture","hexamod:HeatMetal+1"],"picked":"Singing Bowl","floor":25},{"not_picked":["hexamod:ShieldOfDarkness","hexamod:BurningTouch","hexamod:ThermalTransfer+1"],"picked":"Singing Bowl","floor":27},{"not_picked":["hexamod:SwordOfDarkness+1","hexamod:InspiringFlames+1","hexamod:ChargedBarrage+1"],"picked":"Singing Bowl","floor":29},{"not_picked":["hexamod:NightmareStrike","hexamod:ShieldOfDarkness+1"],"picked":"hexamod:BurningTouch+1","floor":31},{"not_picked":["hexamod:FifthSeal","hexamod:ThermalTransfer"],"picked":"hexamod:HeatShield+1","floor":32},{"not_picked":["hexamod:GhostflameInferno+1","hexamod:UnlimitedPower+1"],"picked":"hexamod:GhostOfSpirePresent","floor":33},{"not_picked":["hexamod:NightmareGuise+1","hexamod:FourthSeal"],"picked":"hexamod:SkipABeat+1","floor":36},{"not_picked":["hexamod:Haunt+1","hexamod:NightmareStrike"],"picked":"hexamod:GhostLash+1","floor":37},{"not_picked":["hexamod:AdvancingGuard+1","hexamod:RadiantFlame"],"picked":"hexamod:SoulSteal+1","floor":39},{"not_picked":["hexamod:GhostflameBarrier+1","hexamod:NightmareStrike+1","hexamod:ExtraCrispy"],"picked":"Singing Bowl","floor":40},{"not_picked":["hexamod:ShieldOfDarkness+1","hexamod:GhostOfSpirePast+1"],"picked":"hexamod:NightmareGuise+1","floor":42},{"not_picked":["hexamod:GhostOfSpirePresent","hexamod:NightmareStrike"],"picked":"hexamod:FastForward+1","floor":43},{"not_picked":["hexamod:GhostLash","hexamod:EtherealExpedition+1"],"picked":"hexamod:CatchUp+1","floor":45},{"not_picked":["hexamod:TimeWarp","hexamod:ExtraCrispy+1"],"picked":"hexamod:PowerFromBeyond+1","floor":48},{"not_picked":["hexamod:SkipABeat+1","hexamod:BurningTouch+1","hexamod:NightmareGuise+1"],"picked":"Singing Bowl","floor":49},{"not_picked":["hexamod:ExtraCrispy","hexamod:Incineration","hexamod:BurningTouch+1"],"picked":"Singing Bowl","floor":52}],"player_experience":263982,"relics_obtained":[{"floor":5,"key":"downfall:GremlinWheel"},{"floor":12,"key":"Omamori"},{"floor":14,"key":"Singing Bowl"},{"floor":21,"key":"Kunai"},{"floor":24,"key":"FossilizedHelix"},{"floor":27,"key":"WingedGreaves"},{"floor":29,"key":"Toxic Egg 2"},{"floor":30,"key":"The Courier"},{"floor":39,"key":"White Beast Statue"},{"floor":41,"key":"Ginger"},{"floor":43,"key":"Lizard Tail"},{"floor":52,"key":"Lantern"}],"event_choices":[{"damage_healed":0,"gold_gain":0,"player_choice":"Forge","damage_taken":0,"max_hp_gain":0,"max_hp_loss":0,"event_name":"Accursed Blacksmith","floor":8,"gold_loss":0,"cards_upgraded":["hexamod:Float"]},{"damage_healed":0,"gold_gain":0,"player_choice":"Inject Mutagens","damage_taken":0,"relics_obtained":["MutagenicStrength"],"max_hp_gain":0,"max_hp_loss":0,"event_name":"Drug Dealer","floor":20,"gold_loss":0},{"damage_healed":0,"gold_gain":0,"player_choice":"Relic","damage_taken":0,"max_hp_gain":0,"max_hp_loss":0,"event_name":"Wheel of Change","floor":30,"gold_loss":0}],"is_beta":false,"boss_relics":[{"not_picked":["Velvet Choker","Astrolabe"],"picked":"SlaversCollar"},{"not_picked":["Calling Bell","Busted Crown"],"picked":"expansioncontent:StudyCardRelic"}],"items_purged_floors":[11,53],"is_endless":false,"potions_floor_spawned":[9,10,12,15,16,19,23,29,31,37,40,42,43,45,48,49,52],"killed_by":"downfall:NeowBoss","ascension_level":1}}