{"host":"x7btokbb0w2jhl7e","time":1612837907,"event":{"mods":["Act Like it!","BaseMod","Gensokyo","Minty Spire (QoL Compilation)","Quick Restart","StSLib","TestMod"],"gold_per_floor":[19,38,38,438,449,449,289,306,386,397,423,437,471,486,486,558,558,578,208,219,239,239,239,164,198,198,198,230,230,244,494,494,571,571,587,604,620,620,201,201,211,211,264,273,273,288,299,331,331,331,331,331,331,59,85,85,85],"floor_reached":56,"language":"ZHS","playtime":2576,"items_purged":["Defend_G","Strike_G"],"score":2072,"play_id":"4a07efec-e2b0-487d-b746-badfcd01e1dc","local_time":"20210209103147","is_ascension_mode":true,"campfire_choices":[{"data":"Blade Dance","floor":6.0,"key":"SMITH"},{"data":"Blade Dance","floor":15.0,"key":"SMITH"},{"data":"Gensokyo:ManorOfTheDishes","floor":23.0,"key":"SMITH"},{"data":"Well Laid Plans","floor":27.0,"key":"SMITH"},{"floor":29.0,"key":"RECALL"},{"data":"Gensokyo:FourOfAKind","floor":32.0,"key":"SMITH"},{"data":"Wraith Form v2","floor":40.0,"key":"SMITH"},{"data":"Acrobatics","floor":49.0,"key":"SMITH"},{"data":"Gensokyo:FourOfAKind","floor":53.0,"key":"SMITH"}],"circlet_count":0,"master_deck":["AscendersBane","Strike_G","Strike_G","Strike_G+1","Strike_G","Defend_G","Defend_G","Defend_G","Defend_G","Survivor","Neutralize+1","Blade Dance+1","Escape Plan","Blade Dance+1","Well Laid Plans+1","Gensokyo:ManorOfTheDishes+1","Gensokyo:FourOfAKind+1","Gensokyo:FourOfAKind+1","Gensokyo:FourOfAKind","Gensokyo:FourOfAKind","Wraith Form v2+1","Escape Plan","Reflex","After Image","Tactician+1","Acrobatics+1"],"relics":["Ring of the Snake","testmod-Justice","Girya","Gensokyo:Bombinomicon","White Beast Statue","Regal Pillow","Bag of Marbles","testmod-PortableAltar","testmod-Register","Strawberry","Ninja Scroll","Art of War","Philosopher\u0027s Stone","testmod-Antiphasic","testmod-Charity","Whetstone","Bottled Lightning","testmod-IntensifyImprint"],"acts_visited":["Gensokyo:Gensokyo","Gensokyo:Gensokyoer","Gensokyo:Gensokyoest","TheEnding"],"potions_floor_usage":[56,56],"damage_taken":[{"damage":0.0,"enemies":"Gensokyo:Python","floor":1.0,"turns":4.0},{"damage":0.0,"enemies":"Gensokyo:3_Fairies","floor":2.0,"turns":4.0},{"damage":6.0,"enemies":"Gensokyo:2_Kodama","floor":5.0,"turns":4.0},{"damage":3.0,"enemies":"Gensokyo:Kitsune","floor":8.0,"turns":5.0},{"damage":8.0,"enemies":"Gensokyo:3_Kodama","floor":10.0,"turns":3.0},{"damage":1.0,"enemies":"Gensokyo:Aya","floor":11.0,"turns":3.0},{"damage":5.0,"enemies":"Gensokyo:Python_and_Kodama","floor":12.0,"turns":3.0},{"damage":0.0,"enemies":"Gensokyo:Cirno","floor":13.0,"turns":4.0},{"damage":0.0,"enemies":"Gensokyo:LivingMonolith","floor":14.0,"turns":3.0},{"damage":23.0,"enemies":"Gensokyo:Kokoro","floor":16.0,"turns":9.0},{"damage":4.0,"enemies":"Gensokyo:2_Gloops","floor":18.0,"turns":4.0},{"damage":6.0,"enemies":"Gensokyo:Chomper","floor":20.0,"turns":4.0},{"damage":6.0,"enemies":"Gensokyo:Swordslinger","floor":21.0,"turns":4.0},{"damage":18.0,"enemies":"Gensokyo:Tenshi","floor":25.0,"turns":3.0},{"damage":5.0,"enemies":"Gensokyo:Koishi","floor":28.0,"turns":6.0},{"damage":0.0,"enemies":"Gensokyo:Slime_Group","floor":30.0,"turns":2.0},{"damage":7.0,"enemies":"Gensokyo:Kaguya","floor":33.0,"turns":9.0},{"damage":0.0,"enemies":"Gensokyo:3_Boulders","floor":35.0,"turns":3.0},{"damage":0.0,"enemies":"Gensokyo:AncientGuardian","floor":36.0,"turns":3.0},{"damage":0.0,"enemies":"Gensokyo:Rafflesia","floor":37.0,"turns":4.0},{"damage":0.0,"enemies":"Gensokyo:4_Bats","floor":41.0,"turns":3.0},{"damage":0.0,"enemies":"Gensokyo:SeedOfUnknown","floor":44.0,"turns":4.0},{"damage":0.0,"enemies":"Gensokyo:Rafflesia","floor":46.0,"turns":4.0},{"damage":0.0,"enemies":"Gensokyo:3_Boulders","floor":47.0,"turns":5.0},{"damage":0.0,"enemies":"Gensokyo:Marisa","floor":48.0,"turns":4.0},{"damage":4.0,"enemies":"Gensokyo:Shinki","floor":50.0,"turns":7.0},{"damage":2.0,"enemies":"Gensokyo:Scarlet_Devils","floor":51.0,"turns":8.0},{"damage":1.0,"enemies":"Shield and Spear","floor":55.0,"turns":7.0},{"damage":59,"enemies":"The Heart","floor":56,"turns":5}],"seed_played":"-1485888619853578368","potions_obtained":[{"floor":10.0,"key":"ColorlessPotion"},{"floor":11.0,"key":"Block Potion"},{"floor":12.0,"key":"PowerPotion"},{"floor":13.0,"key":"EssenceOfSteel"},{"floor":14.0,"key":"Strength Potion"},{"floor":16.0,"key":"FearPotion"},{"floor":18.0,"key":"DistilledChaos"},{"floor":21.0,"key":"BlessingOfTheForge"},{"floor":25.0,"key":"Regen Potion"},{"floor":28.0,"key":"SkillPotion"},{"floor":30.0,"key":"Regen Potion"}],"is_trial":false,"path_per_floor":["M","M","?","?","M","R","?","M","T","M","E","M","E","M","R","B",null,"M","COS","M","M","?","R","$","E","T","R","E","R","M","?","R","B",null,"M","M","M","?","$","R","M","?","T","M","?","M","M","E","R","B","B",null,"R","$","E","B"],"character_chosen":"THE_SILENT","items_purchased":["testmod-Antiphasic","testmod-Charity","Bottled Lightning"],"campfire_rested":0,"item_purchase_floors":[39,39,54],"current_hp_per_floor":[59,59,59,59,53,53,53,50,50,42,41,36,36,36,36,13,53,49,49,43,37,37,37,37,26,26,26,21,21,21,21,21,14,28,28,28,28,28,27,26,26,25,25,25,24,24,24,24,23,18,16,19,19,18,17,0,0],"gold":85,"neow_bonus":"ONE_RARE_RELIC","is_daily":false,"chose_seed":false,"campfire_upgraded":8,"win_rate":0.0,"timestamp":1612837907,"path_taken":["M","M","?","?","?","R","?","M","T","M","E","M","E","M","R","BOSS","M","COS","M","M","?","R","$","E","T","R","E","R","?","?","R","BOSS","M","M","?","?","$","R","M","?","T","M","?","?","?","E","R","BOSS","BOSS","R","$","E","BOSS"],"items_purchased_type":["Relic","Relic","Relic"],"build_version":"2020-12-22","purchased_purges":2,"victory":false,"max_hp_per_floor":[66,66,66,66,66,66,66,66,66,66,66,66,66,66,66,66,66,65,64,63,62,40,39,38,44,43,42,41,40,39,35,34,33,32,31,30,29,28,27,26,26,25,25,25,24,24,24,24,23,22,21,20,19,18,18,22,22],"card_choices":[{"not_picked":["Prepared","Flying Knee"],"picked":"Blade Dance","floor":1.0},{"not_picked":["Setup","Prepared","Masterful Stab"],"picked":"SKIP","floor":2.0},{"not_picked":["Quick Slash","Expertise"],"picked":"Escape Plan","floor":5.0},{"not_picked":["Dash","Concentrate","Tactician"],"picked":"SKIP","floor":8.0},{"not_picked":["Dash","Concentrate","Tactician"],"picked":"SKIP","floor":8.0},{"not_picked":["Dodge and Roll","Underhanded Strike","Backflip"],"picked":"SKIP","floor":10.0},{"not_picked":["Expertise","Flying Knee","Caltrops"],"picked":"SKIP","floor":11.0},{"not_picked":["Sucker Punch","PiercingWail","Deadly Poison"],"picked":"SKIP","floor":12.0},{"not_picked":["All Out Attack","Deadly Poison"],"picked":"Blade Dance","floor":13.0},{"not_picked":["Bullet Time","Sucker Punch"],"picked":"Well Laid Plans","floor":14.0},{"not_picked":["Outmaneuver","Dodge and Roll","Flying Knee+1"],"picked":"SKIP","floor":18.0},{"not_picked":["Bouncing Flask","Blade Dance","Dodge and Roll+1"],"picked":"SKIP","floor":20.0},{"not_picked":["Leg Sweep","Choke","Well Laid Plans"],"picked":"SKIP","floor":21.0},{"not_picked":["Prepared","Distraction","Crippling Poison"],"picked":"SKIP","floor":25.0},{"not_picked":["Blur+1","Choke","Eviscerate"],"picked":"SKIP","floor":28.0},{"not_picked":["Choke","Prepared","Expertise"],"picked":"SKIP","floor":30.0},{"not_picked":["Tools of the Trade","Venomology"],"picked":"Wraith Form v2","floor":33.0},{"not_picked":["Prepared+1","Dodge and Roll"],"picked":"Escape Plan","floor":35.0},{"not_picked":["Dodge and Roll","Endless Agony"],"picked":"Reflex","floor":36.0},{"not_picked":["Quick Slash","Sucker Punch","Bane"],"picked":"SKIP","floor":37.0},{"not_picked":["Flying Knee","Slice+1","Outmaneuver"],"picked":"SKIP","floor":41.0},{"not_picked":["Poisoned Stab","Acrobatics"],"picked":"After Image","floor":44.0},{"not_picked":["Dodge and Roll+1","Leg Sweep","Blade Dance"],"picked":"SKIP","floor":46.0},{"not_picked":["Reflex","Quick Slash+1"],"picked":"Tactician+1","floor":47.0},{"not_picked":["Blade Dance","Accuracy"],"picked":"Acrobatics","floor":48.0},{"not_picked":["Dagger Spray+1","Concentrate","Dash"],"picked":"SKIP","floor":55.0}],"player_experience":240298,"relics_obtained":[{"floor":9.0,"key":"White Beast Statue"},{"floor":11.0,"key":"Regal Pillow"},{"floor":13.0,"key":"Bag of Marbles"},{"floor":25.0,"key":"Strawberry"},{"floor":26.0,"key":"Ninja Scroll"},{"floor":28.0,"key":"Art of War"},{"floor":48.0,"key":"Whetstone"},{"floor":55.0,"key":"testmod-IntensifyImprint"}],"event_choices":[{"damage_healed":0.0,"max_hp_gain":0.0,"max_hp_loss":0.0,"gold_gain":400.0,"event_name":"¶÷ÂåË¹µÄÅÌ×Ó","player_choice":"Sell","floor":4.0,"relics_lost":["testmod-TestBox"],"gold_loss":0.0,"damage_taken":0.0}],"is_beta":false,"boss_relics":[{"not_picked":["Runic Dome","Ring of the Serpent"],"picked":"testmod-PortableAltar"},{"not_picked":["Sozu","testmod-SaigiyounoYou"],"picked":"Philosopher\u0027s Stone"}],"items_purged_floors":[24,39],"is_endless":false,"potions_floor_spawned":[10,11,12,13,14,16,18,20,21,25,28,30,33,35,36,37,41,44,46,47,48,55],"killed_by":"The Heart","ascension_level":20}}