{"host":"v3qphhcqhwfpabne","time":1612865931,"event":{"mods":["100% Spire Juice","2.2 Compatiblity","AchievementEnabler","BaseMod","CapriCore","DeckTracker","KinomotoSakuraMod(ÙÊñýÜâ?)","Koishi","Marisa£¨Ùöéë¡¡Øª×âÞÞ£©","Minty Spire (QoL Compilation)","Permanent Neow","Prisma Mod","StSLib","Td1madao Mod","The Bug Knight","The Cursed","The Immortal","The Runesmith","WarShipGirlsR/??á´Ò³R mod"],"gold_per_floor":[109,126,141,91,12,45,45,70,93,105,105,121,121,139,139,244,244,254,267,192,192,3,3,3,3],"floor_reached":24,"language":"KOR","playtime":1134,"items_purged":[],"score":266,"play_id":"3e8e7c44-86a7-499d-bf81-c0b1685f8a3a","local_time":"20210209191851","is_ascension_mode":true,"campfire_choices":[{"floor":7,"key":"REST"},{"floor":11,"key":"REST"},{"floor":15,"key":"REST"},{"data":"Apotheosis","floor":23,"key":"SMITH"}],"circlet_count":0,"master_deck":["Strike_R","Strike_R","Strike_R+1","Defend_R","Defend_R","Defend_R","Defend_R","Bash","Barricade","Body Slam","True Grit","Whirlwind+1","Armaments","Feed","Entrench","Burning Pact","Reaper","Berserk","Metallicize","Apotheosis+1"],"relics":["Burning Blood","Nunchaku","HollowMod:PaleOreRelic","Whetstone","Du-Vu Doll","Runic Cube"],"acts_visited":["Exordium","TheCity"],"potions_floor_usage":[16,18,19],"damage_taken":[{"damage":15,"enemies":"2 Louse","floor":1,"turns":3},{"damage":1,"enemies":"Small Slimes","floor":2,"turns":4},{"damage":13,"enemies":"Cultist","floor":3,"turns":6},{"damage":40,"enemies":"Gremlin Nob","floor":6,"turns":5},{"damage":46,"enemies":"3 Sentries","floor":8,"turns":8},{"damage":10,"enemies":"Looter","floor":10,"turns":4},{"damage":7,"enemies":"Large Slime","floor":12,"turns":10},{"damage":39,"enemies":"Exordium Wildlife","floor":14,"turns":8},{"damage":35,"enemies":"Slime Boss","floor":16,"turns":13},{"damage":70,"enemies":"Spheric Guardian","floor":18,"turns":17},{"damage":10,"enemies":"Shell Parasite","floor":19,"turns":18},{"damage":23,"enemies":"Shelled Parasite and Fungi","floor":24,"turns":3}],"seed_played":"5020477439965516834","potions_obtained":[{"floor":1,"key":"Energy Potion"},{"floor":6,"key":"SkillPotion"},{"floor":10,"key":"SpeedPotion"}],"is_trial":false,"path_per_floor":["M","M","M","?","$","E","R","E","T","M","R","M","?","M","R","B",null,"M","M","?","?","$","R","M"],"character_chosen":"IRONCLAD","items_purchased":["Whirlwind","Apotheosis"],"campfire_rested":3,"item_purchase_floors":[5,22],"current_hp_per_floor":[71,76,69,69,69,35,59,19,19,18,42,44,44,14,40,11,89,25,21,21,21,21,21,0,0],"gold":3,"neow_bonus":"ONE_RANDOM_RARE_CARD","is_daily":false,"chose_seed":false,"campfire_upgraded":1,"win_rate":0.0,"timestamp":1612865931,"path_taken":["M","M","M","?","$","E","R","E","T","M","R","M","?","?","R","BOSS","M","M","?","?","$","R","M"],"items_purchased_type":["Card","Card"],"build_version":"2020-12-22","purchased_purges":0,"victory":false,"max_hp_per_floor":[80,80,80,80,80,80,80,80,80,83,83,86,86,89,89,89,89,89,89,89,89,89,89,89,89],"card_choices":[{"not_picked":["Clothesline","Flex","Twin Strike"],"picked":"SKIP","floor":1},{"not_picked":["Twin Strike","Cleave"],"picked":"Body Slam","floor":2},{"not_picked":["Pommel Strike","Reckless Charge"],"picked":"True Grit","floor":3},{"not_picked":["Clothesline","True Grit"],"picked":"Armaments","floor":6},{"not_picked":["Thunderclap","Flex"],"picked":"Feed","floor":8},{"not_picked":["Wild Strike","Iron Wave"],"picked":"Entrench","floor":10},{"not_picked":["Seeing Red","Anger"],"picked":"Burning Pact","floor":12},{"not_picked":["Burning Pact","Sword Boomerang","Armaments"],"picked":"SKIP","floor":14},{"not_picked":["Fiend Fire","Feed"],"picked":"Reaper","floor":16},{"not_picked":["Armaments","Dropkick","Perfected Strike"],"picked":"SKIP","floor":18},{"not_picked":["Twin Strike+1","Power Through"],"picked":"Berserk","floor":19}],"player_experience":149453,"relics_obtained":[{"floor":6,"key":"Nunchaku"},{"floor":8,"key":"HollowMod:PaleOreRelic"},{"floor":9,"key":"Whetstone"},{"floor":13,"key":"Du-Vu Doll"}],"event_choices":[{"cards_removed":["Strike_R"],"damage_healed":0,"gold_gain":0,"player_choice":"Card Removal","damage_taken":0,"max_hp_gain":0,"max_hp_loss":0,"event_name":"The Cleric","floor":4,"gold_loss":50},{"damage_healed":0,"gold_gain":0,"player_choice":"Relic","damage_taken":0,"max_hp_gain":0,"max_hp_loss":0,"event_name":"Wheel of Change","floor":13,"gold_loss":0},{"cards_removed":["Strike_R"],"damage_healed":0,"gold_gain":0,"player_choice":"Gave Gold","damage_taken":0,"max_hp_gain":0,"max_hp_loss":0,"event_name":"Beggar","floor":20,"gold_loss":75},{"damage_healed":0,"gold_gain":0,"player_choice":"Read","damage_taken":0,"max_hp_gain":0,"max_hp_loss":0,"event_name":"The Library","floor":21,"gold_loss":0,"cards_obtained":["Metallicize"]}],"is_beta":false,"boss_relics":[{"not_picked":["Ectoplasm","Runic Dome"],"picked":"Runic Cube"}],"items_purged_floors":[],"is_endless":false,"potions_floor_spawned":[1,6,10,12,14],"killed_by":"Shelled Parasite and Fungi","ascension_level":3}}