{"host":"13o02hya6v6rzuva","time":1612896845,"event":{"mods":["BaseMod","Minty Spire (QoL Compilation)","Relic Stats"],"gold_per_floor":[115,115,115,115,135,135,165,178,178,191,36,71,81,114,114,213,213,233,245,262,222,235,235,260,260,306,318,318,335,335,350,350,453,453,469,469,469,488,505,538,538,538],"floor_reached":41,"language":"ENG","playtime":1565,"items_purged":[],"score":618,"play_id":"c661f03a-4be3-443e-91f9-d5327012b22e","local_time":"20210209195405","is_ascension_mode":true,"campfire_choices":[{"data":"Vigilance","floor":6.0,"key":"SMITH"},{"floor":15,"key":"REST"},{"data":"Ragnarok","floor":23,"key":"SMITH"},{"data":"FlyingSleeves","floor":25,"key":"SMITH"},{"floor":28,"key":"REST"},{"floor":30,"key":"RECALL"},{"floor":32,"key":"REST"}],"circlet_count":0,"master_deck":["Strike_P+1","Strike_P","Strike_P+1","Strike_P","Defend_P","Defend_P","Defend_P+1","Defend_P","Eruption+1","Vigilance+1","BowlingBash","FlurryOfBlows","Consecrate","EmptyFist","Halt","CutThroughFate","Ragnarok+1","SashWhip","Consecrate+1","FlyingSleeves+1","ThirdEye+1","Judgement+1","EmptyFist+1","ClearTheMind+1","Evaluate+1","DevaForm","Writhe","Meditate+1","Blasphemy+1"],"relics":["PureWater","Shuriken","Anchor","Tiny Chest","Bag of Preparation","Toxic Egg 2","VioletLotus","Ornamental Fan","Blood Vial","SlaversCollar","Bottled Tornado","Omamori"],"acts_visited":["Exordium","TheCity","TheBeyond"],"potions_floor_usage":[27,27,35,40,41],"damage_taken":[{"damage":2.0,"enemies":"Small Slimes","floor":1.0,"turns":4.0},{"damage":2.0,"enemies":"Jaw Worm","floor":5.0,"turns":3.0},{"damage":10.0,"enemies":"Gremlin Nob","floor":7.0,"turns":4.0},{"damage":0.0,"enemies":"Cultist","floor":8.0,"turns":2.0},{"damage":0.0,"enemies":"Looter","floor":10.0,"turns":2.0},{"damage":0,"enemies":"3 Sentries","floor":12,"turns":6},{"damage":0,"enemies":"Lots of Slimes","floor":13,"turns":2},{"damage":0,"enemies":"Lagavulin","floor":14,"turns":3},{"damage":23,"enemies":"The Guardian","floor":16,"turns":9},{"damage":0,"enemies":"3 Byrds","floor":18,"turns":4},{"damage":2,"enemies":"Chosen","floor":19,"turns":2},{"damage":4,"enemies":"Centurion and Healer","floor":20,"turns":5},{"damage":0,"enemies":"Chosen and Byrds","floor":22,"turns":2},{"damage":19,"enemies":"Slavers","floor":24,"turns":4},{"damage":27,"enemies":"Snecko","floor":27,"turns":3},{"damage":2,"enemies":"Cultist and Chosen","floor":29,"turns":3},{"damage":5,"enemies":"Shelled Parasite and Fungi","floor":31,"turns":3},{"damage":66,"enemies":"Automaton","floor":33,"turns":8},{"damage":48,"enemies":"3 Darklings","floor":35,"turns":4},{"damage":16,"enemies":"3 Shapes","floor":38,"turns":3},{"damage":13,"enemies":"Jaw Worm Horde","floor":39,"turns":4},{"damage":32,"enemies":"Nemesis","floor":40,"turns":5},{"damage":29,"enemies":"Spire Growth","floor":41,"turns":3}],"seed_played":"2718700802049782669","potions_obtained":[{"floor":0.0,"key":"SpeedPotion"},{"floor":0.0,"key":"LiquidBronze"},{"floor":0.0,"key":"Energy Potion"},{"floor":1.0,"key":"FairyPotion"},{"floor":8.0,"key":"DuplicationPotion"},{"floor":27,"key":"Fruit Juice"},{"floor":35,"key":"DistilledChaos"},{"floor":39,"key":"SkillPotion"}],"is_trial":false,"path_per_floor":["M","?","?","?","M","R","E","M","T","M","$","E","M","E","R","B",null,"M","M","M","?","M","R","E","R","T","M","R","M","R","M","R","B",null,"M","?","T","M","M","E","M"],"character_chosen":"WATCHER","items_purchased":["Tiny Chest"],"campfire_rested":3,"item_purchase_floors":[11],"current_hp_per_floor":[70,56,61,43,41,41,31,31,31,31,31,31,31,31,54,31,77,77,75,71,71,71,71,52,52,52,32,56,56,56,53,77,13,82,34,55,55,41,30,24,0,0],"gold":538,"neow_bonus":"THREE_SMALL_POTIONS","is_daily":false,"chose_seed":false,"campfire_upgraded":3,"win_rate":0.0,"timestamp":1612896845,"path_taken":["M","?","?","?","M","R","E","M","T","?","?","E","M","E","R","BOSS","M","M","M","?","?","R","E","R","T","M","R","M","R","M","R","BOSS","M","?","?","?","M","E","M"],"items_purchased_type":["Relic"],"build_version":"2020-12-22","purchased_purges":0,"victory":false,"max_hp_per_floor":[72,72,77,77,77,77,77,77,77,77,77,77,77,77,77,77,77,77,77,77,77,77,77,77,77,77,82,82,82,82,82,82,82,82,82,82,82,82,82,82,82,82],"relic_stats":{"Blood Vial":16,"counters":[23,88],"Shuriken":[53],"Ornamental Fan":[104],"Tiny Chest":1,"VioletLotus":[9],"Bag of Preparation":[34],"obtain_stats":[{"Blood Vial":26,"SlaversCollar":34,"Anchor":7,"Shuriken":4,"Ornamental Fan":24,"Tiny Chest":11,"VioletLotus":17,"Bag of Preparation":12,"Omamori":40,"PureWater":0,"Toxic Egg 2":14,"Bottled Tornado":37},{"Blood Vial":14,"SlaversCollar":18,"Anchor":3,"Shuriken":1,"Ornamental Fan":14,"Tiny Chest":5,"VioletLotus":9,"Bag of Preparation":6,"Omamori":22,"PureWater":0,"Toxic Egg 2":8,"Bottled Tornado":19},{"Blood Vial":52,"SlaversCollar":69,"Anchor":11,"Shuriken":4,"Ornamental Fan":52,"Tiny Chest":15,"VioletLotus":35,"Bag of Preparation":21,"Omamori":85,"PureWater":0,"Toxic Egg 2":26,"Bottled Tornado":73}]},"card_choices":[{"not_picked":["Halt","EmptyFist"],"picked":"BowlingBash","floor":1.0},{"not_picked":["ClearTheMind","Prostrate"],"picked":"FlurryOfBlows","floor":5.0},{"not_picked":["CutThroughFate","Collect"],"picked":"Consecrate","floor":7.0},{"not_picked":["CutThroughFate","ClearTheMind"],"picked":"EmptyFist","floor":8.0},{"not_picked":["BowlingBash","FlyingSleeves","Meditate"],"picked":"SKIP","floor":10.0},{"not_picked":["BowlingBash","SpiritShield"],"picked":"Halt","floor":12},{"not_picked":["SandsOfTime","Prostrate"],"picked":"CutThroughFate","floor":13},{"not_picked":["CrushJoints","BowlingBash","SignatureMove"],"picked":"SKIP","floor":14},{"not_picked":["DeusExMachina+1","Establishment"],"picked":"Ragnarok","floor":16},{"not_picked":["Prostrate+1","Crescendo+1"],"picked":"SashWhip","floor":18},{"not_picked":["SignatureMove","Wireheading"],"picked":"Consecrate+1","floor":19},{"not_picked":["WindmillStrike","Collect+1"],"picked":"FlyingSleeves","floor":20},{"not_picked":["SashWhip+1","EmptyBody+1"],"picked":"ThirdEye+1","floor":22},{"not_picked":["ForeignInfluence+1","Vengeance+1"],"picked":"Judgement+1","floor":24},{"not_picked":["ThirdEye+1","Evaluate+1"],"picked":"EmptyFist+1","floor":27},{"not_picked":["Collect+1","CrushJoints"],"picked":"ClearTheMind+1","floor":29},{"not_picked":["CutThroughFate","ForeignInfluence+1"],"picked":"Evaluate+1","floor":31},{"not_picked":["Wish+1","Omniscience+1"],"picked":"DevaForm","floor":33},{"not_picked":["Prostrate+1","EmptyFist","SashWhip+1"],"picked":"SKIP","floor":35},{"not_picked":["EmptyMind+1","Prostrate+1"],"picked":"Meditate+1","floor":38},{"not_picked":["ReachHeaven","Crescendo+1","Vault+1"],"picked":"SKIP","floor":39},{"not_picked":["Evaluate+1","Consecrate"],"picked":"Blasphemy+1","floor":40}],"player_experience":1206394,"relics_obtained":[{"floor":7.0,"key":"Anchor"},{"floor":12,"key":"Bag of Preparation"},{"floor":14,"key":"Toxic Egg 2"},{"floor":24,"key":"Ornamental Fan"},{"floor":26,"key":"Blood Vial"},{"floor":37,"key":"Bottled Tornado"},{"floor":40,"key":"Omamori"}],"event_choices":[{"damage_healed":0.0,"max_hp_gain":0.0,"max_hp_loss":0.0,"gold_gain":0.0,"event_name":"Shining Light","player_choice":"Entered Light","floor":2.0,"gold_loss":0.0,"damage_taken":14.0,"cards_upgraded":["Defend_P","Eruption"]},{"damage_healed":0.0,"max_hp_gain":5.0,"max_hp_loss":0.0,"gold_gain":0.0,"event_name":"Big Fish","player_choice":"Donut","floor":3.0,"gold_loss":0.0,"damage_taken":0.0},{"damage_healed":0.0,"max_hp_gain":0.0,"max_hp_loss":0.0,"gold_gain":0.0,"event_name":"Scrap Ooze","player_choice":"Success","floor":4.0,"gold_loss":0.0,"damage_taken":18.0,"relics_obtained":["Shuriken"]},{"damage_healed":0,"gold_gain":0,"player_choice":"Upgraded Two","damage_taken":0,"max_hp_gain":0,"max_hp_loss":0,"event_name":"Designer","floor":21,"gold_loss":40,"cards_upgraded":["Strike_P","Strike_P"]},{"damage_healed":21,"gold_gain":0,"player_choice":"Writhe","damage_taken":0,"max_hp_gain":0,"max_hp_loss":0,"event_name":"Winding Halls","floor":36,"gold_loss":0,"cards_obtained":["Writhe"]}],"is_beta":false,"boss_relics":[{"not_picked":["HolyWater","Fusion Hammer"],"picked":"VioletLotus"},{"not_picked":["Cursed Key","Coffee Dripper"],"picked":"SlaversCollar"}],"items_purged_floors":[],"is_endless":false,"potions_floor_spawned":[1,8,13,14,20,27,35,39],"killed_by":"Spire Growth","ascension_level":4}}