{"host":"vyjryxuuuxkt43k4","time":1612882043,"event":{"mods":["AchievementEnabler","BaseMod","Colored Map","DeckTracker","Keyboard Shortcuts","Minty Spire (QoL Compilation)","Permanent Neow","Quick Restart","StSLib","SuperFastMode","everything is the same but u backflip on backflip"],"gold_per_floor":[114,114,17,17,27,27,41,74,100,100,114,131,131,147,147,220,220,237,14,29,29,59,59,59,59],"floor_reached":24,"language":"KOR","playtime":839,"items_purged":["Strike_G"],"score":396,"play_id":"a8ffa100-8e83-46bc-9e29-1529f4710dd9","local_time":"20210209234723","is_ascension_mode":true,"campfire_choices":[{"data":"Dash","floor":6.0,"key":"SMITH"},{"floor":10.0,"key":"REST"},{"data":"Crippling Poison","floor":13.0,"key":"SMITH"},{"floor":15.0,"key":"REST"},{"data":"Prepared","floor":23,"key":"SMITH"}],"circlet_count":0,"master_deck":["AscendersBane","Defend_G","Defend_G","Defend_G","Defend_G","Defend_G","Survivor","Neutralize","Dash+1","Bouncing Flask","PiercingWail","Escape Plan","All Out Attack","Crippling Poison+1","Reflex","Acrobatics","Grand Finale","Terror+1","Prepared+1","Purity","Sucker Punch","Accuracy"],"relics":["Ring of the Snake","Potion Belt","Sundial","Orichalcum","Busted Crown"],"acts_visited":["Exordium","TheCity"],"potions_floor_usage":[16,22],"damage_taken":[{"damage":0.0,"enemies":"2 Louse","floor":1.0,"turns":3.0},{"damage":1.0,"enemies":"Jaw Worm","floor":5.0,"turns":4.0},{"damage":1.0,"enemies":"Small Slimes","floor":7.0,"turns":3.0},{"damage":26.0,"enemies":"Gremlin Nob","floor":8.0,"turns":4.0},{"damage":3.0,"enemies":"Looter","floor":11.0,"turns":3.0},{"damage":5.0,"enemies":"Exordium Wildlife","floor":12.0,"turns":4.0},{"damage":7.0,"enemies":"Large Slime","floor":14.0,"turns":5.0},{"damage":24,"enemies":"The Guardian","floor":16,"turns":11},{"damage":4,"enemies":"2 Thieves","floor":18,"turns":5},{"damage":5,"enemies":"Shell Parasite","floor":20,"turns":5},{"damage":22,"enemies":"Chosen and Byrds","floor":22,"turns":6},{"damage":27,"enemies":"Slavers","floor":24,"turns":2}],"seed_played":"-4761943010466159501","potions_obtained":[{"floor":1.0,"key":"Dexterity Potion"},{"floor":7.0,"key":"Swift Potion"},{"floor":8.0,"key":"AttackPotion"},{"floor":18,"key":"ColorlessPotion"}],"is_trial":false,"path_per_floor":["M","?","$","?","M","R","M","E","T","R","M","M","R","M","R","B",null,"M","$","M","?","M","R","E"],"character_chosen":"THE_SILENT","items_purchased":["Bouncing Flask","Energy Potion","Prepared","Purity"],"campfire_rested":2,"item_purchase_floors":[3,3,19,19],"current_hp_per_floor":[59,41,41,41,40,40,39,13,13,32,29,24,24,17,36,12,53,49,49,44,44,22,22,0,0],"gold":59,"neow_bonus":"REMOVE_CARD","is_daily":false,"chose_seed":false,"campfire_upgraded":3,"win_rate":0.0,"timestamp":1612882043,"path_taken":["M","?","$","?","M","R","M","E","T","R","M","M","R","M","R","BOSS","M","$","M","?","M","R","E"],"items_purchased_type":["Card","Potion","Card","Card"],"build_version":"2020-12-22","purchased_purges":1,"victory":false,"max_hp_per_floor":[66,66,66,66,66,66,66,66,66,66,66,66,66,66,66,66,66,66,66,66,66,66,66,66,66],"card_choices":[{"not_picked":["Infinite Blades","Escape Plan"],"picked":"Dash","floor":1.0},{"not_picked":["Underhanded Strike","Dodge and Roll"],"picked":"PiercingWail","floor":5.0},{"not_picked":["Expertise","Blade Dance"],"picked":"Escape Plan","floor":7.0},{"not_picked":["Heel Hook","Cloak And Dagger"],"picked":"All Out Attack","floor":8.0},{"not_picked":["Endless Agony","PiercingWail"],"picked":"Crippling Poison","floor":11.0},{"not_picked":["Riddle With Holes","Deflect"],"picked":"Reflex","floor":12.0},{"not_picked":["Deadly Poison","Dagger Spray"],"picked":"Acrobatics","floor":14.0},{"not_picked":["Unload","Wraith Form v2"],"picked":"Grand Finale","floor":16},{"not_picked":[],"picked":"Terror+1","floor":18},{"not_picked":["Caltrops"],"picked":"SKIP","floor":20},{"not_picked":["Dodge and Roll"],"picked":"SKIP","floor":22}],"player_experience":877713,"relics_obtained":[{"floor":8.0,"key":"Sundial"},{"floor":9.0,"key":"Orichalcum"}],"event_choices":[{"damage_healed":0.0,"max_hp_gain":0.0,"max_hp_loss":0.0,"gold_gain":0.0,"event_name":"Scrap Ooze","player_choice":"Success","floor":2.0,"gold_loss":0.0,"damage_taken":18.0,"relics_obtained":["Potion Belt"]},{"cards_removed":["Strike_G"],"damage_healed":0.0,"max_hp_gain":0.0,"max_hp_loss":0.0,"gold_gain":0.0,"event_name":"Living Wall","player_choice":"Forget","floor":4.0,"gold_loss":0.0,"damage_taken":0.0},{"damage_healed":0,"gold_gain":0,"cards_transformed":["Strike_G","Strike_G"],"player_choice":"Became Test Subject","damage_taken":0,"max_hp_gain":0,"max_hp_loss":0,"event_name":"Drug Dealer","floor":21,"gold_loss":0,"cards_obtained":["Sucker Punch","Accuracy"]}],"is_beta":false,"boss_relics":[{"not_picked":["WristBlade","Sozu"],"picked":"Busted Crown"}],"items_purged_floors":[19],"is_endless":false,"potions_floor_spawned":[1,7,8,18],"killed_by":"Slavers","ascension_level":20}}