{"host":"dzs26xzxvr8oc34c","time":1612878917,"event":{"mods":["BaseMod","Colored Map","Downfall","Minty Spire (QoL Compilation)","StSLib","SuperFastMode","Waifu the Spire"],"gold_per_floor":[99,99,199,199,214,242,265,275,307,322,337,337,237,237,237,237],"floor_reached":14,"language":"ZHS","playtime":895,"items_purged":[],"score":123,"play_id":"0170dbe4-fea1-4e68-a70f-7f4a89c1562b","local_time":"20210209215517","is_ascension_mode":false,"campfire_choices":[{"data":"champ:Execute","floor":1.0,"key":"SMITH"},{"data":"champ:IronFortress","floor":13,"key":"SMITH"}],"circlet_count":0,"master_deck":["champ:Strike","champ:Strike","champ:Strike","champ:Strike","champ:Defend","champ:Defend+1","champ:Defend","champ:Defend","champ:Execute+1","champ:Taunt+1","champ:StanceDance","champ:GladiatorStyle","champ:IronFortress+1","champ:FaceSlap","champ:Endure+1","champ:IronFortress","champ:FocusedBerserking"],"relics":["champ:ChampionCrown","War Paint","CloakClasp","Question Card","Strawberry","Art of War","downfall:HeartBlessingGreen"],"acts_visited":["Exordium"],"potions_floor_usage":[11,11],"damage_taken":[{"damage":96.0,"enemies":"DF_ARCHETYPE_STREAMLINE","floor":3.0,"turns":10.0},{"damage":11.0,"enemies":"Jaw Worm","floor":5.0,"turns":3.0},{"damage":51.0,"enemies":"Gremlin Nob","floor":6.0,"turns":5.0},{"damage":10.0,"enemies":"2 Louse","floor":8.0,"turns":2.0},{"damage":29,"enemies":"Lagavulin","floor":9,"turns":5},{"damage":4,"enemies":"Small Slimes","floor":10,"turns":3},{"damage":4,"enemies":"Red Slaver","floor":11,"turns":2},{"damage":8,"enemies":"3 Sentries","floor":14,"turns":2}],"seed_played":"6788739630297149032","potions_obtained":[{"floor":5.0,"key":"Weak Potion"},{"floor":6.0,"key":"Energy Potion"},{"floor":8.0,"key":"Fire Potion"}],"is_trial":false,"path_per_floor":["R","?","?","?","M","E","T","M","E","M","M","?","R","E"],"character_chosen":"THE_CHAMP","items_purchased":[],"campfire_rested":0,"item_purchase_floors":[],"current_hp_per_floor":[99,99,53,53,52,16,23,23,5,5,5,5,5,0,0,0],"gold":237,"neow_bonus":"TEN_PERCENT_HP_BONUS","is_daily":false,"chose_seed":false,"campfire_upgraded":2,"win_rate":0.0,"timestamp":1612878917,"path_taken":["R","?","?","?","M","E","T","M","E","M","M","?","R","E"],"items_purchased_type":[],"build_version":"2020-12-22","purchased_purges":0,"victory":false,"max_hp_per_floor":[99,99,99,99,99,99,106,106,106,106,106,106,106,106,106,106],"card_choices":[{"not_picked":["champ:DefensiveShout","champ:BerserkersShout"],"picked":"champ:StanceDance","floor":3.0},{"not_picked":["champ:HeartStrike","champ:FancyFootwork"],"picked":"champ:GladiatorStyle","floor":5.0},{"not_picked":["champ:BringItOn","champ:Duel"],"picked":"champ:IronFortress","floor":6.0},{"not_picked":["champ:CrownThrow","champ:Haymaker","champ:GutPunch"],"picked":"champ:FaceSlap","floor":8.0},{"not_picked":["champ:SkillfulDodge","champ:StanceDance","champ:Duel"],"picked":"champ:Endure","floor":9},{"not_picked":["champ:FocusedDefense","champ:RecklessLeap","champ:Encircle"],"picked":"champ:IronFortress","floor":10},{"not_picked":["champ:RisingSlash","champ:EnGarde","champ:Parry"],"picked":"champ:FocusedBerserking","floor":11}],"player_experience":1202139,"relics_obtained":[{"floor":3.0,"key":"CloakClasp"},{"floor":6.0,"key":"Question Card"},{"floor":7.0,"key":"Strawberry"},{"floor":9,"key":"Art of War"}],"event_choices":[{"damage_healed":0.0,"max_hp_gain":0.0,"max_hp_loss":0.0,"gold_gain":0.0,"event_name":"Big Fish","player_choice":"Box","floor":2.0,"gold_loss":0.0,"damage_taken":0.0,"relics_obtained":["War Paint"],"cards_obtained":["Regret"]},{"cards_removed":["Regret"],"damage_healed":0.0,"max_hp_gain":0.0,"max_hp_loss":0.0,"gold_gain":0.0,"event_name":"The Cleric","player_choice":"Card Removal","floor":4.0,"gold_loss":0.0,"damage_taken":0.0},{"damage_healed":0,"gold_gain":0,"player_choice":"Forge","damage_taken":0,"max_hp_gain":0,"max_hp_loss":0,"event_name":"Accursed Blacksmith","floor":12,"gold_loss":0,"cards_upgraded":["champ:Endure"]}],"is_beta":false,"boss_relics":[],"items_purged_floors":[],"is_endless":false,"potions_floor_spawned":[5,6,8,9],"killed_by":"3 Sentries","ascension_level":0}}