{"host":"htqwg582tjjtn9p7","time":1612889724,"event":{"mods":["2.2 Compatiblity","AchievementEnabler","Act Like it!","Aspiration","BaseMod","Better Third Choice","Colored Map","Conspire","Curses Come First","Displayed Cursed Tome","Energized Spire","Force Act Four","Fox Events","GifTheSpireLib","Hermit","Highlight Path","JesterMod","Mad Scientist","Minty Spire (QoL Compilation)","Pale of the Ancients","Permanent Neow","Random Character Button","Relic Stats","Reliquary","Replay The Spire","Robot Space Explorer","Somnambulant","Spicy Shops","Spikes Relics","StSLib","Stuff the Spire","The Blue Laboratory","The Bug Knight","The Forsaken","The Gatherer","The Judge","The Jungle","The Marked","The Runesmith","The Servant 0.9.4","Uncapped"],"gold_per_floor":[13,13,27,37,50,75,92,117,117,136,165,185,185,204,204,281,281,300,9,9,29,29,29,54,54,79,111,136,187,205,231,231,308,308,346,400,168,190,190,190,230,230,257,237,259,298,325,360,360,372,397,430,430,105,105,137,137,137,137,139,139],"floor_reached":60,"language":"ENG","playtime":3994,"items_purged":["Strike_R"],"score":1477,"play_id":"ebb52979-c7ac-466a-bcdf-3037de672dd1","local_time":"20210209175524","is_ascension_mode":true,"campfire_choices":[{"floor":15.0,"key":"REST"},{"floor":23.0,"key":"REST"},{"data":"Demon Form","floor":25.0,"key":"SMITH"},{"data":"Metallicize","floor":32.0,"key":"SMITH"},{"data":"Entrench","floor":40.0,"key":"SMITH"},{"data":"Defend_R","floor":42.0,"key":"SMITH"},{"floor":49.0,"key":"REST"},{"data":"Pot Of Greed","floor":55.0,"key":"SMITH"},{"data":"Pot Of Greed","floor":57.0,"key":"SMITH"}],"circlet_count":0,"master_deck":["AscendersBane","Strike_R","Strike_R","Defend_R+1","Defend_R","Defend_R","Defend_R","Bash","Entrench+1","Demon Form+1","Metallicize+1","ReplayTheSpireMod:Limb From Limb","Warcry+1","ReplayTheSpireMod:Limb From Limb","Immolate+1","Armaments+1","Warcry+1","Feel No Pain+1","Offering","True Grit+1","Warcry+1","Havoc+1","Battle Trance+1","Seeing Red","True Grit+1","Feel No Pain+1","Second Wind+1","Warcry+1","Pot Of Greed+1","Pot Of Greed+1","Pot Of Greed","Exhume","Hemogenesis+1","Inflame+1"],"relics":["Burning Blood","theForsaken:HumbleEgg","ReplayTheSpireMod:Lightbulb","Mummified Hand","ChewingGum","OrangePellets","Paper Frog","Replay:Bandana","Orichalcum","aspiration:Lifesprig","Pen Nib","Replay:Bronze Core","conspire:TopHat","Calipers","Orrery","reliquary:RosewoodLute","Grinning Jar","Kunai","Golden Egg","paleoftheancients:Timepiece","Gremlin Horn","CultistMask","paleoftheancients:SoulOfTheWatcher","Bottled Tornado","aspiration:Nostalgia","hermit:Momento","reliquary:HotPoker"],"acts_visited":["Exordium","TheCity","TheBeyond","TheBeyond"],"potions_floor_usage":[],"damage_taken":[{"damage":1.0,"enemies":"conspire:RoseBush","floor":1.0,"turns":5.0},{"damage":4.0,"enemies":"Small Slimes","floor":3.0,"turns":5.0},{"damage":5.0,"enemies":"2 Louse","floor":4.0,"turns":4.0},{"damage":13.0,"enemies":"2 Fungi Beasts","floor":5.0,"turns":4.0},{"damage":1.0,"enemies":"Replay:BlueRogue","floor":6.0,"turns":7.0},{"damage":11.0,"enemies":"Large Slime","floor":7.0,"turns":5.0},{"damage":22.0,"enemies":"3 Sentries","floor":8.0,"turns":4.0},{"damage":13.0,"enemies":"conspire:2 RoseBushes","floor":10.0,"turns":8.0},{"damage":5.0,"enemies":"Replay:BlueRogue","floor":11.0,"turns":6.0},{"damage":3.0,"enemies":"Blue Slaver","floor":12.0,"turns":3.0},{"damage":18.0,"enemies":"Lots of Slimes","floor":14.0,"turns":4.0},{"damage":34.0,"enemies":"Slime Boss","floor":16.0,"turns":8.0},{"damage":6.0,"enemies":"conspire:FuzzyDice","floor":18.0,"turns":9.0},{"damage":18.0,"enemies":"3 Byrds","floor":21.0,"turns":5.0},{"damage":23.0,"enemies":"HollowMod:Nosk","floor":24.0,"turns":5.0},{"damage":6.0,"enemies":"Replay:Snechameleon","floor":27.0,"turns":4.0},{"damage":0.0,"enemies":"Snake Plant","floor":28.0,"turns":1.0},{"damage":6.0,"enemies":"Gremlin Leader","floor":29.0,"turns":2.0},{"damage":3.0,"enemies":"Snecko","floor":30.0,"turns":4.0},{"damage":27.0,"enemies":"Champ","floor":33.0,"turns":11.0},{"damage":6.0,"enemies":"3 Darklings","floor":35.0,"turns":3.0},{"damage":0.0,"enemies":"conspire:MimicChest","floor":36.0,"turns":9.0},{"damage":6.0,"enemies":"Orb Walker","floor":38.0,"turns":4.0},{"damage":3.0,"enemies":"Giant Head","floor":41.0,"turns":9.0},{"damage":13.0,"enemies":"Transient","floor":45.0,"turns":5.0},{"damage":18.0,"enemies":"Nemesis","floor":46.0,"turns":11.0},{"damage":6.0,"enemies":"4 Shapes","floor":47.0,"turns":6.0},{"damage":11.0,"enemies":"R_Hoarder","floor":48.0,"turns":9.0},{"damage":12.0,"enemies":"Replay:Hell Engine","floor":50.0,"turns":11.0},{"damage":20.0,"enemies":"Replay:Hell Engine","floor":51.0,"turns":19.0},{"damage":6.0,"enemies":"Replay:Hell Engine","floor":52.0,"turns":5.0},{"damage":14.0,"enemies":"Replay:Hell Engine","floor":56.0,"turns":8.0},{"damage":0,"enemies":"paleoftheancients:N","floor":60,"turns":1}],"seed_played":"-8978280551934809056","potions_obtained":[{"floor":1.0,"key":"blueLaboratory:BubblePotion"},{"floor":4.0,"key":"BlessingOfTheForge"},{"floor":6.0,"key":"Explosive Potion"},{"floor":7.0,"key":"AttackPotion"},{"floor":14.0,"key":"Venom Potion"},{"floor":21.0,"key":"Strength Potion"},{"floor":33.0,"key":"Adrenaline Potion"},{"floor":44.0,"key":"blueLaboratory:EmptyBottle"},{"floor":46.0,"key":"Weak Potion"},{"floor":47.0,"key":"EntropicBrew"},{"floor":52.0,"key":"Block Potion"}],"is_trial":false,"path_per_floor":["M","$","M","M","M","E","M","E","T","M","E","M","?","M","R","B",null,"M","$","?","M","?","R","E","R","T","E","M","E","M","T","R","B",null,"M","?","$","M","?","R","E","R","T","?","M","E","M","E","R","B","M","M","?","$","R","M","R","T","?","B"],"character_chosen":"IRONCLAD","items_purchased":["True Grit+1","OrangePellets","Calipers","Orrery","Bottled Tornado","aspiration:Nostalgia"],"campfire_rested":3,"item_purchase_floors":[19,19,37,37,54,54],"current_hp_per_floor":[73,73,75,75,68,73,68,52,52,45,46,49,49,37,59,31,64,64,64,64,52,52,74,57,57,57,57,63,63,66,66,66,45,68,68,74,74,74,74,74,75,75,75,75,68,56,56,51,73,73,75,75,71,71,71,73,73,73,73,73,73],"gold":139,"neow_bonus":"TRANSFORM_TWO_CARDS","is_daily":false,"chose_seed":false,"campfire_upgraded":6,"win_rate":0.0,"timestamp":1612889724,"path_taken":["M","$","M","M","M","E","M","E","T","M","E","M","?","M","R","BOSS","M","$","?","M","?","R","E","R","T","E","M","E","M","?","R","BOSS","M","?","$","M","?","R","E","R","T","?","?","E","M","E","R","BOSS","M","M","?","$","R","M","R","T","?","BOSS"],"items_purchased_type":["Card","Relic","Relic","Relic","Relic","Relic"],"build_version":"2020-12-22","purchased_purges":1,"victory":false,"max_hp_per_floor":[75,75,75,75,75,75,75,75,75,75,75,75,75,75,75,75,75,75,75,75,75,75,75,75,75,75,75,75,75,75,75,75,75,75,75,75,75,75,75,75,75,75,75,75,75,75,75,75,75,75,75,75,75,75,75,75,75,75,75,75,75],"relic_stats":{"OrangePellets":[17],"Gremlin Horn":[6,7],"counters":[33,203],"Mummified Hand":[111],"Pen Nib":[14],"Kunai":[6],"Orichalcum":[18],"obtain_stats":[{"Golden Egg":48,"aspiration:Lifesprig":29,"reliquary:Boomerang":11,"Calipers":37,"Gremlin Horn":50,"Bottled Tornado":54,"Burning Blood":0,"conspire:TopHat":36,"theForsaken:HumbleEgg":6,"Replay:Bandana":26,"reliquary:HotPoker":58,"Mummified Hand":9,"Replay:Bronze Core":34,"Kunai":46,"paleoftheancients:SoulOfTheWatcher":51,"Paper Frog":24,"aspiration:Nostalgia":54,"Pen Nib":31,"Orichalcum":27,"reliquary:RosewoodLute":41,"paleoftheancients:Timepiece":50,"OrangePellets":19,"Orrery":37,"ChewingGum":17,"CultistMask":50,"Grinning Jar":43,"ReplayTheSpireMod:Lightbulb":8,"hermit:Momento":54},{"Golden Egg":28,"aspiration:Lifesprig":18,"reliquary:Boomerang":9,"Calipers":22,"Gremlin Horn":29,"Bottled Tornado":31,"Burning Blood":0,"conspire:TopHat":22,"theForsaken:HumbleEgg":5,"Replay:Bandana":15,"reliquary:HotPoker":32,"Mummified Hand":7,"Replay:Bronze Core":20,"Kunai":26,"paleoftheancients:SoulOfTheWatcher":30,"Paper Frog":15,"aspiration:Nostalgia":31,"Pen Nib":19,"Orichalcum":16,"reliquary:RosewoodLute":24,"paleoftheancients:Timepiece":29,"OrangePellets":13,"Orrery":22,"ChewingGum":12,"CultistMask":29,"Grinning Jar":24,"ReplayTheSpireMod:Lightbulb":7,"hermit:Momento":31},{"Golden Egg":160,"aspiration:Lifesprig":89,"reliquary:Boomerang":48,"Calipers":116,"Gremlin Horn":171,"Bottled Tornado":194,"Burning Blood":0,"conspire:TopHat":116,"theForsaken:HumbleEgg":25,"Replay:Bandana":82,"reliquary:HotPoker":202,"Mummified Hand":34,"Replay:Bronze Core":104,"Kunai":145,"paleoftheancients:SoulOfTheWatcher":189,"Paper Frog":82,"aspiration:Nostalgia":194,"Pen Nib":93,"Orichalcum":86,"reliquary:RosewoodLute":129,"paleoftheancients:Timepiece":171,"OrangePellets":72,"Orrery":116,"ChewingGum":63,"CultistMask":171,"Grinning Jar":129,"ReplayTheSpireMod:Lightbulb":34,"hermit:Momento":194}],"Burning Blood":177},"card_choices":[{"not_picked":["Dropkick","Absolvement"],"picked":"Twin Strike","floor":1.0},{"not_picked":["StuffTheSpire:RockThrow","Sword Boomerang"],"picked":"Metallicize","floor":3.0},{"not_picked":["Power Through","ReplayTheSpireMod:Corrosion Curse","Sentinel"],"picked":"SKIP","floor":4.0},{"not_picked":["Run Through","True Grit"],"picked":"ReplayTheSpireMod:Limb From Limb","floor":5.0},{"not_picked":["Clash+1","Perfected Strike+1","Body Slam+1"],"picked":"SKIP","floor":6.0},{"not_picked":["Sentinel","Clothesline+1"],"picked":"Warcry+1","floor":7.0},{"not_picked":["Sword Boomerang+1","Searing Blow"],"picked":"ReplayTheSpireMod:Limb From Limb","floor":8.0},{"not_picked":["Heavy Blade+1","Evolve"],"picked":"Immolate","floor":10.0},{"not_picked":["Sword Boomerang+1","StuffTheSpire:Slingshot+1"],"picked":"Armaments+1","floor":11.0},{"not_picked":["ReplayTheSpireMod:Corrosion Curse","Absolvement"],"picked":"Warcry+1","floor":12.0},{"not_picked":["Sword Boomerang+1","Thunderclap+1"],"picked":"Feel No Pain","floor":14.0},{"not_picked":["Impervious","StuffTheSpire:TitanForm"],"picked":"Offering","floor":16.0},{"not_picked":["Clothesline+1","Blood for Blood","ReplayTheSpireMod:Strike From Hell+1"],"picked":"SKIP","floor":18.0},{"not_picked":["ReplayTheSpireMod:Muscle Training+1","Thunderclap+1"],"picked":"Warcry+1","floor":21.0},{"not_picked":["StuffTheSpire:Vigor","StuffTheSpire:Brawn"],"picked":"StuffTheSpire:Perfection","floor":22.0},{"not_picked":["StuffTheSpire:RockThrow+1","Second Wind","Perfected Strike+1"],"picked":"SKIP","floor":24.0},{"not_picked":["Cleave+1","Twin Strike+1"],"picked":"Havoc+1","floor":27.0},{"not_picked":["Headbutt+1","Replay:Undeath\u0027s Touch+1","Sword Boomerang+1"],"picked":"SKIP","floor":28.0},{"not_picked":["Life Link","StuffTheSpire:RockThrow+1","Eclipse"],"picked":"SKIP","floor":29.0},{"not_picked":["Combust","Run Through+1"],"picked":"Battle Trance+1","floor":30.0},{"not_picked":["Rage","Pommel Strike+1"],"picked":"Seeing Red","floor":35.0},{"not_picked":["Absolvement","Flex+1"],"picked":"True Grit+1","floor":37.0},{"not_picked":["conspire:Charge","ReplayTheSpireMod:Muscle Training+1"],"picked":"Feel No Pain+1","floor":37.0},{"not_picked":["Shrug It Off+1","Corruption"],"picked":"Second Wind+1","floor":37.0},{"not_picked":["Flex+1","Anger+1","StuffTheSpire:Incineration+1"],"picked":"SKIP","floor":38.0},{"not_picked":["Iron Wave+1","Blood for Blood"],"picked":"Warcry+1","floor":41.0},{"not_picked":["Cleave+1","Invigoration+1"],"picked":"Exhume","floor":45.0},{"not_picked":["Invigoration","Headbutt+1","ReplayTheSpireMod:Muscle Training"],"picked":"SKIP","floor":46.0},{"not_picked":["Perfected Strike+1","conspire:ExplosiveBarrier","Pummel"],"picked":"SKIP","floor":47.0},{"not_picked":["Replay:Undeath\u0027s Touch+1","Intimidate"],"picked":"Hemogenesis","floor":48.0},{"not_picked":["Clash+1","Sword Boomerang+1","ReplayTheSpireMod:Muscle Training"],"picked":"SKIP","floor":51.0},{"not_picked":["ReplayTheSpireMod:Strike From Hell+1","Headbutt+1","Replay:Undeath\u0027s Touch+1"],"picked":"SKIP","floor":52.0},{"not_picked":["Reckless Charge","Iron Wave+1"],"picked":"Inflame+1","floor":56.0}],"player_experience":2004203,"relics_obtained":[{"floor":6.0,"key":"theForsaken:HumbleEgg"},{"floor":8.0,"key":"ReplayTheSpireMod:Lightbulb"},{"floor":9.0,"key":"Mummified Hand"},{"floor":11.0,"key":"reliquary:Boomerang"},{"floor":24.0,"key":"Paper Frog"},{"floor":26.0,"key":"Replay:Bandana"},{"floor":27.0,"key":"Orichalcum"},{"floor":29.0,"key":"aspiration:Lifesprig"},{"floor":31.0,"key":"Pen Nib"},{"floor":36.0,"key":"conspire:TopHat"},{"floor":41.0,"key":"reliquary:RosewoodLute"},{"floor":43.0,"key":"Grinning Jar"},{"floor":46.0,"key":"Kunai"},{"floor":48.0,"key":"Golden Egg"},{"floor":51.0,"key":"paleoftheancients:SoulOfTheWatcher"},{"floor":58.0,"key":"reliquary:HotPoker"}],"event_choices":[{"cards_removed":["Twin Strike"],"damage_healed":0.0,"max_hp_gain":0.0,"max_hp_loss":0.0,"gold_gain":0.0,"event_name":"Falling","player_choice":"Removed Attack","floor":39.0,"gold_loss":0.0,"damage_taken":0.0},{"damage_healed":0.0,"max_hp_gain":0.0,"max_hp_loss":0.0,"gold_gain":0.0,"event_name":"The Woman in Blue","player_choice":"Bought 1 Potion","floor":44.0,"gold_loss":0.0,"damage_taken":0.0},{"damage_healed":0.0,"max_hp_gain":0.0,"max_hp_loss":0.0,"gold_gain":0.0,"event_name":"conspire:Investor","player_choice":"Leave","floor":53.0,"gold_loss":0.0,"damage_taken":0.0}],"is_beta":false,"boss_relics":[{"not_picked":["Coffee Dripper","energizedSpire:DeadBattery"],"picked":"ChewingGum"},{"not_picked":["Calling Bell","theForsaken:PaleLantern"],"picked":"Replay:Bronze Core"}],"items_purged_floors":[19],"is_endless":false,"potions_floor_spawned":[1,4,6,7,14,21,29,33,35,38,46,47,52],"killed_by":"paleoftheancients:N","ascension_level":15}}