{"host":"m6aaltr68g9tvoay","time":1612840541,"event":{"mods":["AchievementEnabler","BaseMod","Colored Map","Downfall","Minty Spire (QoL Compilation)","Slay the Relics Exporter","StSLib"],"gold_per_floor":[99,110,124,61,74,74,101,116,127,127,27,37,37,49,65,165,165,165,165,182,201,211,211,236,236,236,236],"floor_reached":25,"language":"ENG","playtime":3404,"items_purged":[],"score":296,"play_id":"37035e62-7528-4d1a-8a15-ed315f1c1de7","local_time":"20210208191541","is_ascension_mode":true,"campfire_choices":[{"floor":1,"key":"RECALL"},{"data":"bronze:Format","floor":6,"key":"SMITH"},{"floor":11,"key":"REST"},{"data":"bronze:AlphaBuild","floor":18,"key":"SMITH"},{"data":"bronze:DelayedSlice","floor":23,"key":"SMITH"}],"circlet_count":0,"master_deck":["AscendersBane","bronze:Replicate","bronze:Goto","bronze:Format+1","bronze:Overload","bronze:Separator","bronze:ChosenStrike","bronze:DelayedSlice+1","bronze:Overheat","bronze:FollowUp","bronze:Frontload+1","bronze:Optimize","bronze:ChildClass","bronze:ForceShield","bronze:AlphaBuild+1","bronze:BronzeArmor","bronze:ItsAFeature","bronze:InfiniteBeams","bronze:Verify","bronze:Refactor","bronze:Break","bronze:Return","bronze:Deprecate+1"],"relics":["bronze:BronzeCore","Nunchaku","downfall:HeartBlessingRed","Omamori","Pandora\u0027s Box"],"acts_visited":["Exordium","TheCity"],"potions_floor_usage":[12,14,16,19,20,25,25],"damage_taken":[{"damage":5,"enemies":"Small Slimes","floor":2,"turns":4},{"damage":1,"enemies":"Cultist","floor":3,"turns":4},{"damage":0,"enemies":"downfall:FleeingMerchant","floor":4,"turns":4},{"damage":0,"enemies":"Jaw Worm","floor":5,"turns":2},{"damage":8,"enemies":"Blue Slaver","floor":8,"turns":5},{"damage":4,"enemies":"Lots of Slimes","floor":9,"turns":4},{"damage":0,"enemies":"3 Louse","floor":12,"turns":1},{"damage":6,"enemies":"Exordium Wildlife","floor":14,"turns":2},{"damage":0,"enemies":"Exordium Thugs","floor":15,"turns":2},{"damage":4,"enemies":"SI_SHIV_ARCHETYPE","floor":16,"turns":7},{"damage":0,"enemies":"Shell Parasite","floor":20,"turns":4},{"damage":19,"enemies":"Chosen and Byrds","floor":21,"turns":6},{"damage":2,"enemies":"Sentry and Sphere","floor":22,"turns":2},{"damage":29,"enemies":"Shelled Parasite and Fungi","floor":25,"turns":4}],"seed_played":"1121219532705363534","potions_obtained":[{"floor":2,"key":"SkillPotion"},{"floor":3,"key":"SkillPotion"},{"floor":5,"key":"CultistPotion"},{"floor":12,"key":"SkillPotion"},{"floor":19,"key":"Fruit Juice"},{"floor":19,"key":"bronze:FreeFunctionsPotion"},{"floor":19,"key":"Fire Potion"},{"floor":21,"key":"bronze:FreeFunctionsPotion"}],"is_trial":false,"path_per_floor":["R","M","M","$","M","R","T","M","M","?","R","M","?","M","M","B",null,"R","?","M","M","M","R","T","M"],"character_chosen":"THE_AUTOMATON","items_purchased":["bronze:DelayedSlice"],"campfire_rested":1,"item_purchase_floors":[4],"current_hp_per_floor":[63,58,57,57,57,57,57,49,45,45,66,66,54,48,48,44,64,64,69,69,50,48,48,48,19,19,19],"gold":236,"neow_bonus":"ONE_RANDOM_RARE_CARD","is_daily":false,"chose_seed":false,"campfire_upgraded":3,"win_rate":0.0,"timestamp":1612840541,"path_taken":["R","M","M","$","M","R","T","M","M","?","R","?","?","M","M","BOSS","R","?","M","M","M","R","T","M"],"items_purchased_type":["Card"],"build_version":"2020-12-22","purchased_purges":0,"victory":false,"max_hp_per_floor":[70,70,70,70,70,70,70,70,70,70,70,70,70,70,70,70,70,70,75,75,75,75,75,75,75,75,75],"card_choices":[{"not_picked":["bronze:DelayedGuard","bronze:Safeguard"],"picked":"bronze:Overload","floor":2},{"not_picked":["bronze:CloningBeam","bronze:FollowUp"],"picked":"bronze:Separator","floor":3},{"not_picked":["bronze:ClassDefault","bronze:WildBeam"],"picked":"bronze:ChosenStrike","floor":4},{"not_picked":["bronze:DelayedGuard","bronze:Turbo"],"picked":"bronze:Overheat","floor":5},{"not_picked":["bronze:BitShift","bronze:Refactor"],"picked":"bronze:FollowUp","floor":8},{"not_picked":["bronze:Repulsor","bronze:Fortify"],"picked":"bronze:Frontload","floor":9},{"not_picked":["bronze:TinkerersToolbox","bronze:CutThrough"],"picked":"bronze:Optimize","floor":12},{"not_picked":["bronze:CutThrough","bronze:FineTuning"],"picked":"bronze:ChildClass","floor":14},{"not_picked":["bronze:Constructor","bronze:ClassDefault"],"picked":"bronze:ForceShield","floor":15},{"not_picked":["bronze:CleanCode","bronze:HardenedForm"],"picked":"bronze:Hardcode","floor":16},{"not_picked":["bronze:Frontload+1","bronze:DelayedSlice","bronze:ForceShield"],"picked":"SKIP","floor":20},{"not_picked":["bronze:BitShift","bronze:Turbo","bronze:Invalidate+1"],"picked":"SKIP","floor":21},{"not_picked":["bronze:Frontload","bronze:Library"],"picked":"bronze:Deprecate+1","floor":22}],"player_experience":1872653,"relics_obtained":[{"floor":7,"key":"Nunchaku"}],"event_choices":[{"damage_healed":0,"gold_gain":0,"player_choice":"Success","damage_taken":12,"relics_obtained":["Omamori"],"max_hp_gain":0,"max_hp_loss":0,"event_name":"Scrap Ooze","floor":13,"gold_loss":0},{"damage_healed":0,"gold_gain":0,"player_choice":"Got Potions","damage_taken":0,"max_hp_gain":0,"max_hp_loss":0,"event_name":"Lab","floor":19,"gold_loss":0}],"is_beta":false,"boss_relics":[{"not_picked":["Coffee Dripper","Philosopher\u0027s Stone"],"picked":"Pandora\u0027s Box"}],"items_purged_floors":[],"is_endless":false,"potions_floor_spawned":[2,3,5,12,21],"killed_by":"Shelled Parasite and Fungi","ascension_level":10}}