{"host":"37ccm3d17clopct7","time":1612891558,"event":{"mods":["BaseMod","GungeonMod","Hermit","Lobotomy","Minty Spire (QoL Compilation)","StSLib","The Bug Knight","The Cursed","The Hierophant","The Jungle","The Runesmith"],"gold_per_floor":[109,109,122,122,43,76,76,3,28,28,48,48,22,37,37,137,137,156,156,156,180,198,226,226,226,226,74,74,74,99,116,116,217,217,231,231,242,292,292,292,310,310,334,10,30,30,30,30,30,30,30],"floor_reached":50,"language":"KOR","playtime":1513,"items_purged":["Strike_G+1"],"score":547,"play_id":"8f270461-1e9d-40fc-bd90-27356c35b43c","local_time":"20210210022558","is_ascension_mode":false,"campfire_choices":[{"floor":7,"key":"REST"},{"data":"Terror","floor":10,"key":"SMITH"},{"floor":15,"key":"REST"},{"floor":24,"key":"REST"},{"data":"Survivor","floor":28,"key":"SMITH"},{"floor":32,"key":"REST"},{"floor":40,"key":"REST"},{"floor":42,"key":"REST"},{"floor":49,"key":"REST"}],"circlet_count":0,"master_deck":["Strike_G+1","Strike_G+1","Strike_G+1","Defend_G+1","Defend_G+1","Defend_G+1","Defend_G+1","Defend_G+1","Survivor+1","Neutralize","Infinite Blades+1","Flying Knee","Noxious Fumes","Terror+1","Noxious Fumes","Flying Knee","PiercingWail","Catalyst","Die Die Die","Crippling Poison+1","Outmaneuver+1","Noxious Fumes+1","Corpse Explosion","Prepared","Slice","Bullet Time","Deflect","Sucker Punch","Dagger Spray+1","Slice","Backflip+1","Noxious Fumes+1","Adrenaline","Enlightenment","Deflect"],"relics":["Ring of the Snake","Potion Belt","HollowMod:StagPassRelic","Omamori","SlaversCollar","Juzu Bracelet","Regal Pillow","Boot","MutagenicStrength","Dream Catcher","Tough Bandages","Black Star","DemoMod:BigBoy","DemoMod:PoisonVial","DemoMod:BlueGuonStone","Ninja Scroll"],"acts_visited":["Exordium","TheCity","TheBeyond"],"potions_floor_usage":[16,23,30,33,38,41,50],"damage_taken":[{"damage":7,"enemies":"Small Slimes","floor":1,"turns":5},{"damage":0,"enemies":"Jaw Worm","floor":3,"turns":5},{"damage":19,"enemies":"3 Sentries","floor":6,"turns":8},{"damage":0,"enemies":"2 Louse","floor":11,"turns":3},{"damage":10,"enemies":"Looter","floor":14,"turns":3},{"damage":36,"enemies":"Hexaghost","floor":16,"turns":9},{"damage":11,"enemies":"Chosen","floor":18,"turns":5},{"damage":16,"enemies":"3 Byrds","floor":22,"turns":5},{"damage":20,"enemies":"Slavers","floor":23,"turns":4},{"damage":22,"enemies":"Gremlin Leader","floor":30,"turns":5},{"damage":20,"enemies":"Centurion and Healer","floor":31,"turns":4},{"damage":17,"enemies":"Collector","floor":33,"turns":7},{"damage":13,"enemies":"Orb Walker","floor":35,"turns":4},{"damage":16,"enemies":"3 Shapes","floor":37,"turns":4},{"damage":26,"enemies":"Mind Bloom Boss Battle","floor":38,"turns":8},{"damage":31,"enemies":"Transient","floor":41,"turns":5},{"damage":20,"enemies":"3 Darklings","floor":45,"turns":4},{"damage":74,"enemies":"Awakened One","floor":50,"turns":8}],"seed_played":"-7088147993948243050","potions_obtained":[{"floor":1,"key":"Energy Potion"},{"floor":11,"key":"LiquidBronze"},{"floor":22,"key":"DuplicationPotion"},{"floor":23,"key":"PowerPotion"},{"floor":31,"key":"DemoMod:LeadSkinPotion"},{"floor":35,"key":"Swift Potion"},{"floor":41,"key":"Explosive Potion"}],"is_trial":false,"path_per_floor":["M","?","M","?","$","E","R","$","T","R","M","?","$","M","R","B",null,"M","?","?","T","M","E","R","?","T","$","R","?","E","M","R","B",null,"M","?","M","?","?","R","M","R","T","$","M","?","T","?","R","B"],"character_chosen":"THE_SILENT","items_purchased":["Noxious Fumes","Noxious Fumes","PiercingWail","Noxious Fumes","DemoMod:BlueGuonStone","Noxious Fumes"],"campfire_rested":7,"item_purchase_floors":[5,8,13,27,44,44],"current_hp_per_floor":[63,63,63,63,63,44,65,65,65,65,65,70,70,60,75,39,75,64,64,64,64,48,28,65,65,65,65,65,65,43,23,60,43,75,62,55,39,13,13,50,19,56,56,56,36,36,36,36,73,0,0],"gold":30,"neow_bonus":"RANDOM_COMMON_RELIC","is_daily":false,"chose_seed":false,"campfire_upgraded":2,"win_rate":0.0,"timestamp":1612891558,"path_taken":["M","?","M","?","$","E","R","?","T","R","?","?","?","M","R","BOSS","M","?","?","?","M","E","R","?","T","$","R","?","E","M","R","BOSS","M","?","M","?","?","R","M","R","T","$","M","?","?","?","R","BOSS"],"items_purchased_type":["Card","Card","Card","Card","Relic","Card"],"build_version":"2020-12-22","purchased_purges":1,"victory":false,"max_hp_per_floor":[70,70,70,70,70,70,70,70,70,70,70,75,75,75,75,75,75,75,75,75,75,75,75,75,75,75,75,75,75,75,75,75,75,75,75,75,75,75,75,75,75,75,75,75,75,75,75,75,75,75,75],"card_choices":[{"not_picked":["Choke","Deflect"],"picked":"Infinite Blades","floor":1},{"not_picked":["Calculated Gamble","Quick Slash"],"picked":"Flying Knee","floor":3},{"not_picked":["Escape Plan","Distraction"],"picked":"Terror","floor":6},{"not_picked":["Poisoned Stab","Blade Dance"],"picked":"Flying Knee","floor":11},{"not_picked":["Venomology","Infinite Blades"],"picked":"Catalyst","floor":14},{"not_picked":["Glass Knife","Malaise"],"picked":"Die Die Die","floor":16},{"not_picked":["Riddle With Holes","Choke","Acrobatics"],"picked":"SKIP","floor":18},{"not_picked":["Quick Slash","Blur"],"picked":"Crippling Poison+1","floor":22},{"not_picked":["Deadly Poison+1","Footwork+1"],"picked":"Outmaneuver+1","floor":23},{"not_picked":["All Out Attack+1","Dagger Throw"],"picked":"Prepared","floor":30},{"not_picked":["Backflip","Reflex","Quick Slash"],"picked":"SKIP","floor":31},{"not_picked":["Finisher","Flying Knee"],"picked":"Slice","floor":32},{"not_picked":["Burst","Glass Knife"],"picked":"Bullet Time","floor":33},{"not_picked":["Tactician+1","Quick Slash+1"],"picked":"Deflect","floor":35},{"not_picked":["Tactician+1","Night Terror"],"picked":"Sucker Punch","floor":37},{"not_picked":["Dodge and Roll","Bouncing Flask+1"],"picked":"Dagger Spray+1","floor":38},{"not_picked":["Leg Sweep+1","Sucker Punch"],"picked":"Slice","floor":40},{"not_picked":["Deadly Poison+1","Flechettes","Outmaneuver"],"picked":"SKIP","floor":41},{"not_picked":["Catalyst","Prepared"],"picked":"Backflip+1","floor":42},{"not_picked":["Dodge and Roll+1","Skewer+1"],"picked":"Adrenaline","floor":45},{"not_picked":["Transmutation","DemoMod:Spice"],"picked":"Enlightenment","floor":48},{"not_picked":["Dagger Throw+1","Predator"],"picked":"Deflect","floor":49}],"player_experience":156316,"relics_obtained":[{"floor":6,"key":"HollowMod:StagPassRelic"},{"floor":9,"key":"Omamori"},{"floor":21,"key":"Regal Pillow"},{"floor":23,"key":"Boot"},{"floor":26,"key":"Dream Catcher"},{"floor":30,"key":"Tough Bandages"},{"floor":38,"key":"DemoMod:BigBoy"},{"floor":43,"key":"DemoMod:PoisonVial"},{"floor":47,"key":"Ninja Scroll"}],"event_choices":[{"damage_healed":0,"gold_gain":0,"player_choice":"Grow","damage_taken":0,"max_hp_gain":0,"max_hp_loss":0,"event_name":"Living Wall","floor":2,"gold_loss":0,"cards_upgraded":["Infinite Blades"]},{"damage_healed":0,"gold_gain":0,"player_choice":"Ignored","damage_taken":0,"max_hp_gain":0,"max_hp_loss":0,"event_name":"Liars Game","floor":4,"gold_loss":0},{"damage_healed":0,"gold_gain":0,"player_choice":"Donut","damage_taken":0,"max_hp_gain":5,"max_hp_loss":0,"event_name":"Big Fish","floor":12,"gold_loss":0},{"damage_healed":0,"gold_gain":0,"player_choice":"Simplicity","damage_taken":0,"max_hp_gain":0,"max_hp_loss":0,"event_name":"Back to Basics","floor":19,"gold_loss":0,"cards_upgraded":["Strike_G","Strike_G","Strike_G","Strike_G","Strike_G","Defend_G","Defend_G","Defend_G","Defend_G","Defend_G"]},{"damage_healed":0,"gold_gain":0,"player_choice":"Opened","damage_taken":0,"relics_obtained":["Juzu Bracelet"],"max_hp_gain":0,"max_hp_loss":0,"event_name":"The Mausoleum","floor":20,"gold_loss":0,"cards_obtained":["Writhe"]},{"damage_healed":0,"gold_gain":0,"player_choice":"Inject Mutagens","damage_taken":0,"relics_obtained":["MutagenicStrength"],"max_hp_gain":0,"max_hp_loss":0,"event_name":"Drug Dealer","floor":25,"gold_loss":0},{"damage_healed":0,"gold_gain":0,"player_choice":"Read","damage_taken":0,"max_hp_gain":0,"max_hp_loss":0,"event_name":"The Library","floor":29,"gold_loss":0,"cards_obtained":["Corpse Explosion"]},{"damage_healed":0,"gold_gain":0,"player_choice":"Damaged","damage_taken":7,"max_hp_gain":0,"max_hp_loss":0,"event_name":"Wheel of Change","floor":36,"gold_loss":0},{"damage_healed":0,"gold_gain":0,"player_choice":"Fight","damage_taken":0,"max_hp_gain":0,"max_hp_loss":0,"event_name":"MindBloom","floor":38,"gold_loss":0},{"damage_healed":0,"gold_gain":0,"player_choice":"Ignored","damage_taken":0,"max_hp_gain":0,"max_hp_loss":0,"event_name":"The Moai Head","floor":39,"gold_loss":0},{"cards_removed":["Strike_G"],"damage_healed":0,"gold_gain":0,"player_choice":"Removed Attack","damage_taken":0,"max_hp_gain":0,"max_hp_loss":0,"event_name":"Falling","floor":46,"gold_loss":0},{"damage_healed":0,"gold_gain":0,"player_choice":"Memory 1","damage_taken":0,"max_hp_gain":0,"max_hp_loss":0,"event_name":"SensoryStone","floor":48,"gold_loss":0}],"is_beta":false,"boss_relics":[{"not_picked":["Astrolabe","Fusion Hammer"],"picked":"SlaversCollar"},{"not_picked":["HoveringKite","Cursed Key"],"picked":"Black Star"}],"items_purged_floors":[27],"is_endless":false,"potions_floor_spawned":[1,11,22,23,31,35,41],"killed_by":"Awakened One","ascension_level":0}}