{"host":"kk6i5v7sjcm8i50x","time":1612860898,"event":{"mods":["BaseMod","Bestiary","Colored Map","Downfall","Minty Spire (QoL Compilation)","Reliquary","StSLib","The Saiyan"],"gold_per_floor":[112,287,307,326,18,18,47,47,47,122,47,60,70,100,100,100,100],"floor_reached":16,"language":"ENG","playtime":472,"items_purged":["Defend_P"],"score":110,"play_id":"1b1e613b-0530-4e95-b75f-7320dcf51e78","local_time":"20210209035458","is_ascension_mode":false,"campfire_choices":[{"data":"Eruption","floor":6,"key":"SMITH"},{"data":"ClearTheMind","floor":8,"key":"SMITH"},{"floor":15,"key":"REST"}],"circlet_count":0,"master_deck":["Strike_P","Strike_P","Strike_P","Strike_P","Defend_P","Defend_P","Defend_P","Eruption+1","Vigilance","Tantrum","CutThroughFate","Doubt","Conclude","FlurryOfBlows","ClearTheMind+1","Alpha","FlurryOfBlows","BowlingBash","FlurryOfBlows"],"relics":["PureWater","Du-Vu Doll","Matryoshka","reliquary:WeakTea","InkBottle","Dream Catcher"],"acts_visited":["Exordium"],"potions_floor_usage":[14],"damage_taken":[{"damage":0,"enemies":"2 Louse","floor":1,"turns":1},{"damage":3,"enemies":"Small Slimes","floor":3,"turns":3},{"damage":0,"enemies":"Jaw Worm","floor":4,"turns":1},{"damage":28,"enemies":"Gremlin Nob","floor":7,"turns":3},{"damage":0,"enemies":"Large Slime","floor":12,"turns":2},{"damage":4,"enemies":"2 Fungi Beasts","floor":13,"turns":3},{"damage":9,"enemies":"3 Sentries","floor":14,"turns":4},{"damage":50,"enemies":"The Guardian","floor":16,"turns":6}],"seed_played":"2793970352382637236","potions_obtained":[{"floor":4,"key":"hexamod:SoulburnPotion"},{"floor":12,"key":"Block Potion"},{"floor":13,"key":"champ:CounterPotion"},{"floor":14,"key":"LiquidBronze"}],"is_trial":false,"path_per_floor":["M","?","M","M","$","R","E","R","T","?","$","M","M","E","R","B"],"character_chosen":"WATCHER","items_purchased":["Du-Vu Doll"],"campfire_rested":1,"item_purchase_floors":[5],"current_hp_per_floor":[72,72,69,69,69,69,41,41,41,41,41,41,37,28,49,0,0],"gold":100,"neow_bonus":"THREE_CARDS","is_daily":false,"chose_seed":false,"campfire_upgraded":2,"win_rate":0.0,"timestamp":1612860898,"path_taken":["M","?","M","M","$","R","E","R","T","?","$","M","M","E","R","BOSS"],"items_purchased_type":["Relic"],"build_version":"2020-12-22","purchased_purges":1,"victory":false,"max_hp_per_floor":[72,72,72,72,72,72,72,72,72,72,72,72,72,72,72,72,72],"card_choices":[{"not_picked":["Consecrate","PathToVictory"],"picked":"Tantrum","floor":0},{"not_picked":["DeceiveReality","ThirdEye"],"picked":"CutThroughFate","floor":1},{"not_picked":["PathToVictory","Protect"],"picked":"Conclude","floor":3},{"not_picked":["Adaptation","Protect"],"picked":"FlurryOfBlows","floor":4},{"not_picked":["JustLucky","FlyingSleeves"],"picked":"ClearTheMind","floor":7},{"not_picked":["Consecrate","CrushJoints"],"picked":"Alpha","floor":12},{"not_picked":["CrushJoints","MentalFortress"],"picked":"FlurryOfBlows","floor":13},{"not_picked":["EmptyFist","Vengeance"],"picked":"BowlingBash","floor":14},{"not_picked":["CrushJoints","Wallop"],"picked":"FlurryOfBlows","floor":15}],"player_experience":181177,"relics_obtained":[{"floor":7,"key":"Matryoshka"},{"floor":9,"key":"reliquary:WeakTea"},{"floor":9,"key":"InkBottle"},{"floor":14,"key":"Dream Catcher"}],"event_choices":[{"damage_healed":0,"gold_gain":175,"player_choice":"AGREE","damage_taken":0,"max_hp_gain":0,"max_hp_loss":0,"event_name":"Liars Game","floor":2,"gold_loss":0,"cards_obtained":["Doubt"]},{"damage_healed":0,"gold_gain":75,"player_choice":"Gained Gold","damage_taken":0,"max_hp_gain":0,"max_hp_loss":0,"event_name":"Golden Wing","floor":10,"gold_loss":0}],"is_beta":false,"boss_relics":[],"items_purged_floors":[11],"is_endless":false,"potions_floor_spawned":[4,12,13,14],"killed_by":"The Guardian","ascension_level":0}}