{"host":"3a5itcmwo6ddh3id","time":1612888792,"event":{"mods":["BaseMod","Colored Map","Colored Powertips","Minty Spire (QoL Compilation)","Relic Stats"],"gold_per_floor":[111,124,124,124,137,137,147,175,175,175,175,210,250,282,282,377,377,393,393,404,18,30,30,30,30,30,58,78,89,122,69,69,69,69],"floor_reached":33,"language":"ENG","playtime":2380,"items_purged":[],"score":479,"play_id":"d748aec8-ad84-4d2f-8429-b071714fb630","local_time":"20210209103952","is_ascension_mode":true,"campfire_choices":[{"data":"CrushJoints","floor":6.0,"key":"SMITH"},{"floor":11.0,"key":"REST"},{"floor":15.0,"key":"REST"},{"data":"Scrawl","floor":23,"key":"SMITH"},{"floor":25,"key":"REST"},{"data":"ClearTheMind","floor":32,"key":"SMITH"}],"circlet_count":0,"master_deck":["Strike_P","Strike_P","Strike_P","Defend_P","Defend_P","Defend_P","Eruption+1","Vigilance","FlyingSleeves","ReachHeaven+1","CrushJoints+1","Crescendo+1","Indignation","ForeignInfluence","EmptyMind","Scrawl+1","ThirdEye+1","RitualDagger","Wallop","Sanctity","LessonLearned","EmptyBody+1","Halt","SashWhip+1","InnerPeace+1","MasterReality","ClearTheMind+1"],"relics":["Empty Cage","GoldenEye","Thread and Needle","Turnip","Blue Candle","Potion Belt","Runic Pyramid","Lee\u0027s Waffle","Ice Cream","CloakClasp","Vajra"],"acts_visited":["Exordium","TheCity"],"potions_floor_usage":[16,27,33,33],"damage_taken":[{"damage":6.0,"enemies":"Small Slimes","floor":1.0,"turns":4.0},{"damage":0.0,"enemies":"2 Louse","floor":2.0,"turns":3.0},{"damage":0.0,"enemies":"Cultist","floor":5.0,"turns":2.0},{"damage":0.0,"enemies":"Large Slime","floor":7.0,"turns":3.0},{"damage":30.0,"enemies":"3 Sentries","floor":8.0,"turns":7.0},{"damage":0.0,"enemies":"Gremlin Nob","floor":12.0,"turns":2.0},{"damage":0.0,"enemies":"Looter","floor":13.0,"turns":1.0},{"damage":16.0,"enemies":"3 Sentries","floor":14.0,"turns":5.0},{"damage":23,"enemies":"Hexaghost","floor":16,"turns":6},{"damage":29,"enemies":"2 Thieves","floor":18,"turns":4},{"damage":2,"enemies":"Shell Parasite","floor":20,"turns":2},{"damage":26,"enemies":"Snecko","floor":22,"turns":3},{"damage":6,"enemies":"Gremlin Leader","floor":27,"turns":6},{"damage":0,"enemies":"Cultist and Chosen","floor":28,"turns":7},{"damage":9,"enemies":"Snake Plant","floor":29,"turns":3},{"damage":1,"enemies":"Book of Stabbing","floor":30,"turns":4},{"damage":59,"enemies":"Automaton","floor":33,"turns":12}],"seed_played":"7048406470237358918","potions_obtained":[{"floor":2.0,"key":"Energy Potion"},{"floor":7.0,"key":"EssenceOfSteel"},{"floor":12.0,"key":"CultistPotion"},{"floor":13.0,"key":"SpeedPotion"},{"floor":22,"key":"AttackPotion"},{"floor":27,"key":"Swift Potion"},{"floor":29,"key":"Block Potion"}],"is_trial":false,"path_per_floor":["M","M","?","?","M","R","M","E","T","?","R","E","M","E","R","B",null,"M","?","M","$","M","R","?","R","T","E","M","M","E","$","R","B"],"character_chosen":"WATCHER","items_purchased":["Lee\u0027s Waffle","Sanctity","LessonLearned","ClearTheMind"],"campfire_rested":3,"item_purchase_floors":[21,21,21,31],"current_hp_per_floor":[59,59,41,41,41,41,41,11,11,11,32,32,32,16,37,14,58,29,23,21,79,53,53,38,63,63,57,57,48,47,47,47,0,0],"gold":69,"neow_bonus":"BOSS_RELIC","is_daily":false,"chose_seed":false,"campfire_upgraded":3,"win_rate":0.0,"timestamp":1612888792,"path_taken":["M","M","?","?","M","R","?","E","T","?","R","E","M","E","R","BOSS","M","?","M","$","M","R","?","R","T","E","M","M","E","$","R","BOSS"],"items_purchased_type":["Relic","Card","Card","Card"],"build_version":"2020-12-22","purchased_purges":0,"victory":false,"max_hp_per_floor":[72,72,72,72,72,72,72,72,72,72,72,72,72,72,72,72,72,72,72,72,79,79,79,84,84,84,84,84,84,84,84,84,84,84],"relic_stats":{"Lee\u0027s Waffle":58,"counters":[17,74],"Blue Candle":[0],"Turnip":[2],"CloakClasp":[154],"GoldenEye":[10],"obtain_stats":[{"Potion Belt":14,"Ice Cream":26,"Lee\u0027s Waffle":21,"Blue Candle":12,"Vajra":30,"Thread and Needle":8,"Turnip":9,"CloakClasp":27,"PureWater":0,"Empty Cage":0,"GoldenEye":3,"Runic Pyramid":17},{"Potion Belt":8,"Ice Cream":12,"Lee\u0027s Waffle":11,"Blue Candle":6,"Vajra":16,"Thread and Needle":5,"Turnip":5,"CloakClasp":13,"PureWater":0,"Empty Cage":0,"GoldenEye":2,"Runic Pyramid":9},{"Potion Belt":27,"Ice Cream":42,"Lee\u0027s Waffle":39,"Blue Candle":21,"Vajra":62,"Thread and Needle":19,"Turnip":19,"CloakClasp":48,"PureWater":0,"Empty Cage":0,"GoldenEye":7,"Runic Pyramid":33}]},"card_choices":[{"not_picked":["Consecrate","Prostrate"],"picked":"FlyingSleeves","floor":1.0},{"not_picked":["EmptyBody","Consecrate"],"picked":"ReachHeaven","floor":2.0},{"not_picked":["Weave","Establishment"],"picked":"CrushJoints","floor":5.0},{"not_picked":["JustLucky","Evaluate"],"picked":"Crescendo","floor":7.0},{"not_picked":["FlyingSleeves","Judgement"],"picked":"Indignation","floor":8.0},{"not_picked":["Tantrum","Indignation"],"picked":"ForeignInfluence","floor":12.0},{"not_picked":["PathToVictory","SashWhip"],"picked":"EmptyMind","floor":13.0},{"not_picked":["Pray","Indignation","CrushJoints"],"picked":"SKIP","floor":14.0},{"not_picked":["SpiritShield","ConjureBlade"],"picked":"Scrawl","floor":16},{"not_picked":["BowlingBash+1","Evaluate+1"],"picked":"ThirdEye+1","floor":18},{"not_picked":["CutThroughFate+1","Conclude"],"picked":"Wallop","floor":20},{"not_picked":["CutThroughFate","SandsOfTime"],"picked":"EmptyBody+1","floor":22},{"not_picked":["Crescendo+1","EmptyFist"],"picked":"Halt","floor":27},{"not_picked":["PathToVictory","Protect"],"picked":"SashWhip+1","floor":28},{"not_picked":["FlyingSleeves","Swivel"],"picked":"InnerPeace+1","floor":29},{"not_picked":["Consecrate","BowlingBash"],"picked":"MasterReality","floor":30}],"player_experience":1126029,"relics_obtained":[{"floor":8.0,"key":"Thread and Needle"},{"floor":9.0,"key":"Turnip"},{"floor":12.0,"key":"Blue Candle"},{"floor":14.0,"key":"Potion Belt"},{"floor":26,"key":"Ice Cream"},{"floor":27,"key":"CloakClasp"},{"floor":30,"key":"Vajra"}],"event_choices":[{"damage_healed":0.0,"max_hp_gain":0.0,"max_hp_loss":0.0,"gold_gain":0.0,"event_name":"Scrap Ooze","player_choice":"Success","floor":3.0,"gold_loss":0.0,"damage_taken":18.0,"relics_obtained":["GoldenEye"]},{"damage_healed":0.0,"max_hp_gain":0.0,"max_hp_loss":0.0,"gold_gain":0.0,"event_name":"Upgrade Shrine","player_choice":"Upgraded","floor":4.0,"gold_loss":0.0,"damage_taken":0.0,"cards_upgraded":["Eruption"]},{"damage_healed":0.0,"max_hp_gain":0.0,"max_hp_loss":0.0,"gold_gain":0.0,"event_name":"Shining Light","player_choice":"Ignored","floor":10.0,"gold_loss":0.0,"damage_taken":0.0},{"damage_healed":0,"gold_gain":0,"player_choice":"Joined the Cult","damage_taken":6,"max_hp_gain":0,"max_hp_loss":0,"event_name":"Nest","floor":19,"gold_loss":0,"cards_obtained":["RitualDagger"]},{"damage_healed":0,"gold_gain":0,"player_choice":"Shed Blood","damage_taken":20,"max_hp_gain":5,"max_hp_loss":0,"event_name":"Forgotten Altar","floor":24,"gold_loss":0}],"is_beta":false,"boss_relics":[{"not_picked":["Velvet Choker","Runic Dome"],"picked":"Runic Pyramid"}],"items_purged_floors":[],"is_endless":false,"potions_floor_spawned":[2,7,12,13,22,27,29],"killed_by":"Automaton","ascension_level":9}}