{"host":"7fyy23rucerupe6i","time":1612849296,"event":{"mods":["AchievementEnabler","Act Like it!","Aspiration","BaseMod","Better Note","BetterRewards","Colored Map","Colored Powertips","Conspire","Curses Come First","Custom Start","Downfall","Googly Eyes","Hallownest","Marisa£®ÏF”Í°°ƒß¿Ì…≥£©","Minty Spire (QoL Compilation)","Quick Restart","Relic Stats","Remilia£®¿Ÿ√◊¿Ú—«£©","Shop Mod","ShortenTheSpire","Spicy Shops","StSLib","SuperFastMode","The Blackbeard","The Bug Knight","The Construct","The Cursed","The Senshi","The Servant 0.9.4"],"gold_per_floor":[118,118,131,147,161,191,191,218,218,234,234,234,17,17,17,17,17],"floor_reached":16,"language":"ZHS","playtime":533,"items_purged":["Regret","Defend_G","Strike_G"],"score":220,"play_id":"811a253a-2106-4254-aa37-9236d3a1ffbd","local_time":"20210209134136","is_ascension_mode":true,"campfire_choices":[{"floor":7,"key":"REST"},{"floor":15,"key":"REST"}],"circlet_count":0,"master_deck":["AscendersBane","Strike_G","Strike_G","Strike_G","Defend_G","Defend_G","Defend_G","Defend_G","Survivor","Neutralize","Backstab+1","Slice+1","Slice+1","Envenom","Blade Dance","Phantasmal Killer","Tactician","Dagger Spray+1"],"relics":["Ring of the Snake","Molten Egg 2","Pen Nib","Bag of Preparation","Toolbox","conspire:TreasureMap","Torii","Shuriken","aspiration:ChemicalBlood","MerchantsRug"],"acts_visited":["Exordium"],"potions_floor_usage":[],"damage_taken":[{"damage":0,"enemies":"Jaw Worm","floor":1,"turns":4},{"damage":0,"enemies":"2 Louse","floor":3,"turns":2},{"damage":0,"enemies":"Small Slimes","floor":4,"turns":1},{"damage":0,"enemies":"2 Fungi Beasts","floor":5,"turns":2},{"damage":20,"enemies":"Lagavulin","floor":6,"turns":3},{"damage":1,"enemies":"3 Sentries","floor":8,"turns":3},{"damage":0,"enemies":"Looter","floor":10,"turns":1},{"damage":37,"enemies":"The Guardian","floor":16,"turns":7}],"seed_played":"-7922363510176676250","potions_obtained":[{"floor":3,"key":"Ancient Potion"},{"floor":6,"key":"champ:CounterPotion"}],"is_trial":false,"path_per_floor":["M","?","M","M","M","E","R","E","T","M","?","T","$","?","R","B"],"character_chosen":"THE_SILENT","items_purchased":["Molten Egg 2","Pen Nib","Bag of Preparation","Toolbox","conspire:TreasureMap","Backstab+1","MerchantsRug"],"campfire_rested":2,"item_purchase_floors":[0,0,0,0,0,0,13],"current_hp_per_floor":[28,24,24,24,24,4,23,22,22,22,15,15,15,15,34,0,0],"gold":17,"neow_bonus":"","is_daily":false,"chose_seed":false,"campfire_upgraded":0,"win_rate":0.0,"timestamp":1612849296,"path_taken":["M","?","M","M","M","E","R","E","T","M","?","?","$","?","R","BOSS"],"items_purchased_type":["Relic","Relic","Relic","Relic","Relic","Card","Relic"],"build_version":"2020-12-22","purchased_purges":3,"victory":false,"max_hp_per_floor":[66,66,66,66,66,66,66,66,66,66,66,66,66,66,66,66,66],"relic_stats":{"Torii":13,"counters":[8,23],"Shuriken":[5],"Pen Nib":[6],"Bag of Preparation":[16],"obtain_stats":[{"MerchantsRug":13,"conspire:TreasureMap":0,"ScarletDevilRocket":9,"Torii":6,"Pen Nib":0,"Bag of Preparation":0,"Question Card":0,"White Beast Statue":0,"Shuriken":8,"Toolbox":0,"Molten Egg 2":0,"theSenshi:SailorFukuRelic":0,"Ring of the Snake":0,"aspiration:ChemicalBlood":12},{"MerchantsRug":7,"conspire:TreasureMap":0,"ScarletDevilRocket":6,"Torii":5,"Pen Nib":0,"Bag of Preparation":0,"Question Card":0,"White Beast Statue":0,"Shuriken":6,"Toolbox":0,"Molten Egg 2":0,"theSenshi:SailorFukuRelic":0,"Ring of the Snake":0,"aspiration:ChemicalBlood":7},{"MerchantsRug":16,"conspire:TreasureMap":0,"ScarletDevilRocket":15,"Torii":12,"Pen Nib":0,"Bag of Preparation":0,"Question Card":0,"White Beast Statue":0,"Shuriken":15,"Toolbox":0,"Molten Egg 2":0,"theSenshi:SailorFukuRelic":0,"Ring of the Snake":0,"aspiration:ChemicalBlood":16}],"Ring of the Snake":[16]},"card_choices":[{"not_picked":["Deflect","Underhanded Strike+1"],"picked":"Slice+1","floor":1},{"not_picked":["Acrobatics","Backstab+1"],"picked":"Slice+1","floor":3},{"not_picked":["Deadly Poison","Quick Slash+1"],"picked":"Envenom","floor":4},{"not_picked":["Prepared","Acrobatics"],"picked":"Blade Dance","floor":5},{"not_picked":["Reflex","Terror"],"picked":"Phantasmal Killer","floor":6},{"not_picked":["Quick Slash+1","Acrobatics"],"picked":"Tactician","floor":8},{"not_picked":["Deadly Poison","Riddle With Holes+1"],"picked":"Dagger Spray+1","floor":10}],"player_experience":594860,"relics_obtained":[{"floor":6,"key":"Torii"},{"floor":8,"key":"Shuriken"},{"floor":9,"key":"ScarletDevilRocket"},{"floor":12,"key":"aspiration:ChemicalBlood"}],"event_choices":[{"damage_healed":0,"gold_gain":0,"player_choice":"Leave","damage_taken":0,"max_hp_gain":0,"max_hp_loss":0,"event_name":"conspire:Investor","floor":2,"gold_loss":0},{"cards_removed":["Strike_G"],"damage_healed":0,"gold_gain":0,"player_choice":"Card Removal","damage_taken":7,"max_hp_gain":0,"max_hp_loss":0,"event_name":"Golden Wing","floor":11,"gold_loss":0},{"damage_healed":0,"gold_gain":0,"player_choice":"Ignored","damage_taken":0,"max_hp_gain":0,"max_hp_loss":0,"event_name":"Shining Light","floor":14,"gold_loss":0}],"is_beta":false,"boss_relics":[],"items_purged_floors":[0,0,13],"is_endless":false,"potions_floor_spawned":[3,6],"killed_by":"The Guardian","ascension_level":20}}