{"host":"126yiuos2nq86se7","time":1612856011,"event":{"mods":["AchievementEnabler","Act Like it!","BaseMod","BetterRewards","Colored Map","Colored Powertips","Friendly Minions","Highlight Path","Hubris","Minty Spire (QoL Compilation)","Reimu??????","Remilia??????","StSLib","SuperFastMode","Td1madao Mod","The Animator"],"gold_per_floor":[110,70,70,88,103,103,120,131,131,131,149,159,234,264,264,364,364,379,379,17,17,17,17,34,34,34,34,34,45,45,18,18,118,118,131,131,151,23,42,42,52,62,62,72,83,133,133,133,133,133],"floor_reached":51,"language":"ENG","playtime":1966,"items_purged":["Strike_G","Strike_G","Decay"],"score":956,"play_id":"225abae1-933b-4c43-a1f6-8db0f95792db","local_time":"20210209183331","is_ascension_mode":true,"campfire_choices":[{"floor":6,"key":"REST"},{"floor":10,"key":"REST"},{"floor":15,"key":"REST"},{"data":"1","floor":23,"key":"LIFT"},{"data":"2","floor":25,"key":"LIFT"},{"floor":30,"key":"REST"},{"floor":32,"key":"REST"},{"floor":40,"key":"REST"},{"floor":47,"key":"REST"},{"floor":49,"key":"REST"}],"circlet_count":0,"master_deck":["Strike_G","Strike_G","Strike_G","Defend_G","Defend_G+1","Defend_G","Defend_G","Defend_G","Survivor","Neutralize","Well Laid Plans","PiercingWail","Poisoned Stab","Footwork","Blur","Backflip+1","Blur","Poisoned Stab","PiercingWail","Caltrops","Envenom","Deadly Poison","Infinite Blades","After Image","Catalyst+1","Trip","Leg Sweep+1","Backflip+1","Cloak And Dagger"],"relics":["Ring of the Snake","Membership Card","Ornamental Fan","Toy Ornithopter","Girya","Kunai","PaintedHorse:ReiMu","The Courier","Mastiff:ReiMu","Fusion Hammer","Gremlin Horn","Ice Cream","Singing Bowl","War Paint","Cursed Key","Thread and Needle"],"acts_visited":["Exordium","TheCity","TheBeyond"],"potions_floor_usage":[14,14,16,22,33,50,50,50],"damage_taken":[{"damage":6,"enemies":"Cultist","floor":1,"turns":4},{"damage":0,"enemies":"2 Louse","floor":4,"turns":4},{"damage":0,"enemies":"Small Slimes","floor":5,"turns":4},{"damage":21,"enemies":"Exordium Wildlife","floor":7,"turns":12},{"damage":0,"enemies":"Blue Slaver","floor":8,"turns":7},{"damage":0,"enemies":"Red Slaver","floor":11,"turns":6},{"damage":0,"enemies":"Looter","floor":12,"turns":4},{"damage":12,"enemies":"3 Sentries","floor":14,"turns":11},{"damage":14,"enemies":"Hexaghost","floor":16,"turns":11},{"damage":7,"enemies":"Chosen","floor":18,"turns":6},{"damage":0,"enemies":"2 Thieves","floor":22,"turns":1},{"damage":6,"enemies":"Snake Plant","floor":24,"turns":5},{"damage":24,"enemies":"Chosen and Byrds","floor":29,"turns":7},{"damage":8,"enemies":"Automaton","floor":33,"turns":12},{"damage":14,"enemies":"3 Darklings","floor":35,"turns":7},{"damage":4,"enemies":"3 Shapes","floor":37,"turns":5},{"damage":20,"enemies":"Maw","floor":39,"turns":9},{"damage":22,"enemies":"3 Darklings","floor":41,"turns":7},{"damage":19,"enemies":"Spire Growth","floor":42,"turns":7},{"damage":8,"enemies":"Sphere and 2 Shapes","floor":44,"turns":8},{"damage":0,"enemies":"3 Darklings","floor":45,"turns":8},{"damage":2,"enemies":"Mind Bloom Boss Battle","floor":46,"turns":6},{"damage":2,"enemies":"Donu and Deca","floor":50,"turns":12}],"seed_played":"6756670842641684572","potions_obtained":[{"floor":7,"key":"SteroidPotion"},{"floor":8,"key":"Poison Potion"},{"floor":11,"key":"SteroidPotion"},{"floor":12,"key":"SmokeBomb"},{"floor":14,"key":"BlessingOfTheForge"},{"floor":16,"key":"PowerPotion"},{"floor":35,"key":"Fire Potion"},{"floor":37,"key":"AttackPotion"},{"floor":44,"key":"SpeedPotion"},{"floor":45,"key":"Strength Potion"}],"is_trial":false,"path_per_floor":["M","?","?","M","M","R","M","M","T","R","M","M","?","E","R","B",null,"M","?","$","?","M","R","M","R","T","?","?","M","R","$","R","B",null,"M","?","M","$","M","R","M","M","T","M","M","?","R","?","R","B",null],"character_chosen":"THE_SILENT","items_purchased":["Well Laid Plans","PiercingWail","Membership Card","Ornamental Fan","Toy Ornithopter","Poisoned Stab","Kunai","Gremlin Horn","Ice Cream","Singing Bowl","Infinite Blades","Night Terror","Trip"],"campfire_rested":8,"item_purchase_floors":[0,0,0,0,0,0,0,20,20,20,31,38,38],"current_hp_per_floor":[31,31,31,31,31,52,31,31,31,52,52,52,41,39,60,51,70,63,63,63,63,68,68,64,64,64,64,51,29,52,52,75,71,79,65,65,63,63,45,69,49,30,30,24,24,24,50,50,76,87],"gold":133,"neow_bonus":"","is_daily":false,"chose_seed":false,"campfire_upgraded":0,"win_rate":0.0,"timestamp":1612856011,"path_taken":["M","?","?","M","M","R","M","M","T","R","M","M","?","E","R","BOSS","M","?","$","?","?","R","M","R","T","?","?","?","R","$","R","BOSS","M","?","M","$","?","R","M","M","T","M","M","?","R","?","R","BOSS"],"items_purchased_type":["Card","Card","Relic","Relic","Relic","Card","Relic","Relic","Relic","Relic","Card","Card","Card"],"build_version":"2020-12-22","purchased_purges":3,"victory":true,"max_hp_per_floor":[70,70,70,70,70,70,70,70,70,70,70,70,70,70,70,70,70,70,70,70,70,70,70,72,72,72,72,77,79,79,79,79,79,79,79,79,81,81,83,83,85,85,85,87,87,89,89,89,89,89],"card_choices":[{"not_picked":["Poisoned Stab","Dodge and Roll"],"picked":"Footwork","floor":1},{"not_picked":["Calculated Gamble","Well Laid Plans"],"picked":"Blur","floor":4},{"not_picked":["Prepared","Dodge and Roll","hubris:SlightOfHand"],"picked":"SKIP","floor":5},{"not_picked":["Dodge and Roll","Die Die Die"],"picked":"Backflip","floor":7},{"not_picked":["Cloak And Dagger","Leg Sweep"],"picked":"Blur","floor":8},{"not_picked":["Dagger Throw","Deflect"],"picked":"Poisoned Stab","floor":11},{"not_picked":["Blade Dance","Underhanded Strike"],"picked":"PiercingWail","floor":12},{"not_picked":["Heel Hook","Wraith Form v2"],"picked":"Caltrops","floor":14},{"not_picked":["Tools of the Trade","Glass Knife"],"picked":"Envenom","floor":16},{"not_picked":["Expertise+1","Prepared"],"picked":"Deadly Poison","floor":18},{"not_picked":["hubris:Sniper","Masterful Stab","Flechettes"],"picked":"Singing Bowl","floor":24},{"not_picked":["hubris:SlightOfHand","Deflect","Bane"],"picked":"Singing Bowl","floor":29},{"not_picked":["Burst","Corpse Explosion"],"picked":"After Image","floor":33},{"not_picked":["Heel Hook","Dodge and Roll"],"picked":"Catalyst+1","floor":35},{"not_picked":["Dodge and Roll+1","Underhanded Strike","Flechettes"],"picked":"Singing Bowl","floor":37},{"not_picked":["Dash","Slice+1","Choke"],"picked":"Singing Bowl","floor":39},{"not_picked":["Well Laid Plans+1","Predator+1","Sucker Punch"],"picked":"Singing Bowl","floor":41},{"not_picked":["Slice","Cloak And Dagger"],"picked":"Leg Sweep+1","floor":42},{"not_picked":["hubris:Counter","Deadly Poison","Choke+1"],"picked":"Singing Bowl","floor":44},{"not_picked":["hubris:SlightOfHand+1","Dagger Spray+1"],"picked":"Backflip+1","floor":45},{"not_picked":["Dagger Spray+1","Quick Slash+1","Dodge and Roll"],"picked":"Singing Bowl","floor":46}],"player_experience":1689295,"relics_obtained":[{"floor":9,"key":"The Courier"},{"floor":14,"key":"Mastiff:ReiMu"},{"floor":26,"key":"War Paint"},{"floor":46,"key":"Thread and Needle"}],"event_choices":[{"damage_healed":0,"gold_gain":0,"player_choice":"Donate","damage_taken":0,"relics_obtained":["PaintedHorse:ReiMu"],"max_hp_gain":0,"max_hp_loss":0,"event_name":"yidonshenshe","floor":2,"gold_loss":40},{"damage_healed":0,"gold_gain":0,"player_choice":"Ignored","damage_taken":0,"max_hp_gain":0,"max_hp_loss":0,"event_name":"Liars Game","floor":3,"gold_loss":0},{"damage_healed":0,"gold_gain":75,"player_choice":"Gather Gold","damage_taken":11,"max_hp_gain":0,"max_hp_loss":0,"event_name":"World of Goop","floor":13,"gold_loss":0},{"damage_healed":0,"gold_gain":0,"player_choice":"Ignored","damage_taken":0,"max_hp_gain":0,"max_hp_loss":0,"event_name":"The Mausoleum","floor":19,"gold_loss":0},{"damage_healed":0,"gold_gain":0,"player_choice":"Ignored","damage_taken":0,"max_hp_gain":0,"max_hp_loss":0,"event_name":"NoteForYourself","floor":21,"gold_loss":0},{"damage_healed":0,"gold_gain":0,"player_choice":"Ignored","damage_taken":0,"max_hp_gain":0,"max_hp_loss":0,"event_name":"Vampires","floor":27,"gold_loss":0},{"damage_healed":0,"gold_gain":0,"player_choice":"Shed Blood","damage_taken":18,"max_hp_gain":5,"max_hp_loss":0,"event_name":"Forgotten Altar","floor":28,"gold_loss":0},{"damage_healed":0,"gold_gain":0,"player_choice":"Cursed","damage_taken":0,"max_hp_gain":0,"max_hp_loss":0,"event_name":"Wheel of Change","floor":36,"gold_loss":0,"cards_obtained":["Decay"]},{"damage_healed":0,"gold_gain":0,"player_choice":"Fight","damage_taken":0,"max_hp_gain":0,"max_hp_loss":0,"event_name":"MindBloom","floor":46,"gold_loss":0},{"damage_healed":0,"gold_gain":0,"cards_transformed":["Night Terror"],"player_choice":"Transformed","damage_taken":0,"max_hp_gain":0,"max_hp_loss":0,"event_name":"Transmorgrifier","floor":48,"gold_loss":0,"cards_obtained":["Cloak And Dagger"]}],"is_beta":false,"boss_relics":[{"not_picked":["Runic Dome","hubris:HollowSoul"],"picked":"Fusion Hammer"},{"not_picked":["Philosopher\u0027s Stone","Velvet Choker"],"picked":"Cursed Key"}],"items_purged_floors":[0,20,38],"is_endless":false,"potions_floor_spawned":[7,8,11,12,14,16,22,35,37,44,45],"ascension_level":2}}