{"host":"q5twaoo3ngmfp14g","time":1612861739,"event":{"mods":["AchievementEnabler","BaseMod","Minty Spire (QoL Compilation)","Relic Stats","StSLib"],"gold_per_floor":[113,124,137,137,152,152,184,184,184,250,285,304,323,337,337,414,414,433,412,239,256,268,268,287,356,356,356,356,356],"floor_reached":28,"language":"ENG","playtime":887,"items_purged":[],"score":476,"play_id":"b05bf48a-5c20-49b1-b191-e007970c62a1","local_time":"20210209100859","is_ascension_mode":true,"campfire_choices":[{"data":"Dualcast","floor":6.0,"key":"SMITH"},{"floor":8.0,"key":"REST"},{"floor":15.0,"key":"REST"},{"floor":23,"key":"REST"},{"floor":27,"key":"REST"}],"circlet_count":0,"master_deck":["AscendersBane","Strike_B","Strike_B","Defend_B","Defend_B","Defend_B","Defend_B","Zap","Dualcast+1","Ball Lightning","Ball Lightning","Beam Cell","Melter","Sweeping Beam","Sunder","Fission","Coolheaded","Scrape","Undo","Electrodynamics","Consume","Beam Cell","Core Surge","Glacier","Compile Driver","Coolheaded","Turbo","Go for the Eyes","Self Repair"],"relics":["Cracked Core","SsserpentHead","Potion Belt","Ornamental Fan","TungstenRod","Empty Cage","Orrery","Prayer Wheel"],"acts_visited":["TheCity"],"potions_floor_usage":[22],"damage_taken":[{"damage":1.0,"enemies":"Small Slimes","floor":1.0,"turns":4.0},{"damage":0.0,"enemies":"Cultist","floor":2.0,"turns":3.0},{"damage":7.0,"enemies":"Jaw Worm","floor":3.0,"turns":2.0},{"damage":8.0,"enemies":"2 Fungi Beasts","floor":5.0,"turns":3.0},{"damage":32.0,"enemies":"Gremlin Nob","floor":7.0,"turns":4.0},{"damage":3.0,"enemies":"Blue Slaver","floor":10.0,"turns":3.0},{"damage":30.0,"enemies":"Lagavulin","floor":11.0,"turns":6.0},{"damage":5.0,"enemies":"Looter","floor":12.0,"turns":2.0},{"damage":0.0,"enemies":"2 Fungi Beasts","floor":13.0,"turns":2.0},{"damage":0.0,"enemies":"Large Slime","floor":14.0,"turns":3.0},{"damage":25.0,"enemies":"Slime Boss","floor":16.0,"turns":8.0},{"damage":0,"enemies":"Spheric Guardian","floor":18,"turns":2},{"damage":0,"enemies":"2 Thieves","floor":19,"turns":4},{"damage":37,"enemies":"Snake Plant","floor":21,"turns":6},{"damage":0,"enemies":"Cultist and Chosen","floor":22,"turns":4},{"damage":21,"enemies":"Centurion and Healer","floor":24,"turns":7},{"damage":20,"enemies":"Snake Plant","floor":25,"turns":5},{"damage":57,"enemies":"Gremlin Leader","floor":28,"turns":8}],"seed_played":"8961390174744543369","potions_obtained":[{"floor":3.0,"key":"BlessingOfTheForge"},{"floor":5.0,"key":"Fruit Juice"},{"floor":10.0,"key":"ColorlessPotion"},{"floor":13.0,"key":"SmokeBomb"},{"floor":18,"key":"SmokeBomb"},{"floor":19,"key":"DistilledChaos"},{"floor":24,"key":"DuplicationPotion"}],"is_trial":false,"path_per_floor":["M","M","M","?","M","R","E","R","T","M","E","M","M","M","R","B",null,"M","M","$","M","M","R","M","M","T","R","E"],"character_chosen":"DEFECT","items_purchased":["Orrery"],"campfire_rested":4,"item_purchase_floors":[20],"current_hp_per_floor":[70,70,63,63,55,55,23,46,46,43,13,8,8,8,31,11,65,65,65,65,28,28,52,38,25,25,49,0,0],"gold":356,"neow_bonus":"TEN_PERCENT_HP_BONUS","is_daily":false,"chose_seed":false,"campfire_upgraded":1,"win_rate":0.0,"timestamp":1612861739,"path_taken":["M","M","M","?","M","R","E","R","T","?","E","M","M","M","R","BOSS","M","M","$","M","M","R","M","?","T","R","E"],"items_purchased_type":["Relic"],"build_version":"2020-12-22","purchased_purges":0,"victory":false,"max_hp_per_floor":[78,78,78,78,78,78,78,78,78,78,78,78,78,78,78,83,83,83,83,83,83,83,83,83,83,83,83,83,83],"relic_stats":{"SsserpentHead":100,"counters":[18,76],"Ornamental Fan":[80],"Prayer Wheel":0,"obtain_stats":[{"Potion Belt":7,"SsserpentHead":4,"Ornamental Fan":9,"Orrery":20,"Prayer Wheel":26,"Cracked Core":0,"Empty Cage":17,"TungstenRod":11},{"Potion Belt":5,"SsserpentHead":3,"Ornamental Fan":5,"Orrery":13,"Prayer Wheel":17,"Cracked Core":0,"Empty Cage":11,"TungstenRod":7},{"Potion Belt":16,"SsserpentHead":9,"Ornamental Fan":16,"Orrery":46,"Prayer Wheel":68,"Cracked Core":0,"Empty Cage":40,"TungstenRod":25}],"TungstenRod":23},"card_choices":[{"not_picked":["Conserve Battery","Hologram"],"picked":"Ball Lightning","floor":1.0},{"not_picked":["Chaos","Tempest"],"picked":"Ball Lightning","floor":2.0},{"not_picked":["Recycle","Rebound"],"picked":"Beam Cell","floor":3.0},{"not_picked":["Steam","Reprogram"],"picked":"Melter","floor":5.0},{"not_picked":["Rebound","Blizzard"],"picked":"Sweeping Beam","floor":7.0},{"not_picked":["Streamline","Rip and Tear"],"picked":"Sunder","floor":10.0},{"not_picked":["Self Repair","Stack"],"picked":"Fission","floor":11.0},{"not_picked":["Hologram","Turbo"],"picked":"Coolheaded","floor":12.0},{"not_picked":["Beam Cell","Lockon"],"picked":"Scrape","floor":13.0},{"not_picked":["Sweeping Beam","Steam"],"picked":"Undo","floor":14.0},{"not_picked":["Thunder Strike","Core Surge"],"picked":"Electrodynamics","floor":16.0},{"not_picked":["Recycle","Redo"],"picked":"Consume","floor":18},{"not_picked":["Sweeping Beam","Heatsinks"],"picked":"Beam Cell","floor":19},{"not_picked":["Skim+1","Coolheaded+1"],"picked":"Core Surge","floor":20},{"not_picked":["Coolheaded","Leap+1"],"picked":"Glacier","floor":20},{"not_picked":["Auto Shields","Stack"],"picked":"Compile Driver","floor":20},{"not_picked":["Redo","Skim"],"picked":"Coolheaded","floor":20},{"not_picked":["Steam","Ball Lightning"],"picked":"Turbo","floor":20},{"not_picked":["Genetic Algorithm","Doom and Gloom"],"picked":"Go for the Eyes","floor":21},{"not_picked":["Meteor Strike","Reprogram"],"picked":"Self Repair","floor":22},{"not_picked":["Barrage","Rip and Tear","Sweeping Beam"],"picked":"SKIP","floor":24},{"not_picked":["Compile Driver","Redo","Go for the Eyes"],"picked":"SKIP","floor":25}],"player_experience":822928,"relics_obtained":[{"floor":7.0,"key":"Potion Belt"},{"floor":9.0,"key":"Ornamental Fan"},{"floor":11.0,"key":"TungstenRod"},{"floor":26,"key":"Prayer Wheel"}],"event_choices":[{"damage_healed":0.0,"max_hp_gain":0.0,"max_hp_loss":0.0,"gold_gain":0.0,"event_name":"FaceTrader","player_choice":"Trade","floor":4.0,"gold_loss":0.0,"damage_taken":0.0,"relics_obtained":["SsserpentHead"]}],"is_beta":false,"boss_relics":[{"not_picked":["SacredBark","Coffee Dripper"],"picked":"Empty Cage"}],"items_purged_floors":[],"is_endless":false,"potions_floor_spawned":[3,5,10,13,18,19,24],"killed_by":"Gremlin Leader","ascension_level":20}}