{"host":"nwtxriuk34b069je","time":1612914522,"event":{"mods":["AchievementEnabler","BaseMod","Better Skull","Colored Map","Colored Powertips","Hermit","Minty Spire (QoL Compilation)","Relic Stats","StSLib"],"gold_per_floor":[119,119,119,119,25,40,40,40,40,40,73,73,89,109,109,207,207,226,226,4,4,4,14,43,59,131,10,23,48,101,16,28,40,40],"floor_reached":33,"language":"ENG","playtime":747,"items_purged":["Defend_R","Strike_R"],"score":361,"play_id":"4d8d26ab-1982-4cfd-ac16-571b92854345","local_time":"20210209174842","is_ascension_mode":false,"campfire_choices":[{"data":"Inflame","floor":7,"key":"SMITH"},{"floor":12,"key":"REST"},{"data":"Fiend Fire","floor":15,"key":"SMITH"},{"floor":32,"key":"REST"}],"circlet_count":0,"master_deck":["Strike_R","Strike_R","Strike_R","Strike_R+1","Defend_R+1","Bash","Fiend Fire+1","Inflame+1","Clash","Anger","Iron Wave","Demon Form","Flex+1"],"relics":["Unceasing Top","PreservedInsect","Art of War","Lantern","SacredBark","Tiny Chest","The Courier","Frozen Egg 2","Juzu Bracelet","War Paint","MawBank"],"acts_visited":["Exordium","TheCity"],"potions_floor_usage":[16,33,33,33,33,33],"damage_taken":[{"damage":2,"enemies":"Small Slimes","floor":1,"turns":4},{"damage":6,"enemies":"2 Louse","floor":6,"turns":2},{"damage":18,"enemies":"Lagavulin","floor":11,"turns":4},{"damage":0,"enemies":"Cultist","floor":13,"turns":1},{"damage":1,"enemies":"2 Fungi Beasts","floor":14,"turns":2},{"damage":44,"enemies":"Hexaghost","floor":16,"turns":6},{"damage":2,"enemies":"Chosen","floor":18,"turns":4},{"damage":25,"enemies":"2 Thieves","floor":23,"turns":3},{"damage":20,"enemies":"Book of Stabbing","floor":24,"turns":3},{"damage":28,"enemies":"Shelled Parasite and Fungi","floor":25,"turns":4},{"damage":31,"enemies":"Centurion and Healer","floor":28,"turns":5},{"damage":83,"enemies":"Automaton","floor":33,"turns":6}],"seed_played":"-9219938076346147200","potions_obtained":[{"floor":6,"key":"FairyPotion"},{"floor":11,"key":"ColorlessPotion"},{"floor":23,"key":"Explosive Potion"},{"floor":28,"key":"EntropicBrew"}],"is_trial":true,"path_per_floor":["M","?","?","?","$","M","R","?","T","$","E","R","M","M","R","B",null,"M","?","$","?","?","M","E","M","T","$","M","T","T","?","R","B"],"character_chosen":"IRONCLAD","items_purchased":["Inflame","Clash","Tiny Chest","Flex"],"campfire_rested":2,"item_purchase_floors":[5,5,20,27],"current_hp_per_floor":[78,83,66,66,66,60,60,57,57,57,39,64,64,63,63,19,85,83,83,83,83,83,58,38,10,10,10,35,35,35,35,60,0,0],"gold":40,"neow_bonus":"","is_daily":false,"chose_seed":false,"campfire_upgraded":2,"win_rate":0.0,"timestamp":1612914522,"path_taken":["M","?","?","?","$","?","R","?","T","?","E","R","M","M","R","BOSS","M","?","$","?","?","M","E","M","T","$","M","?","?","?","R","BOSS"],"items_purchased_type":["Card","Card","Relic","Card"],"build_version":"2020-12-22","purchased_purges":2,"victory":false,"max_hp_per_floor":[80,85,85,85,85,85,85,85,85,85,85,85,85,85,85,85,85,85,85,85,85,85,85,85,85,85,85,85,85,85,85,85,85,85],"relic_stats":{"counters":[12,44],"Tiny Chest":1,"PreservedInsect":69,"Art of War":[2],"Juzu Bracelet":1,"War Paint":["Flex"],"MawBank":24,"obtain_stats":[{"Lantern":11,"SacredBark":17,"Tiny Chest":20,"PreservedInsect":8,"The Courier":24,"Art of War":9,"Juzu Bracelet":29,"Frozen Egg 2":26,"War Paint":30,"MawBank":31,"Unceasing Top":0},{"Lantern":3,"SacredBark":6,"Tiny Chest":7,"PreservedInsect":2,"The Courier":9,"Art of War":2,"Juzu Bracelet":11,"Frozen Egg 2":10,"War Paint":11,"MawBank":11,"Unceasing Top":0},{"Lantern":10,"SacredBark":19,"Tiny Chest":23,"PreservedInsect":6,"The Courier":29,"Art of War":6,"Juzu Bracelet":38,"Frozen Egg 2":33,"War Paint":38,"MawBank":38,"Unceasing Top":0}],"Unceasing Top":[22]},"card_choices":[{"not_picked":["Headbutt","Intimidate","Perfected Strike"],"picked":"SKIP","floor":1},{"not_picked":["Armaments","True Grit"],"picked":"Anger","floor":6},{"not_picked":["Shrug It Off","Cleave"],"picked":"Iron Wave","floor":11},{"not_picked":["Searing Blow","Wild Strike","Carnage"],"picked":"SKIP","floor":13},{"not_picked":["Armaments","Impervious","True Grit"],"picked":"SKIP","floor":14},{"not_picked":["Fiend Fire","Bludgeon"],"picked":"Demon Form","floor":16},{"not_picked":["Feel No Pain+1","Sentinel+1","Heavy Blade"],"picked":"SKIP","floor":18},{"not_picked":["Twin Strike","Shockwave+1","Sword Boomerang"],"picked":"SKIP","floor":23},{"not_picked":["Uppercut","Seeing Red","Sever Soul+1"],"picked":"SKIP","floor":24},{"not_picked":["Uppercut+1","Perfected Strike","Bloodletting"],"picked":"SKIP","floor":25},{"not_picked":["Burning Pact","Inflame+1","Whirlwind+1"],"picked":"SKIP","floor":28}],"player_experience":533299,"relics_obtained":[{"floor":9,"key":"Art of War"},{"floor":11,"key":"Lantern"},{"floor":24,"key":"The Courier"},{"floor":26,"key":"Frozen Egg 2"},{"floor":29,"key":"Juzu Bracelet"},{"floor":30,"key":"War Paint"}],"event_choices":[{"damage_healed":0,"gold_gain":0,"player_choice":"Donut","damage_taken":0,"max_hp_gain":5,"max_hp_loss":0,"event_name":"Big Fish","floor":2,"gold_loss":0},{"damage_healed":0,"gold_gain":0,"player_choice":"Entered Light","damage_taken":17,"max_hp_gain":0,"max_hp_loss":0,"event_name":"Shining Light","floor":3,"gold_loss":0,"cards_upgraded":["Strike_R","Defend_R"]},{"damage_healed":0,"gold_gain":0,"cards_transformed":["Defend_R"],"player_choice":"Transformed","damage_taken":0,"max_hp_gain":0,"max_hp_loss":0,"event_name":"Transmorgrifier","floor":4,"gold_loss":0,"cards_obtained":["Fiend Fire"]},{"damage_healed":0,"gold_gain":0,"player_choice":"Success","damage_taken":3,"relics_obtained":["PreservedInsect"],"max_hp_gain":0,"max_hp_loss":0,"event_name":"Scrap Ooze","floor":8,"gold_loss":0},{"cards_removed":["Defend_R"],"damage_healed":0,"gold_gain":0,"player_choice":"Elegance","damage_taken":0,"max_hp_gain":0,"max_hp_loss":0,"event_name":"Back to Basics","floor":19,"gold_loss":0},{"damage_healed":0,"gold_gain":0,"player_choice":"Ignored","damage_taken":0,"max_hp_gain":0,"max_hp_loss":0,"event_name":"Ghosts","floor":21,"gold_loss":0},{"damage_healed":0,"gold_gain":0,"player_choice":"Ignored","damage_taken":0,"max_hp_gain":0,"max_hp_loss":0,"event_name":"The Mausoleum","floor":22,"gold_loss":0},{"damage_healed":0,"gold_gain":0,"player_choice":"Obtained Relic","damage_taken":0,"relics_obtained":["MawBank"],"max_hp_gain":0,"max_hp_loss":0,"event_name":"Addict","floor":31,"gold_loss":85}],"is_beta":false,"boss_relics":[{"not_picked":["Cursed Key","Tiny House"],"picked":"SacredBark"}],"items_purged_floors":[20,27],"is_endless":true,"potions_floor_spawned":[6,11,23,28],"killed_by":"Automaton","ascension_level":0}}