{"host":"rjbqai8ni6dsiu37","time":1612909011,"event":{"mods":["100% Spire Juice","BaseMod","CapriCore","GungeonMod","Marisa£¨Ùöéë¡¡Øª×âÞÞ£©","Minty Spire (QoL Compilation)","Replay The Spire","Shop Mod","StSLib","Td1madao Mod","The Cursed","The Jungle","The Poker Player","WarShipGirlsR/??á´Ò³R mod"],"gold_per_floor":[115,115,115,134,149,149,0,30,54,54,65,65,80,95,95,194,74,85,85,85,97,97,125,125,158,181,213,93,113,23,33,33,132,132,144,144,164,63,83,110,110,110,110,10,10,10,35,87,87,87,87,87,87,116,116,116],"floor_reached":55,"language":"KOR","playtime":4868,"items_purged":[],"score":1385,"play_id":"8cb1657b-29dd-4389-94c7-d7fbac3615f4","local_time":"20210210071651","is_ascension_mode":true,"campfire_choices":[{"data":"Moonworks:Ambush","floor":6.0,"key":"SMITH"},{"data":"Moonworks:Accelerator","floor":15.0,"key":"SMITH"},{"data":"Moonworks:SubspaceTunnel","floor":24.0,"key":"SMITH"},{"floor":28.0,"key":"REST"},{"data":"Moonworks:BackdoorTrade","floor":32.0,"key":"SMITH"},{"floor":42.0,"key":"RECALL"},{"data":"Moonworks:BackdoorTrade","floor":49.0,"key":"SMITH"},{"data":"Moonworks:EvilSpyWorkPreparation","floor":52.0,"key":"SMITH"}],"circlet_count":0,"master_deck":["Moonworks:Strike","Moonworks:Strike","Moonworks:Strike","Moonworks:Strike","Moonworks:Defend","Moonworks:Defend","Moonworks:Defend","Moonworks:Defend","Moonworks:Ambush+1","Moonworks:LongDistanceShot","Moonworks:NicePresent","Moonworks:ShieldCounter","Moonworks:EvilSpyWorkPreparation","Moonworks:Accelerator+1","Moonworks:SubspaceTunnel+1","Moonworks:TreasureThief+1","Moonworks:NicePresent+1","Moonworks:MiracleRedBeanIceCream","Moonworks:EvilSpyWorkPreparation+1","Moonworks:BackdoorTrade+1","Moonworks:EvilSpyWorkPreparation+1","Moonworks:FullSpeedAlicianrone","Moonworks:NicePresent","Moonworks:BackdoorTrade+1"],"relics":["Moonworks:BrokenBomb","Moonworks:Homemark","NeowsBlessing","Boot","DemoMod:MeltedRock","Strawberry","Ring of Chaos","Pen Nib","Oddly Smooth Stone","Regal Pillow","ReplayTheSpireMod:TigerMarble","DemoMod:PartiallyEatenCheese","Busted Crown","Gremlin Food","Lizard Tail","CatCart","DemoMod:WhiteGuonStone"],"acts_visited":["Exordium","TheCity","TheBeyond","TheEnding"],"potions_floor_usage":[55,55,55],"damage_taken":[{"damage":0.0,"enemies":"Jaw Worm","floor":1.0,"turns":1.0},{"damage":0.0,"enemies":"Small Slimes","floor":4.0,"turns":1.0},{"damage":0.0,"enemies":"2 Louse","floor":5.0,"turns":1.0},{"damage":0.0,"enemies":"Gremlin Nob","floor":8.0,"turns":2.0},{"damage":0.0,"enemies":"Large Slime","floor":11.0,"turns":3.0},{"damage":0.0,"enemies":"Blue Slaver","floor":13.0,"turns":3.0},{"damage":0.0,"enemies":"2 Fungi Beasts","floor":14.0,"turns":3.0},{"damage":27.0,"enemies":"Fading Forest","floor":16.0,"turns":11.0},{"damage":0.0,"enemies":"3 Byrds","floor":18.0,"turns":2.0},{"damage":6.0,"enemies":"2 Thieves","floor":21.0,"turns":4.0},{"damage":3.0,"enemies":"Gremlin Leader","floor":23.0,"turns":4.0},{"damage":41.0,"enemies":"Slavers","floor":25.0,"turns":3.0},{"damage":6.0,"enemies":"Gremlin Leader","floor":27.0,"turns":3.0},{"damage":0.0,"enemies":"Snake Plant","floor":29.0,"turns":3.0},{"damage":21.0,"enemies":"Slavers","floor":30.0,"turns":3.0},{"damage":3.0,"enemies":"Centurion and Healer","floor":31.0,"turns":3.0},{"damage":0.0,"enemies":"Pondfish","floor":33.0,"turns":8.0},{"damage":19.0,"enemies":"3 Shapes","floor":35.0,"turns":2.0},{"damage":6.0,"enemies":"Orb Walker","floor":37.0,"turns":3.0},{"damage":5.0,"enemies":"Transient","floor":38.0,"turns":5.0},{"damage":0.0,"enemies":"4 Shapes","floor":39.0,"turns":2.0},{"damage":0.0,"enemies":"Reptomancer","floor":40.0,"turns":2.0},{"damage":0.0,"enemies":"3 Darklings","floor":44.0,"turns":1.0},{"damage":13.0,"enemies":"Giant Head","floor":47.0,"turns":3.0},{"damage":0.0,"enemies":"Orin","floor":48.0,"turns":5.0},{"damage":31.0,"enemies":"Replay:Hell Engine","floor":50.0,"turns":3.0},{"damage":0.0,"enemies":"Shield and Spear","floor":54.0,"turns":1.0},{"damage":143,"enemies":"The Heart","floor":55,"turns":6}],"seed_played":"8971294260793514672","potions_obtained":[{"floor":1.0,"key":"Explosive Potion"},{"floor":5.0,"key":"ColorlessPotion"},{"floor":11.0,"key":"Languid Potion"},{"floor":16.0,"key":"LifebloodPotion"},{"floor":18.0,"key":"Weak Potion"},{"floor":23.0,"key":"SteroidPotion"},{"floor":25.0,"key":"Milkshake"},{"floor":27.0,"key":"PowerPotion"},{"floor":33.0,"key":"FearPotion"},{"floor":37.0,"key":"Weak Potion"},{"floor":44.0,"key":"Fire Potion"}],"is_trial":false,"path_per_floor":["M","?","?","M","M","R","$","E","T","$","M","?","M","M","R","B",null,"M","?","?","M","?","E","R","E","T","E","R","M","E","M","R","B",null,"M","?","M","M","M","E","?","R","T","M","$","?","E","?","R","B",null,"R","$","E","B"],"character_chosen":"THE_STARBREAKER","items_purchased":["Moonworks:ShieldCounter"],"campfire_rested":1,"item_purchase_floors":[7],"current_hp_per_floor":[54,59,34,34,34,34,34,34,41,41,41,41,41,41,41,42,65,65,65,65,59,59,56,56,15,15,14,50,60,39,41,41,46,66,47,47,46,46,56,61,61,61,61,67,67,67,59,64,64,38,61,61,61,61,0,0],"gold":116,"neow_bonus":"THREE_ENEMY_KILL","is_daily":false,"chose_seed":false,"campfire_upgraded":6,"win_rate":0.0,"timestamp":1612909011,"path_taken":["M","?","?","?","M","R","$","E","T","$","M","?","M","M","R","BOSS","M","?","?","M","?","E","R","E","T","E","R","M","E","M","R","BOSS","M","?","M","M","M","E","?","R","T","M","$","?","E","?","R","BOSS","R","$","E","BOSS"],"items_purchased_type":["Card"],"build_version":"2020-12-22","purchased_purges":0,"victory":false,"max_hp_per_floor":[60,65,65,65,65,65,65,65,72,72,72,72,72,72,72,72,72,72,72,72,72,72,72,72,72,72,72,72,72,72,72,72,72,72,72,72,72,72,72,72,68,68,68,68,68,68,68,68,68,68,68,68,68,68,68,68],"card_choices":[{"not_picked":["Moonworks:Assault","Moonworks:CookingTime","Moonworks:TacticalRetreat"],"picked":"SKIP","floor":1.0},{"not_picked":["Moonworks:Heat300Percent","Moonworks:Assault","Moonworks:ForcedRevival"],"picked":"SKIP","floor":4.0},{"not_picked":["Moonworks:LulusLuckyEgg","Moonworks:IndiscriminateFireSupport"],"picked":"Moonworks:NicePresent","floor":5.0},{"not_picked":["Moonworks:RocketCannon","Moonworks:Bloodlust"],"picked":"Moonworks:EvilSpyWorkPreparation","floor":8.0},{"not_picked":["Moonworks:ImmovableObject","Moonworks:IndiscriminateFireSupport","Moonworks:CloudOfSeagulls"],"picked":"SKIP","floor":11.0},{"not_picked":["Moonworks:Dinner","Moonworks:IntelligenceOfficer","Moonworks:Assault"],"picked":"SKIP","floor":13.0},{"not_picked":["Moonworks:IntelligenceOfficer","Moonworks:DeployBits"],"picked":"Moonworks:Accelerator","floor":14.0},{"not_picked":["Moonworks:Wanted","Moonworks:RocketCannon"],"picked":"Moonworks:SubspaceTunnel","floor":16.0},{"not_picked":["Moonworks:SealedMemories","Moonworks:Bloodlust"],"picked":"Moonworks:TreasureThief+1","floor":18.0},{"not_picked":["Moonworks:ImmovableObject+1","Moonworks:BeyondHell","Moonworks:IndiscriminateFireSupport"],"picked":"SKIP","floor":21.0},{"not_picked":["Moonworks:MixPhenomenon","Moonworks:x16BigRocket"],"picked":"Moonworks:NicePresent+1","floor":23.0},{"not_picked":["Moonworks:ExtendedPhotonRifle","Moonworks:StarBlastingFuse"],"picked":"Moonworks:MiracleRedBeanIceCream","floor":25.0},{"not_picked":["Moonworks:IndiscriminateFireSupport","Moonworks:ImOnFire","Moonworks:TreasureThief"],"picked":"SKIP","floor":27.0},{"not_picked":["Moonworks:CloudOfSeagulls+1","Moonworks:NicePresent"],"picked":"Moonworks:EvilSpyWorkPreparation+1","floor":29.0},{"not_picked":["Moonworks:MeltingMemories","Moonworks:Wanted"],"picked":"Moonworks:BackdoorTrade","floor":30.0},{"not_picked":["Moonworks:Poppoformation","Moonworks:JonathanRush"],"picked":"Moonworks:EvilSpyWorkPreparation","floor":31.0},{"not_picked":["Moonworks:IndiscriminateFireSupport+1"],"picked":"SKIP","floor":35.0},{"not_picked":["Moonworks:CloudOfSeagulls+1"],"picked":"SKIP","floor":37.0},{"not_picked":[],"picked":"Moonworks:FullSpeedAlicianrone","floor":38.0},{"not_picked":["Moonworks:IndiscriminateFireSupport+1"],"picked":"SKIP","floor":39.0},{"not_picked":[],"picked":"Moonworks:NicePresent","floor":40.0},{"not_picked":["Moonworks:SakisCookie+1"],"picked":"SKIP","floor":44.0},{"not_picked":["Moonworks:ReproductionOfRecords"],"picked":"SKIP","floor":47.0},{"not_picked":[],"picked":"Moonworks:BackdoorTrade","floor":48.0},{"not_picked":["Moonworks:RedAndBlue"],"picked":"SKIP","floor":54}],"player_experience":244753,"relics_obtained":[{"floor":8.0,"key":"DemoMod:MeltedRock"},{"floor":9.0,"key":"Strawberry"},{"floor":23.0,"key":"Pen Nib"},{"floor":25.0,"key":"Oddly Smooth Stone"},{"floor":26.0,"key":"Regal Pillow"},{"floor":27.0,"key":"ReplayTheSpireMod:TigerMarble"},{"floor":30.0,"key":"DemoMod:PartiallyEatenCheese"},{"floor":40.0,"key":"Gremlin Food"},{"floor":47.0,"key":"Lizard Tail"},{"floor":48.0,"key":"CatCart"},{"floor":54,"key":"DemoMod:WhiteGuonStone"}],"event_choices":[{"damage_healed":0.0,"max_hp_gain":5.0,"max_hp_loss":0.0,"gold_gain":0.0,"event_name":"Big Fish","player_choice":"Donut","floor":2.0,"gold_loss":0.0,"damage_taken":0.0},{"damage_healed":0.0,"max_hp_gain":0.0,"max_hp_loss":0.0,"gold_gain":0.0,"event_name":"Scrap Ooze","player_choice":"Success","floor":3.0,"gold_loss":0.0,"damage_taken":25.0,"relics_obtained":["Boot"]},{"damage_healed":0.0,"max_hp_gain":0.0,"max_hp_loss":0.0,"gold_gain":0.0,"event_name":"PokerPlayerMod:ExordiumClub","player_choice":"Ignored","floor":12.0,"gold_loss":0.0,"damage_taken":0.0},{"damage_healed":0.0,"max_hp_gain":0.0,"max_hp_loss":0.0,"gold_gain":0.0,"event_name":"Cursed Tome","player_choice":"Ignored","floor":19.0,"gold_loss":0.0,"damage_taken":0.0},{"damage_healed":0.0,"max_hp_gain":0.0,"max_hp_loss":0.0,"gold_gain":0.0,"event_name":"The Mausoleum","player_choice":"Ignored","floor":20.0,"gold_loss":0.0,"damage_taken":0.0},{"damage_healed":0.0,"max_hp_gain":0.0,"max_hp_loss":0.0,"gold_gain":0.0,"event_name":"Ghosts","player_choice":"Ignored","floor":22.0,"gold_loss":0.0,"damage_taken":0.0},{"damage_healed":0.0,"max_hp_gain":0.0,"max_hp_loss":4.0,"gold_gain":0.0,"event_name":"Winding Halls","player_choice":"Max HP","floor":41.0,"gold_loss":0.0,"damage_taken":0.0},{"damage_healed":0.0,"max_hp_gain":0.0,"max_hp_loss":0.0,"gold_gain":0.0,"event_name":"SensoryStone","player_choice":"Memory 1","floor":46.0,"gold_loss":0.0,"damage_taken":0.0},{"damage_healed":0.0,"max_hp_gain":0.0,"max_hp_loss":0.0,"gold_gain":0.0,"event_name":"OrinTheCat","player_choice":"Fight","floor":48.0,"gold_loss":0.0,"damage_taken":0.0}],"is_beta":false,"boss_relics":[{"not_picked":["Black Star","Replay:Ancient Bell"],"picked":"Ring of Chaos"},{"not_picked":["Snecko Eye","Coffee Dripper"],"picked":"Busted Crown"}],"items_purged_floors":[],"is_endless":false,"potions_floor_spawned":[1,5,11,16,18,23,25,27,33,37,44,47,54],"killed_by":"The Heart","ascension_level":9}}