{"host":"xiain65d2hovry7l","time":1612882776,"event":{"mods":["2.2 Compatiblity","Act Like it!","BaseMod","BetterRewards","Challenge The Spire","Colored Map","Colored Powertips","Downfall","Faster Ascension Climbing","Friendly Minions","Highlight Path","Mimic Mod","Minty Spire (QoL Compilation)","Relic Sorter","StSLib","Unknown Chances"],"gold_per_floor":[99,99,49,49,49,49,73,100,115,149,163,29,179,179,189,285,285,85,102,102,121,141,51,51,63,63,63,77,16,16,16,38,134,134,34,54,73,148,161,161,161,171,171,2,19,19,19,19,31,31,31,56,16,16,16,16],"floor_reached":57,"language":"ENG","playtime":5965,"items_purged":["downfall:Malfunctioning","downfall:Bewildered"],"score":1628,"play_id":"e737ab7e-7fac-4b16-8f2b-b4773c384251","local_time":"20210209155936","is_ascension_mode":true,"campfire_choices":[{"floor":1.0,"key":"RECALL"},{"data":"sneckomod:UnknownVulnerable","floor":6.0,"key":"SMITH"},{"data":"sneckomod:CheapStock","floor":18,"key":"SMITH"},{"data":"hexamod:Hexaguard","floor":30,"key":"SMITH"},{"data":"sneckomod:SerpentMind","floor":35,"key":"SMITH"},{"data":"hexamod:TimeOfNeed","floor":40,"key":"SMITH"},{"floor":43,"key":"REST"},{"data":"hexamod:GiftsFromTheDead","floor":47,"key":"SMITH"},{"floor":54,"key":"REST"}],"circlet_count":0,"master_deck":["AscendersBane","sneckomod:Strike","sneckomod:Strike+1","sneckomod:Strike","sneckomod:Defend","sneckomod:Defend","sneckomod:Defend","sneckomod:TailWhip","sneckomod:Unknown","sneckomod:Unknown","sneckomod:UnknownVulnerable+1","sneckomod:RainOfDice","sneckomod:Unknown1Cost","Guardian:Recover","sneckomod:QuickBite","sneckomod:MorePower+1","sneckomod:DiceCrush","sneckomod:Unknown0Cost","sneckomod:UnknownDraw+1","sneckomod:UnknownClassPURPLE+1","sneckomod:Unknown1Cost","sneckomod:CheapStock+1","sneckomod:Unknown1Cost+1","sneckomod:Unknown1Cost+1","Trip","sneckomod:UnknownUncommonPower","downfall:Icky","sneckomod:SnekBeam","sneckomod:UnknownWeak+1","sneckomod:UnknownClassHEXA_GHOST_PURPLE","sneckomod:UnknownClassHEXA_GHOST_PURPLE","sneckomod:UnknownClassHEXA_GHOST_PURPLE","sneckomod:UnknownClassHEXA_GHOST_PURPLE","sneckomod:UnknownClassHEXA_GHOST_PURPLE","sneckomod:ImprovisedGuard","hexamod:GhostflameBarrier","sneckomod:UnknownBlock+1","sneckomod:SlitherStrike","hexamod:NightmareGuise","sneckomod:Unknown2Cost+1","sneckomod:UnknownRareSkill","sneckomod:DiceBlock+1","Guardian:PiercingHide","sneckomod:UnknownExhaust+1","sneckomod:UnknownBlock","hexamod:Hexaguard+1","sneckomod:UnknownStrike+1","sneckomod:DiceCrush","sneckomod:UnknownBlock","hexamod:GiftsFromTheDead+1","sneckomod:SerpentMind+1","hexamod:TimeOfNeed+1","hexamod:Rewind","sneckomod:UnknownBoss+1","sneckomod:DiceBlock+1","hexamod:TimeOfNeed","sneckomod:UnknownCommonAttack+1","Injury","sneckomod:Unknown1Cost","sneckomod:UnknownVulnerable+1","Injury","hexamod:Float+1","sneckomod:UnknownStrike+1","sneckomod:TrashToTreasure+1","sneckomod:SerpentIdol+1","sneckomod:SnekBeam","sneckomod:Unknown2Cost+1","sneckomod:SerpentIdol+1","sneckomod:SlitherStrike+1","sneckomod:QuickMove+1","sneckomod:Unknown0Cost+1","sneckomod:TrashToTreasure+1"],"relics":["sneckomod:SneckoSoul","downfall:HeartsMalice","Tiny Chest","MealTicket","Lizard Tail","sneckomod:SneckoBoss","downfall:HeartBlessingRed","downfall:HeartBlessingGreen","Mercury Hourglass","sneckomod:BabySnecko","Cursed Key","downfall:HeartBlessingBlue","Bottled Tornado","Toxic Egg 2","Du-Vu Doll","PreservedInsect"],"acts_visited":["Exordium","TheCity","TheBeyond","TheEnding"],"potions_floor_usage":[11,15,16,16,22,22,22,33,44,52,52,56],"damage_taken":[{"damage":0.0,"enemies":"Jaw Worm","floor":2.0,"turns":1.0},{"damage":0.0,"enemies":"downfall:FleeingMerchant","floor":3.0,"turns":1.0},{"damage":0.0,"enemies":"Cultist","floor":5.0,"turns":1.0},{"damage":32,"enemies":"Gremlin Nob","floor":8,"turns":5},{"damage":9,"enemies":"Small Slimes","floor":9,"turns":2},{"damage":15,"enemies":"Lagavulin","floor":10,"turns":7},{"damage":15,"enemies":"Gremlin Gang","floor":11,"turns":6},{"damage":0,"enemies":"downfall:FleeingMerchant","floor":12,"turns":4},{"damage":13,"enemies":"3 Louse","floor":15,"turns":3},{"damage":11,"enemies":"WA_ARCHETYPE_RETAIN","floor":16,"turns":6},{"damage":20,"enemies":"3 Byrds","floor":19,"turns":6},{"damage":12,"enemies":"Chosen","floor":21,"turns":4},{"damage":25,"enemies":"Shelled Parasite and Fungi","floor":22,"turns":4},{"damage":9,"enemies":"downfall:FleeingMerchant","floor":23,"turns":4},{"damage":0,"enemies":"3 Cultists","floor":25,"turns":4},{"damage":21,"enemies":"Cultist and Chosen","floor":28,"turns":7},{"damage":9,"enemies":"downfall:FleeingMerchant","floor":29,"turns":4},{"damage":26,"enemies":"Snake Plant","floor":32,"turns":4},{"damage":24,"enemies":"IC_MUSHROOM_ARCHETYPE","floor":33,"turns":14},{"damage":0,"enemies":"Orb Walker","floor":36,"turns":3},{"damage":6,"enemies":"3 Shapes","floor":37,"turns":5},{"damage":22,"enemies":"Maw","floor":39,"turns":5},{"damage":24,"enemies":"3 Darklings","floor":42,"turns":6},{"damage":9,"enemies":"downfall:FleeingMerchant","floor":44,"turns":4},{"damage":9,"enemies":"4 Shapes","floor":45,"turns":2},{"damage":11,"enemies":"Jaw Worm Horde","floor":49,"turns":2},{"damage":38,"enemies":"DF_ARCHETYPE_ORBS","floor":50,"turns":6},{"damage":78,"enemies":"downfall:CharBossMerchant","floor":52,"turns":9},{"damage":18,"enemies":"downfall:NeowBoss","floor":55,"turns":10},{"damage":25,"enemies":"downfall:NeowBossFinal","floor":56,"turns":10}],"seed_played":"4448244177574802194","potions_obtained":[{"floor":8,"key":"SkillPotion"},{"floor":9,"key":"Fire Potion"},{"floor":11,"key":"PowerPotion"},{"floor":15,"key":"Weak Potion"},{"floor":16,"key":"LiquidMemories"},{"floor":19,"key":"LiquidMemories"},{"floor":21,"key":"Energy Potion"},{"floor":22,"key":"champ:CounterPotion"},{"floor":32,"key":"Energy Potion"},{"floor":39,"key":"sneckomod:DiceRollPotion"},{"floor":42,"key":"FearPotion"},{"floor":45,"key":"EssenceOfSteel"}],"is_trial":false,"path_per_floor":["R","M","$","?","M","R","T","E","M","E","M","$","?","?","M","B",null,"R","M","T","M","M","$","T","M","R","?","M","$","R","?","M","B",null,"R","M","M","T","M","R","T","M","R","$","M","?","R","?","M","B",null,"E","$","R","B","B",null],"character_chosen":"THE_SNECKO","items_purchased":["sneckomod:Unknown1Cost","Trip","sneckomod:UnknownUncommonPower","sneckomod:DiceCrush","Du-Vu Doll","sneckomod:SnekBeam","sneckomod:Unknown2Cost+1","sneckomod:TrashToTreasure+1"],"campfire_rested":2,"item_purchase_floors":[3,12,12,29,44,44,44,53],"current_hp_per_floor":[81,81,81,81,81,81,81,49,40,25,10,25,25,25,12,1,68,68,48,48,36,11,24,24,31,31,31,10,23,23,23,52,35,76,86,86,87,87,79,79,79,62,92,98,96,96,96,96,85,47,87,16,31,61,53,28],"gold":16,"neow_bonus":"THREE_ENEMY_KILL","is_daily":false,"chose_seed":false,"campfire_upgraded":6,"win_rate":0.0,"timestamp":1612882776,"path_taken":["R","M","$","?","M","R","T","E","?","E","M","$","?","?","M","BOSS","R","M","?","?","M","$","T","M","R","?","M","$","R","?","M","BOSS","R","M","M","?","M","R","T","M","R","$","M","?","R","?","M","BOSS","E","$","R","BOSS","BOSS"],"items_purchased_type":["Card","Card","Card","Card","Relic","Card","Card","Card"],"build_version":"2020-12-22","purchased_purges":2,"victory":true,"max_hp_per_floor":[90,90,90,90,90,90,90,90,90,90,90,90,90,90,90,90,90,90,90,90,90,90,90,90,90,90,90,90,90,90,90,90,90,90,100,100,100,100,100,100,100,100,100,100,100,100,100,100,100,100,100,100,100,100,100,100],"card_choices":[{"not_picked":["sneckomod:QuickBite","sneckomod:SnakeSap"],"picked":"sneckomod:UnknownVulnerable","floor":2.0},{"not_picked":["sneckomod:DefensiveFlair","sneckomod:WideSting"],"picked":"sneckomod:RainOfDice","floor":3.0},{"not_picked":["sneckomod:SoulRoll","sneckomod:UnknownVulnerable"],"picked":"sneckomod:QuickBite","floor":5.0},{"not_picked":["sneckomod:DiceBoulder","sneckomod:UnknownCommonSkill"],"picked":"sneckomod:MorePower","floor":8},{"not_picked":["sneckomod:ImprovisedAttack","sneckomod:Unknown1Cost"],"picked":"sneckomod:DiceCrush","floor":9},{"not_picked":["sneckomod:QuickBite","sneckomod:DiceCrush"],"picked":"sneckomod:Unknown0Cost","floor":10},{"not_picked":["sneckomod:Unknown3Cost+1","sneckomod:UnknownClassGUARDIAN+1"],"picked":"sneckomod:UnknownDraw+1","floor":10},{"not_picked":["sneckomod:UnknownDraw+1","sneckomod:UnknownClassHEXA_GHOST_PURPLE+1"],"picked":"sneckomod:UnknownClassPURPLE+1","floor":11},{"not_picked":["sneckomod:UnknownUncommonAttack","sneckomod:WideSting"],"picked":"sneckomod:Unknown1Cost","floor":11},{"not_picked":["sneckomod:DiceBlock","sneckomod:SoulCleanse"],"picked":"sneckomod:CheapStock","floor":11},{"not_picked":["sneckomod:UnknownClassGUARDIAN","sneckomod:UnknownClassHEXA_GHOST_PURPLE"],"picked":"sneckomod:Unknown1Cost","floor":12},{"not_picked":["sneckomod:UnknownX+1","sneckomod:UnknownClassGUARDIAN+1"],"picked":"sneckomod:Unknown1Cost+1","floor":12},{"not_picked":["sneckomod:Unknown0Cost","sneckomod:UnknownStrike"],"picked":"sneckomod:SnekBeam","floor":15},{"not_picked":["sneckomod:UnknownCommonAttack+1","sneckomod:UnknownRareSkill+1"],"picked":"sneckomod:UnknownWeak+1","floor":16},{"not_picked":["sneckomod:UnknownRarePower","sneckomod:UnknownStrike+1"],"picked":"sneckomod:ImprovisedGuard","floor":19},{"not_picked":["hexamod:Sear","hexamod:TimeWarp"],"picked":"hexamod:GhostflameBarrier","floor":19},{"not_picked":["sneckomod:UnknownClassHEXA_GHOST_PURPLE+1","sneckomod:UnknownRareSkill+1"],"picked":"sneckomod:UnknownBlock+1","floor":19},{"not_picked":["sneckomod:Unknown1Cost","sneckomod:UnknownClassHEXA_GHOST_PURPLE"],"picked":"sneckomod:SlitherStrike","floor":21},{"not_picked":["hexamod:Defend","hexamod:PhantomFireball"],"picked":"hexamod:NightmareGuise","floor":21},{"not_picked":["sneckomod:UnknownCommonAttack","sneckomod:UnknownX"],"picked":"sneckomod:UnknownCommonSkill","floor":22},{"not_picked":["sneckomod:UnknownClassGUARDIAN+1","sneckomod:UnknownRarePower+1"],"picked":"sneckomod:Unknown2Cost+1","floor":23},{"not_picked":["sneckomod:RainOfDice","sneckomod:ImprovisedAttack+1"],"picked":"sneckomod:UnknownRareSkill","floor":23},{"not_picked":["sneckomod:UnknownVulnerable","sneckomod:UnknownClassGUARDIAN"],"picked":"sneckomod:DiceBlock+1","floor":25},{"not_picked":["sneckomod:UnknownClassHEXA_GHOST_PURPLE","sneckomod:UnknownCommonAttack"],"picked":"sneckomod:UnknownExhaust+1","floor":28},{"not_picked":["hexamod:GiftsFromTheDead","hexamod:BacktrackSmack"],"picked":"hexamod:FirstSeal","floor":28},{"not_picked":["sneckomod:RainOfDice","sneckomod:UnendingSupply"],"picked":"sneckomod:UnknownBlock","floor":29},{"not_picked":["hexamod:HeatCrush","hexamod:SecondSeal"],"picked":"hexamod:Hexaguard","floor":29},{"not_picked":["sneckomod:UnknownRareAttack+1","sneckomod:UnknownClassGUARDIAN+1"],"picked":"sneckomod:UnknownStrike+1","floor":29},{"not_picked":["sneckomod:ImprovisedGuard","sneckomod:UnknownClassPURPLE"],"picked":"sneckomod:UnknownBlock","floor":32},{"not_picked":["hexamod:Firestarter","hexamod:FifthSeal"],"picked":"hexamod:GiftsFromTheDead","floor":32},{"not_picked":["sneckomod:Unknown3Cost","sneckomod:UnknownRareAttack"],"picked":"sneckomod:SerpentMind","floor":33},{"not_picked":["hexamod:FourthSeal","hexamod:PowerFromBeyond"],"picked":"hexamod:TimeOfNeed","floor":33},{"not_picked":["hexamod:GhostLash","hexamod:UnleashSpirits"],"picked":"hexamod:Rewind","floor":36},{"not_picked":["sneckomod:UnknownRareAttack+1","sneckomod:Unknown1Cost+1"],"picked":"sneckomod:UnknownBoss+1","floor":36},{"not_picked":["sneckomod:UnknownClassGUARDIAN","sneckomod:SnekBeam"],"picked":"sneckomod:DiceBlock+1","floor":36},{"not_picked":["hexamod:SwordOfDarkness","hexamod:Toasty"],"picked":"hexamod:TimeOfNeed","floor":37},{"not_picked":["sneckomod:UnknownClassPURPLE","sneckomod:MasterEye+1"],"picked":"sneckomod:UnknownCommonAttack+1","floor":37},{"not_picked":["sneckomod:SoulRoll","sneckomod:SoulDraw"],"picked":"sneckomod:Unknown1Cost","floor":39},{"not_picked":["sneckomod:Unknown3Cost+1","sneckomod:UnknownStrike+1"],"picked":"sneckomod:UnknownVulnerable+1","floor":39},{"not_picked":["hexamod:UnlimitedPower","hexamod:Strike"],"picked":"hexamod:Float","floor":42},{"not_picked":["sneckomod:UnknownClassHEXA_GHOST_PURPLE+1","sneckomod:UnknownClassGUARDIAN+1"],"picked":"sneckomod:UnknownStrike+1","floor":42},{"not_picked":["sneckomod:UnknownUncommonSkill+1","sneckomod:DiceCrush+1"],"picked":"sneckomod:TrashToTreasure+1","floor":42},{"not_picked":["sneckomod:SoulDraw+1","sneckomod:Unknown1Cost+1"],"picked":"sneckomod:SerpentIdol+1","floor":44},{"not_picked":["sneckomod:UnknownUncommonSkill+1","sneckomod:SnakeSap+1"],"picked":"sneckomod:SerpentIdol+1","floor":45},{"not_picked":["sneckomod:UnknownCommonSkill+1","sneckomod:QuickBite+1"],"picked":"sneckomod:SlitherStrike+1","floor":49},{"not_picked":["sneckomod:SlitherStrike+1","sneckomod:Unknown1Cost+1"],"picked":"sneckomod:QuickMove+1","floor":52},{"not_picked":["sneckomod:MorePower","sneckomod:UnknownUncommonSkill+1"],"picked":"sneckomod:Unknown0Cost+1","floor":52}],"player_experience":732000,"relics_obtained":[{"floor":7.0,"key":"Tiny Chest"},{"floor":8,"key":"MealTicket"},{"floor":10,"key":"Lizard Tail"},{"floor":24,"key":"Mercury Hourglass"},{"floor":38,"key":"Bottled Tornado"},{"floor":41,"key":"Toxic Egg 2"},{"floor":52,"key":"PreservedInsect"}],"event_choices":[{"cards_removed":["sneckomod:SnekBite"],"damage_healed":0.0,"max_hp_gain":0.0,"max_hp_loss":0.0,"gold_gain":0.0,"event_name":"NoteForYourself","player_choice":"Took Card","floor":4.0,"gold_loss":0.0,"damage_taken":0.0,"cards_obtained":["Guardian:Recover"]},{"damage_healed":0,"gold_gain":0,"player_choice":"Ignored","damage_taken":0,"max_hp_gain":0,"max_hp_loss":0,"event_name":"Vampires","floor":27,"gold_loss":0},{"cards_removed":["hexamod:FirstSeal"],"damage_healed":0,"gold_gain":0,"player_choice":"Removed Power","damage_taken":0,"max_hp_gain":0,"max_hp_loss":0,"event_name":"Falling","floor":46,"gold_loss":0}],"is_beta":false,"boss_relics":[{"not_picked":["Runic Dome","Calling Bell"],"picked":"sneckomod:SneckoBoss"},{"not_picked":["bronze:MakeshiftBattery","Philosopher\u0027s Stone"],"picked":"Cursed Key"}],"items_purged_floors":[23,44],"is_endless":false,"potions_floor_spawned":[8,9,11,15,16,19,21,22,32,39,42,45],"ascension_level":10}}