{"host":"miejrq8yypas90n2","time":1612854137,"event":{"mods":["100% Spire Juice","Act Like it!","BaseMod","Colored Powertips","Gensokyo","Marisa£®ÏF”Í°°ƒß¿Ì…≥£©","Minty Spire (QoL Compilation)","StSLib"],"gold_per_floor":[113,113,12,12,12,12,42,58,58,58,58,71,71,107,107,231,231,250,90,105,75,93,93,132,57,57,57,81,416,416,429,429,429,553,553,568,568,568,568],"floor_reached":38,"language":"ZHS","playtime":893,"items_purged":["Moonworks:Strike"],"score":619,"play_id":"6a0dd877-9a0a-4e8d-923f-39e2494d1282","local_time":"20210209150217","is_ascension_mode":true,"campfire_choices":[{"data":"Moonworks:IndiscriminateFireSupport","floor":6.0,"key":"SMITH"},{"data":"Moonworks:Ambush","floor":11.0,"key":"SMITH"},{"data":"Moonworks:NicePresent","floor":15,"key":"SMITH"},{"data":"Moonworks:SealedMemories","floor":23,"key":"SMITH"},{"data":"Moonworks:NicePresent","floor":27,"key":"SMITH"},{"data":"Moonworks:BeyondHell","floor":32,"key":"SMITH"},{"data":"Moonworks:AnotherUltimateWeapon","floor":33,"key":"SMITH"}],"circlet_count":0,"master_deck":["Moonworks:Defend","Moonworks:Defend","Moonworks:Defend","Moonworks:Defend","Moonworks:Ambush+1","Moonworks:LongDistanceShot","Moonworks:IndiscriminateFireSupport+1","Moonworks:NicePresent+1","Moonworks:NicePresent+1","Moonworks:AnotherUltimateWeapon+1","Moonworks:SealedMemories+1","Moonworks:MiracleRedBeanIceCream","Moonworks:BeyondHell+1"],"relics":["Moonworks:BrokenBomb","Moonworks:Homemark","NeowsBlessing","Pantograph","Letter Opener","Golden Idol","HornCleat","Runic Dome","Blue Candle","Molten Egg 2","Old Coin","Busted Crown"],"acts_visited":["Exordium","TheCity","TheBeyond"],"potions_floor_usage":[14,14,29],"damage_taken":[{"damage":0.0,"enemies":"Small Slimes","floor":1.0,"turns":1.0},{"damage":0.0,"enemies":"Cultist","floor":3.0,"turns":1.0},{"damage":0.0,"enemies":"3 Sentries","floor":7.0,"turns":1.0},{"damage":0.0,"enemies":"Jaw Worm","floor":8.0,"turns":2.0},{"damage":0.0,"enemies":"3 Louse","floor":12.0,"turns":2.0},{"damage":10,"enemies":"Gremlin Nob","floor":14,"turns":3},{"damage":20,"enemies":"The Guardian","floor":16,"turns":10},{"damage":10,"enemies":"Spheric Guardian","floor":18,"turns":4},{"damage":0,"enemies":"Shell Parasite","floor":20,"turns":2},{"damage":10,"enemies":"Snake Plant","floor":22,"turns":3},{"damage":0,"enemies":"Slavers","floor":24,"turns":2},{"damage":5,"enemies":"Cultist and Chosen","floor":28,"turns":2},{"damage":0,"enemies":"Gremlin Leader","floor":29,"turns":3},{"damage":0,"enemies":"Snecko","floor":31,"turns":2},{"damage":21,"enemies":"Champ","floor":34,"turns":6},{"damage":0,"enemies":"Orb Walker","floor":36,"turns":2},{"damage":72,"enemies":"Time Eater","floor":38,"turns":4}],"seed_played":"604602418368521118","potions_obtained":[{"floor":3.0,"key":"GamblersBrew"},{"floor":7.0,"key":"Block Potion"},{"floor":12.0,"key":"Moonworks:OneHundredPercentOrangeJuicePotion"},{"floor":16,"key":"PowerPotion"},{"floor":18,"key":"BlessingOfTheForge"},{"floor":20,"key":"Regen Potion"}],"is_trial":false,"path_per_floor":["M","?","M","$","?","R","E","M","T","?","R","M","?","E","R","B",null,"M","?","M","?","M","R","E","$","T","R","M","E","?","M","R","R","B",null,"M","?","B"],"character_chosen":"THE_STARBREAKER","items_purchased":[],"campfire_rested":0,"item_purchase_floors":[],"current_hp_per_floor":[60,60,60,60,60,60,60,60,60,45,45,45,50,40,40,45,65,55,55,55,43,33,33,33,33,33,33,28,42,42,42,42,42,48,65,65,65,0,0],"gold":568,"neow_bonus":"THREE_ENEMY_KILL","is_daily":false,"chose_seed":false,"campfire_upgraded":7,"win_rate":0.0,"timestamp":1612854137,"path_taken":["M","?","?","$","?","R","E","M","T","?","R","M","?","E","R","BOSS","M","?","?","?","?","R","E","?","T","R","?","E","?","M","R","R","BOSS","M","?","BOSS"],"items_purchased_type":[],"build_version":"2020-12-22","purchased_purges":1,"victory":false,"max_hp_per_floor":[60,60,60,60,60,60,60,60,60,60,60,60,65,65,65,65,65,65,65,65,65,65,65,65,65,65,65,65,65,65,65,65,65,65,65,65,65,65,65],"card_choices":[{"not_picked":["Moonworks:SakisCookie","Moonworks:LulusLuckyEgg"],"picked":"Moonworks:IndiscriminateFireSupport","floor":1.0},{"not_picked":["Moonworks:LulusLuckyEgg","Moonworks:SakisCookie"],"picked":"Moonworks:NicePresent","floor":3.0},{"not_picked":["Moonworks:LulusLuckyEgg","Moonworks:BindingChains","Moonworks:DeployBits"],"picked":"SKIP","floor":7.0},{"not_picked":["Moonworks:CloudOfSeagulls","Moonworks:Assault","Moonworks:ReproductionOfRecords"],"picked":"SKIP","floor":8.0},{"not_picked":["Moonworks:StiffCrystal","Moonworks:RocketCannon","Moonworks:IndiscriminateFireSupport"],"picked":"SKIP","floor":12.0},{"not_picked":["Moonworks:BigMagnum","Moonworks:Heat300Percent"],"picked":"Moonworks:NicePresent","floor":14},{"not_picked":["Moonworks:ReflectiveShell","Moonworks:SubspaceTunnel"],"picked":"Moonworks:AnotherUltimateWeapon","floor":16},{"not_picked":["Moonworks:Assault+1","Moonworks:SweetBattle","Moonworks:ScrambledEve"],"picked":"SKIP","floor":18},{"not_picked":["Moonworks:Assault","Moonworks:DeployBits+1"],"picked":"Moonworks:SealedMemories","floor":20},{"not_picked":["Moonworks:DeployBits","Moonworks:MiracleWalker","Moonworks:CloudOfSeagulls"],"picked":"SKIP","floor":22},{"not_picked":["Moonworks:EvilSpyWorkPreparation","Moonworks:SakisCookie","Moonworks:MiracleWalker"],"picked":"SKIP","floor":24},{"not_picked":["Moonworks:PlushieMaster","Moonworks:JonathanRush+1"],"picked":"Moonworks:MiracleRedBeanIceCream","floor":28},{"not_picked":["Moonworks:IndiscriminateFireSupport+1","Moonworks:MixPhenomenon","Moonworks:Assault+1"],"picked":"SKIP","floor":29},{"not_picked":["Moonworks:BackdoorTrade","Moonworks:CookingTime+1"],"picked":"Moonworks:BeyondHell","floor":31},{"not_picked":["Moonworks:Assault+1"],"picked":"SKIP","floor":36}],"player_experience":368181,"relics_obtained":[{"floor":7.0,"key":"Pantograph"},{"floor":9.0,"key":"Letter Opener"},{"floor":14,"key":"HornCleat"},{"floor":24,"key":"Blue Candle"},{"floor":26,"key":"Molten Egg 2"},{"floor":29,"key":"Old Coin"}],"event_choices":[{"cards_removed":["Moonworks:Strike"],"damage_healed":0.0,"max_hp_gain":0.0,"max_hp_loss":0.0,"gold_gain":0.0,"event_name":"Bonfire Elementals","player_choice":"Offered Basic","floor":2.0,"gold_loss":0.0,"damage_taken":0.0},{"cards_removed":["Moonworks:Strike"],"damage_healed":0.0,"max_hp_gain":0.0,"max_hp_loss":0.0,"gold_gain":0.0,"event_name":"Living Wall","player_choice":"Forget","floor":5.0,"gold_loss":0.0,"damage_taken":0.0},{"damage_healed":0.0,"max_hp_gain":0.0,"max_hp_loss":0.0,"gold_gain":0.0,"event_name":"Golden Idol","player_choice":"Take Damage","floor":10.0,"gold_loss":0.0,"damage_taken":15.0,"relics_obtained":["Golden Idol"]},{"damage_healed":0,"gold_gain":0,"player_choice":"Donut","damage_taken":0,"max_hp_gain":5,"max_hp_loss":0,"event_name":"Big Fish","floor":13,"gold_loss":0},{"damage_healed":0,"gold_gain":250,"player_choice":"Bet on Owner","damage_taken":0,"max_hp_gain":0,"max_hp_loss":0,"event_name":"The Joust","floor":19,"gold_loss":50},{"damage_healed":0,"gold_gain":90,"player_choice":"GOLD ","damage_taken":12,"max_hp_gain":0,"max_hp_loss":0,"event_name":"Knowing Skull","floor":21,"potions_obtained":[],"gold_loss":0,"cards_obtained":[]},{"cards_removed":["Moonworks:Strike"],"damage_healed":0,"gold_gain":0,"player_choice":"Elegance","damage_taken":0,"max_hp_gain":0,"max_hp_loss":0,"event_name":"Back to Basics","floor":30,"gold_loss":0},{"damage_healed":0,"gold_gain":0,"player_choice":"Took Portal","damage_taken":0,"max_hp_gain":0,"max_hp_loss":0,"event_name":"SecretPortal","floor":37,"gold_loss":0}],"is_beta":false,"boss_relics":[{"not_picked":["Sozu","Velvet Choker"],"picked":"Runic Dome"},{"not_picked":["Astrolabe","SlaversCollar"],"picked":"Busted Crown"}],"items_purged_floors":[25],"is_endless":false,"potions_floor_spawned":[3,7,12,16,18,20,22,28],"killed_by":"Time Eater","ascension_level":4}}