{"host":"2j5d0uw0vihq8b8w","time":1612877825,"event":{"mods":["2.2 Compatiblity","AchievementEnabler","BaseMod","BetterRewards","Colored Map","Colored Powertips","Custom Start","DeckTracker","Minty Spire (QoL Compilation)","Permanent Neow","Quick Restart","Rare Cards Sparkle","StSLib","SuperFastMode"],"gold_per_floor":[110,110,120,120,130,156,156,184,184,184,109,143,157,157,157,262,262,272,292,325,338,338,369,269,299,323,355,355,355,367,381,381,476,476,496,396,406,419,419,444,666,696,720,720,755,805,820,870,870,870,870,870,7,40,40],"floor_reached":56,"language":"KOR","playtime":3183,"items_purged":["Defend_R","Writhe","Pain","Injury"],"score":2471,"play_id":"d1777e0f-ac86-4848-9a9a-236e949a49d6","local_time":"20210209223705","is_ascension_mode":true,"campfire_choices":[{"data":"Apotheosis","floor":7,"key":"SMITH"},{"data":"True Grit","floor":10,"key":"SMITH"},{"data":"Body Slam","floor":15,"key":"SMITH"},{"data":"Entrench","floor":32,"key":"SMITH"},{"floor":44,"key":"RECALL"},{"data":"Corruption","floor":49,"key":"SMITH"},{"data":"Seeing Red","floor":52,"key":"SMITH"}],"circlet_count":0,"master_deck":["AscendersBane","Bash","Apotheosis+1","Feel No Pain","Body Slam+1","Warcry","Feel No Pain","True Grit+1","Juggernaut","Flex+1","Entrench+1","Shrug It Off+1","Dark Embrace+1","Metallicize+1","Shrug It Off+1","Sentinel+1","Parasite","Feed","Clash","Seeing Red+1","Anger","Pummel","Iron Wave","Intimidate","Carnage","Violence","Bandage Up","Transmutation","Corruption+1","Havoc+1","Limit Break"],"relics":["Burning Blood","Charon\u0027s Ashes","Dead Branch","Mummified Hand","Bag of Preparation","Darkstone Periapt","Ornamental Fan","Cursed Key","Red Mask","PreservedInsect","Vajra","TungstenRod","Bag of Marbles","InkBottle","The Courier","Pandora\u0027s Box","Pear","Oddly Smooth Stone","Lantern","Torii","CaptainsWheel","Lee\u0027s Waffle","Mercury Hourglass","Bottled Flame","Boot"],"acts_visited":["Exordium","TheCity","TheBeyond","TheEnding"],"potions_floor_usage":[12,16,37,46],"damage_taken":[{"damage":4,"enemies":"Jaw Worm","floor":1,"turns":4},{"damage":0,"enemies":"Cultist","floor":3,"turns":2},{"damage":4,"enemies":"Small Slimes","floor":5,"turns":3},{"damage":8,"enemies":"Lagavulin","floor":6,"turns":7},{"damage":2,"enemies":"3 Sentries","floor":8,"turns":4},{"damage":2,"enemies":"Gremlin Nob","floor":12,"turns":2},{"damage":6,"enemies":"2 Fungi Beasts","floor":13,"turns":2},{"damage":43,"enemies":"The Guardian","floor":16,"turns":11},{"damage":0,"enemies":"Spheric Guardian","floor":18,"turns":2},{"damage":5,"enemies":"3 Byrds","floor":19,"turns":3},{"damage":20,"enemies":"Masked Bandits","floor":20,"turns":3},{"damage":0,"enemies":"Centurion and Healer","floor":21,"turns":3},{"damage":0,"enemies":"Slavers","floor":23,"turns":4},{"damage":0,"enemies":"Gremlin Leader","floor":25,"turns":4},{"damage":0,"enemies":"Slavers","floor":27,"turns":3},{"damage":0,"enemies":"Chosen and Byrds","floor":30,"turns":5},{"damage":0,"enemies":"3 Cultists","floor":31,"turns":3},{"damage":42,"enemies":"Automaton","floor":33,"turns":10},{"damage":0,"enemies":"Orb Walker","floor":35,"turns":2},{"damage":0,"enemies":"3 Darklings","floor":37,"turns":4},{"damage":0,"enemies":"Sphere and 2 Shapes","floor":38,"turns":2},{"damage":0,"enemies":"Reptomancer","floor":40,"turns":3},{"damage":5,"enemies":"Nemesis","floor":42,"turns":1},{"damage":0,"enemies":"Giant Head","floor":45,"turns":2},{"damage":0,"enemies":"2 Orb Walkers","floor":46,"turns":3},{"damage":0,"enemies":"Writhing Mass","floor":47,"turns":3},{"damage":0,"enemies":"Mind Bloom Boss Battle","floor":48,"turns":3},{"damage":1,"enemies":"Donu and Deca","floor":50,"turns":3},{"damage":0,"enemies":"Shield and Spear","floor":54,"turns":1},{"damage":2,"enemies":"The Heart","floor":55,"turns":4}],"seed_played":"5464766666491509561","potions_obtained":[{"floor":8,"key":"Block Potion"},{"floor":12,"key":"SkillPotion"},{"floor":13,"key":"ColorlessPotion"},{"floor":16,"key":"Strength Potion"},{"floor":19,"key":"BloodPotion"},{"floor":30,"key":"HeartOfIron"},{"floor":38,"key":"AttackPotion"},{"floor":47,"key":"SkillPotion"}],"is_trial":false,"path_per_floor":["M","?","M","?","M","E","R","E","T","R","$","E","M","?","R","B",null,"M","M","?","M","?","E","$","E","T","E","T","?","M","M","R","B",null,"M","$","M","M","?","E","?","E","T","R","E","?","M","?","R","B",null,"R","$","E","B",null],"character_chosen":"IRONCLAD","items_purchased":["Apotheosis","Dead Branch","Lee\u0027s Waffle","Mercury Hourglass","Bottled Flame","Limit Break","GamblersBrew","Energy Potion"],"campfire_rested":0,"item_purchase_floors":[0,0,53,53,53,53,53,53],"current_hp_per_floor":[38,38,44,49,51,49,49,53,53,53,53,57,57,57,57,20,69,75,76,62,68,74,80,80,86,92,97,103,103,103,103,103,67,94,100,100,103,106,97,117,117,118,124,124,126,126,126,126,126,130,130,130,137,137,137],"gold":40,"neow_bonus":"","is_daily":false,"chose_seed":false,"campfire_upgraded":6,"win_rate":0.0,"timestamp":1612877825,"path_taken":["M","?","?","?","M","E","R","E","T","R","$","E","M","?","R","BOSS","M","M","?","M","?","E","$","E","T","E","?","?","M","M","R","BOSS","M","?","M","M","?","E","?","E","T","R","E","?","M","?","R","BOSS","R","$","E","BOSS"],"items_purchased_type":["Card","Relic","Relic","Relic","Relic","Card","Potion","Potion"],"build_version":"2020-12-22","purchased_purges":4,"victory":true,"max_hp_per_floor":[80,80,80,85,85,85,85,85,85,85,85,85,85,85,85,85,85,85,85,85,85,91,91,91,91,97,97,103,103,103,103,103,103,103,103,103,103,106,106,120,120,120,126,126,126,126,126,126,126,130,130,130,137,137,137],"card_choices":[{"not_picked":["Sword Boomerang","Armaments"],"picked":"Feel No Pain","floor":1},{"not_picked":["Thunderclap","Rupture"],"picked":"Warcry","floor":3},{"not_picked":["Sword Boomerang","Thunderclap","Body Slam"],"picked":"SKIP","floor":5},{"not_picked":["Sever Soul","Cleave"],"picked":"Feel No Pain","floor":6},{"not_picked":["Body Slam","Reaper"],"picked":"True Grit","floor":8},{"not_picked":["Dual Wield","Searing Blow","Hemokinesis"],"picked":"SKIP","floor":12},{"not_picked":["Wild Strike","Heavy Blade","Shockwave"],"picked":"SKIP","floor":13},{"not_picked":["Exhume","Reaper"],"picked":"Juggernaut","floor":16},{"not_picked":["Armaments","Body Slam"],"picked":"Flex+1","floor":18},{"not_picked":["Sword Boomerang+1","Shrug It Off"],"picked":"Entrench","floor":19},{"not_picked":["Headbutt","Ghostly Armor"],"picked":"Shrug It Off+1","floor":20},{"not_picked":["Warcry","Evolve"],"picked":"Dark Embrace","floor":21},{"not_picked":["Dark Embrace","Flame Barrier"],"picked":"Metallicize+1","floor":23},{"not_picked":["Intimidate","Rampage+1"],"picked":"Shrug It Off+1","floor":25},{"not_picked":["Infernal Blade","Spot Weakness"],"picked":"Sentinel+1","floor":27},{"not_picked":["Twin Strike","Perfected Strike+1","Body Slam+1"],"picked":"SKIP","floor":30},{"not_picked":["Uppercut","True Grit","Flex"],"picked":"SKIP","floor":31},{"not_picked":["Exhume","Immolate"],"picked":"Feed","floor":33},{"not_picked":["Fire Breathing+1","Shrug It Off","Clash"],"picked":"SKIP","floor":35},{"not_picked":["Thunderclap","Dark Embrace","Whirlwind"],"picked":"SKIP","floor":37},{"not_picked":["Perfected Strike","Headbutt+1","Fire Breathing+1"],"picked":"SKIP","floor":38},{"not_picked":["Forethought","Mind Blast"],"picked":"Violence","floor":39},{"not_picked":["HandOfGreed","Impatience"],"picked":"Bandage Up","floor":39},{"not_picked":["Finesse","Apotheosis"],"picked":"Transmutation","floor":39},{"not_picked":["Iron Wave+1","Wild Strike+1","Pommel Strike+1"],"picked":"SKIP","floor":40},{"not_picked":["Ghostly Armor","Wild Strike+1","Havoc"],"picked":"SKIP","floor":42},{"not_picked":["True Grit","Whirlwind","Fire Breathing"],"picked":"SKIP","floor":45},{"not_picked":["Perfected Strike+1","Rampage+1"],"picked":"Corruption","floor":46},{"not_picked":["Infernal Blade","Metallicize+1","Dark Embrace"],"picked":"SKIP","floor":47},{"not_picked":["Headbutt","Pummel"],"picked":"Havoc+1","floor":48},{"not_picked":["Carnage+1","Thunderclap","Spot Weakness+1"],"picked":"SKIP","floor":54}],"player_experience":672846,"relics_obtained":[{"floor":6,"key":"Mummified Hand"},{"floor":8,"key":"Bag of Preparation"},{"floor":9,"key":"Darkstone Periapt"},{"floor":12,"key":"Ornamental Fan"},{"floor":20,"key":"Red Mask"},{"floor":23,"key":"Vajra"},{"floor":25,"key":"TungstenRod"},{"floor":26,"key":"Bag of Marbles"},{"floor":27,"key":"InkBottle"},{"floor":28,"key":"The Courier"},{"floor":40,"key":"Pear"},{"floor":42,"key":"Oddly Smooth Stone"},{"floor":45,"key":"Lantern"},{"floor":46,"key":"Torii"},{"floor":48,"key":"CaptainsWheel"},{"floor":54,"key":"Boot"}],"event_choices":[{"damage_healed":0,"gold_gain":0,"cards_transformed":["Strike_R"],"player_choice":"Transformed","damage_taken":0,"max_hp_gain":0,"max_hp_loss":0,"event_name":"Transmorgrifier","floor":2,"gold_loss":0,"cards_obtained":["Body Slam"]},{"damage_healed":0,"gold_gain":0,"player_choice":"Donut","damage_taken":0,"max_hp_gain":5,"max_hp_loss":0,"event_name":"Big Fish","floor":4,"gold_loss":0},{"damage_healed":0,"gold_gain":0,"player_choice":"Ignored","damage_taken":0,"max_hp_gain":0,"max_hp_loss":0,"event_name":"Liars Game","floor":14,"gold_loss":0},{"damage_healed":0,"gold_gain":0,"player_choice":"Fought Bandits","damage_taken":0,"max_hp_gain":0,"max_hp_loss":0,"event_name":"Masked Bandits","floor":20,"gold_loss":0},{"damage_healed":0,"gold_gain":0,"player_choice":"Opened","damage_taken":0,"relics_obtained":["PreservedInsect"],"max_hp_gain":0,"max_hp_loss":0,"event_name":"The Mausoleum","floor":22,"gold_loss":0,"cards_obtained":["Writhe"]},{"damage_healed":0,"gold_gain":0,"player_choice":"Upgraded","damage_taken":0,"max_hp_gain":0,"max_hp_loss":0,"event_name":"Upgrade Shrine","floor":29,"gold_loss":0,"cards_upgraded":["Dark Embrace"]},{"damage_healed":0,"gold_gain":0,"player_choice":"Memory 3","damage_taken":10,"max_hp_gain":0,"max_hp_loss":0,"event_name":"SensoryStone","floor":39,"gold_loss":0},{"damage_healed":0,"gold_gain":222,"player_choice":"Wore Mask","damage_taken":0,"max_hp_gain":0,"max_hp_loss":0,"event_name":"Tomb of Lord Red Mask","floor":41,"gold_loss":0},{"damage_healed":0,"gold_gain":0,"player_choice":"Fight","damage_taken":0,"max_hp_gain":0,"max_hp_loss":0,"event_name":"Mysterious Sphere","floor":46,"gold_loss":0},{"damage_healed":0,"gold_gain":0,"player_choice":"Fight","damage_taken":0,"max_hp_gain":0,"max_hp_loss":0,"event_name":"MindBloom","floor":48,"gold_loss":0}],"is_beta":false,"boss_relics":[{"not_picked":["Ectoplasm","Runic Cube"],"picked":"Cursed Key"},{"not_picked":["Coffee Dripper","Velvet Choker"],"picked":"Pandora\u0027s Box"}],"items_purged_floors":[11,24,36,53],"is_endless":false,"potions_floor_spawned":[8,12,13,16,19,21,30,31,33,38,40,45,47],"ascension_level":11}}