{"host":"m4zn6rtsd36lrr22","time":1612868299,"event":{"mods":["2.2 Compatiblity","Act Like it!","BaseMod","Better Synergies","BetterRewards","CapriCore","Colored Map","Custom Start","FoggyMod","Gensokyo","GungeonMod","HololiveMod","Ironclad Rager","Lobotomy","LobotomyExtend","Luminous","Minty Spire (QoL Compilation)","Permanent Neow","Poor People Problems","Prisma Mod","Quick Restart","Reimu（博丽灵梦）","Relic Filter Mod","Relic Stats","Reliquary","Remilia（蕾米莉亚）","Remove Card Discount Mod","Replay The Spire","RumiaBox-露米娅的神秘盒子","Shop Mod","Spicy Shops","StSLib","The Alterego","The Animator","The Immortal","WarShipGirlsR/战舰少女R mod","Yakumo Yukari mod","noobMod","【功能Mod】混沌之环修复补丁","【遗物卡牌】REMEMod"],"gold_per_floor":[114,27,27,44,40,80,80,91,118,114,126,126,144,74,74,177,177,206,43,43,43,43,70,70,70,97,97,97,117,152,1,1,98,98,109,109,34,34,32,32,66,66,66,66,98,98,98,98,98,104,104],"floor_reached":52,"language":"ZHS","playtime":2826,"items_purged":["animator:Strike","animator:Defend","animator:Strike","animator:Defend","animator:Defend","animator:Strike","animator:Biyorigo","animator:Envy","animator:DwarfShaman","animator:LizardPriest","Luminous:Flash_Blink_Luminous+1","animator:IzunaHatsuse+1"],"score":1084,"play_id":"49abe5dc-0157-4968-a899-06f2c39c44c1","local_time":"20210209185819","is_ascension_mode":false,"campfire_choices":[{"data":"animator:Tyuule","floor":7.0,"key":"SMITH"},{"data":"animator:Vesta","floor":15.0,"key":"SMITH"},{"data":"animator:Defend_GoblinSlayer","floor":24,"key":"SMITH"},{"data":"animator:HigakiRinne","floor":32,"key":"SMITH"},{"data":"Gensokyo:MorningMist","floor":40,"key":"SMITH"},{"data":"animator:Priestess","floor":42,"key":"SMITH"},{"data":"animator:Megumin+3","floor":44,"key":"SMITH"},{"data":"animator:Megumin+5","floor":46,"key":"SMITH"},{"data":"animator:Megumin+6","floor":49,"key":"SMITH"}],"circlet_count":0,"master_deck":["animator:Strike_GoblinSlayer+1","animator:Defend_GoblinSlayer+1","animator:QuestionMark+1","animator:Vesta+1","animator:Tyuule+1","animator:Mitsuba+1","animator:KyokoSakura+1","animator:Entoma+9","animator:Priestess+1","animator:HigakiRinne+1","animator:Megumin+8","Gensokyo:MorningMist+1","animator:Chris+1"],"relics":["animator:LivingPicture","animator:TheMissingPiece","REME_ComplimentaryCards","ice","animator:PurgingStone","Replay:Kaleidoscope","Medical Kit","LetterFromLob","ReplayFunnel","reliquary:Buckler","PlanX","animator:HolyGrailRelic","TwistedFunnel","Gensokyo:SongOfSouls","HonorFeather","Gensokyo:ConquerorOfFear","Whetstone","Strawberry","DemoMod:GundromedaStrain","TheAbacus","DemoMod:GlassGuonStoneRelic","SoulBox","MealTicket","Molten Egg 2","DemoMod:PoisonVial","Replay:Wax Seal"],"acts_visited":["Gensokyo:Gensokyo","Gensokyo:Gensokyoer","Gensokyo:Gensokyoest"],"potions_floor_usage":[],"damage_taken":[{"damage":0.0,"enemies":"Gensokyo:2_Kodama","floor":1.0,"turns":5.0},{"damage":13.0,"enemies":"Gensokyo:3_Fairies","floor":4.0,"turns":6.0},{"damage":14.0,"enemies":"Gensokyo:Aya","floor":6.0,"turns":6.0},{"damage":1.0,"enemies":"Gensokyo:Python","floor":8.0,"turns":5.0},{"damage":7.0,"enemies":"Gensokyo:Gryphon_and_Rabbit","floor":13.0,"turns":4.0},{"damage":17.0,"enemies":"Gensokyo:Reimu","floor":16.0,"turns":12.0},{"damage":6.0,"enemies":"Gensokyo:CosmicMonolith","floor":18.0,"turns":4.0},{"damage":110,"enemies":"Gensokyo:CosmicMonolith","floor":21,"turns":5},{"damage":0,"enemies":"Gensokyo:Koishi","floor":23,"turns":4},{"damage":0,"enemies":"Gensokyo:AngelMirror","floor":29,"turns":2},{"damage":0,"enemies":"Gensokyo:Tenshi","floor":30,"turns":3},{"damage":18,"enemies":"Gensokyo:Eternal_Rivals","floor":33,"turns":5},{"damage":0,"enemies":"Gensokyo:AncientGuardian","floor":35,"turns":2},{"damage":0,"enemies":"Gensokyo:Doremy","floor":41,"turns":3},{"damage":0,"enemies":"Gensokyo:Marisa","floor":45,"turns":4},{"damage":0,"enemies":"Gensokyo:Yuyuko","floor":50,"turns":5}],"seed_played":"-7187100428431701062","potions_obtained":[{"floor":1.0,"key":"Explosive Potion"},{"floor":6.0,"key":"Languid Potion"},{"floor":16.0,"key":"SkillPotion"},{"floor":45,"key":"animator:FalseLifePotion"}],"is_trial":false,"path_per_floor":["M","COS","?","M","$","E","R","M","T","$","?","?","M","$","R","B",null,"M","$","?","?","?","E","R","?","T","?","?","M","E","$","R","B",null,"M","?","COS","?","$","R","E","R","T","R","E","R","?","?","R","B",null,null],"character_chosen":"THE_ANIMATOR","items_purchased":["Medical Kit","animator:QuestionMark","animator:IzunaHatsuse","TwistedFunnel","TheAbacus"],"campfire_rested":0,"item_purchase_floors":[0,0,14,19,31],"current_hp_per_floor":[66,66,60,47,47,33,33,32,32,32,32,32,25,25,25,68,79,77,77,77,39,39,43,96,87,94,94,94,98,102,102,107,93,112,114,114,114,114,114,114,114,117,117,117,121,130,130,130,130,132,132],"gold":104,"neow_bonus":"","is_daily":false,"chose_seed":false,"campfire_upgraded":9,"win_rate":0.0,"timestamp":1612868299,"path_taken":["M","COS","?","?","?","E","R","?","T","$","?","?","?","?","R","BOSS","M","$","?","?","?","E","R","?","T","?","?","?","E","$","R","BOSS","M","?","COS","?","$","R","E","R","T","R","E","R","?","?","R","BOSS"],"items_purchased_type":["Relic","Card","Card","Relic","Relic"],"build_version":"2020-12-22","purchased_purges":12,"victory":true,"max_hp_per_floor":[66,66,66,66,66,66,66,66,66,66,66,66,66,66,66,71,79,86,86,86,89,89,96,96,87,94,94,94,100,107,107,107,112,112,114,114,114,114,114,114,117,117,117,117,130,130,130,130,130,136,136],"relic_stats":{"TheAbacus":[54],"counters":[24,120],"MealTicket":0,"Whetstone":["animator:Strike_GoblinSlayer","animator:Entoma"],"Medical Kit":[5],"obtain_stats":[{"ReplayFunnel":6,"TwistedFunnel":19,"HonorFeather":21,"DemoMod:PoisonVial":45,"animator:TheMissingPiece":0,"Gensokyo:UndefinedDarkness":22,"DemoMod:GlassGuonStoneRelic":1,"SoulBox":34,"ice":4,"Whetstone":23,"Frozen Eye":23,"TheAbacus":31,"animator:PurgingStone":0,"Strawberry":26,"reliquary:Buckler":9,"MealTicket":41,"Replay:Wax Seal":45,"Gensokyo:SongOfSouls":20,"Replay:Kaleidoscope":0,"Gensokyo:ConquerorOfFear":23,"Medical Kit":0,"animator:HolyGrailRelic":17,"DemoMod:GundromedaStrain":30,"PlanX":13,"Molten Egg 2":43,"animator:LivingPicture":0,"LetterFromLob":1,"REME_ComplimentaryCards":4},{"ReplayFunnel":11,"TwistedFunnel":15,"HonorFeather":16,"DemoMod:PoisonVial":23,"animator:TheMissingPiece":0,"Gensokyo:UndefinedDarkness":16,"DemoMod:GlassGuonStoneRelic":9,"SoulBox":20,"ice":10,"Whetstone":17,"Frozen Eye":16,"TheAbacus":19,"animator:PurgingStone":8,"Strawberry":17,"reliquary:Buckler":12,"MealTicket":22,"Replay:Wax Seal":23,"Gensokyo:SongOfSouls":15,"Replay:Kaleidoscope":8,"Gensokyo:ConquerorOfFear":17,"Medical Kit":8,"animator:HolyGrailRelic":14,"DemoMod:GundromedaStrain":19,"PlanX":13,"Molten Egg 2":22,"animator:LivingPicture":0,"LetterFromLob":9,"REME_ComplimentaryCards":10},{"ReplayFunnel":62,"TwistedFunnel":87,"HonorFeather":92,"DemoMod:PoisonVial":112,"animator:TheMissingPiece":0,"Gensokyo:UndefinedDarkness":92,"DemoMod:GlassGuonStoneRelic":50,"SoulBox":106,"ice":52,"Whetstone":96,"Frozen Eye":92,"TheAbacus":101,"animator:PurgingStone":46,"Strawberry":96,"reliquary:Buckler":67,"MealTicket":111,"Replay:Wax Seal":115,"Gensokyo:SongOfSouls":87,"Replay:Kaleidoscope":46,"Gensokyo:ConquerorOfFear":96,"Medical Kit":46,"animator:HolyGrailRelic":83,"DemoMod:GundromedaStrain":101,"PlanX":69,"Molten Egg 2":111,"animator:LivingPicture":0,"LetterFromLob":50,"REME_ComplimentaryCards":52}]},"card_choices":[{"not_picked":["animator:Sonic","animator:Kaijin"],"picked":"animator:Vesta","floor":1.0},{"not_picked":["animator:Mitsurugi","animator:Tet"],"picked":"animator:Tyuule","floor":4.0},{"not_picked":["animator:KrulTepes","animator:Azekura"],"picked":"animator:Mitsuba","floor":6.0},{"not_picked":["animator:HomuraAkemi","animator:SayakaMiki"],"picked":"animator:KyokoSakura","floor":8.0},{"not_picked":["animator:Togame","animator:DolaRiku"],"picked":"animator:Entoma","floor":11.0},{"not_picked":["animator:DolaCouronne","animator:DolaStephanie"],"picked":"animator:Envy","floor":11.0},{"not_picked":[],"picked":"animator:Biyorigo","floor":12.0},{"not_picked":["animator:Arpeggio","animator:RinTohsaka","animator:DolaCouronne"],"picked":"SKIP","floor":13.0},{"not_picked":["animator:Kyubey","animator:Hans"],"picked":"animator:HigakiRinne","floor":16.0},{"not_picked":["animator:SilverFang","animator:Entoma"],"picked":"animator:Priestess","floor":18.0},{"not_picked":["animator:Genos","animator:YachiyoNanami","animator:Father"],"picked":"SKIP","floor":23},{"not_picked":["animator:ElricEdward+1","animator:DolaRiku"],"picked":"animator:Megumin","floor":30},{"not_picked":["animator:IrohaTamaki","animator:Benimaru+1","animator:Priestess"],"picked":"SKIP","floor":35},{"not_picked":["Gensokyo:EverlastingLife","Gensokyo:NewMoon"],"picked":"Gensokyo:MorningMist","floor":38},{"not_picked":["animator:Benimaru","animator:Hakurou","animator:WinryRockbell+1"],"picked":"SKIP","floor":41},{"not_picked":["animator:Illya+1","animator:SakuraMatou","animator:DolaCouronne+1"],"picked":"SKIP","floor":41},{"not_picked":["animator:Megumin+1","animator:Darkness"],"picked":"animator:Chris+1","floor":45}],"player_experience":380313,"relics_obtained":[{"floor":1.0,"key":"LetterFromLob"},{"floor":6.0,"key":"ReplayFunnel"},{"floor":9.0,"key":"reliquary:Buckler"},{"floor":23,"key":"Gensokyo:ConquerorOfFear"},{"floor":23,"key":"Whetstone"},{"floor":26,"key":"Strawberry"},{"floor":30,"key":"DemoMod:GundromedaStrain"},{"floor":41,"key":"MealTicket"},{"floor":43,"key":"Molten Egg 2"},{"floor":45,"key":"Replay:Wax Seal"}],"event_choices":[],"is_beta":false,"boss_relics":[{"not_picked":["Painkiller Herb","REME_DemonsWealth"],"picked":"animator:HolyGrailRelic"},{"not_picked":["Pandora\u0027s Box","Fusion Hammer"],"picked":"SoulBox"}],"items_purged_floors":[0,0,5,5,10,10,19,19,19,19,31,39],"is_endless":false,"potions_floor_spawned":[1,6,16,18,35,41,45],"ascension_level":0}}