{"host":"ar85q1708ucjvf51","time":1612844281,"event":{"mods":["BaseMod","Minty Spire (QoL Compilation)"],"gold_per_floor":[117,117,128,147,109,109,137,137,137,167,184,184,203,89,89,185,185,197,216,226,236,161,194,194,194,194,225,259,259,272,290,290,290,290],"floor_reached":33,"language":"ENG","playtime":2066,"items_purged":["Strike_B"],"score":297,"play_id":"4cd7c395-63a4-42ce-af2b-643a41a33950","local_time":"20210208231801","is_ascension_mode":false,"campfire_choices":[{"data":"Melter","floor":6.0,"key":"SMITH"},{"data":"Echo Form","floor":12.0,"key":"SMITH"},{"floor":15,"key":"REST"},{"floor":24,"key":"REST"},{"floor":29,"key":"REST"},{"floor":32,"key":"REST"}],"circlet_count":0,"master_deck":["Strike_B","Defend_B","Defend_B","Defend_B","Defend_B+1","Zap","Dualcast","Barrage+1","Strike_G","Scrape","Double Energy+1","Melter+1","Doom and Gloom","Echo Form+1","Loop","Doom and Gloom","Core Surge","Rebound","Leap+1","Darkness+1","Undo","Conserve Battery","Gash","Genetic Algorithm+1","Steam+1","Sunder+1","Auto Shields","Machine Learning"],"relics":["Cracked Core","NeowsBlessing","FossilizedHelix","Thread and Needle","Pocketwatch","SlaversCollar","Dream Catcher","Question Card","Juzu Bracelet","Red Mask"],"acts_visited":["Exordium","TheCity"],"potions_floor_usage":[13,16,23,27,28,31],"damage_taken":[{"damage":0.0,"enemies":"2 Louse","floor":1.0,"turns":1.0},{"damage":0.0,"enemies":"Cultist","floor":3.0,"turns":1.0},{"damage":0.0,"enemies":"Jaw Worm","floor":4.0,"turns":1.0},{"damage":8.0,"enemies":"Gremlin Nob","floor":7.0,"turns":3.0},{"damage":9.0,"enemies":"Lagavulin","floor":10.0,"turns":4.0},{"damage":0.0,"enemies":"Large Slime","floor":11.0,"turns":2.0},{"damage":0,"enemies":"Blue Slaver","floor":13,"turns":2},{"damage":23,"enemies":"Hexaghost","floor":16,"turns":6},{"damage":0,"enemies":"Spheric Guardian","floor":18,"turns":2},{"damage":0,"enemies":"Shell Parasite","floor":19,"turns":3},{"damage":15,"enemies":"Chosen and Byrds","floor":20,"turns":6},{"damage":4,"enemies":"Cultist and Chosen","floor":21,"turns":5},{"damage":12,"enemies":"Gremlin Leader","floor":23,"turns":6},{"damage":15,"enemies":"Slavers","floor":27,"turns":5},{"damage":36,"enemies":"Masked Bandits","floor":28,"turns":5},{"damage":0,"enemies":"Shelled Parasite and Fungi","floor":30,"turns":4},{"damage":0,"enemies":"Snake Plant","floor":31,"turns":2},{"damage":75,"enemies":"Collector","floor":33,"turns":5}],"seed_played":"2014162256407009294","potions_obtained":[{"floor":4.0,"key":"Weak Potion"},{"floor":7.0,"key":"Explosive Potion"},{"floor":11.0,"key":"Strength Potion"},{"floor":13,"key":"SteroidPotion"},{"floor":18,"key":"Strength Potion"},{"floor":19,"key":"Energy Potion"},{"floor":21,"key":"PowerPotion"},{"floor":28,"key":"LiquidMemories"}],"is_trial":false,"path_per_floor":["M","?","M","M","$","R","E","?","T","E","M","R","M","$","R","B",null,"M","M","M","M","?","E","R","?","T","E","?","R","M","M","R","B"],"character_chosen":"DEFECT","items_purchased":["Melter","Doom and Gloom"],"campfire_rested":4,"item_purchase_floors":[5,14],"current_hp_per_floor":[75,75,75,75,75,75,67,52,52,43,43,43,43,43,65,42,75,75,75,60,56,56,44,66,66,66,51,15,37,37,37,59,0,0],"gold":290,"neow_bonus":"THREE_ENEMY_KILL","is_daily":false,"chose_seed":false,"campfire_upgraded":2,"win_rate":0.0,"timestamp":1612844281,"path_taken":["M","?","?","M","$","R","E","?","T","E","M","R","M","?","R","BOSS","M","M","M","M","?","E","R","?","T","E","?","R","M","M","R","BOSS"],"items_purchased_type":["Card","Card"],"build_version":"2020-12-22","purchased_purges":1,"victory":false,"max_hp_per_floor":[75,75,75,75,75,75,75,75,75,75,75,75,75,75,75,75,75,75,75,75,75,75,75,75,75,75,75,75,75,75,75,75,75,75],"card_choices":[{"not_picked":["Blizzard","Go for the Eyes"],"picked":"Barrage","floor":1.0},{"not_picked":["Turbo","Sweeping Beam"],"picked":"Scrape","floor":3.0},{"not_picked":["Leap","Steam"],"picked":"Double Energy","floor":4.0},{"not_picked":["Loop","Recycle"],"picked":"Doom and Gloom","floor":7.0},{"not_picked":["Steam","Turbo"],"picked":"Echo Form","floor":10.0},{"not_picked":["Cold Snap","Steam Power"],"picked":"Loop","floor":11.0},{"not_picked":["Beam Cell","Sweeping Beam","Turbo"],"picked":"SKIP","floor":13},{"not_picked":["Reboot","Biased Cognition"],"picked":"Core Surge","floor":16},{"not_picked":["Stack","Streamline"],"picked":"Rebound","floor":18},{"not_picked":["Turbo","Coolheaded"],"picked":"Leap+1","floor":19},{"not_picked":["Turbo+1","Beam Cell"],"picked":"Darkness+1","floor":20},{"not_picked":["Thunder Strike","Coolheaded"],"picked":"Undo","floor":21},{"not_picked":["Coolheaded","Hologram"],"picked":"Conserve Battery","floor":23},{"not_picked":["Cold Snap","Barrage+1"],"picked":"Gash","floor":24},{"not_picked":["Barrage","Leap","Turbo"],"picked":"Genetic Algorithm+1","floor":27},{"not_picked":["Beam Cell","Gash","Ball Lightning"],"picked":"Steam+1","floor":28},{"not_picked":["Stack","Redo","Lockon"],"picked":"Sunder+1","floor":29},{"not_picked":["Doom and Gloom","Streamline+1","Defragment"],"picked":"Auto Shields","floor":30},{"not_picked":["Compile Driver","Static Discharge","Chill","Reprogram"],"picked":"SKIP","floor":31},{"not_picked":["Conserve Battery","Storm+1","Barrage"],"picked":"Machine Learning","floor":32}],"player_experience":483637,"relics_obtained":[{"floor":7.0,"key":"FossilizedHelix"},{"floor":9.0,"key":"Thread and Needle"},{"floor":10.0,"key":"Pocketwatch"},{"floor":23,"key":"Dream Catcher"},{"floor":26,"key":"Question Card"},{"floor":27,"key":"Juzu Bracelet"},{"floor":28,"key":"Red Mask"}],"event_choices":[{"cards_removed":["Strike_B"],"damage_healed":0.0,"max_hp_gain":0.0,"max_hp_loss":0.0,"gold_gain":0.0,"event_name":"NoteForYourself","player_choice":"Took Card","floor":2.0,"gold_loss":0.0,"damage_taken":0.0,"cards_obtained":["Strike_G"]},{"damage_healed":0.0,"max_hp_gain":0.0,"max_hp_loss":0.0,"gold_gain":0.0,"event_name":"Shining Light","player_choice":"Entered Light","floor":8.0,"gold_loss":0.0,"damage_taken":15.0,"cards_upgraded":["Barrage","Defend_B"]},{"cards_removed":["Strike_B"],"damage_healed":0,"gold_gain":0,"player_choice":"Gave Gold","damage_taken":0,"max_hp_gain":0,"max_hp_loss":0,"event_name":"Beggar","floor":22,"gold_loss":75},{"damage_healed":0,"gold_gain":0,"player_choice":"Upgraded","damage_taken":0,"max_hp_gain":0,"max_hp_loss":0,"event_name":"Upgrade Shrine","floor":25,"gold_loss":0,"cards_upgraded":["Double Energy"]},{"damage_healed":0,"gold_gain":0,"player_choice":"Fought Bandits","damage_taken":0,"max_hp_gain":0,"max_hp_loss":0,"event_name":"Masked Bandits","floor":28,"gold_loss":0}],"is_beta":false,"boss_relics":[{"not_picked":["Philosopher\u0027s Stone","Nuclear Battery"],"picked":"SlaversCollar"}],"items_purged_floors":[14],"is_endless":false,"potions_floor_spawned":[4,7,11,13,18,19,21,28],"killed_by":"Collector","ascension_level":0}}