{"host":"z439itq93uucuvou","time":1612837339,"event":{"mods":["BaseMod","Colored Powertips","Jorbs\u0027s Wanderer Trilogy","Minty Spire (QoL Compilation)","StSLib"],"gold_per_floor":[119,137,152,152,26,57,57,72,72,52,69,69,69],"floor_reached":12,"language":"ENG","playtime":523,"items_purged":[],"score":152,"play_id":"7893d5fd-c94e-468b-b71d-33c7b318367a","local_time":"20210208182219","is_ascension_mode":true,"campfire_choices":[{"data":"Eruption","floor":7.0,"key":"SMITH"}],"circlet_count":0,"master_deck":["AscendersBane","Strike_P","Strike_P","Strike_P","Strike_P","Defend_P","Defend_P","Defend_P","Defend_P","Eruption+1","Vigilance","Weave","FollowUp","JustLucky+1","Adaptation","WaveOfTheHand","Wallop","Blasphemy","ThirdEye"],"relics":["PureWater","Pen Nib"],"acts_visited":["Exordium"],"potions_floor_usage":[11],"damage_taken":[{"damage":4.0,"enemies":"Jaw Worm","floor":1.0,"turns":5.0},{"damage":0.0,"enemies":"Cultist","floor":2.0,"turns":2.0},{"damage":18.0,"enemies":"Small Slimes","floor":3.0,"turns":5.0},{"damage":17.0,"enemies":"Lagavulin","floor":6.0,"turns":5.0},{"damage":9.0,"enemies":"Blue Slaver","floor":8.0,"turns":4.0},{"damage":0.0,"enemies":"Looter","floor":10.0,"turns":2.0},{"damage":4,"enemies":"Exordium Wildlife","floor":11,"turns":4},{"damage":54,"enemies":"Gremlin Nob","floor":12,"turns":3}],"seed_played":"8573220018188535187","potions_obtained":[{"floor":1.0,"key":"SteroidPotion"},{"floor":2.0,"key":"Energy Potion"},{"floor":6.0,"key":"SmokeBomb"},{"floor":11,"key":"SpeedPotion"}],"is_trial":false,"path_per_floor":["M","M","M","?","$","E","R","M","T","M","M","E"],"character_chosen":"WATCHER","items_purchased":["Adaptation","WaveOfTheHand"],"campfire_rested":0,"item_purchase_floors":[5,5],"current_hp_per_floor":[63,63,45,45,45,28,28,19,19,19,15,0,0],"gold":69,"neow_bonus":"TEN_PERCENT_HP_BONUS","is_daily":false,"chose_seed":false,"campfire_upgraded":1,"win_rate":0.0,"timestamp":1612837339,"path_taken":["M","M","M","?","$","E","R","M","T","M","?","E"],"items_purchased_type":["Card","Card"],"build_version":"2020-12-22","purchased_purges":0,"victory":false,"max_hp_per_floor":[74,74,74,74,74,74,74,74,74,74,74,74,74],"card_choices":[{"not_picked":["Swivel","Consecrate"],"picked":"Weave","floor":1.0},{"not_picked":["SashWhip","ForeignInfluence"],"picked":"FollowUp","floor":2.0},{"not_picked":["FlyingSleeves","WindmillStrike"],"picked":"JustLucky","floor":3.0},{"not_picked":["FlurryOfBlows","EmptyBody"],"picked":"Wallop","floor":6.0},{"not_picked":["Pray","FlurryOfBlows"],"picked":"Blasphemy","floor":8.0},{"not_picked":["WaveOfTheHand","Perseverance"],"picked":"ThirdEye","floor":11}],"player_experience":1486010,"relics_obtained":[{"floor":6.0,"key":"Pen Nib"}],"event_choices":[{"damage_healed":0.0,"max_hp_gain":0.0,"max_hp_loss":0.0,"gold_gain":0.0,"event_name":"Upgrade Shrine","player_choice":"Upgraded","floor":4.0,"gold_loss":0.0,"damage_taken":0.0,"cards_upgraded":["JustLucky"]}],"is_beta":false,"boss_relics":[],"items_purged_floors":[],"is_endless":false,"potions_floor_spawned":[1,2,6,11],"killed_by":"Gremlin Nob","ascension_level":17}}