{"host":"veh3iuu7yass7ajm","time":1612855024,"event":{"mods":["2.2 Compatiblity","BaseMod","Beaked The Cultist","BetterRewards","Clockwork Mod","Colored Map","Colored Powertips","Conspire","DeckTracker","Downfall","GungeonMod","Hermit","Jedi Mod","Minty Spire (QoL Compilation)","RatMod","Relic Relevance Reorder","StSLib","Strawberry Spire","The Animator","The Death Knight","Unknown Chances","Waifu the Spire"],"gold_per_floor":[118,118,132,152,122,122,153,153,206,77,77,35,46,65,65,170,170,186,186,285,295,90,116,116,126,151,14,29,64,64,64,64,64,64],"floor_reached":33,"language":"ENG","playtime":2523,"items_purged":["Clockwork:Strike","Clumsy","Clockwork:Strike"],"score":283,"play_id":"ba5eae73-1a65-4e58-93f7-37f71f86201f","local_time":"20210209201704","is_ascension_mode":false,"campfire_choices":[{"data":"Clockwork:TiltAWhirl","floor":6,"key":"SMITH"},{"data":"Clockwork:RevUp","floor":15,"key":"SMITH"},{"data":"Clockwork:Roundhouse","floor":24,"key":"SMITH"},{"data":"Clockwork:KaliMa","floor":30,"key":"SMITH"},{"data":"Clockwork:RitualDaggerMk0","floor":32,"key":"SMITH"}],"circlet_count":0,"master_deck":["Clockwork:Strike","Clockwork:Strike","Clockwork:Shield","Clockwork:Shield","Clockwork:Shield","Clockwork:Shield","Clockwork:Tinker","Clockwork:WarmUp","Clockwork:CogBarrier+1","Clockwork:TiltAWhirl+1","Clockwork:Enhance+1","Clockwork:Roundhouse+1","Clockwork:RevUp+1","Clockwork:KaliMa+1","Clockwork:RitualDaggerMk0+1"],"relics":["Clockwork:MomentumEngine","conspire:BottledYoYo","Bottled Lightning","strawberrySpire:Treaders","strawberrySpire:Sunfruit","conspire:SpecialSausage","Medical Kit","Membership Card","Ancient Tea Set","War Paint","Clockwork:BeatingHeart","Lantern"],"acts_visited":["Exordium","TheCity"],"potions_floor_usage":[7,16,29,33,33],"damage_taken":[{"damage":2,"enemies":"Jaw Worm","floor":1,"turns":9},{"damage":5,"enemies":"Cultist","floor":3,"turns":7},{"damage":0,"enemies":"2 Louse","floor":4,"turns":6},{"damage":0,"enemies":"Looter","floor":5,"turns":4},{"damage":57,"enemies":"Gremlin Nob","floor":7,"turns":7},{"damage":2,"enemies":"Exordium Wildlife","floor":13,"turns":4},{"damage":14,"enemies":"Exordium Thugs","floor":14,"turns":5},{"damage":5,"enemies":"Hexaghost","floor":16,"turns":11},{"damage":44,"enemies":"Chosen","floor":18,"turns":12},{"damage":0,"enemies":"Shell Parasite","floor":21,"turns":9},{"damage":10,"enemies":"conspire:Head Lice","floor":23,"turns":9},{"damage":15,"enemies":"Shelled Parasite and Fungi","floor":25,"turns":9},{"damage":19,"enemies":"3 Cultists","floor":28,"turns":5},{"damage":11,"enemies":"Gremlin Leader","floor":29,"turns":12},{"damage":70,"enemies":"Collector","floor":33,"turns":6}],"seed_played":"-701272762167736714","potions_obtained":[{"floor":4,"key":"Block Potion"},{"floor":7,"key":"PowerPotion"},{"floor":13,"key":"SpeedPotion"},{"floor":23,"key":"BlessingOfTheForge"},{"floor":29,"key":"SpeedPotion"}],"is_trial":false,"path_per_floor":["M","?","M","M","M","R","E","?","T","$","R","?","M","M","R","B",null,"M","?","?","M","$","E","R","M","T","$","M","E","R","$","R","B"],"character_chosen":"CLOCKWORK","items_purchased":["Clockwork:Roundhouse","Membership Card","Medical Kit"],"campfire_rested":0,"item_purchase_floors":[10,22,27],"current_hp_per_floor":[83,83,78,78,78,78,21,21,21,21,21,24,25,14,17,15,85,41,72,75,78,81,74,77,65,68,71,55,47,50,53,56,0,0],"gold":64,"neow_bonus":"","is_daily":false,"chose_seed":false,"campfire_upgraded":5,"win_rate":0.0,"timestamp":1612855024,"path_taken":["M","?","M","M","?","R","E","?","T","$","R","?","?","M","R","BOSS","M","?","?","M","$","E","R","M","T","$","M","E","R","$","R","BOSS"],"items_purchased_type":["Card","Relic","Relic"],"build_version":"2020-12-22","purchased_purges":3,"victory":false,"max_hp_per_floor":[85,85,85,85,85,85,85,85,85,85,85,85,85,85,85,85,85,85,85,85,85,85,85,85,85,85,85,85,85,85,85,85,85,85],"card_choices":[{"not_picked":["Clockwork:SystemHardening","Clockwork:AdaptiveShield"],"picked":"Clockwork:CogBarrier","floor":1},{"not_picked":["Clockwork:SmithsMallet","Clockwork:Efficiency","Clockwork:Friction"],"picked":"SKIP","floor":3},{"not_picked":["Clockwork:SnapKeep","Clockwork:Redundancy","Clockwork:AdaptiveShield"],"picked":"SKIP","floor":4},{"not_picked":["Clockwork:SystemHardening","Clockwork:InertialShield"],"picked":"Clockwork:TiltAWhirl","floor":5},{"not_picked":["Clockwork:SnapKeep","Clockwork:RampUp"],"picked":"Clockwork:Enhance","floor":7},{"not_picked":["Clockwork:Friction","Clockwork:WindupStrike"],"picked":"Clockwork:RevUp","floor":13},{"not_picked":["Clockwork:Pluck","Clockwork:AdaptiveCannon","Clockwork:Friction"],"picked":"SKIP","floor":14},{"not_picked":["Clockwork:Halt","Clockwork:WindupStrike"],"picked":"Clockwork:KaliMa","floor":16},{"not_picked":["Clockwork:Roundhouse+1","Clockwork:Selectivity+1","Clockwork:AdaptiveCannon"],"picked":"SKIP","floor":18},{"not_picked":["Clockwork:Minimalism","Clockwork:CogBarrier","Clockwork:SystemScan"],"picked":"SKIP","floor":21},{"not_picked":["Clockwork:Enhance+1","Clockwork:ElasticNanites","Clockwork:SnapKeep+1"],"picked":"SKIP","floor":23},{"not_picked":["Clockwork:Pluck","Clockwork:SystemHardening"],"picked":"Clockwork:RitualDaggerMk0","floor":25},{"not_picked":["Clockwork:ChargingBlade","Clockwork:ForgeStrike+1","Clockwork:SystemHardening+1"],"picked":"SKIP","floor":28},{"not_picked":["Clockwork:Minimalism+1","Clockwork:SnapKeep","Clockwork:Downsize"],"picked":"SKIP","floor":29}],"player_experience":159731,"relics_obtained":[{"floor":2,"key":"conspire:BottledYoYo"},{"floor":7,"key":"Bottled Lightning"},{"floor":9,"key":"strawberrySpire:Treaders"},{"floor":11,"key":"strawberrySpire:Sunfruit"},{"floor":23,"key":"Ancient Tea Set"},{"floor":26,"key":"War Paint"},{"floor":29,"key":"Lantern"}],"event_choices":[{"damage_healed":0,"gold_gain":0,"player_choice":"Relic","damage_taken":0,"max_hp_gain":0,"max_hp_loss":0,"event_name":"Wheel of Change","floor":2,"gold_loss":0},{"damage_healed":0,"gold_gain":0,"player_choice":"Left Gold","damage_taken":0,"max_hp_gain":0,"max_hp_loss":0,"event_name":"World of Goop","floor":12,"gold_loss":42},{"damage_healed":28,"gold_gain":0,"player_choice":"Heal","damage_taken":0,"max_hp_gain":0,"max_hp_loss":0,"event_name":"The Library","floor":19,"gold_loss":0},{"damage_healed":0,"gold_gain":99,"player_choice":"Stole From Cult","damage_taken":0,"max_hp_gain":0,"max_hp_loss":0,"event_name":"Nest","floor":20,"gold_loss":0}],"is_beta":false,"boss_relics":[{"not_picked":["Pandora\u0027s Box","conspire:SlowCooker"],"picked":"conspire:SpecialSausage"}],"items_purged_floors":[10,22,27],"is_endless":false,"potions_floor_spawned":[4,7,13,23,29],"killed_by":"Collector","ascension_level":0}}