{"host":"uv5ws9rdk87e8i5k","time":1612885162,"event":{"mods":["AchievementEnabler","BaseMod","Colored Map","Minty Spire (QoL Compilation)","Permanent Neow","Quick Restart","StSLib","SuperFastMode","The Necromancer"],"gold_per_floor":[17,36,47,65,77,77,103,103,130,140,175,175,187,137,137,237,237],"floor_reached":16,"language":"ENG","playtime":867,"items_purged":[],"score":238,"play_id":"014f7f46-cc5e-4736-b615-9f5f5b932b79","local_time":"20210209093922","is_ascension_mode":true,"campfire_choices":[{"data":"Uppercut","floor":6,"key":"SMITH"},{"data":"Cleave","floor":8,"key":"SMITH"},{"data":"Flame Barrier","floor":12,"key":"SMITH"},{"data":"Clothesline","floor":15,"key":"SMITH"}],"circlet_count":0,"master_deck":["Strike_R","Strike_R","Strike_R","Strike_R","Defend_R","Defend_R","Defend_R","Defend_R","Bash","Cleave+1","Uppercut+1","Headbutt","Burning Pact","Clothesline+1","Disarm","Shrug It Off","Flame Barrier+1","Rage","Fiend Fire"],"relics":["Burning Blood","TungstenRod","Darkstone Periapt","Orichalcum","Red Skull"],"acts_visited":["Exordium"],"potions_floor_usage":[7,11],"damage_taken":[{"damage":2,"enemies":"Jaw Worm","floor":1,"turns":4},{"damage":6,"enemies":"2 Louse","floor":2,"turns":3},{"damage":4,"enemies":"Small Slimes","floor":3,"turns":3},{"damage":15,"enemies":"Exordium Wildlife","floor":4,"turns":5},{"damage":7,"enemies":"3 Louse","floor":5,"turns":3},{"damage":28,"enemies":"Lagavulin","floor":7,"turns":6},{"damage":4,"enemies":"Red Slaver","floor":10,"turns":4},{"damage":4,"enemies":"3 Sentries","floor":11,"turns":4},{"damage":1,"enemies":"Looter","floor":13,"turns":3},{"damage":10,"enemies":"Hexaghost","floor":16,"turns":11}],"seed_played":"-7585680538758294414","potions_obtained":[{"floor":3,"key":"BloodPotion"},{"floor":4,"key":"Explosive Potion"},{"floor":5,"key":"Weak Potion"},{"floor":11,"key":"Dexterity Potion"},{"floor":16,"key":"Explosive Potion"}],"is_trial":false,"path_per_floor":["M","M","M","M","M","R","E","R","T","M","E","R","M","?","R","B"],"character_chosen":"IRONCLAD","items_purchased":[],"campfire_rested":0,"item_purchase_floors":[],"current_hp_per_floor":[76,76,78,69,68,68,46,46,46,48,50,50,55,55,55,51,51],"gold":237,"neow_bonus":"ONE_RARE_RELIC","is_daily":false,"chose_seed":false,"campfire_upgraded":4,"win_rate":0.0,"timestamp":1612885162,"path_taken":["M","M","M","M","M","R","E","R","T","M","E","R","M","?","R","BOSS"],"items_purchased_type":[],"build_version":"2020-12-22","purchased_purges":0,"victory":false,"max_hp_per_floor":[80,80,80,80,80,80,80,80,80,80,80,80,80,80,80,80,80],"card_choices":[{"not_picked":["Heavy Blade","Evolve"],"picked":"Cleave","floor":1},{"not_picked":["Headbutt","Hemokinesis"],"picked":"Uppercut","floor":2},{"not_picked":["Dark Embrace","Fire Breathing"],"picked":"Headbutt","floor":3},{"not_picked":["Anger","Carnage"],"picked":"Burning Pact","floor":4},{"not_picked":["Disarm","Perfected Strike"],"picked":"Clothesline","floor":5},{"not_picked":["Power Through","Clothesline"],"picked":"Disarm","floor":7},{"not_picked":["Rupture","Intimidate"],"picked":"Shrug It Off","floor":10},{"not_picked":["Wild Strike","Havoc"],"picked":"Flame Barrier","floor":11},{"not_picked":["Clash","Whirlwind"],"picked":"Rage","floor":13},{"not_picked":["Corruption","Barricade"],"picked":"Fiend Fire","floor":16}],"player_experience":284373,"relics_obtained":[{"floor":7,"key":"Darkstone Periapt"},{"floor":9,"key":"Orichalcum"},{"floor":11,"key":"Red Skull"}],"event_choices":[{"cards_removed":["Strike_R"],"damage_healed":0,"gold_gain":0,"player_choice":"Card Removal","damage_taken":0,"max_hp_gain":0,"max_hp_loss":0,"event_name":"The Cleric","floor":14,"gold_loss":50}],"is_beta":false,"boss_relics":[],"items_purged_floors":[],"is_endless":false,"potions_floor_spawned":[3,4,5,11,16],"killed_by":"Hexaghost","ascension_level":9}}