{"host":"xp5rvh2jwe2ejyfm","time":1612834267,"event":{"mods":["2.2 Compatiblity","Aspiration","BaseMod","Better Altar","Better Match","Better Note","Better Sensory Stone","Better Skull","BetterRewards","Colored Powertips","Conspire","Downfall","GifTheSpireLib","Gremlin Mod","GungeonMod","Hermit","Hubris","Jorbs\u0027s Wanderer Trilogy","Minty Spire (QoL Compilation)","Potionbrewer","Quick Restart","Replay The Spire","Robot Space Explorer","Shade Mod","Somnambulant","StSLib","The Bug Knight","The Clintock","The Construct","The Cursed","The Disciple","The Forsaken","The Hierophant","The Necromancer","The Runesmith","The Servant 0.9.4","The Valiant","The Witch","TheFirefly","thorton"],"gold_per_floor":[117,117,133,133,146,171,186,186,213,223,233,233,266,71,71,170,170,184,198,4,4,18,18,35,35,35,48,48,59,74,74,74],"floor_reached":31,"language":"ENG","playtime":1310,"items_purged":[],"score":276,"play_id":"368ba9d6-b7d3-49b8-8885-cd29a04d6e3d","local_time":"20210208203107","is_ascension_mode":false,"campfire_choices":[{"data":"potionbrewer:IronFist","floor":8,"key":"SMITH"},{"data":"potionbrewer:Toxicity","floor":12,"key":"SMITH"},{"floor":15,"key":"REST"},{"floor":23,"key":"REST"},{"floor":28,"key":"REST"}],"circlet_count":0,"master_deck":["potionbrewer:PotionbrewerStrike","potionbrewer:PotionbrewerStrike","potionbrewer:PotionbrewerStrike","potionbrewer:PotionbrewerStrike","potionbrewer:PotionbrewerDefend","potionbrewer:PotionbrewerDefend","potionbrewer:PotionbrewerDefend","potionbrewer:PotionbrewerDefend","potionbrewer:Collect","potionbrewer:ChemicalSpill+1","potionbrewer:FlashPowder+1","potionbrewer:Refill","potionbrewer:IronFist+1","potionbrewer:OneTwoPunch","potionbrewer:OneTwoPunch","potionbrewer:OneTwoPunch","potionbrewer:Toxicity+1","potionbrewer:AnotherRound","potionbrewer:PrivateReserves+1","potionbrewer:WizBang+1","potionbrewer:FlashPowder","potionbrewer:Hoarder","potionbrewer:EmptyBottle","potionbrewer:UnstableFormula+1","potionbrewer:Shovel","potionbrewer:FortifiedSerum","potionbrewer:Prototype","potionbrewer:Brandish","potionbrewer:Prototype","potionbrewer:Prototype"],"relics":["potionbrewer:PotionKit","Orichalcum","Vajra","Anchor","Lantern"],"acts_visited":["Exordium","TheCity"],"potions_floor_usage":[5,6,6,6,10,11,11,13,16,16,18,19,19,19,22,22,24,27,27,27,27,29,29,30,30,31],"damage_taken":[{"damage":2,"enemies":"conspire:RoseBush","floor":1,"turns":3},{"damage":1,"enemies":"Jaw Worm","floor":3,"turns":3},{"damage":5,"enemies":"Cultist","floor":5,"turns":4},{"damage":14,"enemies":"Lagavulin","floor":6,"turns":7},{"damage":6,"enemies":"2 Fungi Beasts","floor":7,"turns":3},{"damage":0,"enemies":"3 Louse","floor":10,"turns":1},{"damage":0,"enemies":"Exordium Wildlife","floor":11,"turns":3},{"damage":13,"enemies":"HollowMod:MossKnight","floor":13,"turns":5},{"damage":2,"enemies":"Fading Forest","floor":16,"turns":11},{"damage":14,"enemies":"Spheric Guardian","floor":18,"turns":4},{"damage":23,"enemies":"conspire:FuzzyDice","floor":19,"turns":4},{"damage":25,"enemies":"Snake Plant","floor":22,"turns":5},{"damage":26,"enemies":"conspire:HollyBat","floor":24,"turns":9},{"damage":16,"enemies":"Shelled Parasite and Fungi","floor":27,"turns":4},{"damage":8,"enemies":"Centurion and Healer","floor":29,"turns":5},{"damage":2,"enemies":"conspire:HollyBat","floor":30,"turns":10},{"damage":17,"enemies":"Sentry and Sphere","floor":31,"turns":3}],"seed_played":"-2503006078732423907","potions_obtained":[{"floor":6,"key":"LiquidBronze"},{"floor":7,"key":"Fire Potion"},{"floor":10,"key":"FearPotion"},{"floor":16,"key":"Energy Potion"},{"floor":18,"key":"Regen Potion"},{"floor":24,"key":"potionbrewer:NoxiousPotion"},{"floor":30,"key":"LifebloodPotion"}],"is_trial":false,"path_per_floor":["M","?","M","?","M","E","M","R","T","M","M","R","E","$","R","B",null,"M","M","$","?","M","R","M","?","T","M","R","M","M","M"],"character_chosen":"POTIONBREWER","items_purchased":["potionbrewer:PrivateReserves+1","potionbrewer:WizBang","potionbrewer:FlashPowder","Lantern","potionbrewer:Shovel"],"campfire_rested":3,"item_purchase_floors":[14,14,14,20,20],"current_hp_per_floor":[73,73,72,72,67,53,47,47,47,47,47,47,34,34,56,54,75,61,47,47,47,22,44,18,18,18,2,24,16,14,0,0],"gold":74,"neow_bonus":"RANDOM_COLORLESS","is_daily":false,"chose_seed":false,"campfire_upgraded":2,"win_rate":0.0,"timestamp":1612834267,"path_taken":["M","?","M","?","M","E","M","R","T","M","M","R","E","$","R","BOSS","M","M","$","?","M","R","M","?","T","?","R","M","M","M"],"items_purchased_type":["Card","Card","Card","Relic","Card"],"build_version":"2020-12-22","purchased_purges":0,"victory":false,"max_hp_per_floor":[75,75,75,75,75,75,75,75,75,75,75,75,75,75,75,75,75,75,75,75,75,75,75,75,75,75,75,75,75,75,75,75],"card_choices":[{"not_picked":["potionbrewer:Refill","potionbrewer:BalancedFormula"],"picked":"potionbrewer:FlashPowder","floor":1},{"not_picked":["potionbrewer:BlindingSpray","potionbrewer:FortifiedSerum"],"picked":"potionbrewer:Refill","floor":3},{"not_picked":["potionbrewer:QuickStep","potionbrewer:HazardousMaterials"],"picked":"potionbrewer:IronFist","floor":5},{"not_picked":["potionbrewer:SpecialFormula","potionbrewer:BrokenBeakers"],"picked":"potionbrewer:OneTwoPunch","floor":6},{"not_picked":["potionbrewer:ChemicalShroud","potionbrewer:TimeBomb"],"picked":"potionbrewer:OneTwoPunch","floor":7},{"not_picked":["potionbrewer:Brandish","potionbrewer:Contingency"],"picked":"potionbrewer:OneTwoPunch","floor":10},{"not_picked":["potionbrewer:BlindingSpray","potionbrewer:FortifiedSerum"],"picked":"potionbrewer:Toxicity","floor":11},{"not_picked":["potionbrewer:Toxicity","potionbrewer:Shovel"],"picked":"potionbrewer:AnotherRound","floor":13},{"not_picked":["potionbrewer:ResearchResults","potionbrewer:EquivalentExchange"],"picked":"potionbrewer:Hoarder","floor":16},{"not_picked":["potionbrewer:OneTwoPunch","potionbrewer:Experimentation"],"picked":"potionbrewer:EmptyBottle","floor":18},{"not_picked":["potionbrewer:VolatileSolution","potionbrewer:EmptyBottle"],"picked":"potionbrewer:UnstableFormula+1","floor":19},{"not_picked":["potionbrewer:Discombobulate+1","potionbrewer:LeftoverSpecimen","potionbrewer:Prototype"],"picked":"potionbrewer:FortifiedSerum","floor":22},{"not_picked":["potionbrewer:IronFist+1","potionbrewer:AnotherRound","potionbrewer:ChemicalShroud+1"],"picked":"potionbrewer:Prototype","floor":24},{"not_picked":["potionbrewer:BlindingMist","potionbrewer:FortifiedSerum","potionbrewer:Prototype"],"picked":"potionbrewer:Brandish","floor":27},{"not_picked":["potionbrewer:QuickStep","potionbrewer:Biohazard","potionbrewer:Toxicity"],"picked":"potionbrewer:Prototype","floor":29},{"not_picked":["potionbrewer:Toxicity","potionbrewer:Brandish","potionbrewer:ChainReaction"],"picked":"potionbrewer:Prototype","floor":30}],"player_experience":468702,"relics_obtained":[{"floor":6,"key":"Orichalcum"},{"floor":9,"key":"Vajra"},{"floor":13,"key":"Anchor"}],"event_choices":[{"damage_healed":0,"gold_gain":0,"player_choice":"Grow","damage_taken":0,"max_hp_gain":0,"max_hp_loss":0,"event_name":"Living Wall","floor":2,"gold_loss":0,"cards_upgraded":["potionbrewer:FlashPowder"]},{"damage_healed":0,"gold_gain":0,"player_choice":"Ignored","damage_taken":0,"max_hp_gain":0,"max_hp_loss":0,"event_name":"betterNote:BetterNote","floor":21,"gold_loss":0,"cards_obtained":["RiteOfSummer"]},{"damage_healed":0,"gold_gain":0,"player_choice":"Forge","damage_taken":0,"max_hp_gain":0,"max_hp_loss":0,"event_name":"Accursed Blacksmith","floor":25,"gold_loss":0,"cards_upgraded":["potionbrewer:WizBang"]}],"is_beta":false,"boss_relics":[{"not_picked":["hubris:TerracottaHorce","Kintsugi","Ectoplasm"]}],"items_purged_floors":[],"is_endless":false,"potions_floor_spawned":[6,7,10,16,18,24,30],"killed_by":"Sentry and Sphere","ascension_level":0}}