{"host":"am551fa6890rb9vo","time":1612906078,"event":{"mods":["BaseMod","DeckTracker","Downfall","Minty Spire (QoL Compilation)","Morshu Shopkeeper - ENHANCED","Rare Cards Sparkle","Relic Stats","Smile Girya","StSLib","The IronCluck","everything is the same but u backflip on backflip","slay the spire mod where everything is the same but ironclad has a cowboy hat"],"gold_per_floor":[114,114,124,144,69,69,94,111,158,158,158,158,192,206,206,330,330,351,370,370,370,391,391,391,431,431,431,454,469,509,112,112,237,237,251,59,83,97,157,157,191,191,191,235,253,289,289,289],"floor_reached":47,"language":"ENG","playtime":4185,"items_purged":["Pain","Parasite"],"score":688,"play_id":"378bff14-89c6-4cd1-9b26-f2ec789bf212","local_time":"20210209212758","is_ascension_mode":false,"campfire_choices":[{"floor":6.0,"key":"REST"},{"data":"Aggregate","floor":10.0,"key":"SMITH"},{"floor":15.0,"key":"REST"},{"data":"Reinforced Body","floor":23.0,"key":"SMITH"},{"data":"Apotheosis","floor":32.0,"key":"SMITH"},{"data":"Machine Learning","floor":40.0,"key":"SMITH"},{"data":"Discovery","floor":42.0,"key":"SMITH"}],"circlet_count":0,"master_deck":["Strike_B","Strike_B","Strike_B","Strike_B","Defend_B","Defend_B","Defend_B","Defend_B","Zap","Dualcast","Reinforced Body+1","White Noise","Sweeping Beam","Aggregate+1","Beam Cell","White Noise","Cold Snap","Creative AI","Coolheaded","Ghostly","Ghostly","Ghostly","Ghostly","Ghostly","CurseOfTheBell","CurseOfTheBell","Apotheosis+1","Discovery+1","Self Repair","Machine Learning+1","Melter","Hologram+1","Force Field+1","downfall:Malfunctioning"],"relics":["Cursed Key","WarpedTongs","Matryoshka","Regal Pillow","Smiling Mask","Vajra","Golden Idol","Torii","Nuclear Battery","downfall:ExtraCursedBell","Pen Nib","Meat on the Bone","Unceasing Top","Anchor","Shuriken","Happy Flower","Bag of Preparation","Coffee Dripper","Strange Spoon","FossilizedHelix","Lantern","Question Card","PreservedInsect","Shovel"],"acts_visited":["Exordium","TheCity","TheBeyond"],"potions_floor_usage":[],"damage_taken":[{"damage":1.0,"enemies":"Cultist","floor":1.0,"turns":4.0},{"damage":7.0,"enemies":"Jaw Worm","floor":3.0,"turns":4.0},{"damage":12.0,"enemies":"Small Slimes","floor":4.0,"turns":3.0},{"damage":0.0,"enemies":"Lagavulin","floor":7.0,"turns":7.0},{"damage":8.0,"enemies":"Red Slaver","floor":8.0,"turns":4.0},{"damage":20.0,"enemies":"Gremlin Nob","floor":13.0,"turns":5.0},{"damage":0.0,"enemies":"Gremlin Gang","floor":14.0,"turns":6.0},{"damage":18.0,"enemies":"The Guardian","floor":16.0,"turns":11.0},{"damage":1.0,"enemies":"Spheric Guardian","floor":18.0,"turns":4.0},{"damage":21.0,"enemies":"2 Thieves","floor":19.0,"turns":4.0},{"damage":15.0,"enemies":"Snake Plant","floor":22.0,"turns":7.0},{"damage":1.0,"enemies":"Slavers","floor":25.0,"turns":6.0},{"damage":1.0,"enemies":"Snecko","floor":28.0,"turns":8.0},{"damage":0.0,"enemies":"3 Cultists","floor":29.0,"turns":9.0},{"damage":15.0,"enemies":"Gremlin Leader","floor":30.0,"turns":8.0},{"damage":2.0,"enemies":"Champ","floor":33.0,"turns":10.0},{"damage":0.0,"enemies":"3 Darklings","floor":35.0,"turns":5.0},{"damage":1.0,"enemies":"3 Shapes","floor":37.0,"turns":5.0},{"damage":0.0,"enemies":"3 Darklings","floor":38.0,"turns":5.0},{"damage":1.0,"enemies":"2 Orb Walkers","floor":39.0,"turns":8.0},{"damage":0.0,"enemies":"Nemesis","floor":41.0,"turns":9.0},{"damage":0.0,"enemies":"Giant Head","floor":44.0,"turns":7.0},{"damage":0,"enemies":"Maw","floor":45,"turns":11},{"damage":0,"enemies":"Nemesis","floor":46,"turns":9},{"damage":42,"enemies":"Jaw Worm Horde","floor":47,"turns":2}],"seed_played":"3161426518393250916","potions_obtained":[{"floor":1.0,"key":"Regen Potion"},{"floor":4.0,"key":"GamblersBrew"},{"floor":13.0,"key":"SteroidPotion"},{"floor":22.0,"key":"Block Potion"},{"floor":30.0,"key":"champ:CounterPotion"},{"floor":35.0,"key":"Weak Potion"}],"is_trial":false,"path_per_floor":["M","?","M","M","$","R","E","M","T","R","?","?","E","M","R","B",null,"M","M","$","?","M","R","?","E","T","?","M","M","E","$","R","B",null,"M","$","M","M","?","R","E","R","T","E","M","E","M"],"character_chosen":"DEFECT","items_purchased":["Apotheosis","Discovery","Self Repair","Strange Spoon","Melter"],"campfire_rested":2,"item_purchase_floors":[31,31,31,36,36],"current_hp_per_floor":[74,74,67,55,55,75,75,67,67,67,55,55,40,40,69,51,69,68,47,47,34,19,19,19,18,18,18,29,29,26,26,26,31,31,31,31,31,31,31,31,31,31,31,31,31,31,0,0],"gold":289,"neow_bonus":"BOSS_RELIC","is_daily":false,"chose_seed":false,"campfire_upgraded":5,"win_rate":0.0,"timestamp":1612906078,"path_taken":["M","?","?","M","$","R","E","M","T","R","?","?","E","M","R","BOSS","M","M","$","?","M","R","?","E","T","?","?","M","E","$","R","BOSS","M","$","?","M","?","R","E","R","T","E","M","E","M"],"items_purchased_type":["Card","Card","Card","Relic","Card"],"build_version":"2020-12-22","purchased_purges":2,"victory":false,"max_hp_per_floor":[75,75,75,75,75,75,75,75,75,75,75,69,69,69,69,69,69,69,69,69,34,34,34,34,34,34,34,34,34,34,31,31,31,31,31,31,31,31,31,31,31,31,31,31,31,31,31,31],"relic_stats":{"Regal Pillow":9,"Torii":22,"Happy Flower":[32],"counters":[25,161],"Golden Idol":155,"Pen Nib":[16],"PreservedInsect":47,"Bag of Preparation":[20],"Cursed Key":3,"Smiling Mask":50,"Question Card":4,"WarpedTongs":[154],"Strange Spoon":[35],"Shovel":0,"Shuriken":[20],"obtain_stats":[{"Regal Pillow":9,"Lantern":41,"Torii":13,"Vajra":11,"Bag of Preparation":30,"Cursed Key":0,"Smiling Mask":9,"Matryoshka":7,"Shovel":46,"downfall:ExtraCursedBell":24,"Cracked Core":0,"Happy Flower":26,"Golden Idol":12,"Pen Nib":24,"PreservedInsect":44,"Question Card":43,"WarpedTongs":2,"Nuclear Battery":17,"Strange Spoon":36,"Anchor":25,"Shuriken":26,"Coffee Dripper":34,"Unceasing Top":24,"FossilizedHelix":39,"Meat on the Bone":24},{"Regal Pillow":5,"Lantern":21,"Torii":6,"Vajra":5,"Bag of Preparation":15,"Cursed Key":0,"Smiling Mask":5,"Matryoshka":4,"Shovel":24,"downfall:ExtraCursedBell":11,"Cracked Core":0,"Happy Flower":12,"Golden Idol":5,"Pen Nib":11,"PreservedInsect":22,"Question Card":21,"WarpedTongs":1,"Nuclear Battery":8,"Strange Spoon":17,"Anchor":12,"Shuriken":12,"Coffee Dripper":16,"Unceasing Top":11,"FossilizedHelix":20,"Meat on the Bone":11},{"Regal Pillow":22,"Lantern":132,"Torii":27,"Vajra":22,"Bag of Preparation":90,"Cursed Key":0,"Smiling Mask":22,"Matryoshka":18,"Shovel":159,"downfall:ExtraCursedBell":59,"Cracked Core":0,"Happy Flower":65,"Golden Idol":22,"Pen Nib":59,"PreservedInsect":139,"Question Card":132,"WarpedTongs":4,"Nuclear Battery":44,"Strange Spoon":105,"Anchor":65,"Shuriken":65,"Coffee Dripper":100,"Unceasing Top":59,"FossilizedHelix":123,"Meat on the Bone":59}],"Unceasing Top":[19],"Meat on the Bone":24},"card_choices":[{"not_picked":["BootSequence","Beam Cell"],"picked":"Reinforced Body","floor":1.0},{"not_picked":["Sweeping Beam","Streamline"],"picked":"White Noise","floor":3.0},{"not_picked":["Cold Snap","Beam Cell"],"picked":"Sweeping Beam","floor":4.0},{"not_picked":["Consume","Leap"],"picked":"Aggregate","floor":7.0},{"not_picked":["Compile Driver","Tempest"],"picked":"Beam Cell","floor":8.0},{"not_picked":["Reboot","Reinforced Body"],"picked":"White Noise","floor":13.0},{"not_picked":["Hologram","Undo"],"picked":"Cold Snap","floor":14.0},{"not_picked":["Multi-Cast","Buffer"],"picked":"Creative AI","floor":16.0},{"not_picked":["Conserve Battery","Aggregate","Compile Driver"],"picked":"SKIP","floor":18.0},{"not_picked":["Loop","Beam Cell"],"picked":"Coolheaded","floor":19.0},{"not_picked":["Beam Cell","Cold Snap+1","Go for the Eyes"],"picked":"SKIP","floor":22.0},{"not_picked":["Redo","Rebound","Static Discharge"],"picked":"SKIP","floor":25.0},{"not_picked":["Steam","Buffer","Lockon"],"picked":"SKIP","floor":28.0},{"not_picked":["Conserve Battery+1","Blizzard","Double Energy"],"picked":"SKIP","floor":29.0},{"not_picked":["Fusion","Auto Shields","Hologram"],"picked":"SKIP","floor":30.0},{"not_picked":["Biased Cognition","Rainbow"],"picked":"Machine Learning","floor":33.0},{"not_picked":["Beam Cell+1","Double Energy+1","Sweeping Beam"],"picked":"SKIP","floor":35.0},{"not_picked":["Rebound","Auto Shields","Beam Cell"],"picked":"SKIP","floor":37.0},{"not_picked":["Beam Cell+1","Barrage+1"],"picked":"Hologram+1","floor":38.0},{"not_picked":["Doom and Gloom+1","Beam Cell"],"picked":"Force Field+1","floor":41.0},{"not_picked":["Coolheaded+1","Loop+1","Blizzard","Storm"],"picked":"SKIP","floor":44},{"not_picked":["Beam Cell","Ball Lightning","Echo Form","Redo"],"picked":"SKIP","floor":45},{"not_picked":["Barrage+1","Steam+1","Sweeping Beam","Rip and Tear"],"picked":"SKIP","floor":46}],"player_experience":68995,"relics_obtained":[{"floor":7.0,"key":"Matryoshka"},{"floor":9.0,"key":"Regal Pillow"},{"floor":9.0,"key":"Smiling Mask"},{"floor":13.0,"key":"Torii"},{"floor":24.0,"key":"Pen Nib"},{"floor":24.0,"key":"Meat on the Bone"},{"floor":24.0,"key":"Unceasing Top"},{"floor":25.0,"key":"Anchor"},{"floor":26.0,"key":"Shuriken"},{"floor":26.0,"key":"Happy Flower"},{"floor":30.0,"key":"Bag of Preparation"},{"floor":39.0,"key":"FossilizedHelix"},{"floor":41.0,"key":"Lantern"},{"floor":43.0,"key":"Question Card"},{"floor":44,"key":"PreservedInsect"},{"floor":46,"key":"Shovel"}],"event_choices":[{"damage_healed":0.0,"max_hp_gain":0.0,"max_hp_loss":0.0,"gold_gain":0.0,"event_name":"Accursed Blacksmith","player_choice":"Rummage","floor":2.0,"gold_loss":0.0,"damage_taken":0.0,"relics_obtained":["WarpedTongs"],"cards_obtained":["Pain"]},{"damage_healed":0.0,"max_hp_gain":0.0,"max_hp_loss":0.0,"gold_gain":0.0,"event_name":"Scrap Ooze","player_choice":"Success","floor":11.0,"gold_loss":0.0,"damage_taken":12.0,"relics_obtained":["Vajra"]},{"damage_healed":0.0,"max_hp_gain":0.0,"max_hp_loss":6.0,"gold_gain":0.0,"event_name":"Golden Idol","player_choice":"Lose Max HP","floor":12.0,"gold_loss":0.0,"damage_taken":0.0,"relics_obtained":["Golden Idol"]},{"damage_healed":0.0,"max_hp_gain":0.0,"max_hp_loss":35.0,"gold_gain":0.0,"event_name":"Ghosts","player_choice":"Became a Ghost","floor":21.0,"gold_loss":0.0,"damage_taken":0.0,"cards_obtained":["Ghostly","Ghostly","Ghostly","Ghostly","Ghostly"]},{"cards_removed":["downfall:Malfunctioning"],"damage_healed":0.0,"max_hp_gain":0.0,"max_hp_loss":0.0,"gold_gain":0.0,"event_name":"Wheel of Change","player_choice":"Card Removal","floor":27.0,"gold_loss":0.0,"damage_taken":0.0},{"damage_healed":0.0,"max_hp_gain":0.0,"max_hp_loss":0.0,"gold_gain":0.0,"event_name":"Mysterious Sphere","player_choice":"Fight","floor":39.0,"gold_loss":0.0,"damage_taken":0.0}],"is_beta":false,"boss_relics":[{"not_picked":["Runic Dome","SlaversCollar"],"picked":"Nuclear Battery"},{"not_picked":["Black Star","bronze:MakeshiftBattery"],"picked":"Coffee Dripper"}],"items_purged_floors":[5,31],"is_endless":false,"potions_floor_spawned":[1,4,13,22,30,35,37,45],"killed_by":"Jaw Worm Horde","ascension_level":0}}