{"host":"ugys05tpep779cl6","time":1612864725,"event":{"mods":["AchievementEnabler","Aspiration","BaseMod","Beaked The Cultist","CatGirl Mod","Colored Powertips","HololiveMod","Lobotomy","Minty Spire (QoL Compilation)","Quick Restart","Replay The Spire","Spicy Shops","StSLib","The Druid"],"gold_per_floor":[119,119,194,208,208,208,234,246,246,281,296,296,331,350,350,441,441,459,459,459],"floor_reached":19,"language":"ENG","playtime":833,"items_purged":[],"score":346,"play_id":"0b51467d-05f6-47ba-9a4a-643486a93132","local_time":"20210209105845","is_ascension_mode":true,"campfire_choices":[{"data":"Bash","floor":6.0,"key":"SMITH"},{"data":"Flame Barrier","floor":12.0,"key":"SMITH"},{"floor":15.0,"key":"DIG"}],"circlet_count":0,"master_deck":["AscendersBane","Strike_R","Strike_R","Strike_R","Defend_R+1","Defend_R+1","Defend_R","Bash+1","Delirium","Heavy Blade","Shrug It Off","Flame Barrier+1","Barricade","Blood for Blood+1","Hemokinesis+1","CutThroughFate+1"],"relics":["Burning Blood","aspiration:DSix","ReplayTheSpireMod:Ring of Addiction","Ring of Searing","Potion Belt","Toy Ornithopter","War Paint","TungstenRod","aspiration:SeaSaltIceCream","aspiration:Lifesprig","aspiration:Nostalgia","Replay:M_StaffOfTheSnake","aspiration:FrozenJewel","Astrolabe"],"acts_visited":["Exordium","TheCity"],"potions_floor_usage":[],"damage_taken":[{"damage":0.0,"enemies":"2 Louse","floor":1.0,"turns":2.0},{"damage":17.0,"enemies":"Small Slimes","floor":4.0,"turns":5.0},{"damage":40.0,"enemies":"3 Sentries","floor":7.0,"turns":8.0},{"damage":0.0,"enemies":"Jaw Worm","floor":8.0,"turns":2.0},{"damage":7.0,"enemies":"Gremlin Nob","floor":10.0,"turns":4.0},{"damage":11.0,"enemies":"Exordium Thugs","floor":11.0,"turns":4.0},{"damage":6.0,"enemies":"3 Sentries","floor":13.0,"turns":8.0},{"damage":4.0,"enemies":"Blue Slaver","floor":14.0,"turns":4.0},{"damage":23.0,"enemies":"Hexaghost","floor":16.0,"turns":9.0},{"damage":19.0,"enemies":"Spheric Guardian","floor":18.0,"turns":9.0},{"damage":4,"enemies":"3 Byrds","floor":19,"turns":2}],"seed_played":"6693643610689053545","potions_obtained":[{"floor":2.0,"key":"BloodPotion"},{"floor":2.0,"key":"Ancient Potion"},{"floor":2.0,"key":"Energy Potion"},{"floor":8.0,"key":"Weak Potion"},{"floor":10.0,"key":"GamblersBrew"},{"floor":11.0,"key":"Block Potion"},{"floor":13.0,"key":"ColorlessPotion"},{"floor":14.0,"key":"SteroidPotion"}],"is_trial":false,"path_per_floor":["M","?","?","M","T","R","E","M","T","E","M","R","E","M","R","B",null,"M","M"],"character_chosen":"IRONCLAD","items_purchased":[],"campfire_rested":0,"item_purchase_floors":[],"current_hp_per_floor":[74,74,63,72,72,72,43,49,49,58,53,53,58,60,60,58,71,58,54,54],"gold":459,"neow_bonus":"DSIX","is_daily":false,"chose_seed":false,"campfire_upgraded":2,"win_rate":0.0,"timestamp":1612864725,"path_taken":["M","?","?","M","?","R","E","?","T","E","M","R","E","M","R","BOSS","M","M"],"items_purchased_type":[],"build_version":"2020-12-22","purchased_purges":0,"victory":false,"max_hp_per_floor":[75,75,75,75,75,75,75,75,75,75,75,75,75,75,75,75,75,75,75,75],"card_choices":[{"not_picked":["Headbutt","Pommel Strike","Inflame"],"picked":"SKIP","floor":1.0},{"not_picked":["Twin Strike","Rupture"],"picked":"Heavy Blade","floor":4.0},{"not_picked":["Armaments","Clothesline"],"picked":"Shrug It Off","floor":7.0},{"not_picked":["ReplayTheSpireMod:Stacked","Power Through","Sword Boomerang"],"picked":"SKIP","floor":8.0},{"not_picked":["Immolate","Iron Wave"],"picked":"Flame Barrier","floor":10.0},{"not_picked":["Sword Boomerang","Power Through","Defy Death"],"picked":"SKIP","floor":11.0},{"not_picked":["Clothesline","Flame Barrier","Dark Embrace"],"picked":"SKIP","floor":13.0},{"not_picked":["True Grit","Dagger Throw","Clash"],"picked":"SKIP","floor":14.0},{"not_picked":["Demonic Infusion","Establishment"],"picked":"Barricade","floor":16.0},{"not_picked":["Inflame","True Grit","Combust"],"picked":"SKIP","floor":18.0}],"player_experience":735681,"relics_obtained":[{"floor":2.0,"key":"ReplayTheSpireMod:Ring of Addiction"},{"floor":2.0,"key":"Ring of Searing"},{"floor":2.0,"key":"Potion Belt"},{"floor":2.0,"key":"Toy Ornithopter"},{"floor":7.0,"key":"War Paint"},{"floor":9.0,"key":"TungstenRod"},{"floor":10.0,"key":"aspiration:SeaSaltIceCream"},{"floor":13.0,"key":"aspiration:Nostalgia"},{"floor":15.0,"key":"aspiration:FrozenJewel"}],"event_choices":[{"damage_healed":0.0,"max_hp_gain":0.0,"max_hp_loss":0.0,"gold_gain":75.0,"event_name":"World of Goop","player_choice":"Gather Gold","floor":3.0,"gold_loss":0.0,"damage_taken":11.0}],"is_beta":false,"boss_relics":[{"not_picked":["Cursed Key","Coffee Dripper"],"picked":"Astrolabe"}],"items_purged_floors":[],"is_endless":false,"potions_floor_spawned":[8,10,11,13,14],"killed_by":"3 Byrds","ascension_level":17}}