{"host":"zgbhbccg3hs73yp6","time":1612856578,"event":{"mods":["ATMod(°¢èªMod)","AchievementEnabler","BaseMod","Colored Powertips","Minty Spire (QoL Compilation)","StSLib","The Bug Knight"],"gold_per_floor":[111,128,147,1,12,38,38,138,138,156,187,94,112,129,129,225,225,238,258,258,278,278,278],"floor_reached":22,"language":"ZHS","playtime":1125,"items_purged":["Strike_R"],"score":220,"play_id":"a37abd28-bcff-4ad8-95a6-157c28900972","local_time":"20210209154258","is_ascension_mode":true,"campfire_choices":[{"floor":15,"key":"RECALL"}],"circlet_count":0,"master_deck":["Strike_R","Strike_R","Strike_R","Strike_R","Defend_R","Defend_R","Defend_R","Defend_R","Bash","AT_DrawKnifeCut","Clash","AT_DrawKnifeCut","Power Through","Pommel Strike","Shrug It Off","AT_ShrugMaster","Rage","Thunderclap","Dropkick","Cleave","AT_ShrugMaster","Infernal Blade","Wild Strike","Berserk","Cleave+1","Twin Strike","Iron Wave"],"relics":["Burning Blood","AT_ATBox","NeowsBlessing","Pen Nib","Kunai","Runic Pyramid"],"acts_visited":["Exordium","TheCity"],"potions_floor_usage":[18,19],"damage_taken":[{"damage":0.0,"enemies":"Cultist","floor":1.0,"turns":1.0},{"damage":0.0,"enemies":"Small Slimes","floor":2.0,"turns":1.0},{"damage":0.0,"enemies":"Jaw Worm","floor":3.0,"turns":1.0},{"damage":9.0,"enemies":"Exordium Thugs","floor":5.0,"turns":3.0},{"damage":11.0,"enemies":"Gremlin Nob","floor":6.0,"turns":4.0},{"damage":0.0,"enemies":"Gremlin Gang","floor":10.0,"turns":1.0},{"damage":9.0,"enemies":"3 Sentries","floor":11.0,"turns":8.0},{"damage":5,"enemies":"Looter","floor":13,"turns":2},{"damage":15,"enemies":"Large Slime","floor":14,"turns":5},{"damage":20,"enemies":"Slime Boss","floor":16,"turns":9},{"damage":13,"enemies":"Spheric Guardian","floor":18,"turns":4},{"damage":18,"enemies":"2 Thieves","floor":19,"turns":3},{"damage":31,"enemies":"Snake Plant","floor":21,"turns":5},{"damage":21,"enemies":"3 Cultists","floor":22,"turns":4}],"seed_played":"-2888390111735469011","potions_obtained":[{"floor":1.0,"key":"SteroidPotion"},{"floor":5.0,"key":"Strength Potion"},{"floor":10.0,"key":"SmokeBomb"},{"floor":16,"key":"Strength Potion"},{"floor":18,"key":"AttackPotion"},{"floor":21,"key":"Weak Potion"}],"is_trial":false,"path_per_floor":["M","M","M","$","M","E","?","?","T","M","E","$","M","M","R","B",null,"M","M","?","M","M"],"character_chosen":"IRONCLAD","items_purchased":["Pommel Strike","Shrug It Off","Cleave","AT_ShrugMaster"],"campfire_rested":0,"item_purchase_floors":[4,4,12,12],"current_hp_per_floor":[80,80,80,80,77,72,72,72,72,78,75,75,76,67,67,53,80,73,61,46,21,0,0],"gold":278,"neow_bonus":"THREE_ENEMY_KILL","is_daily":false,"chose_seed":false,"campfire_upgraded":0,"win_rate":0.0,"timestamp":1612856578,"path_taken":["M","M","M","$","?","E","?","?","T","?","E","$","M","M","R","BOSS","M","?","?","M","M"],"items_purchased_type":["Card","Card","Card","Card"],"build_version":"2020-12-22","purchased_purges":1,"victory":false,"max_hp_per_floor":[80,80,80,80,80,80,80,80,80,80,80,80,80,80,80,80,80,80,80,85,85,85,85],"card_choices":[{"not_picked":["Battle Trance","Sword Boomerang"],"picked":"Clash","floor":1.0},{"not_picked":["Bloodletting","Clash"],"picked":"AT_DrawKnifeCut","floor":2.0},{"not_picked":["Entrench","Spot Weakness"],"picked":"Power Through","floor":3.0},{"not_picked":["Shrug It Off","Feel No Pain"],"picked":"AT_ShrugMaster","floor":5.0},{"not_picked":["Dual Wield","Dark Embrace"],"picked":"Rage","floor":6.0},{"not_picked":["Headbutt","True Grit"],"picked":"Thunderclap","floor":10.0},{"not_picked":["Body Slam","Fire Breathing"],"picked":"Dropkick","floor":11.0},{"not_picked":["Sword Boomerang","True Grit"],"picked":"Infernal Blade","floor":13},{"not_picked":["Clothesline","Hemokinesis"],"picked":"Wild Strike","floor":14},{"not_picked":["Bludgeon","Limit Break"],"picked":"Berserk","floor":16},{"not_picked":["Warcry","Thunderclap"],"picked":"Cleave+1","floor":18},{"not_picked":["Perfected Strike","Battle Trance"],"picked":"Twin Strike","floor":19},{"not_picked":["AT_BodySlamDance","Clash"],"picked":"Iron Wave","floor":21}],"player_experience":60603,"relics_obtained":[{"floor":6.0,"key":"Pen Nib"},{"floor":11.0,"key":"Kunai"}],"event_choices":[{"damage_healed":0.0,"max_hp_gain":0.0,"max_hp_loss":0.0,"gold_gain":0.0,"event_name":"The Cleric","player_choice":"Leave","floor":7.0,"gold_loss":0.0,"damage_taken":0.0},{"damage_healed":0.0,"max_hp_gain":0.0,"max_hp_loss":0.0,"gold_gain":100.0,"event_name":"Golden Shrine","player_choice":"Pray","floor":8.0,"gold_loss":0.0,"damage_taken":0.0},{"damage_healed":0,"gold_gain":0,"player_choice":"Shed Blood","damage_taken":20,"max_hp_gain":5,"max_hp_loss":0,"event_name":"Forgotten Altar","floor":20,"gold_loss":0}],"is_beta":false,"boss_relics":[{"not_picked":["Cursed Key","Philosopher\u0027s Stone"],"picked":"Runic Pyramid"}],"items_purged_floors":[4],"is_endless":false,"potions_floor_spawned":[1,5,10,16,18,21],"killed_by":"3 Cultists","ascension_level":2}}