{"host":"yans4pr1zf0lm9bx","time":1612887026,"event":{"mods":["AchievementEnabler","Act Like it!","BaseMod","Hallownest","Minty Spire (QoL Compilation)","Replay The Spire","StSLib","SuperFastMode","The Bug Knight"],"gold_per_floor":[165,260,306,325,337,337,337,337,337,267,267,283,283,311,311,407,407,426,20,20,33,33,33],"floor_reached":22,"language":"ENG","playtime":6283,"items_purged":["HollowMod:NailStrikeStart"],"score":199,"play_id":"b20a6a7f-72f0-41f7-b3a0-783d567fa13c","local_time":"20210209111026","is_ascension_mode":true,"campfire_choices":[{"data":"HollowMod:FocusHealStart","floor":6,"key":"SMITH"},{"data":"HollowMod:LifebloodCocoon","floor":8,"key":"SMITH"},{"data":"HollowMod:MawleksShell","floor":11,"key":"SMITH"},{"data":"HollowMod:NewGlowingWomb","floor":13,"key":"SMITH"},{"data":"HollowMod:TaintedHusks","floor":15,"key":"SMITH"}],"circlet_count":0,"master_deck":["HollowMod:NailStrikeStart+1","HollowMod:NailStrikeStart","HollowMod:QuickDashStart","HollowMod:QuickDashStart","HollowMod:QuickDashStart","HollowMod:FocusHealStart+1","HollowMod:PogoStrike","HollowMod:MawleksShell+1","HollowMod:DreamGate","HollowMod:LifebloodCocoon+1","HollowMod:DoubleDash","HollowMod:SiblingsSouls","HollowMod:NewGlowingWomb","HollowMod:NewLittleFool","HollowMod:NewGlowingWomb+1","HollowMod:TaintedHusks+1","HollowMod:SlysStrikes","HollowMod:ShapeofUnn","Sadistic Nature","HollowMod:HuntersJournal"],"relics":["Tiny House","Pet Ghost","Juzu Bracelet","Hallownest:StagBellRelic1","CaptainsWheel","SlaversCollar","Replay:Baseball"],"acts_visited":["Hallownest:Greenpath","Hallownest:CityofTears"],"potions_floor_usage":[12,14,18],"damage_taken":[{"damage":5,"enemies":"Hallownest:monsterHuskWarrior","floor":1,"turns":7},{"damage":3,"enemies":"Hallownest:monsterHuskGuard","floor":4,"turns":4},{"damage":2,"enemies":"2_ Uuma","floor":5,"turns":9},{"damage":13,"enemies":"Hallownest:Guard_and_Warrior","floor":12,"turns":11},{"damage":17,"enemies":"Hallownest:eliteVengeflyKing","floor":14,"turns":14},{"damage":19,"enemies":"Hallownest:BossFalseKnight","floor":16,"turns":12},{"damage":35,"enemies":"Hallownest:Flukemon_and_Top","floor":18,"turns":13},{"damage":34,"enemies":"Hallownest:Guard_and_Sentry","floor":21,"turns":13},{"damage":0,"enemies":"Hallownest:Glutton_and_Coward","floor":22,"turns":1}],"seed_played":"5715597817324185653","potions_obtained":[{"floor":0,"key":"DistilledChaos"},{"floor":1,"key":"DistilledChaos"},{"floor":4,"key":"Elixir"},{"floor":14,"key":"Explosive Potion"},{"floor":16,"key":"SkillPotion"}],"is_trial":false,"path_per_floor":["M","?","T","M","M","R","?","R","T","?","R","M","R","?","R","B",null,"M","$","?","M","M"],"character_chosen":"THE_BUGKNIGHT","items_purchased":["Replay:Baseball","Sadistic Nature"],"campfire_rested":0,"item_purchase_floors":[19,19],"current_hp_per_floor":[75,43,43,40,38,38,38,38,38,38,38,37,37,32,32,19,80,57,57,57,35,35,35],"gold":33,"neow_bonus":"BOSS_RELIC","is_daily":false,"chose_seed":false,"campfire_upgraded":5,"win_rate":0.0,"timestamp":1612887026,"path_taken":["M","?","?","?","M","R","?","R","T","?","R","M","R","?","R","BOSS","M","$","?","M","M"],"items_purchased_type":["Relic","Card"],"build_version":"2020-12-22","purchased_purges":1,"victory":false,"max_hp_per_floor":[80,80,80,80,80,80,80,80,80,80,80,80,80,80,80,80,80,80,80,80,80,80,80],"card_choices":[{"not_picked":["HollowMod:MonomonsArchive","HollowMod:RecoilStrike"],"picked":"HollowMod:MawleksShell","floor":0},{"not_picked":["HollowMod:SiblingsSouls","HollowMod:WraithStrike"],"picked":"HollowMod:DreamGate","floor":1},{"not_picked":["HollowMod:SoulStrike","HollowMod:SoulSplash"],"picked":"HollowMod:LifebloodCocoon","floor":2},{"not_picked":["HollowMod:SoulSplash","HollowMod:SoulStrike"],"picked":"HollowMod:DoubleDash","floor":2},{"not_picked":["HollowMod:SoulSplash","HollowMod:DoubleDash"],"picked":"HollowMod:SiblingsSouls","floor":2},{"not_picked":["HollowMod:Grubsong","HollowMod:MawleksShell"],"picked":"HollowMod:NewGlowingWomb","floor":4},{"not_picked":["HollowMod:MonomonsArchive","HollowMod:ZotesMagnificence"],"picked":"HollowMod:NewLittleFool","floor":5},{"not_picked":["HollowMod:MonarchWings","HollowMod:DreamGate"],"picked":"HollowMod:TaintedHusks","floor":12},{"not_picked":["HollowMod:SiblingsShadow","HollowMod:DoubleDash","HollowMod:ChannelNail"],"picked":"SKIP","floor":14},{"not_picked":["HollowMod:AwokenDreamNail","HollowMod:Weaversong"],"picked":"HollowMod:SlysStrikes","floor":16},{"not_picked":["HollowMod:DescendingDark","HollowMod:SharpenedNail"],"picked":"HollowMod:ShapeofUnn","floor":18},{"not_picked":["HollowMod:TaintedHusks+1","HollowMod:DescendingDark"],"picked":"HollowMod:HuntersJournal","floor":21}],"player_experience":285865,"relics_obtained":[{"floor":3,"key":"Pet Ghost"},{"floor":9,"key":"Juzu Bracelet"},{"floor":14,"key":"CaptainsWheel"}],"event_choices":[],"is_beta":false,"boss_relics":[{"not_picked":["Sozu","ReplayTheSpireMod:DimensionalGlitch"],"picked":"SlaversCollar"}],"items_purged_floors":[19],"is_endless":false,"potions_floor_spawned":[1,4,14,16],"killed_by":"Hallownest:Glutton_and_Coward","ascension_level":2}}