{"host":"y7b1p9nkx4idorr2","time":1612898624,"event":{"mods":["AchievementEnabler","Act Like it!","BaseMod","Colored Map","Downfall","GifTheSpireLib","Googly Eyes","Highlight Path","Mimic Mod","Minty Spire (QoL Compilation)","Shop Mod","Spicy Shops","StSLib","Unceasing Turn Reminder"],"gold_per_floor":[99,112,131,131,141,157,181,197,97,124,124,156,56,87,99,199,199,199,199,215,228,14,28,28,39,70,70,100,115,115,145,160,160,160,160],"floor_reached":33,"language":"ENG","playtime":1739,"items_purged":[],"score":436,"play_id":"6ff60b54-a62d-4292-b443-cbaecd7be0ff","local_time":"20210209132344","is_ascension_mode":true,"campfire_choices":[{"floor":1,"key":"RECALL"},{"floor":9,"key":"REST"},{"data":"bronze:OilSpill","floor":11,"key":"SMITH"},{"floor":13,"key":"REST"},{"data":"bronze:Hardcode","floor":18,"key":"SMITH"},{"floor":27,"key":"REST"},{"floor":30,"key":"REST"}],"circlet_count":0,"master_deck":["bronze:Strike","bronze:Strike","bronze:Strike","bronze:Strike","bronze:Defend","bronze:Defend","bronze:Defend","bronze:Defend+1","bronze:Shield+1","bronze:BronzeOrb","Regret","bronze:ChosenStrike","bronze:Optimize","bronze:BuggyMess","bronze:BugBarrage","bronze:ShipIt","bronze:Constructor+1","bronze:Shield+1","bronze:FunctionCard","bronze:Verify","bronze:Shield+1","bronze:FineTuning+1","bronze:BugBarrage","bronze:Mutator","bronze:MaxOutput","bronze:OilSpill","bronze:Iterate","bronze:Flail+1"],"relics":["bronze:BronzeCore","Tiny Chest","Bronze Scales","downfall:HeartBlessingRed","Orichalcum","Toxic Egg 2","downfall:HeartBlessingGreen","Bag of Marbles","sneckomod:SneckoTalon","OrangePellets","Bottled Flame","War Paint","Smiling Mask","Strawberry"],"acts_visited":["Exordium","TheCity"],"potions_floor_usage":[8,10,12,16,25,26,29,31,33],"damage_taken":[{"damage":9,"enemies":"2 Louse","floor":2,"turns":3},{"damage":4,"enemies":"Small Slimes","floor":3,"turns":5},{"damage":19,"enemies":"Cultist","floor":5,"turns":7},{"damage":22,"enemies":"Exordium Thugs","floor":6,"turns":9},{"damage":9,"enemies":"Gremlin Gang","floor":8,"turns":6},{"damage":0,"enemies":"Gremlin Nob","floor":10,"turns":2},{"damage":17,"enemies":"Lagavulin","floor":12,"turns":7},{"damage":12,"enemies":"3 Sentries","floor":14,"turns":6},{"damage":2,"enemies":"Exordium Thugs","floor":15,"turns":2},{"damage":9,"enemies":"WA_ARCHETYPE_RETAIN","floor":16,"turns":7},{"damage":2,"enemies":"Shell Parasite","floor":20,"turns":3},{"damage":19,"enemies":"Snake Plant","floor":21,"turns":4},{"damage":2,"enemies":"downfall:FleeingMerchant","floor":22,"turns":4},{"damage":27,"enemies":"Snecko","floor":23,"turns":7},{"damage":18,"enemies":"Centurion and Healer","floor":25,"turns":7},{"damage":0,"enemies":"Book of Stabbing","floor":26,"turns":4},{"damage":15,"enemies":"Slavers","floor":28,"turns":8},{"damage":0,"enemies":"Chosen and Byrds","floor":29,"turns":5},{"damage":30,"enemies":"Gremlin Leader","floor":31,"turns":10},{"damage":7,"enemies":"Shelled Parasite and Fungi","floor":32,"turns":5},{"damage":11,"enemies":"SI_MIRROR_ARCHETYPE","floor":33,"turns":4}],"seed_played":"196982552966818872","potions_obtained":[{"floor":5,"key":"PowerPotion"},{"floor":6,"key":"Swift Potion"},{"floor":8,"key":"FearPotion"},{"floor":10,"key":"CultistPotion"},{"floor":12,"key":"SteroidPotion"},{"floor":19,"key":"CultistPotion"},{"floor":20,"key":"Strength Potion"},{"floor":26,"key":"Block Potion"},{"floor":29,"key":"Weak Potion"},{"floor":31,"key":"SkillPotion"},{"floor":32,"key":"SteroidPotion"}],"is_trial":false,"path_per_floor":["R","M","M","?","M","M","T","M","R","E","R","E","R","E","M","B",null,"R","?","M","M","$","M","T","M","E","R","E","M","R","E","M","B"],"character_chosen":"THE_AUTOMATON","items_purchased":["OrangePellets","bronze:Shield+1"],"campfire_rested":4,"item_purchase_floors":[22,22],"current_hp_per_floor":[77,68,64,64,45,23,23,14,37,37,37,20,43,31,29,20,77,77,77,75,56,54,27,27,9,9,32,17,17,40,17,10,0,0,0],"gold":160,"neow_bonus":"TEN_PERCENT_HP_BONUS","is_daily":false,"chose_seed":false,"campfire_upgraded":2,"win_rate":0.0,"timestamp":1612898624,"path_taken":["R","M","M","?","M","M","T","M","R","E","R","E","R","E","M","BOSS","R","?","M","M","$","M","T","M","E","R","E","M","R","E","M","BOSS"],"items_purchased_type":["Relic","Card"],"build_version":"2020-12-22","purchased_purges":0,"victory":false,"max_hp_per_floor":[77,77,77,77,77,77,77,77,77,77,77,77,77,77,77,77,77,77,77,77,77,77,77,77,77,77,77,77,77,77,84,84,84,84,84],"card_choices":[{"not_picked":["bronze:BitShift","bronze:DelayedGuard"],"picked":"bronze:Shield","floor":2},{"not_picked":["bronze:DigitalCarnage","bronze:Frontload"],"picked":"bronze:BronzeOrb","floor":3},{"not_picked":["bronze:FollowUp","bronze:Backtrace"],"picked":"bronze:ChosenStrike","floor":5},{"not_picked":["bronze:WildBeam","bronze:AlphaBuild"],"picked":"bronze:OilSpill","floor":6},{"not_picked":["bronze:Turbo","bronze:Refactor"],"picked":"bronze:Optimize","floor":8},{"not_picked":["bronze:Branch","bronze:CutThrough"],"picked":"bronze:BuggyMess","floor":10},{"not_picked":["bronze:DelayedSlice","bronze:WhirlingStrike"],"picked":"bronze:BugBarrage","floor":12},{"not_picked":["bronze:DigitalCarnage","bronze:Overheat"],"picked":"bronze:ShipIt","floor":14},{"not_picked":["bronze:Turbo+1","bronze:Overheat"],"picked":"bronze:Constructor+1","floor":15},{"not_picked":["bronze:HardenedForm","bronze:InfiniteLoop"],"picked":"bronze:Hardcode","floor":16},{"not_picked":["bronze:Deprecate+1","bronze:Constructor+1"],"picked":"bronze:Shield+1","floor":20},{"not_picked":["bronze:Branch","bronze:Return+1","bronze:Overheat+1"],"picked":"SKIP","floor":21},{"not_picked":["bronze:Deprecate+1","bronze:WildBeam+1"],"picked":"bronze:Verify","floor":22},{"not_picked":["bronze:DarkDash","bronze:Return+1"],"picked":"bronze:FineTuning+1","floor":23},{"not_picked":["bronze:WhirlingStrike","bronze:FineTuning+1"],"picked":"bronze:BugBarrage","floor":25},{"not_picked":["bronze:Branch","bronze:Philosophize+1"],"picked":"bronze:Mutator","floor":26},{"not_picked":["bronze:DelayedSlice","bronze:BronzeOrb"],"picked":"bronze:MaxOutput","floor":28},{"not_picked":["bronze:Overheat","bronze:CutThrough"],"picked":"bronze:OilSpill","floor":29},{"not_picked":["bronze:ChosenStrike","bronze:BitShift+1"],"picked":"bronze:Iterate","floor":31},{"not_picked":["bronze:FineTuning+1","bronze:Deprecate+1"],"picked":"bronze:Flail+1","floor":32}],"player_experience":2332372,"relics_obtained":[{"floor":7,"key":"Bronze Scales"},{"floor":10,"key":"Orichalcum"},{"floor":12,"key":"Toxic Egg 2"},{"floor":14,"key":"Bag of Marbles"},{"floor":24,"key":"Bottled Flame"},{"floor":26,"key":"War Paint"},{"floor":28,"key":"Smiling Mask"},{"floor":31,"key":"Strawberry"}],"event_choices":[{"damage_healed":0,"gold_gain":0,"player_choice":"Box","damage_taken":0,"relics_obtained":["Tiny Chest"],"max_hp_gain":0,"max_hp_loss":0,"event_name":"Big Fish","floor":4,"gold_loss":0,"cards_obtained":["Regret"]}],"is_beta":false,"boss_relics":[{"not_picked":["expansioncontent:StudyCardRelic","bronze:PlatinumCore"],"picked":"sneckomod:SneckoTalon"}],"items_purged_floors":[],"is_endless":false,"potions_floor_spawned":[5,6,8,10,12,20,26,29,31,32],"killed_by":"SI_MIRROR_ARCHETYPE","ascension_level":3}}