{"host":"Charlie","time":1612836707,"event":{"mods":["100% Spire Juice","Aspiration","BaseMod","Better Match","Better Skull","Better Third Choice","BetterRewards","ChefMod","Colored Map","Colored Powertips","Conspire","Curses Come First","Dota2Spire","Downfall","Ekko","Evolution","Fox Events","Friendly Minions","Halation","Hermit","Hubris","Infinite Spire","Luminous","Melee Mod","Minty Spire (QoL Compilation)","Quick Restart","Rare Cards Sparkle","Relic Stats","Reliquary","Robot Space Explorer","Shade Mod","Spicy Shops","Spire Arcade","StSLib","SuperFastMode","Synergy Search","The Animator","The Blue Laboratory","The Caster","The Cursed","The Dragon Tamer","The Gatherer","The Jungle","The Marked","The Necromancer","Unceasing Turn Reminder"],"gold_per_floor":[112,154,6,17,17,17,17],"floor_reached":6,"language":"ENG","playtime":339,"items_purged":[],"score":34,"play_id":"018ba595-f04e-4429-9a37-12f3b1846593","local_time":"20210208181147","is_ascension_mode":false,"campfire_choices":[],"circlet_count":0,"master_deck":["TheCursedMod:Strike_TheCursed","TheCursedMod:Strike_TheCursed","TheCursedMod:Strike_TheCursed","TheCursedMod:Defend_TheCursed","TheCursedMod:Defend_TheCursed","TheCursedMod:Defend_TheCursed","TheCursedMod:Defend_TheCursed","TheCursedMod:CursedWand","TheCursedMod:CleanUpWorkshop","TheCursedMod:Dregs","TheCursedMod:HellfireBreathing","TheCursedMod:ManaBullet","Regret"],"relics":["TheCursedMod:BlackMagic101","EVO:Axolotl","reliquary:TridentHead","Membership Card","Regal Pillow"],"acts_visited":["Exordium"],"potions_floor_usage":[],"damage_taken":[{"damage":0,"enemies":"Cultist","floor":1,"turns":4},{"damage":36,"enemies":"conspire:MimicChest","floor":2,"turns":10},{"damage":2,"enemies":"Jaw Worm","floor":4,"turns":5},{"damage":37,"enemies":"Lagavulin","floor":6,"turns":8}],"seed_played":"4077486921581747481","potions_obtained":[{"floor":2,"key":"Explosive Potion"}],"is_trial":false,"path_per_floor":["M","?","$","M","?","E"],"character_chosen":"THE_CURSED","items_purchased":["Membership Card"],"campfire_rested":0,"item_purchase_floors":[3],"current_hp_per_floor":[75,39,39,37,37,0,0],"gold":17,"neow_bonus":"REMOVE_CARD","is_daily":false,"chose_seed":false,"campfire_upgraded":0,"win_rate":0.0,"timestamp":1612836707,"path_taken":["M","?","$","M","?","E"],"items_purchased_type":["Relic"],"build_version":"2020-12-18","purchased_purges":0,"victory":false,"max_hp_per_floor":[75,75,75,75,75,75,75],"relic_stats":{"Regal Pillow":0,"counters":[4,27],"obtain_stats":[{"TheCursedMod:BlackMagic101":0,"reliquary:TridentHead":2,"Regal Pillow":5,"EVO:Axolotl":0,"Membership Card":3},{"TheCursedMod:BlackMagic101":0,"reliquary:TridentHead":2,"Regal Pillow":3,"EVO:Axolotl":0,"Membership Card":2},{"TheCursedMod:BlackMagic101":0,"reliquary:TridentHead":14,"Regal Pillow":19,"EVO:Axolotl":0,"Membership Card":14}]},"card_choices":[{"not_picked":["TheCursedMod:SaltUponWound","TheCursedMod:CursedBlade","TheCursedMod:RavingStaff"],"picked":"SKIP","floor":1},{"not_picked":["TheCursedMod:CursedShiv","TheCursedMod:VitalStrike"],"picked":"TheCursedMod:HellfireBreathing","floor":2},{"not_picked":["TheCursedMod:Wield","TheCursedMod:SpreadPlague"],"picked":"TheCursedMod:ManaBullet","floor":4}],"player_experience":496181,"relics_obtained":[{"floor":2,"key":"reliquary:TridentHead"}],"event_choices":[{"damage_healed":0,"gold_gain":0,"player_choice":"Box","damage_taken":0,"relics_obtained":["Regal Pillow"],"max_hp_gain":0,"max_hp_loss":0,"event_name":"Big Fish","floor":5,"gold_loss":0,"cards_obtained":["Regret"]}],"is_beta":true,"boss_relics":[],"items_purged_floors":[],"is_endless":false,"potions_floor_spawned":[2],"killed_by":"Lagavulin","ascension_level":0}}