{"host":"n4fty02wqqi95laq","time":1612840086,"event":{"mods":["BaseMod","Highlight Path","Minty Spire (QoL Compilation)","Quick Restart","Rare Cards Sparkle","StSLib"],"gold_per_floor":[115,135,135,285,210,254,329,23,23,38,38,53,53,72,72,171,171,196,215,57,57,107,107,107,107],"floor_reached":24,"language":"ZHS","playtime":884,"items_purged":["Doubt","Strike_G"],"score":438,"play_id":"92c6cfa5-87b0-428c-8229-b4a95e202388","local_time":"20210209110806","is_ascension_mode":true,"campfire_choices":[{"data":"Deadly Poison","floor":11.0,"key":"SMITH"},{"data":"Neutralize","floor":13.0,"key":"SMITH"},{"data":"Footwork","floor":15.0,"key":"SMITH"},{"data":"Venomology","floor":23.0,"key":"SMITH"}],"circlet_count":0,"master_deck":["AscendersBane","Survivor","Neutralize+1","Deadly Poison+1","Footwork+1","Burst","A Thousand Cuts","Acrobatics","Underhanded Strike","Crippling Poison","Calculated Gamble","Accuracy","A Thousand Cuts","Envenom","Venomology+1","After Image","Well Laid Plans+1"],"relics":["Ring of the Snake","NeowsBlessing","Golden Idol","Bag of Marbles","Pandora\u0027s Box","OrangePellets"],"acts_visited":["Exordium","TheCity"],"potions_floor_usage":[24,24,24],"damage_taken":[{"damage":0.0,"enemies":"Jaw Worm","floor":1.0,"turns":1.0},{"damage":0.0,"enemies":"Small Slimes","floor":2.0,"turns":1.0},{"damage":0.0,"enemies":"3 Sentries","floor":6.0,"turns":1.0},{"damage":3.0,"enemies":"2 Louse","floor":10.0,"turns":3.0},{"damage":14.0,"enemies":"Exordium Wildlife","floor":12.0,"turns":7.0},{"damage":7.0,"enemies":"Lots of Slimes","floor":14.0,"turns":5.0},{"damage":21.0,"enemies":"Hexaghost","floor":16.0,"turns":12.0},{"damage":30.0,"enemies":"3 Byrds","floor":18.0,"turns":6.0},{"damage":3.0,"enemies":"Spheric Guardian","floor":19.0,"turns":5.0},{"damage":18,"enemies":"Snake Plant","floor":24,"turns":1}],"seed_played":"-7833822913923354258","potions_obtained":[{"floor":6.0,"key":"CultistPotion"},{"floor":12.0,"key":"Regen Potion"},{"floor":19.0,"key":"DistilledChaos"}],"is_trial":false,"path_per_floor":["M","M","?","?","$","E","?","$","T","M","R","M","R","M","R","B",null,"M","M","$","?","?","R","M"],"character_chosen":"THE_SILENT","items_purchased":["Footwork","Burst","OrangePellets"],"campfire_rested":0,"item_purchase_floors":[8,8,20],"current_hp_per_floor":[59,59,59,59,59,59,48,48,48,45,45,31,31,24,24,18,50,20,17,17,17,17,17,0,0],"gold":107,"neow_bonus":"THREE_ENEMY_KILL","is_daily":false,"chose_seed":false,"campfire_upgraded":4,"win_rate":0.0,"timestamp":1612840086,"path_taken":["M","M","?","?","?","E","?","$","T","?","R","M","R","M","R","BOSS","M","?","$","?","?","R","?"],"items_purchased_type":["Card","Card","Relic"],"build_version":"2020-12-22","purchased_purges":2,"victory":false,"max_hp_per_floor":[66,66,60,60,60,60,60,60,60,60,60,60,60,60,60,60,60,60,60,60,60,60,60,60,60],"card_choices":[{"not_picked":["Dagger Throw","Dodge and Roll","Slice"],"picked":"SKIP","floor":1.0},{"not_picked":["Caltrops","Setup","Quick Slash"],"picked":"SKIP","floor":2.0},{"not_picked":["Dagger Spray","Backflip"],"picked":"Deadly Poison","floor":6.0},{"not_picked":["Sucker Punch","Caltrops","Deadly Poison"],"picked":"SKIP","floor":10.0},{"not_picked":["Dagger Throw","Deadly Poison","Poisoned Stab"],"picked":"SKIP","floor":12.0},{"not_picked":["Flying Knee","All Out Attack","Deadly Poison"],"picked":"SKIP","floor":14.0},{"not_picked":["Bullet Time","Die Die Die"],"picked":"A Thousand Cuts","floor":16.0},{"not_picked":["Reflex","Flying Knee"],"picked":"Well Laid Plans+1","floor":18.0},{"not_picked":["Leg Sweep","Masterful Stab","Deadly Poison"],"picked":"SKIP","floor":19.0}],"player_experience":707525,"relics_obtained":[{"floor":6.0,"key":"Bag of Marbles"}],"event_choices":[{"damage_healed":0.0,"max_hp_gain":0.0,"max_hp_loss":6.0,"gold_gain":0.0,"event_name":"Golden Idol","player_choice":"Lose Max HP","floor":3.0,"gold_loss":0.0,"damage_taken":0.0,"relics_obtained":["Golden Idol"]},{"damage_healed":0.0,"max_hp_gain":0.0,"max_hp_loss":0.0,"gold_gain":150.0,"event_name":"Liars Game","player_choice":"AGREE","floor":4.0,"gold_loss":0.0,"damage_taken":0.0,"cards_obtained":["Doubt"]},{"damage_healed":0.0,"max_hp_gain":0.0,"max_hp_loss":0.0,"gold_gain":75.0,"event_name":"World of Goop","player_choice":"Gather Gold","floor":7.0,"gold_loss":0.0,"damage_taken":11.0},{"damage_healed":0.0,"max_hp_gain":0.0,"max_hp_loss":0.0,"gold_gain":0.0,"event_name":"Vampires","player_choice":"Ignored","floor":21.0,"gold_loss":0.0,"damage_taken":0.0},{"damage_healed":0.0,"max_hp_gain":0.0,"max_hp_loss":0.0,"gold_gain":100.0,"event_name":"The Joust","player_choice":"Bet on Murderer","floor":22.0,"gold_loss":50.0,"damage_taken":0.0}],"is_beta":false,"boss_relics":[{"not_picked":["Busted Crown","Empty Cage"],"picked":"Pandora\u0027s Box"}],"items_purged_floors":[5,8],"is_endless":false,"potions_floor_spawned":[6,12,19],"killed_by":"Snake Plant","ascension_level":20}}