{"host":"msmkw03x1o7nq45i","time":1612869499,"event":{"mods":["AchievementEnabler","BaseMod","Bestiary","Colored Powertips","GifTheSpireLib","Highlight Path","Minty Spire (QoL Compilation)","Random Character Button","StSLib","everything is the same but u backflip on backflip"],"gold_per_floor":[216,4,4,4,24,24,57,57,57,57,75,95,128,146,146,220,220,240,240,240,251,526,526,559,559,608,608,626,652,652,176,176,252,252,270,9,22,22,40,40,65,79,106,106,134,134,149,160,160,160,160,160,51,51,51],"floor_reached":54,"language":"ENG","playtime":4218,"items_purged":["Regret"],"score":1557,"play_id":"e66d25ce-7ed4-4a8a-a2b1-dea862b5bbf0","local_time":"20210209131819","is_ascension_mode":true,"campfire_choices":[{"data":"Riddle With Holes","floor":6,"key":"SMITH"},{"data":"Phantasmal Killer","floor":8,"key":"SMITH"},{"data":"Neutralize","floor":15,"key":"SMITH"},{"data":"Adrenaline","floor":23,"key":"SMITH"},{"data":"Phantasmal Killer","floor":25,"key":"SMITH"},{"data":"RitualDagger","floor":27,"key":"SMITH"},{"data":"Grand Finale","floor":32,"key":"SMITH"},{"data":"Terror","floor":40,"key":"SMITH"},{"floor":44,"key":"RECALL"},{"data":"Footwork","floor":49,"key":"SMITH"},{"data":"Tactician","floor":52,"key":"SMITH"}],"circlet_count":0,"master_deck":["AscendersBane","Strike_G","Strike_G","Strike_G","Strike_G","Strike_G","Defend_G","Defend_G","Defend_G","Defend_G","Defend_G","Survivor","Neutralize+1","Riddle With Holes+1","Phantasmal Killer+1","Underhanded Strike","Backstab","Backflip","Reflex","Acrobatics","Adrenaline+1","Blade Dance","RitualDagger+1","Grand Finale+1","Phantasmal Killer+1","Terror+1","Dark Shackles","Malaise","Escape Plan+1","Purity","Escape Plan","Endless Agony","Tactician+1","Footwork+1","Accuracy+1","Backflip+1","PiercingWail"],"relics":["Ring of the Snake","CultistMask","StrikeDummy","InkBottle","Gremlin Horn","Runic Pyramid","The Courier","Snake Skull","Red Mask","ClockworkSouvenir","Meat on the Bone","WristBlade","OrangePellets","Calipers","Art of War","Pantograph"],"acts_visited":["Exordium","TheCity","TheBeyond","TheEnding"],"potions_floor_usage":[7,14,16,18,21,29,33,35,37,42,50],"damage_taken":[{"damage":4,"enemies":"2 Louse","floor":1,"turns":3},{"damage":0,"enemies":"Cultist","floor":5,"turns":2},{"damage":5,"enemies":"Lagavulin","floor":7,"turns":7},{"damage":7,"enemies":"Jaw Worm","floor":11,"turns":3},{"damage":6,"enemies":"Exordium Thugs","floor":12,"turns":3},{"damage":12,"enemies":"3 Sentries","floor":13,"turns":8},{"damage":2,"enemies":"Exordium Wildlife","floor":14,"turns":3},{"damage":0,"enemies":"The Guardian","floor":16,"turns":14},{"damage":0,"enemies":"Chosen","floor":18,"turns":4},{"damage":13,"enemies":"2 Thieves","floor":21,"turns":3},{"damage":0,"enemies":"Gremlin Leader","floor":24,"turns":3},{"damage":5,"enemies":"Centurion and Healer","floor":28,"turns":3},{"damage":11,"enemies":"Masked Bandits","floor":29,"turns":3},{"damage":43,"enemies":"Champ","floor":33,"turns":7},{"damage":5,"enemies":"3 Darklings","floor":35,"turns":5},{"damage":56,"enemies":"3 Shapes","floor":37,"turns":8},{"damage":0,"enemies":"Jaw Worm Horde","floor":39,"turns":4},{"damage":0,"enemies":"Mind Bloom Boss Battle","floor":41,"turns":2},{"damage":0,"enemies":"Transient","floor":42,"turns":6},{"damage":0,"enemies":"Nemesis","floor":45,"turns":5},{"damage":11,"enemies":"Sphere and 2 Shapes","floor":47,"turns":4},{"damage":0,"enemies":"Spire Growth","floor":48,"turns":3},{"damage":13,"enemies":"Awakened One","floor":50,"turns":10},{"damage":78,"enemies":"Shield and Spear","floor":54,"turns":3}],"seed_played":"7770146068372034046","potions_obtained":[{"floor":1,"key":"Ancient Potion"},{"floor":11,"key":"EntropicBrew"},{"floor":12,"key":"FearPotion"},{"floor":18,"key":"Explosive Potion"},{"floor":28,"key":"Fruit Juice"},{"floor":29,"key":"SteroidPotion"},{"floor":37,"key":"EssenceOfSteel"},{"floor":47,"key":"BlessingOfTheForge"},{"floor":48,"key":"Dexterity Potion"}],"is_trial":false,"path_per_floor":["M","$","?","$","M","R","E","R","T","T","M","M","E","M","R","B",null,"M","?","?","M","?","R","E","R","T","R","M","?","?","$","R","B",null,"M","$","M","?","M","R","?","M","T","R","E","?","M","M","R","B",null,"R","$","E"],"character_chosen":"THE_SILENT","items_purchased":["Phantasmal Killer","Block Potion","ClockworkSouvenir","Dark Shackles","Meat on the Bone","OrangePellets","AttackPotion","GhostInAJar","SteroidPotion","Dexterity Potion","PiercingWail"],"campfire_rested":0,"item_purchase_floors":[2,2,31,31,31,36,36,36,53,53,53],"current_hp_per_floor":[55,55,55,55,55,55,50,50,50,50,43,37,25,23,23,23,55,55,49,49,36,36,36,36,36,36,36,31,20,66,66,66,35,58,58,58,14,14,26,26,38,38,38,38,38,28,29,41,41,53,67,67,67,0,0],"gold":51,"neow_bonus":"HUNDRED_GOLD","is_daily":false,"chose_seed":false,"campfire_upgraded":10,"win_rate":0.0,"timestamp":1612869499,"path_taken":["M","$","?","?","M","R","E","R","T","?","M","M","E","M","R","BOSS","M","?","?","M","?","R","E","R","T","R","?","?","?","$","R","BOSS","M","$","M","?","M","R","?","M","T","R","E","?","?","M","R","BOSS","R","$","E"],"items_purchased_type":["Card","Potion","Relic","Card","Relic","Relic","Potion","Potion","Potion","Potion","Card"],"build_version":"2020-12-22","purchased_purges":1,"victory":false,"max_hp_per_floor":[66,66,66,66,66,66,66,66,66,66,66,66,66,66,66,66,66,66,66,66,66,66,66,66,66,66,66,66,66,66,66,66,66,66,71,71,71,71,71,71,71,71,71,71,71,71,71,71,71,71,71,71,71,71,71],"card_choices":[{"not_picked":["Prepared","Sucker Punch"],"picked":"Riddle With Holes","floor":1},{"not_picked":["Bouncing Flask","Tactician"],"picked":"Underhanded Strike","floor":5},{"not_picked":["Night Terror","Underhanded Strike"],"picked":"Backstab","floor":7},{"not_picked":["Setup","Prepared"],"picked":"Backflip","floor":11},{"not_picked":["Crippling Poison","Underhanded Strike","Deadly Poison"],"picked":"SKIP","floor":12},{"not_picked":["Expertise","Dodge and Roll"],"picked":"Reflex","floor":13},{"not_picked":["Deadly Poison","Finisher"],"picked":"Acrobatics","floor":14},{"not_picked":["A Thousand Cuts","Doppelganger"],"picked":"Adrenaline","floor":16},{"not_picked":["Poisoned Stab","Setup"],"picked":"Blade Dance","floor":18},{"not_picked":["Deadly Poison","Bane"],"picked":"Grand Finale","floor":21},{"not_picked":["Flechettes","Die Die Die"],"picked":"Phantasmal Killer","floor":24},{"not_picked":["Footwork","Endless Agony"],"picked":"Terror","floor":28},{"not_picked":["A Thousand Cuts","Adrenaline"],"picked":"Malaise","floor":33},{"not_picked":["Underhanded Strike","Poisoned Stab+1"],"picked":"Escape Plan+1","floor":35},{"not_picked":["Deadly Poison+1","Crippling Poison+1","Sucker Punch+1"],"picked":"SKIP","floor":37},{"not_picked":["Enlightenment","Good Instincts"],"picked":"Purity","floor":38},{"not_picked":["Acrobatics","Deadly Poison"],"picked":"Escape Plan","floor":39},{"not_picked":["Noxious Fumes","Distraction"],"picked":"Endless Agony","floor":41},{"not_picked":["Dagger Spray","Eviscerate+1"],"picked":"Tactician","floor":42},{"not_picked":["Dagger Throw+1","Heel Hook"],"picked":"Footwork","floor":45},{"not_picked":["All Out Attack","Blur"],"picked":"Accuracy+1","floor":47},{"not_picked":["Setup","Well Laid Plans+1"],"picked":"Backflip+1","floor":48}],"player_experience":511820,"relics_obtained":[{"floor":7,"key":"StrikeDummy"},{"floor":9,"key":"InkBottle"},{"floor":13,"key":"Gremlin Horn"},{"floor":24,"key":"The Courier"},{"floor":26,"key":"Snake Skull"},{"floor":29,"key":"Red Mask"},{"floor":41,"key":"Calipers"},{"floor":43,"key":"Art of War"},{"floor":45,"key":"Pantograph"}],"event_choices":[{"damage_healed":0,"gold_gain":0,"player_choice":"Trade","damage_taken":0,"relics_obtained":["CultistMask"],"max_hp_gain":0,"max_hp_loss":0,"event_name":"FaceTrader","floor":3,"gold_loss":0},{"damage_healed":0,"gold_gain":0,"player_choice":"Joined the Cult","damage_taken":6,"max_hp_gain":0,"max_hp_loss":0,"event_name":"Nest","floor":19,"gold_loss":0,"cards_obtained":["RitualDagger"]},{"damage_healed":0,"gold_gain":0,"player_choice":"Ignored","damage_taken":0,"max_hp_gain":0,"max_hp_loss":0,"event_name":"The Mausoleum","floor":20,"gold_loss":0},{"damage_healed":0,"gold_gain":275,"player_choice":"Desecrate","damage_taken":0,"max_hp_gain":0,"max_hp_loss":0,"event_name":"Golden Shrine","floor":22,"gold_loss":0,"cards_obtained":["Regret"]},{"damage_healed":0,"gold_gain":0,"player_choice":"Fought Bandits","damage_taken":0,"max_hp_gain":0,"max_hp_loss":0,"event_name":"Masked Bandits","floor":29,"gold_loss":0},{"damage_healed":46,"gold_gain":0,"player_choice":"Full Heal","damage_taken":0,"max_hp_gain":0,"max_hp_loss":0,"event_name":"Wheel of Change","floor":30,"gold_loss":0},{"damage_healed":0,"gold_gain":0,"player_choice":"Memory 1","damage_taken":0,"max_hp_gain":0,"max_hp_loss":0,"event_name":"SensoryStone","floor":38,"gold_loss":0},{"damage_healed":0,"gold_gain":0,"player_choice":"Fight","damage_taken":0,"max_hp_gain":0,"max_hp_loss":0,"event_name":"MindBloom","floor":41,"gold_loss":0},{"damage_healed":0,"gold_gain":0,"player_choice":"Damaged","damage_taken":10,"max_hp_gain":0,"max_hp_loss":0,"event_name":"Wheel of Change","floor":46,"gold_loss":0}],"is_beta":false,"boss_relics":[{"not_picked":["Velvet Choker","Runic Dome"],"picked":"Runic Pyramid"},{"not_picked":["Black Star","Tiny House"],"picked":"WristBlade"}],"items_purged_floors":[31],"is_endless":false,"potions_floor_spawned":[1,11,12,18,28,29,37,41,47,48],"killed_by":"Shield and Spear","ascension_level":18}}