{"host":"87fdiiwflhrwsj8a","time":1612833510,"event":{"mods":["Aspiration","BaseMod","Better Match","Better Third Choice","BetterRewards","Colored Map","Conspire","GifTheSpireLib","Infinite Spire","Minty Spire (QoL Compilation)","Quick Restart","Relic Sorter","Replay The Spire","StSLib","Stuff the Spire","The Marked","The Servant 0.9.4"],"gold_per_floor":[110,144,163,163,177,177,252,252,252,100,100,133,133,148,148,248,248,265,265,265,14,32,60,60,101,101,131,56,82,93,105,105,208,208,228,228,248,25,40,40,69,69,121,121,140,140,140,158,158,158,158,158,29,55,55],"floor_reached":56,"language":"ENG","playtime":3249,"items_purged":[],"score":2310,"play_id":"ee5a4912-99b0-4e7d-9dd3-9a3c6a8ada1d","local_time":"20210208201830","is_ascension_mode":true,"campfire_choices":[{"floor":11.0,"key":"REST"},{"floor":13.0,"key":"REST"},{"floor":15.0,"key":"REST"},{"data":"BestPractice","floor":24.0,"key":"SMITH"},{"data":"TheWorld","floor":24.0,"key":"SMITH"},{"data":"Revamp","floor":32,"key":"SMITH"},{"data":"Revamp","floor":32,"key":"SMITH"},{"data":"BottledTime","floor":40,"key":"SMITH"},{"data":"Duplication+1","floor":40,"key":"SMITH"},{"floor":47,"key":"RECALL"},{"data":"SurpressingFire+1","floor":49,"key":"SMITH"},{"data":"SurpressingFire+2","floor":49,"key":"SMITH"},{"data":"SurpressingFire+3","floor":52,"key":"SMITH"},{"data":"SurpressingFire+4","floor":52,"key":"SMITH"}],"circlet_count":1,"master_deck":["Strike_S+1","Strike_S+1","Strike_S+1","Strike_S+1","Defend_S+1","Defend_S+1","Defend_S+1","Defend_S+1","KidneyShot+1","Exchange+1","Ricochet+1","SurpressingFire+5","FanOfKnives+1","BestPractice+1","Moonlight+1","LightFlow+1","Ricochet+1","TheWorld+1","BottledTime+1","Insight+1","Rearm+1","BottledTime+1","Rearm+1","Revamp+1","Rearm+1","Revamp+1","Solidify+1","Solidify+1","Duplication+2","ShatteredReality+1","FloweringNight+1","BottledTime+1","SurpressingFire+1","SoulSculpture+1","Advance","ShatteredReality+1","SilverBlades+1"],"relics":["Uniform","Anchor","conspire:InfiniteJournal","Lantern","aspiration:Lifesprig","Gremlin Horn","infinitespire:Lucky Rock","Frozen Egg 2","Ornamental Fan","Chemical X","Circlet","Chameleon Ring","conspire:RunicOctahedron","Spirit Poop","StuffTheSpire:BottledEssence","Replay:Arrowhead","Tiny Chest","aspiration:TomeofQuesting","Darkstone Periapt","conspire:RoyalGoblet","conspire:TopHat","Replay:Bottled Flurry","Mark of the Bloom","Pen Nib","Potion Belt","Onion Ring","Snack Pack"],"acts_visited":["Exordium","TheCity","TheBeyond","TheEnding"],"potions_floor_usage":[31,54,55,55,55,55,55],"damage_taken":[{"damage":0.0,"enemies":"2 Louse","floor":1.0,"turns":2.0},{"damage":6.0,"enemies":"conspire:MimicChest","floor":2.0,"turns":6.0},{"damage":0.0,"enemies":"Small Slimes","floor":3.0,"turns":2.0},{"damage":0.0,"enemies":"Cultist","floor":5.0,"turns":2.0},{"damage":17.0,"enemies":"3 Sentries","floor":12.0,"turns":10.0},{"damage":0.0,"enemies":"Large Slime","floor":14.0,"turns":3.0},{"damage":19.0,"enemies":"Fading Forest","floor":16.0,"turns":11.0},{"damage":0.0,"enemies":"Spheric Guardian","floor":18.0,"turns":4.0},{"damage":0.0,"enemies":"3 Byrds","floor":22.0,"turns":2.0},{"damage":10.0,"enemies":"Book of Stabbing","floor":23.0,"turns":4.0},{"damage":1.0,"enemies":"Slavers","floor":25.0,"turns":2.0},{"damage":0.0,"enemies":"Gremlin Leader","floor":27.0,"turns":3.0},{"damage":0,"enemies":"Slavers","floor":29,"turns":1},{"damage":13,"enemies":"Snake Plant","floor":30,"turns":3},{"damage":6,"enemies":"Centurion and Healer","floor":31,"turns":2},{"damage":0,"enemies":"Champ","floor":33,"turns":4},{"damage":0,"enemies":"3 Shapes","floor":35,"turns":1},{"damage":0,"enemies":"3 Darklings","floor":37,"turns":1},{"damage":0,"enemies":"Jaw Worm Horde","floor":39,"turns":1},{"damage":0,"enemies":"Reptomancer","floor":41,"turns":2},{"damage":0,"enemies":"Transient","floor":45,"turns":5},{"damage":0,"enemies":"Sphere and 2 Shapes","floor":48,"turns":1},{"damage":0,"enemies":"conspire:OrnateMirror","floor":50,"turns":2},{"damage":0,"enemies":"Shield and Spear","floor":54,"turns":1},{"damage":9,"enemies":"The Heart","floor":55,"turns":4}],"seed_played":"-5927149903799881186","potions_obtained":[{"floor":1.0,"key":"Explosive Potion"},{"floor":12.0,"key":"ColorlessPotion"},{"floor":14.0,"key":"SpeedPotion"},{"floor":16.0,"key":"Weak Potion"},{"floor":29,"key":"Block Potion"},{"floor":30,"key":"Regen Potion"},{"floor":35,"key":"SkillPotion"},{"floor":48,"key":"Explosive Potion"},{"floor":54,"key":"Milkshake"}],"is_trial":false,"path_per_floor":["M","?","M","$","M","?","?","?","T","$","R","E","R","M","R","B",null,"M","?","?","$","M","E","R","E","T","E","?","E","M","M","R","B",null,"M","?","M","$","M","R","E","?","T","AVR","M","T","R","M","R_BF","B",null,"R","$","E","B",null],"character_chosen":"THE_SERVANT","items_purchased":["Anchor","conspire:InfiniteJournal","Lantern","aspiration:Lifesprig","Gremlin Horn","Ricochet+1","Chemical X","StuffTheSpire:BottledEssence","Rearm","BottledTime","conspire:TopHat","SurpressingFire+1","SilverBlades+1","Energy Potion"],"campfire_rested":3,"item_purchase_floors":[0,0,0,0,0,0,10,21,21,21,38,38,53,53],"current_hp_per_floor":[18,12,12,12,12,12,1,1,1,1,20,3,22,22,41,30,56,56,56,56,56,56,46,46,45,45,45,45,45,32,26,26,26,55,55,55,55,55,55,55,55,55,55,55,55,55,55,55,55,55,55,55,55,55,46],"gold":55,"neow_bonus":"","is_daily":false,"chose_seed":false,"campfire_upgraded":10,"win_rate":0.0,"timestamp":1612833510,"path_taken":["M","?","M","?","M","?","?","?","T","$","R","E","R","M","R","BOSS","M","?","?","$","?","E","R","E","T","E","?","E","M","M","R","BOSS","M","?","M","$","M","R","E","?","T","AVR","M","?","R","?","R_BF","BOSS","R","$","E","BOSS"],"items_purchased_type":["Relic","Relic","Relic","Relic","Relic","Card","Relic","Relic","Card","Card","Relic","Card","Card","Potion"],"build_version":"2020-12-22","purchased_purges":0,"victory":true,"max_hp_per_floor":[65,65,65,65,65,65,65,65,65,65,65,65,65,65,65,65,65,65,65,65,65,65,65,65,65,65,65,65,65,65,65,65,65,65,65,65,65,65,65,65,65,65,65,65,65,65,65,65,65,65,65,65,65,65,65],"card_choices":[{"not_picked":["InstantArmor","Read"],"picked":"SurpressingFire","floor":1.0},{"not_picked":["Contraction","TimeWarp"],"picked":"FanOfKnives","floor":2.0},{"not_picked":["Reset","ShatteredReality"],"picked":"BestPractice","floor":3.0},{"not_picked":["Rewind","DoubleEdge"],"picked":"Moonlight","floor":5.0},{"not_picked":["InstantArmor","ShiftingGears"],"picked":"LightFlow","floor":12.0},{"not_picked":["Revamp","InstantArmor"],"picked":"Ricochet","floor":14.0},{"not_picked":["Initiator","Solidify"],"picked":"TheWorld","floor":16.0},{"not_picked":["Potential","Snipe"],"picked":"BottledTime","floor":18.0},{"not_picked":["BottledTime","Comet+1"],"picked":"Rearm+1","floor":22.0},{"not_picked":["FastForward","FlawlessForm+1"],"picked":"Revamp","floor":23.0},{"not_picked":["Orbit+1","Unruled"],"picked":"Rearm","floor":25.0},{"not_picked":["Rearm","Sunlight"],"picked":"Revamp","floor":27.0},{"not_picked":["FlawlessForm+1","KillingDoll+1"],"picked":"Solidify+1","floor":28},{"not_picked":["Duplication+1","FlawlessForm+1"],"picked":"Solidify+1","floor":28},{"not_picked":["Dilation+1","MurderousAura+1"],"picked":"Duplication+1","floor":28},{"not_picked":["SpecialFormula","GearUp+1","Sunlight"],"picked":"SKIP","floor":29},{"not_picked":["Alleviate","DoubleEdge","Desolation+1"],"picked":"SKIP","floor":30},{"not_picked":["Potential+1","Shuttle"],"picked":"ShatteredReality+1","floor":31},{"not_picked":["Sunlight","TheWorld"],"picked":"FloweringNight+1","floor":33},{"not_picked":["Spin+1","Luminosity+1"],"picked":"BottledTime","floor":35},{"not_picked":["Foresight+1","Defy","Potential"],"picked":"SKIP","floor":37},{"not_picked":["Spin","Rewind","Potential+1"],"picked":"SKIP","floor":39},{"not_picked":["BottledTime","TimeWarp"],"picked":"SoulSculpture","floor":41},{"not_picked":["FastForward","Snipe+1"],"picked":"Advance","floor":45},{"not_picked":["FastForward","Spin"],"picked":"ShatteredReality+1","floor":48},{"not_picked":["ShatteredReality","Barrier","Ricochet+1"],"picked":"SKIP","floor":54}],"player_experience":2644591,"relics_obtained":[{"floor":2.0,"key":"infinitespire:Lucky Rock"},{"floor":9.0,"key":"Ornamental Fan"},{"floor":12.0,"key":"Chameleon Ring"},{"floor":23.0,"key":"Replay:Arrowhead"},{"floor":25.0,"key":"Tiny Chest"},{"floor":27.0,"key":"aspiration:TomeofQuesting"},{"floor":29,"key":"Darkstone Periapt"},{"floor":41,"key":"Replay:Bottled Flurry"},{"floor":43,"key":"Pen Nib"},{"floor":46,"key":"Onion Ring"},{"floor":54,"key":"Snack Pack"}],"event_choices":[{"damage_healed":0.0,"max_hp_gain":0.0,"max_hp_loss":0.0,"gold_gain":75.0,"event_name":"betterThird:BetterGoop","player_choice":"Gold","floor":7.0,"gold_loss":0.0,"damage_taken":11.0},{"damage_healed":0.0,"max_hp_gain":0.0,"max_hp_loss":0.0,"gold_gain":0.0,"event_name":"conspire:Investor","player_choice":"Leave","floor":8.0,"gold_loss":0.0,"damage_taken":0.0},{"damage_healed":0.0,"max_hp_gain":0.0,"max_hp_loss":0.0,"gold_gain":0.0,"event_name":"betterThird:BetterWriting","player_choice":"Insight","floor":19.0,"gold_loss":0.0,"damage_taken":0.0,"cards_obtained":["Insight"]},{"cards_removed":["Injury"],"damage_healed":0.0,"max_hp_gain":0.0,"max_hp_loss":0.0,"gold_gain":0.0,"event_name":"Bonfire Elementals","player_choice":"Offered Curse","floor":20.0,"gold_loss":0.0,"damage_taken":0.0,"relics_obtained":["Spirit Poop"]},{"damage_healed":0,"gold_gain":0,"player_choice":"3","damage_taken":0,"max_hp_gain":0,"max_hp_loss":0,"event_name":"betterMatch:BetterMatch","floor":28,"gold_loss":0,"cards_obtained":["betterMatch:RareCard"]},{"damage_healed":0,"gold_gain":0,"player_choice":"Ignored","damage_taken":0,"max_hp_gain":0,"max_hp_loss":0,"event_name":"Tomb of Lord Red Mask","floor":36,"gold_loss":0},{"damage_healed":0,"gold_gain":0,"player_choice":"Upgrade","damage_taken":0,"relics_obtained":["Mark of the Bloom"],"max_hp_gain":0,"max_hp_loss":0,"event_name":"MindBloom","floor":42,"gold_loss":0,"cards_upgraded":["Strike_S","Strike_S","Strike_S","Strike_S","Defend_S","Defend_S","Defend_S","Defend_S","KidneyShot","Exchange","SurpressingFire","FanOfKnives","Moonlight","LightFlow","Ricochet","BottledTime","Insight","Rearm","Rearm","BottledTime","SoulSculpture"]}],"is_beta":false,"boss_relics":[{"not_picked":["ReplayTheSpireMod:DimensionalGlitch","aspiration:WatcherSkillbook"],"picked":"conspire:RunicOctahedron"},{"not_picked":["Pandora\u0027s Box","Replay:Ancient Bell"],"picked":"conspire:RoyalGoblet"}],"items_purged_floors":[],"is_endless":false,"potions_floor_spawned":[1,12,14,16,22,23,29,30,35,48,54],"ascension_level":8}}