{"host":"w3q5ijqu8eoknil3","time":1612904711,"event":{"mods":["AchievementEnabler","BaseMod","Block Reminder","Colored Map","Colored Powertips","Curses Come First","Dark Map","Minty Spire (QoL Compilation)","Quick Restart","Relic Stats","StSLib","ojb\u0027s Better Paths Mod","ojb\u0027s Info Mod","slay the spire mod where everything is the same but ironclad has a cowboy hat"],"gold_per_floor":[114,114,114,134,134,165,165,209,209,230,246,246,246,279,279,374,374,390,13,13,39,59,59,73,73,73],"floor_reached":25,"language":"ENG","playtime":736,"items_purged":[],"score":476,"play_id":"6ba06856-6250-4383-8263-e11359ff7af6","local_time":"20210209210511","is_ascension_mode":true,"campfire_choices":[{"data":"Poisoned Stab","floor":7,"key":"SMITH"},{"floor":15,"key":"REST"},{"data":"Footwork","floor":23,"key":"SMITH"}],"circlet_count":0,"master_deck":["AscendersBane","Survivor","Neutralize","Sucker Punch","Dagger Spray","Poisoned Stab+1","Deadly Poison","Crippling Poison","Footwork+1","Crippling Poison+1","Corpse Explosion+1","Glass Knife","Flying Knee","Storm of Steel+1","Prepared+1","Glass Knife","Bouncing Flask+1","Finisher","Tactician+1","Dagger Spray","Acrobatics+1","Panacea+1","Calculated Gamble+1","Backflip+1"],"relics":["Ring of the Snake","NeowsBlessing","Golden Idol","Eternal Feather","Oddly Smooth Stone","Shuriken","Strawberry","Toxic Egg 2","Pandora\u0027s Box","Pantograph","Happy Flower"],"acts_visited":["Exordium","TheCity"],"potions_floor_usage":[8,11,16,25],"damage_taken":[{"damage":0,"enemies":"Jaw Worm","floor":1,"turns":1},{"damage":0,"enemies":"2 Louse","floor":4,"turns":1},{"damage":0,"enemies":"3 Sentries","floor":6,"turns":1},{"damage":24,"enemies":"Gremlin Nob","floor":8,"turns":4},{"damage":0,"enemies":"Cultist","floor":10,"turns":3},{"damage":4,"enemies":"Lots of Slimes","floor":11,"turns":3},{"damage":17,"enemies":"Lagavulin","floor":14,"turns":9},{"damage":21,"enemies":"The Guardian","floor":16,"turns":11},{"damage":17,"enemies":"3 Byrds","floor":18,"turns":3},{"damage":32,"enemies":"2 Thieves","floor":22,"turns":4},{"damage":10,"enemies":"Centurion and Healer","floor":24,"turns":3},{"damage":13,"enemies":"Snecko","floor":25,"turns":2}],"seed_played":"2965936510912513065","potions_obtained":[{"floor":4,"key":"BlessingOfTheForge"},{"floor":6,"key":"SkillPotion"},{"floor":14,"key":"SkillPotion"},{"floor":24,"key":"Explosive Potion"}],"is_trial":false,"path_per_floor":["M","?","?","M","$","E","R","E","T","M","M","?","?","E","R","B",null,"M","$","?","T","M","R","M","M"],"character_chosen":"THE_SILENT","items_purchased":["Pantograph","Panacea+1"],"campfire_rested":1,"item_purchase_floors":[19,19],"current_hp_per_floor":[59,59,60,60,60,60,60,36,36,36,32,37,18,1,34,13,57,40,40,40,40,8,20,10,0,0],"gold":73,"neow_bonus":"THREE_ENEMY_KILL","is_daily":false,"chose_seed":false,"campfire_upgraded":2,"win_rate":0.0,"timestamp":1612904711,"path_taken":["M","?","?","?","?","E","R","E","T","M","M","?","?","E","R","BOSS","M","$","?","?","M","R","M","M"],"items_purchased_type":["Relic","Card"],"build_version":"2020-12-22","purchased_purges":0,"victory":false,"max_hp_per_floor":[66,60,60,60,60,60,60,60,60,60,60,65,72,72,72,72,72,72,72,72,72,72,72,72,72,72],"relic_stats":{"Happy Flower":[3],"counters":[12,45],"Golden Idol":62,"Shuriken":[9],"Pantograph":0,"Eternal Feather":24,"Pandora\u0027s Box":["Glass Knife","Flying Knee","Endless Agony","Storm of Steel","Prepared","Glass Knife","Bouncing Flask","Finisher","Tactician","Dagger Spray"],"obtain_stats":[{"NeowsBlessing":0,"Happy Flower":21,"Golden Idol":2,"Shuriken":9,"Strawberry":13,"Pantograph":19,"Oddly Smooth Stone":8,"Eternal Feather":6,"Pandora\u0027s Box":17,"Toxic Egg 2":14,"Ring of the Snake":0},{"NeowsBlessing":0,"Happy Flower":9,"Golden Idol":1,"Shuriken":4,"Strawberry":6,"Pantograph":9,"Oddly Smooth Stone":4,"Eternal Feather":3,"Pandora\u0027s Box":8,"Toxic Egg 2":7,"Ring of the Snake":0},{"NeowsBlessing":0,"Happy Flower":36,"Golden Idol":1,"Shuriken":7,"Strawberry":13,"Pantograph":36,"Oddly Smooth Stone":7,"Eternal Feather":3,"Pandora\u0027s Box":33,"Toxic Egg 2":22,"Ring of the Snake":0}],"Ring of the Snake":[24]},"card_choices":[{"not_picked":["Prepared","Bane"],"picked":"Sucker Punch","floor":1},{"not_picked":["Terror","Calculated Gamble"],"picked":"Dagger Spray","floor":4},{"not_picked":["Dagger Throw","Caltrops"],"picked":"Poisoned Stab","floor":6},{"not_picked":["Quick Slash","Backflip"],"picked":"Deadly Poison","floor":8},{"not_picked":["Noxious Fumes","Dagger Throw"],"picked":"Crippling Poison","floor":10},{"not_picked":["PiercingWail","Outmaneuver"],"picked":"Footwork","floor":11},{"not_picked":["Dodge and Roll+1","Deadly Poison+1"],"picked":"Crippling Poison+1","floor":14},{"not_picked":["Storm of Steel+1","Venomology+1"],"picked":"Corpse Explosion+1","floor":16},{"not_picked":["Poisoned Stab","Flying Knee"],"picked":"Acrobatics+1","floor":18},{"not_picked":["Dagger Throw","Dagger Spray"],"picked":"Calculated Gamble+1","floor":22},{"not_picked":["Outmaneuver+1","Distraction+1"],"picked":"Backflip+1","floor":24}],"player_experience":1042081,"relics_obtained":[{"floor":6,"key":"Eternal Feather"},{"floor":8,"key":"Oddly Smooth Stone"},{"floor":9,"key":"Shuriken"},{"floor":14,"key":"Toxic Egg 2"},{"floor":21,"key":"Happy Flower"}],"event_choices":[{"damage_healed":0,"gold_gain":0,"player_choice":"Lose Max HP","damage_taken":0,"relics_obtained":["Golden Idol"],"max_hp_gain":0,"max_hp_loss":6,"event_name":"Golden Idol","floor":2,"gold_loss":0},{"damage_healed":1,"gold_gain":0,"player_choice":"Full Heal","damage_taken":0,"max_hp_gain":0,"max_hp_loss":0,"event_name":"Wheel of Change","floor":3,"gold_loss":0},{"damage_healed":0,"gold_gain":0,"player_choice":"Donut","damage_taken":0,"max_hp_gain":5,"max_hp_loss":0,"event_name":"Big Fish","floor":12,"gold_loss":0},{"damage_healed":0,"gold_gain":0,"player_choice":"Success","damage_taken":26,"relics_obtained":["Strawberry"],"max_hp_gain":0,"max_hp_loss":0,"event_name":"Scrap Ooze","floor":13,"gold_loss":0},{"cards_removed":["Endless Agony"],"damage_healed":0,"gold_gain":0,"player_choice":"Elegance","damage_taken":0,"max_hp_gain":0,"max_hp_loss":0,"event_name":"Back to Basics","floor":20,"gold_loss":0}],"is_beta":false,"boss_relics":[{"not_picked":["Calling Bell","Runic Pyramid"],"picked":"Pandora\u0027s Box"}],"items_purged_floors":[],"is_endless":false,"potions_floor_spawned":[4,6,14,24],"killed_by":"Snecko","ascension_level":19}}