{"host":"d52brwsy6af8zvaq","time":1612840134,"event":{"mods":["AchievementEnabler","BaseMod","Bestiary","Highlight Path","Minty Spire (QoL Compilation)","Quick Restart","Relic Stats","ojb\u0027s Better Paths Mod"],"gold_per_floor":[114,114,134,152,167,167,210,210,210,250,250,250,250,269,269,368,368,391,415,181,181,200,200,200,200],"floor_reached":24,"language":"ENG","playtime":1245,"items_purged":["Strike_B"],"score":412,"play_id":"87ccb04a-33bb-4e75-8914-1d981ded7e1a","local_time":"20210208200854","is_ascension_mode":true,"campfire_choices":[{"data":"Streamline","floor":6.0,"key":"SMITH"},{"floor":8.0,"key":"REST"},{"floor":13,"key":"REST"},{"data":"Sunder","floor":15,"key":"SMITH"},{"data":"Zap","floor":23,"key":"SMITH"}],"circlet_count":0,"master_deck":["AscendersBane","Strike_B","Strike_B","Strike_B","Defend_B","Defend_B","Defend_B","Defend_B","Zap+1","Dualcast","Coolheaded","Streamline+1","Ball Lightning","Darkness","Stack","Skim","Sunder+1","Cold Snap","Buffer","Turbo","Doom and Gloom","Defragment","Static Discharge"],"relics":["Cracked Core","Golden Idol","Bottled Lightning","Incense Burner","Girya","Cursed Key","Enchiridion"],"acts_visited":["Exordium","TheCity"],"potions_floor_usage":[16,24,24],"damage_taken":[{"damage":7.0,"enemies":"Jaw Worm","floor":1.0,"turns":3.0},{"damage":5.0,"enemies":"Small Slimes","floor":3.0,"turns":3.0},{"damage":0.0,"enemies":"2 Louse","floor":4.0,"turns":2.0},{"damage":2.0,"enemies":"Red Slaver","floor":5.0,"turns":4.0},{"damage":41.0,"enemies":"3 Sentries","floor":7.0,"turns":7.0},{"damage":30,"enemies":"Lagavulin","floor":10,"turns":7},{"damage":8,"enemies":"Blue Slaver","floor":14,"turns":2},{"damage":9,"enemies":"Slime Boss","floor":16,"turns":8},{"damage":9,"enemies":"Chosen","floor":18,"turns":4},{"damage":3,"enemies":"Spheric Guardian","floor":19,"turns":4},{"damage":2,"enemies":"Cultist and Chosen","floor":22,"turns":5},{"damage":29,"enemies":"Slavers","floor":24,"turns":2}],"seed_played":"-1167557403606332106","potions_obtained":[{"floor":4.0,"key":"Swift Potion"},{"floor":10,"key":"SpeedPotion"},{"floor":14,"key":"Fire Potion"},{"floor":16,"key":"SpeedPotion"}],"is_trial":false,"path_per_floor":["M","?","M","M","M","R","E","R","T","E","?","?","R","M","R","B",null,"M","M","$","?","M","R","E"],"character_chosen":"DEFECT","items_purchased":["Defragment","LiquidMemories"],"campfire_rested":2,"item_purchase_floors":[20,20],"current_hp_per_floor":[64,64,59,59,57,57,16,37,37,7,12,12,34,26,26,17,61,52,49,49,28,26,26,0,0],"gold":200,"neow_bonus":"TEN_PERCENT_HP_BONUS","is_daily":false,"chose_seed":false,"campfire_upgraded":3,"win_rate":0.0,"timestamp":1612840134,"path_taken":["M","?","M","M","M","R","E","R","T","E","?","?","R","M","R","BOSS","M","M","$","?","M","R","E"],"items_purchased_type":["Card","Potion"],"build_version":"2020-12-22","purchased_purges":1,"victory":false,"max_hp_per_floor":[78,71,71,71,71,71,71,71,71,71,76,76,76,76,76,76,76,76,76,76,76,76,76,76,76],"relic_stats":{"counters":[12,51],"Golden Idol":66,"Cursed Key":0,"obtain_stats":[{"Girya":10,"Golden Idol":2,"Enchiridion":21,"Incense Burner":9,"Bottled Lightning":7,"Cracked Core":0,"Cursed Key":17},{"Girya":6,"Golden Idol":1,"Enchiridion":10,"Incense Burner":5,"Bottled Lightning":5,"Cracked Core":0,"Cursed Key":8},{"Girya":26,"Golden Idol":3,"Enchiridion":44,"Incense Burner":19,"Bottled Lightning":19,"Cracked Core":0,"Cursed Key":36}]},"card_choices":[{"not_picked":["Hologram","Stack"],"picked":"Coolheaded","floor":1.0},{"not_picked":["Gash","Chill"],"picked":"Streamline","floor":3.0},{"not_picked":["Barrage","Hologram"],"picked":"Ball Lightning","floor":4.0},{"not_picked":["Stack","Heatsinks"],"picked":"Darkness","floor":5.0},{"not_picked":["Gash","Ball Lightning"],"picked":"Stack","floor":7.0},{"not_picked":["Stack","Storm"],"picked":"Skim","floor":10},{"not_picked":["Amplify","Barrage"],"picked":"Cold Snap","floor":14},{"not_picked":["Multi-Cast","Reboot"],"picked":"Buffer","floor":16},{"not_picked":["Sweeping Beam","Streamline"],"picked":"Turbo","floor":18},{"not_picked":["Skim","Steam"],"picked":"Doom and Gloom","floor":19},{"not_picked":["Stack","Rebound"],"picked":"Static Discharge","floor":22}],"player_experience":2192397,"relics_obtained":[{"floor":7.0,"key":"Bottled Lightning"},{"floor":9.0,"key":"Incense Burner"},{"floor":10,"key":"Girya"},{"floor":21,"key":"Enchiridion"}],"event_choices":[{"damage_healed":0.0,"max_hp_gain":0.0,"max_hp_loss":7.0,"gold_gain":0.0,"event_name":"Golden Idol","player_choice":"Lose Max HP","floor":2.0,"gold_loss":0.0,"damage_taken":0.0,"relics_obtained":["Golden Idol"]},{"damage_healed":0,"gold_gain":0,"player_choice":"Donut","damage_taken":0,"max_hp_gain":5,"max_hp_loss":0,"event_name":"Big Fish","floor":11,"gold_loss":0},{"damage_healed":0,"gold_gain":0,"player_choice":"1 cards matched","damage_taken":0,"max_hp_gain":0,"max_hp_loss":0,"event_name":"Match and Keep!","floor":12,"gold_loss":0,"cards_obtained":["Sunder"]},{"damage_healed":0,"gold_gain":0,"player_choice":"Obtained Book","damage_taken":21,"max_hp_gain":0,"max_hp_loss":0,"event_name":"Cursed Tome","floor":21,"gold_loss":0}],"is_beta":false,"boss_relics":[{"not_picked":["Fusion Hammer","Busted Crown"],"picked":"Cursed Key"}],"items_purged_floors":[20],"is_endless":false,"potions_floor_spawned":[4,10,14,16],"killed_by":"Slavers","ascension_level":20}}