{"host":"s24sb66hw4a4sfft","time":1612893529,"event":{"mods":["AchievementEnabler","BaseMod","Colored Map","Colored Powertips","Googly Eyes","Hermit","Hubris","Minty Spire (QoL Compilation)","Quick Restart","Shop Mod","StSLib"],"gold_per_floor":[118,118,78,3,3,36,36,366,366,382,382,382,398,398,398],"floor_reached":14,"language":"ENG","playtime":407,"items_purged":["Strike_G"],"score":209,"play_id":"59337af8-952b-4307-90d2-8c3877c8da00","local_time":"20210209125849","is_ascension_mode":true,"campfire_choices":[{"data":"Slice","floor":7,"key":"SMITH"},{"floor":11,"key":"REST"}],"circlet_count":0,"master_deck":["AscendersBane","Strike_G+1","Strike_G","Strike_G+1","Defend_G","Defend_G","Defend_G","Defend_G","Defend_G","Survivor","Neutralize","Dagger Throw","Slice+1","Acrobatics","Blade Dance","Poisoned Stab"],"relics":["Ring of the Snake","NeowsBlessing","hubris:Icosahedron","hubris:Towel","Whetstone","Old Coin","TungstenRod"],"acts_visited":["Exordium"],"potions_floor_usage":[13],"damage_taken":[{"damage":0,"enemies":"Jaw Worm","floor":1,"turns":1},{"damage":0,"enemies":"2 Louse","floor":3,"turns":1},{"damage":0,"enemies":"3 Sentries","floor":6,"turns":1},{"damage":26,"enemies":"Gremlin Nob","floor":8,"turns":4},{"damage":0,"enemies":"Cultist","floor":10,"turns":2},{"damage":19,"enemies":"Exordium Wildlife","floor":13,"turns":4},{"damage":21,"enemies":"3 Sentries","floor":14,"turns":9}],"seed_played":"5767306981187537907","potions_obtained":[{"floor":8,"key":"Explosive Potion"},{"floor":13,"key":"SpeedPotion"}],"is_trial":false,"path_per_floor":["M","?","M","$","?","E","R","E","T","M","R","?","M","E"],"character_chosen":"THE_SILENT","items_purchased":[],"campfire_rested":1,"item_purchase_floors":[],"current_hp_per_floor":[59,59,59,59,59,59,59,33,33,33,52,52,33,12,12],"gold":398,"neow_bonus":"THREE_ENEMY_KILL","is_daily":false,"chose_seed":false,"campfire_upgraded":1,"win_rate":0.0,"timestamp":1612893529,"path_taken":["M","?","M","$","?","E","R","E","T","M","R","?","M","E"],"items_purchased_type":[],"build_version":"2020-12-22","purchased_purges":1,"victory":false,"max_hp_per_floor":[66,66,66,66,66,66,66,66,66,66,66,66,66,66,66],"card_choices":[{"not_picked":["Sucker Punch","Deflect"],"picked":"Dagger Throw","floor":1},{"not_picked":["Dodge and Roll","Acrobatics"],"picked":"Slice","floor":3},{"not_picked":["hubris:SlightOfHand","Choke"],"picked":"Acrobatics","floor":6},{"not_picked":["After Image","Caltrops"],"picked":"Blade Dance","floor":8},{"not_picked":["Flechettes","Quick Slash"],"picked":"Poisoned Stab","floor":10},{"not_picked":["Dagger Throw","Wraith Form v2","PiercingWail"],"picked":"SKIP","floor":13}],"player_experience":600085,"relics_obtained":[{"floor":6,"key":"Whetstone"},{"floor":8,"key":"Old Coin"},{"floor":9,"key":"TungstenRod"}],"event_choices":[{"cards_removed":["Strike_G"],"damage_healed":0,"gold_gain":0,"player_choice":"Offered Basic","damage_taken":0,"max_hp_gain":0,"max_hp_loss":0,"event_name":"Bonfire Elementals","floor":12,"gold_loss":0}],"is_beta":false,"boss_relics":[],"items_purged_floors":[4],"is_endless":false,"potions_floor_spawned":[8,13],"killed_by":"3 Sentries","ascension_level":14}}