{"host":"2ttsipbxjlhedj1t","time":1612836118,"event":{"mods":["2.2 Compatiblity","Act Like it!","BaseMod","Colored Map","Colored Powertips","Curses Come First","Highlight Path","Minty Spire (QoL Compilation)","Quick Restart","StSLib"],"gold_per_floor":[217,217,217,62,62,62,85,124,200,38,3,24,40,54,54,184,184,202,202,53,53,53,83,83,103,152,163,176,186,206,1,1,98,98,116,116,128,139,139,139,156,156,156,156,166,178,178,194,194,194],"floor_reached":51,"language":"ENG","playtime":9905,"items_purged":["Regret","Injury"],"score":696,"play_id":"1413df99-face-4b82-8b95-9ed4dc3c91b1","local_time":"20210208210158","is_ascension_mode":false,"campfire_choices":[{"data":"Rupture","floor":6.0,"key":"SMITH"},{"data":"Bloodletting","floor":15.0,"key":"SMITH"},{"floor":24.0,"key":"REST"},{"floor":32.0,"key":"REST"},{"data":"Flame Barrier","floor":40.0,"key":"SMITH"},{"data":"Rupture","floor":44.0,"key":"SMITH"},{"floor":49,"key":"REST"}],"circlet_count":0,"master_deck":["Strike_R","Strike_R","Strike_R","Strike_R","Defend_R","Defend_R","Defend_R","Defend_R","Bash","Rupture+1","Reaper","Battle Trance","Bloodletting+1","Rupture+1","Immolate","J.A.X.","Feed","Armaments","Flame Barrier+1","Berserk","Combust","Good Instincts","Blind"],"relics":["Burning Blood","Happy Flower","Bloody Idol","Unceasing Top","Meat on the Bone","Singing Bowl","Black Star","Red Skull","Bottled Tornado","Dream Catcher","ClockworkSouvenir","Oddly Smooth Stone"],"acts_visited":["Exordium","TheCity","TheBeyond"],"potions_floor_usage":[50],"damage_taken":[{"damage":2.0,"enemies":"Small Slimes","floor":1.0,"turns":4.0},{"damage":9.0,"enemies":"2 Louse","floor":7.0,"turns":5.0},{"damage":56.0,"enemies":"Lagavulin","floor":8.0,"turns":9.0},{"damage":6.0,"enemies":"Jaw Worm","floor":12.0,"turns":4.0},{"damage":16.0,"enemies":"Looter","floor":13.0,"turns":4.0},{"damage":6.0,"enemies":"Exordium Wildlife","floor":14.0,"turns":4.0},{"damage":44.0,"enemies":"Slime Boss","floor":16.0,"turns":7.0},{"damage":50.0,"enemies":"Chosen","floor":18.0,"turns":7.0},{"damage":71.0,"enemies":"Gremlin Leader","floor":23.0,"turns":6.0},{"damage":6.0,"enemies":"Spheric Guardian","floor":25.0,"turns":3.0},{"damage":33.0,"enemies":"Snecko","floor":27.0,"turns":5.0},{"damage":46.0,"enemies":"Centurion and Healer","floor":28.0,"turns":6.0},{"damage":35.0,"enemies":"Snake Plant","floor":29.0,"turns":4.0},{"damage":29.0,"enemies":"Shelled Parasite and Fungi","floor":30.0,"turns":5.0},{"damage":54.0,"enemies":"Champ","floor":33.0,"turns":8.0},{"damage":23.0,"enemies":"Orb Walker","floor":35.0,"turns":4.0},{"damage":68.0,"enemies":"3 Darklings","floor":37.0,"turns":6.0},{"damage":23.0,"enemies":"4 Shapes","floor":38.0,"turns":3.0},{"damage":36.0,"enemies":"Transient","floor":41.0,"turns":5.0},{"damage":15.0,"enemies":"Jaw Worm Horde","floor":45.0,"turns":3.0},{"damage":63.0,"enemies":"Maw","floor":46.0,"turns":7.0},{"damage":46,"enemies":"Spire Growth","floor":48,"turns":6},{"damage":101,"enemies":"Donu and Deca","floor":50,"turns":8}],"seed_played":"-2609539125101886150","potions_obtained":[{"floor":8.0,"key":"Swift Potion"},{"floor":13.0,"key":"Explosive Potion"},{"floor":18.0,"key":"Fire Potion"},{"floor":27.0,"key":"EssenceOfSteel"},{"floor":30.0,"key":"Energy Potion"},{"floor":33.0,"key":"Weak Potion"},{"floor":35.0,"key":"DuplicationPotion"},{"floor":38.0,"key":"CultistPotion"},{"floor":41.0,"key":"Dexterity Potion"}],"is_trial":false,"path_per_floor":["M","?","?","$","?","R","M","E","T","$","?","M","M","M","R","B",null,"M","?","$","?","?","E","R","M","T","M","M","M","M","$","R","B",null,"M","?","M","M","?","R","M","?","T","R","M","M","?","M","R","B",null],"character_chosen":"IRONCLAD","items_purchased":["Reaper","Bloodletting","AttackPotion","BloodPotion","ClockworkSouvenir","SteroidPotion"],"campfire_rested":3,"item_purchase_floors":[4,10,10,20,31,31],"current_hp_per_floor":[80,80,80,80,68,68,69,25,25,25,45,57,53,65,65,53,84,59,59,59,59,59,41,66,81,86,70,63,51,47,47,78,61,100,93,93,65,68,63,63,68,68,68,68,78,49,49,56,93,36],"gold":194,"neow_bonus":"HUNDRED_GOLD","is_daily":false,"chose_seed":false,"campfire_upgraded":4,"win_rate":0.0,"timestamp":1612836118,"path_taken":["M","?","?","$","?","R","M","E","T","?","?","M","?","M","R","BOSS","M","?","$","?","?","E","R","M","T","M","M","?","M","?","R","BOSS","M","?","?","M","?","R","M","?","T","R","M","M","?","M","R","BOSS"],"items_purchased_type":["Card","Card","Potion","Potion","Relic","Potion"],"build_version":"2020-12-22","purchased_purges":2,"victory":true,"max_hp_per_floor":[80,80,80,80,80,80,80,80,80,80,80,80,82,84,84,84,84,86,86,86,86,86,86,86,91,91,91,96,96,98,98,100,100,100,105,105,107,110,110,110,112,112,112,112,114,116,116,118,120,120],"card_choices":[{"not_picked":["Sword Boomerang","Thunderclap"],"picked":"Rupture","floor":1.0},{"not_picked":["Pommel Strike","Burning Pact"],"picked":"Battle Trance","floor":7.0},{"not_picked":["Evolve","Rage","Perfected Strike"],"picked":"SKIP","floor":8.0},{"not_picked":["True Grit","Feel No Pain"],"picked":"Rupture","floor":12.0},{"not_picked":["Warcry","Twin Strike","Shrug It Off"],"picked":"Singing Bowl","floor":13.0},{"not_picked":["Body Slam","Dark Embrace","Anger"],"picked":"Singing Bowl","floor":14.0},{"not_picked":["Juggernaut","Corruption"],"picked":"Immolate","floor":16.0},{"not_picked":["Spot Weakness","Headbutt","Sword Boomerang"],"picked":"Singing Bowl","floor":18.0},{"not_picked":["Seeing Red","Uppercut+1"],"picked":"Feed","floor":23.0},{"not_picked":["Pommel Strike+1","Thunderclap","Headbutt"],"picked":"Singing Bowl","floor":25.0},{"not_picked":["Pommel Strike+1","Anger+1"],"picked":"Armaments","floor":27.0},{"not_picked":["Thunderclap","Burning Pact","True Grit+1"],"picked":"Singing Bowl","floor":28.0},{"not_picked":["Reckless Charge","Sentinel"],"picked":"Flame Barrier","floor":29.0},{"not_picked":["Perfected Strike","Pommel Strike","Twin Strike+1"],"picked":"Singing Bowl","floor":30.0},{"not_picked":["Entrench","Power Through","Perfected Strike+1"],"picked":"Singing Bowl","floor":32.0},{"not_picked":["Double Tap","Bludgeon"],"picked":"Berserk","floor":33.0},{"not_picked":["Burning Pact+1","Flex+1","Thunderclap"],"picked":"Singing Bowl","floor":35.0},{"not_picked":["Twin Strike","Rage","Clash"],"picked":"Singing Bowl","floor":37.0},{"not_picked":["Power Through+1","Havoc"],"picked":"Combust","floor":38.0},{"not_picked":["Swift Strike","Blind"],"picked":"Good Instincts","floor":39.0},{"not_picked":["Violence","Panache"],"picked":"Blind","floor":39.0},{"not_picked":["Clothesline","Armaments","Heavy Blade"],"picked":"Singing Bowl","floor":41.0},{"not_picked":["Clothesline+1","Searing Blow","Perfected Strike+1"],"picked":"Singing Bowl","floor":45.0},{"not_picked":["Headbutt","Rampage","True Grit+1"],"picked":"Singing Bowl","floor":46.0},{"not_picked":["Shrug It Off+1","Berserk","Battle Trance"],"picked":"Singing Bowl","floor":48},{"not_picked":["Fire Breathing","Shrug It Off+1","Body Slam+1"],"picked":"Singing Bowl","floor":49}],"player_experience":355048,"relics_obtained":[{"floor":8.0,"key":"Meat on the Bone"},{"floor":9.0,"key":"Singing Bowl"},{"floor":23.0,"key":"Red Skull"},{"floor":23.0,"key":"Bottled Tornado"},{"floor":26.0,"key":"Dream Catcher"},{"floor":43.0,"key":"Oddly Smooth Stone"}],"event_choices":[{"damage_healed":0.0,"max_hp_gain":0.0,"max_hp_loss":0.0,"gold_gain":0.0,"event_name":"Big Fish","player_choice":"Box","floor":2.0,"gold_loss":0.0,"damage_taken":0.0,"relics_obtained":["Happy Flower"],"cards_obtained":["Regret"]},{"damage_healed":0.0,"max_hp_gain":0.0,"max_hp_loss":0.0,"gold_gain":0.0,"event_name":"Golden Idol","player_choice":"Take Wound","floor":3.0,"gold_loss":0.0,"damage_taken":0.0,"relics_obtained":["Golden Idol"],"cards_obtained":["Injury"]},{"damage_healed":0.0,"max_hp_gain":0.0,"max_hp_loss":0.0,"gold_gain":0.0,"event_name":"Scrap Ooze","player_choice":"Success","floor":5.0,"gold_loss":0.0,"damage_taken":12.0,"relics_obtained":["Unceasing Top"]},{"damage_healed":20.0,"max_hp_gain":0.0,"max_hp_loss":0.0,"gold_gain":0.0,"event_name":"The Cleric","player_choice":"Healed","floor":11.0,"gold_loss":35.0,"damage_taken":0.0},{"damage_healed":0.0,"max_hp_gain":0.0,"max_hp_loss":0.0,"gold_gain":0.0,"event_name":"Drug Dealer","player_choice":"Obtain J.A.X.","floor":19.0,"gold_loss":0.0,"damage_taken":0.0,"cards_obtained":["J.A.X."]},{"damage_healed":0.0,"max_hp_gain":0.0,"max_hp_loss":0.0,"gold_gain":0.0,"event_name":"Forgotten Altar","player_choice":"Gave Idol","floor":21.0,"relics_lost":["Golden Idol"],"gold_loss":0.0,"damage_taken":0.0,"relics_obtained":["Bloody Idol"]},{"damage_healed":0.0,"max_hp_gain":0.0,"max_hp_loss":0.0,"gold_gain":0.0,"event_name":"Match and Keep!","player_choice":"0 cards matched","floor":22.0,"gold_loss":0.0,"damage_taken":0.0,"cards_obtained":[]},{"damage_healed":0.0,"max_hp_gain":0.0,"max_hp_loss":0.0,"gold_gain":0.0,"event_name":"SecretPortal","player_choice":"Ignored","floor":36.0,"gold_loss":0.0,"damage_taken":0.0},{"damage_healed":0.0,"max_hp_gain":0.0,"max_hp_loss":0.0,"gold_gain":0.0,"event_name":"SensoryStone","player_choice":"Memory 2","floor":39.0,"gold_loss":0.0,"damage_taken":5.0},{"damage_healed":0.0,"max_hp_gain":0.0,"max_hp_loss":0.0,"gold_gain":0.0,"event_name":"Tomb of Lord Red Mask","player_choice":"Ignored","floor":42.0,"gold_loss":0.0,"damage_taken":0.0},{"cards_removed":["Strike_R"],"damage_healed":0.0,"max_hp_gain":0.0,"max_hp_loss":0.0,"gold_gain":0.0,"event_name":"Purifier","player_choice":"Purged","floor":47.0,"gold_loss":0.0,"damage_taken":0.0}],"is_beta":false,"boss_relics":[{"not_picked":["Philosopher\u0027s Stone","Astrolabe"],"picked":"Black Star"},{"not_picked":["Fusion Hammer","Snecko Eye","Runic Dome"]}],"items_purged_floors":[10,20],"is_endless":false,"potions_floor_spawned":[8,13,18,27,30,33,35,38,41],"ascension_level":0}}