{"host":"13o02hya6v6rzuva","time":1612881654,"event":{"mods":["BaseMod","Minty Spire (QoL Compilation)","Relic Stats"],"gold_per_floor":[116,116,133,100,100,126,126,146,172,197,197,62,73,73,73,177,177,177,177,190,190,190],"floor_reached":21,"language":"ENG","playtime":656,"items_purged":[],"score":284,"play_id":"32f4fd0f-d35d-42df-a322-e7913acef2b3","local_time":"20210209154054","is_ascension_mode":true,"campfire_choices":[{"data":"Vigilance","floor":7,"key":"SMITH"},{"data":"LikeWater","floor":11,"key":"SMITH"},{"data":"DeceiveReality","floor":15,"key":"SMITH"}],"circlet_count":0,"master_deck":["Strike_P+1","Strike_P+1","Strike_P+1","Strike_P+1","Defend_P+1","Defend_P+1","Defend_P+1","Defend_P+1","Eruption+1","Vigilance+1","LikeWater+1","LikeWater","LikeWater","WheelKick","Consecrate","DeceiveReality+1","ReachHeaven","Evaluate","ThirdEye","Adaptation","Judgement","CutThroughFate"],"relics":["PureWater","NeowsBlessing","The Courier","Calipers","PreservedInsect","Tiny Chest","SlaversCollar"],"acts_visited":["Exordium","TheCity"],"potions_floor_usage":[18],"damage_taken":[{"damage":0,"enemies":"2 Louse","floor":1,"turns":2},{"damage":0,"enemies":"Cultist","floor":3,"turns":1},{"damage":0,"enemies":"Lagavulin","floor":6,"turns":2},{"damage":2,"enemies":"Jaw Worm","floor":8,"turns":5},{"damage":0,"enemies":"Gremlin Nob","floor":10,"turns":5},{"damage":0,"enemies":"2 Fungi Beasts","floor":13,"turns":2},{"damage":2,"enemies":"Slime Boss","floor":16,"turns":9},{"damage":12,"enemies":"3 Byrds","floor":18,"turns":2},{"damage":0,"enemies":"Spheric Guardian","floor":20,"turns":3},{"damage":68,"enemies":"3 Cultists","floor":21,"turns":6}],"seed_played":"-6025162210918956650","potions_obtained":[{"floor":1,"key":"Swift Potion"},{"floor":3,"key":"BottledMiracle"},{"floor":10,"key":"SmokeBomb"},{"floor":16,"key":"GamblersBrew"},{"floor":20,"key":"GamblersBrew"}],"is_trial":false,"path_per_floor":["M","?","M","$","T","E","R","M","T","E","R","$","M","?","R","B",null,"M","?","M","M"],"character_chosen":"WATCHER","items_purchased":["LikeWater","ReachHeaven","Evaluate","ThirdEye"],"campfire_rested":0,"item_purchase_floors":[4,12,12,12],"current_hp_per_floor":[72,72,72,72,72,72,72,70,70,70,70,70,70,56,56,54,72,60,60,60,0,0],"gold":190,"neow_bonus":"THREE_ENEMY_KILL","is_daily":false,"chose_seed":false,"campfire_upgraded":3,"win_rate":0.0,"timestamp":1612881654,"path_taken":["M","?","M","?","?","E","R","M","T","E","R","$","M","?","R","BOSS","M","?","M","M"],"items_purchased_type":["Card","Card","Card","Card"],"build_version":"2020-12-22","purchased_purges":0,"victory":false,"max_hp_per_floor":[72,72,72,72,72,72,72,72,72,72,72,72,72,72,72,72,72,72,72,72,72,72],"relic_stats":{"counters":[10,37],"Tiny Chest":0,"PreservedInsect":21,"obtain_stats":[{"SlaversCollar":17,"Calipers":5,"NeowsBlessing":0,"Tiny Chest":10,"The Courier":2,"PreservedInsect":6,"PureWater":0},{"SlaversCollar":7,"Calipers":2,"NeowsBlessing":0,"Tiny Chest":5,"The Courier":1,"PreservedInsect":3,"PureWater":0},{"SlaversCollar":26,"Calipers":3,"NeowsBlessing":0,"Tiny Chest":15,"The Courier":2,"PreservedInsect":5,"PureWater":0}]},"card_choices":[{"not_picked":["FollowUp","DeceiveReality"],"picked":"LikeWater","floor":1},{"not_picked":["Swivel","Conclude"],"picked":"LikeWater","floor":3},{"not_picked":["InnerPeace","SashWhip"],"picked":"WheelKick","floor":6},{"not_picked":["Perseverance","Protect"],"picked":"Consecrate","floor":8},{"not_picked":["CutThroughFate","DeusExMachina"],"picked":"DeceiveReality","floor":10},{"not_picked":["WheelKick","Worship"],"picked":"Adaptation","floor":13},{"not_picked":["MasterReality","SpiritShield"],"picked":"Judgement","floor":16},{"not_picked":["Prostrate","FlyingSleeves"],"picked":"CutThroughFate","floor":20}],"player_experience":1203181,"relics_obtained":[{"floor":5,"key":"Calipers"},{"floor":6,"key":"PreservedInsect"},{"floor":10,"key":"Tiny Chest"}],"event_choices":[{"damage_healed":0,"gold_gain":0,"player_choice":"Gave Potion","damage_taken":0,"relics_obtained":["The Courier"],"max_hp_gain":0,"max_hp_loss":0,"event_name":"WeMeetAgain","floor":2,"gold_loss":0},{"damage_healed":0,"gold_gain":0,"player_choice":"Entered Light","damage_taken":14,"max_hp_gain":0,"max_hp_loss":0,"event_name":"Shining Light","floor":14,"gold_loss":0,"cards_upgraded":["Defend_P","Eruption"]},{"damage_healed":0,"gold_gain":0,"player_choice":"Simplicity","damage_taken":0,"max_hp_gain":0,"max_hp_loss":0,"event_name":"Back to Basics","floor":19,"gold_loss":0,"cards_upgraded":["Strike_P","Strike_P","Strike_P","Strike_P","Defend_P","Defend_P","Defend_P"]}],"is_beta":false,"boss_relics":[{"not_picked":["Fusion Hammer","Black Star"],"picked":"SlaversCollar"}],"items_purged_floors":[],"is_endless":false,"potions_floor_spawned":[1,3,10,16,18,20],"killed_by":"3 Cultists","ascension_level":4}}