{"host":"veh3iuu7yass7ajm","time":1612852481,"event":{"mods":["2.2 Compatiblity","BaseMod","Beaked The Cultist","BetterRewards","Clockwork Mod","Colored Map","Colored Powertips","Conspire","DeckTracker","Downfall","GungeonMod","Hermit","Jedi Mod","Minty Spire (QoL Compilation)","RatMod","Relic Relevance Reorder","StSLib","Strawberry Spire","The Animator","The Death Knight","Unknown Chances","Waifu the Spire"],"gold_per_floor":[109,127,153,84,104,104,104],"floor_reached":6,"language":"ENG","playtime":630,"items_purged":[],"score":36,"play_id":"1b397881-3d07-437e-b062-cdff41d6a92f","local_time":"20210209193441","is_ascension_mode":false,"campfire_choices":[],"circlet_count":0,"master_deck":["Clockwork:Strike","Clockwork:Strike","Clockwork:Strike","Clockwork:Shield","Clockwork:Shield","Clockwork:Shield","Clockwork:Shield","Clockwork:Tinker","Clockwork:WarmUp","Clockwork:PerfectedStrike","Clockwork:Enhance","Clockwork:RitualDaggerMk0"],"relics":["Clockwork:MomentumEngine","strawberrySpire:KineticCharger"],"acts_visited":["Exordium"],"potions_floor_usage":[6],"damage_taken":[{"damage":0,"enemies":"Cultist","floor":1,"turns":9},{"damage":1,"enemies":"2 Louse","floor":2,"turns":5},{"damage":16,"enemies":"Small Slimes","floor":5,"turns":6},{"damage":70,"enemies":"3 Sentries","floor":6,"turns":14}],"seed_played":"-5708862278096954353","potions_obtained":[{"floor":2,"key":"Dexterity Potion"}],"is_trial":false,"path_per_floor":["M","M","T","$","M","E"],"character_chosen":"CLOCKWORK","items_purchased":["Clockwork:RitualDaggerMk0"],"campfire_rested":0,"item_purchase_floors":[4],"current_hp_per_floor":[85,84,84,84,68,0,0],"gold":104,"neow_bonus":"REMOVE_CARD","is_daily":false,"chose_seed":false,"campfire_upgraded":0,"win_rate":0.0,"timestamp":1612852481,"path_taken":["M","M","?","$","M","E"],"items_purchased_type":["Card"],"build_version":"2020-12-22","purchased_purges":0,"victory":false,"max_hp_per_floor":[85,85,85,85,85,85,85],"card_choices":[{"not_picked":["Clockwork:CogBarrier","Clockwork:Efficiency"],"picked":"Clockwork:PerfectedStrike","floor":1},{"not_picked":["Clockwork:SystemHardening","Clockwork:AdaptiveShield"],"picked":"Clockwork:Enhance","floor":2},{"not_picked":["Clockwork:Efficiency","Clockwork:Friction","Clockwork:SpringShield"],"picked":"SKIP","floor":5}],"player_experience":159101,"relics_obtained":[{"floor":3,"key":"strawberrySpire:KineticCharger"}],"event_choices":[],"is_beta":false,"boss_relics":[],"items_purged_floors":[],"is_endless":false,"potions_floor_spawned":[2],"killed_by":"3 Sentries","ascension_level":0}}