{"host":"Bilverbakes","time":1612847836,"event":{"mods":["2.2 Compatiblity","AchievementEnabler","BaseMod","Bestiary","Colored Map","Minty Spire (QoL Compilation)","Relic Stats","StSLib","ojb\u0027s Info Mod"],"gold_per_floor":[110,110,36,36,52,83,83,118,167,181,181,198,198,216,216,290,290,305,230,230,241,241,273,273,273,300,300,300,329,329,342,342,416,416,429,429,429,302,302,328,340,362,399,444,474,514,202,213,213,213,213,213,213,40,75,75],"floor_reached":57,"language":"ENG","playtime":3673,"items_purged":["Strike_G","Strike_G","Strike_G"],"score":3043,"play_id":"1eb94604-e5e6-44af-81af-af1e52cf757a","local_time":"20210208231716","is_ascension_mode":true,"campfire_choices":[{"data":"Envenom","floor":7.0,"key":"SMITH"},{"data":"Flechettes","floor":13.0,"key":"SMITH"},{"data":"Bane","floor":15.0,"key":"SMITH"},{"data":"After Image","floor":25.0,"key":"SMITH"},{"data":"Finisher","floor":28,"key":"SMITH"},{"data":"Neutralize","floor":30,"key":"SMITH"},{"data":"Backstab","floor":32,"key":"SMITH"},{"floor":41,"key":"RECALL"},{"data":"Quick Slash","floor":49,"key":"SMITH"},{"data":"After Image","floor":53,"key":"SMITH"}],"circlet_count":0,"master_deck":["AscendersBane","Strike_G","Strike_G","Defend_G","Defend_G","Defend_G","Defend_G","Defend_G","Survivor","Neutralize+1","Quick Slash+1","Envenom+1","Flechettes+1","Blade Dance+1","Bane+1","Dodge and Roll+1","Escape Plan+1","After Image+1","Expertise+1","Night Terror+1","Prepared+1","Blade Dance+1","Ghostly+1","Ghostly+1","Ghostly+1","Backstab+1","Prepared+1","After Image+1","Forethought+1","Concentrate+1","Night Terror+1","Adrenaline+1","PiercingWail+1","Catalyst+1","Tactician+1","Flechettes+1"],"relics":["Ring of the Snake","Snake Skull","Toy Ornithopter","Toxic Egg 2","Dream Catcher","Runic Pyramid","Meat on the Bone","Akabeko","Smiling Mask","Boot","Coffee Dripper","MawBank","Blood Vial","InkBottle","Ancient Tea Set","Pantograph","Bronze Scales"],"acts_visited":["Exordium","TheCity","TheBeyond","TheEnding"],"potions_floor_usage":[44,48,56,56],"damage_taken":[{"damage":0.0,"enemies":"Jaw Worm","floor":1.0,"turns":6.0},{"damage":4.0,"enemies":"Cultist","floor":5.0,"turns":3.0},{"damage":7.0,"enemies":"Lagavulin","floor":6.0,"turns":6.0},{"damage":38.0,"enemies":"Gremlin Nob","floor":8.0,"turns":5.0},{"damage":0.0,"enemies":"2 Louse","floor":10.0,"turns":2.0},{"damage":2.0,"enemies":"Red Slaver","floor":12.0,"turns":2.0},{"damage":0.0,"enemies":"Gremlin Gang","floor":14.0,"turns":4.0},{"damage":1.0,"enemies":"Slime Boss","floor":16.0,"turns":7.0},{"damage":3.0,"enemies":"2 Thieves","floor":18.0,"turns":4.0},{"damage":16.0,"enemies":"Shell Parasite","floor":21.0,"turns":3.0},{"damage":29.0,"enemies":"Book of Stabbing","floor":23.0,"turns":3.0},{"damage":6,"enemies":"Gremlin Leader","floor":29,"turns":7},{"damage":14,"enemies":"Snake Plant","floor":31,"turns":4},{"damage":0,"enemies":"Automaton","floor":33,"turns":13},{"damage":0,"enemies":"Orb Walker","floor":35,"turns":3},{"damage":0,"enemies":"Nemesis","floor":40,"turns":7},{"damage":1,"enemies":"3 Shapes","floor":42,"turns":3},{"damage":11,"enemies":"Giant Head","floor":44,"turns":8},{"damage":0,"enemies":"Transient","floor":45,"turns":6},{"damage":0,"enemies":"Nemesis","floor":46,"turns":6},{"damage":0,"enemies":"Jaw Worm Horde","floor":48,"turns":5},{"damage":10,"enemies":"Donu and Deca","floor":50,"turns":13},{"damage":15,"enemies":"Awakened One","floor":51,"turns":13},{"damage":0,"enemies":"Shield and Spear","floor":55,"turns":9},{"damage":15,"enemies":"The Heart","floor":56,"turns":12}],"seed_played":"-8999538545615885010","potions_obtained":[{"floor":6.0,"key":"Dexterity Potion"},{"floor":10.0,"key":"AttackPotion"},{"floor":21.0,"key":"Explosive Potion"},{"floor":29,"key":"Explosive Potion"},{"floor":40,"key":"SkillPotion"},{"floor":45,"key":"Ancient Potion"},{"floor":46,"key":"LiquidMemories"}],"is_trial":false,"path_per_floor":["M","?","$","T","M","E","R","E","T","M","?","M","R","M","R","B",null,"M","$","?","M","T","E","?","R","T","?","R","E","R","M","R","B",null,"M","?","?","$","?","E","R","M","T","E","M","E","$","M","R","B","B",null,"R","$","E","B",null],"character_chosen":"THE_SILENT","items_purchased":["Envenom","Concentrate+1","Pantograph","Tactician+1","LiquidMemories"],"campfire_rested":0,"item_purchase_floors":[3,38,47,54,54],"current_hp_per_floor":[59,50,50,50,46,39,39,1,1,1,66,64,64,64,64,63,65,63,63,63,50,50,38,38,38,38,33,33,27,27,25,25,25,31,31,31,31,31,31,31,31,30,30,22,24,26,26,33,33,23,18,29,29,29,31,21],"gold":75,"neow_bonus":"RANDOM_COMMON_RELIC","is_daily":false,"chose_seed":false,"campfire_upgraded":9,"win_rate":0.0,"timestamp":1612847836,"path_taken":["M","?","$","?","M","E","R","E","T","M","?","M","R","M","R","BOSS","M","$","?","?","?","E","?","R","T","?","R","E","R","M","R","BOSS","M","?","?","$","?","E","R","M","T","E","M","E","?","M","R","BOSS","BOSS","R","$","E","BOSS"],"items_purchased_type":["Card","Card","Relic","Card","Potion"],"build_version":"2020-12-18","purchased_purges":3,"victory":true,"max_hp_per_floor":[66,66,66,66,66,66,66,66,66,66,66,66,66,66,66,66,66,66,66,66,66,66,66,66,66,66,33,33,33,33,33,33,33,33,33,33,33,33,33,33,33,33,33,33,33,33,33,33,33,33,33,33,33,33,33,33],"relic_stats":{"counters":[25,154],"Snake Skull":[444],"Smiling Mask":125,"Boot":[323],"MawBank":84,"Blood Vial":10,"Dream Catcher":0,"Pantograph":12,"Bronze Scales":[189],"obtain_stats":[{"Snake Skull":0,"Smiling Mask":26,"Boot":29,"MawBank":40,"Ancient Tea Set":46,"Akabeko":23,"Blood Vial":43,"Dream Catcher":9,"Pantograph":47,"Bronze Scales":55,"Coffee Dripper":34,"Toxic Egg 2":8,"Toy Ornithopter":6,"InkBottle":44,"Ring of the Snake":0,"Runic Pyramid":17,"Meat on the Bone":22},{"Snake Skull":0,"Smiling Mask":11,"Boot":12,"MawBank":16,"Ancient Tea Set":20,"Akabeko":11,"Blood Vial":17,"Dream Catcher":4,"Pantograph":20,"Bronze Scales":24,"Coffee Dripper":14,"Toxic Egg 2":4,"Toy Ornithopter":3,"InkBottle":18,"Ring of the Snake":0,"Runic Pyramid":8,"Meat on the Bone":10},{"Snake Skull":0,"Smiling Mask":45,"Boot":52,"MawBank":79,"Ancient Tea Set":102,"Akabeko":45,"Blood Vial":82,"Dream Catcher":20,"Pantograph":102,"Bronze Scales":142,"Coffee Dripper":69,"Toxic Egg 2":20,"Toy Ornithopter":15,"InkBottle":90,"Ring of the Snake":0,"Runic Pyramid":35,"Meat on the Bone":42}],"Toy Ornithopter":18,"InkBottle":[43],"Ring of the Snake":[50],"Meat on the Bone":24},"card_choices":[{"not_picked":["Cloak And Dagger","Bane"],"picked":"Quick Slash","floor":1.0},{"not_picked":["Cloak And Dagger","Escape Plan"],"picked":"Dash","floor":5.0},{"not_picked":["Calculated Gamble","Slice"],"picked":"Flechettes","floor":6.0},{"not_picked":["Leg Sweep+1","Deflect+1"],"picked":"Blade Dance+1","floor":8.0},{"not_picked":["Dagger Spray","Backflip+1"],"picked":"Bane","floor":10.0},{"not_picked":["Dagger Throw","Flechettes"],"picked":"Dodge and Roll+1","floor":12.0},{"not_picked":["Predator","Eviscerate"],"picked":"Escape Plan+1","floor":14.0},{"not_picked":["Unload","Doppelganger+1"],"picked":"After Image","floor":16.0},{"not_picked":["Outmaneuver+1","Infinite Blades"],"picked":"Expertise+1","floor":18.0},{"not_picked":["Endless Agony","Well Laid Plans"],"picked":"Blade Dance+1","floor":21.0},{"not_picked":["Bouncing Flask+1","Expertise+1","Finisher"],"picked":"SKIP","floor":23.0},{"not_picked":["Quick Slash","Bane"],"picked":"Backstab","floor":29},{"not_picked":["Endless Agony+1","Flechettes"],"picked":"Prepared+1","floor":31},{"not_picked":["Grand Finale","Envenom"],"picked":"After Image","floor":33},{"not_picked":["Quick Slash","Dash+1","Sucker Punch"],"picked":"SKIP","floor":35},{"not_picked":["Madness+1","Enlightenment+1"],"picked":"Forethought+1","floor":37},{"not_picked":["Well Laid Plans","Backflip+1"],"picked":"Night Terror+1","floor":40},{"not_picked":["Dagger Throw","Dagger Spray","Poisoned Stab"],"picked":"SKIP","floor":42},{"not_picked":["Quick Slash+1","Dash+1"],"picked":"Adrenaline+1","floor":44},{"not_picked":["Finisher","Setup+1"],"picked":"PiercingWail+1","floor":45},{"not_picked":["Dagger Spray","Quick Slash"],"picked":"Catalyst+1","floor":46},{"not_picked":["Slice+1","Quick Slash+1","Deflect+1"],"picked":"SKIP","floor":48},{"not_picked":["Bane","Prepared+1"],"picked":"Flechettes+1","floor":55}],"player_experience":922268,"relics_obtained":[{"floor":6.0,"key":"Toy Ornithopter"},{"floor":8.0,"key":"Toxic Egg 2"},{"floor":9.0,"key":"Dream Catcher"},{"floor":22.0,"key":"Meat on the Bone"},{"floor":23.0,"key":"Akabeko"},{"floor":26.0,"key":"Smiling Mask"},{"floor":29,"key":"Boot"},{"floor":40,"key":"MawBank"},{"floor":43,"key":"Blood Vial"},{"floor":44,"key":"InkBottle"},{"floor":46,"key":"Ancient Tea Set"},{"floor":55,"key":"Bronze Scales"}],"event_choices":[{"damage_healed":0.0,"max_hp_gain":0.0,"max_hp_loss":0.0,"gold_gain":0.0,"event_name":"Wheel of Change","player_choice":"Damaged","floor":2.0,"gold_loss":0.0,"damage_taken":9.0},{"cards_removed":["Dash"],"damage_healed":65.0,"max_hp_gain":0.0,"max_hp_loss":0.0,"gold_gain":0.0,"event_name":"Bonfire Elementals","player_choice":"Offered Uncommon","floor":11.0,"gold_loss":0.0,"damage_taken":0.0},{"damage_healed":0.0,"max_hp_gain":0.0,"max_hp_loss":0.0,"gold_gain":0.0,"event_name":"Match and Keep!","player_choice":"3 cards matched","floor":20.0,"gold_loss":0.0,"damage_taken":0.0,"cards_obtained":["Night Terror","Prepared","Finisher"]},{"damage_healed":0.0,"max_hp_gain":0.0,"max_hp_loss":0.0,"gold_gain":0.0,"event_name":"The Mausoleum","player_choice":"Ignored","floor":24.0,"gold_loss":0.0,"damage_taken":0.0},{"damage_healed":0,"gold_gain":0,"player_choice":"Became a Ghost","damage_taken":0,"max_hp_gain":0,"max_hp_loss":33,"event_name":"Ghosts","floor":27,"gold_loss":0,"cards_obtained":["Ghostly","Ghostly","Ghostly"]},{"cards_removed":["Finisher"],"damage_healed":0,"gold_gain":0,"player_choice":"Removed Attack","damage_taken":0,"max_hp_gain":0,"max_hp_loss":0,"event_name":"Falling","floor":36,"gold_loss":0},{"damage_healed":0,"gold_gain":0,"player_choice":"Memory 1","damage_taken":0,"max_hp_gain":0,"max_hp_loss":0,"event_name":"SensoryStone","floor":37,"gold_loss":0},{"damage_healed":0,"gold_gain":0,"player_choice":"Ignored","damage_taken":0,"max_hp_gain":0,"max_hp_loss":0,"event_name":"Tomb of Lord Red Mask","floor":39,"gold_loss":0}],"is_beta":true,"boss_relics":[{"not_picked":["HoveringKite","Velvet Choker"],"picked":"Runic Pyramid"},{"not_picked":["Sozu","SacredBark"],"picked":"Coffee Dripper"}],"items_purged_floors":[19,38,47],"is_endless":false,"potions_floor_spawned":[6,10,12,21,29,40,45,46],"ascension_level":20}}