{"host":"o5or1zybx7au40zl","time":1612889320,"event":{"mods":["Act Like it!","Aspiration","BaseMod","Better Third Choice","Conspire","Dota2Spire","GungeonMod","Halation","Hubris","Infinite Spire","Minty Spire (QoL Compilation)","Replay The Spire","Robot Space Explorer","StSLib","The Jungle","Yuri Mod"],"gold_per_floor":[114,149,222,222,240,240,276,294,294,313,313,332,364,382,382,487,487,403,417,417,417,417],"floor_reached":21,"language":"ENG","playtime":413,"items_purged":[],"score":241,"play_id":"d658cfa9-d95b-483c-9355-ef95e51242c2","local_time":"20210209174840","is_ascension_mode":false,"campfire_choices":[{"data":"Creative AI","floor":6,"key":"SMITH"},{"floor":15,"key":"REST"}],"circlet_count":0,"master_deck":["DemoMod:Strike_Huntress","DemoMod:Strike_Huntress","DemoMod:Strike_Huntress","DemoMod:Defend_Huntress","DemoMod:Defend_Huntress","DemoMod:Defend_Huntress","DemoMod:Defend_Huntress","DemoMod:Roll","DemoMod:ManualReload","DemoMod:RustySidearm","DemoMod:CrossBow","DemoMod:Casey","Creative AI+1","DemoMod:Gungine","Parasite","DemoMod:Unity","DemoMod:HuntsMan","DemoMod:DoubleVision","DemoMod:DoubleVision","Writhe","conspire:NecroticWound","DemoMod:Eureka"],"relics":["DemoMod:Dog","NeowsBlessing","halation:KoshaPiece","Dota2Spire:DivineRapier","Toy Ornithopter","Sundial","Replay:Ancient Bell","Dota2Spire:EchoSabre","Pear","DemoMod:SevenLeafClover"],"acts_visited":["Exordium","Exordium"],"potions_floor_usage":[13,14,16],"damage_taken":[{"damage":0,"enemies":"Cultist","floor":1,"turns":1},{"damage":0,"enemies":"Small Slimes","floor":2,"turns":2},{"damage":0,"enemies":"Small Slimes","floor":5,"turns":1},{"damage":20,"enemies":"Gremlin Nob","floor":7,"turns":3},{"damage":11,"enemies":"Jaw Worm","floor":8,"turns":2},{"damage":0,"enemies":"Exordium Wildlife","floor":10,"turns":2},{"damage":0,"enemies":"3 Louse","floor":12,"turns":1},{"damage":23,"enemies":"3 Sentries","floor":13,"turns":3},{"damage":2,"enemies":"2 Fungi Beasts","floor":14,"turns":2},{"damage":0,"enemies":"Slime Boss","floor":16,"turns":3},{"damage":0,"enemies":"theJungle:GiantWrat","floor":18,"turns":2},{"damage":22,"enemies":"theJungle:5_Spyders","floor":19,"turns":3},{"damage":61,"enemies":"theJungle:Lyon","floor":21,"turns":3}],"seed_played":"-1121326304210449051","potions_obtained":[{"floor":7,"key":"Languid Potion"},{"floor":8,"key":"Explosive Potion"},{"floor":12,"key":"FearPotion"},{"floor":13,"key":"SpeedPotion"},{"floor":14,"key":"LiquidBronze"}],"is_trial":false,"path_per_floor":["M","?","?","?","M","R","E","M","T","M","?","M","E","M","R","B",null,"M","M","?","M"],"character_chosen":"HUNTRESS","items_purchased":[],"campfire_rested":1,"item_purchase_floors":[],"current_hp_per_floor":[70,70,70,50,50,50,30,19,19,19,36,36,18,21,42,47,80,80,58,58,0,0],"gold":417,"neow_bonus":"THREE_ENEMY_KILL","is_daily":false,"chose_seed":false,"campfire_upgraded":1,"win_rate":0.0,"timestamp":1612889320,"path_taken":["M","?","?","?","M","R","E","M","T","?","?","M","E","M","R","BOSS","M","M","?","M"],"items_purchased_type":[],"build_version":"2020-12-22","purchased_purges":0,"victory":false,"max_hp_per_floor":[70,70,70,70,70,70,70,70,70,70,70,70,70,70,70,70,80,80,80,80,80,80],"card_choices":[{"not_picked":["DemoMod:AC15","DemoMod:FeignSurrender"],"picked":"DemoMod:Casey","floor":1},{"not_picked":["DemoMod:PotionOfGunFriendShip","DemoMod:BoxingGlove","DemoMod:StickyCrossBow"],"picked":"SKIP","floor":2},{"not_picked":["DemoMod:DoubleSwitch","DemoMod:StickyCrossBow","DemoMod:HardPowerCard"],"picked":"SKIP","floor":5},{"not_picked":["DemoMod:Ejector","DemoMod:PracticeMakesPerfect","DemoMod:FastSwitch"],"picked":"SKIP","floor":7},{"not_picked":["DemoMod:BattleInHaste","DemoMod:DoubleSwitch","DemoMod:PracticeMakesPerfect"],"picked":"SKIP","floor":8},{"not_picked":["DemoMod:JK47","DemoMod:ZorGun"],"picked":"DemoMod:Gungine","floor":10},{"not_picked":["DemoMod:HighKaliber","DemoMod:StickyCrossBow"],"picked":"DemoMod:Unity","floor":12},{"not_picked":["DemoMod:Unity","DemoMod:HungryBullets"],"picked":"DemoMod:HuntsMan","floor":13},{"not_picked":["DemoMod:TableSutra","DemoMod:FastSwitch"],"picked":"DemoMod:DoubleVision","floor":14},{"not_picked":["DemoMod:PotionOfGunFriendShip","DemoMod:GunstockTap","DemoMod:FastSwitch"],"picked":"SKIP","floor":14},{"not_picked":["DemoMod:Eureka","DemoMod:FightSabre"],"picked":"DemoMod:DoubleVision","floor":16},{"not_picked":["Languid","ReplayTheSpireMod:Splinters"],"picked":"ReplayTheSpireMod:IOU","floor":17},{"not_picked":["hubris:Greed","Replay:Hysterical Blindness"],"picked":"Writhe","floor":17},{"not_picked":["ReplayTheSpireMod:Restless Dread","Pain"],"picked":"conspire:NecroticWound","floor":17},{"not_picked":["DemoMod:CursedBullets","DemoMod:PracticeMakesPerfect","DemoMod:StickyCrossBow"],"picked":"SKIP","floor":18},{"not_picked":["DemoMod:Casey+1","DemoMod:MachoBrace"],"picked":"DemoMod:Eureka","floor":19}],"player_experience":996794,"relics_obtained":[{"floor":2,"key":"halation:KoshaPiece"},{"floor":7,"key":"Toy Ornithopter"},{"floor":13,"key":"Sundial"}],"event_choices":[{"damage_healed":0,"gold_gain":73,"player_choice":"Gained Gold","damage_taken":0,"max_hp_gain":0,"max_hp_loss":0,"event_name":"Golden Wing","floor":3,"gold_loss":0},{"damage_healed":17,"gold_gain":0,"player_choice":"Healed and dodged fight","damage_taken":0,"max_hp_gain":0,"max_hp_loss":0,"event_name":"Mushrooms","floor":11,"gold_loss":0,"cards_obtained":["Parasite"]}],"is_beta":false,"boss_relics":[{"not_picked":["Black Star","conspire:RoyalGoblet"],"picked":"Replay:Ancient Bell"},{"not_picked":["Centennial Puzzle","Art of War"],"picked":"Dota2Spire:EchoSabre"},{"not_picked":["Molten Egg 2","conspire:DecoderRing"],"picked":"Pear"},{"not_picked":["Dota2Spire:ShivaGuard","Ice Cream"],"picked":"DemoMod:SevenLeafClover"}],"items_purged_floors":[],"is_endless":false,"potions_floor_spawned":[7,8,12,13,14],"killed_by":"theJungle:Lyon","ascension_level":0}}