{"host":"sccdx89hs6cnwb1o","time":1612903646,"event":{"mods":["AchievementEnabler","BaseMod","Colored Powertips","Highlight Path","Minty Spire (QoL Compilation)"],"gold_per_floor":[110,110,124,4,20,49,49,68,92,92,92,111,124,136,136,237,237,250,261,261,261,311,311,345,362,362,362,362,375,167,183,183,183,183],"floor_reached":33,"language":"DEU","playtime":2840,"items_purged":[],"score":369,"play_id":"3527e0bf-526f-4f46-b10d-bcb452bb2cb5","local_time":"20210209214726","is_ascension_mode":false,"campfire_choices":[{"data":"Catalyst","floor":7,"key":"SMITH"},{"data":"Noxious Fumes","floor":10,"key":"SMITH"},{"floor":15,"key":"REST"},{"data":"Deadly Poison","floor":23,"key":"SMITH"},{"floor":27,"key":"REST"},{"floor":32,"key":"REST"}],"circlet_count":0,"master_deck":["Strike_G+1","Strike_G+1","Strike_G+1","Strike_G+1","Defend_G+1","Defend_G+1","Defend_G+1","Defend_G+1","Survivor","Neutralize","Dash","Dagger Throw","Catalyst+1","Poisoned Stab","Dodge and Roll","Noxious Fumes+1","Outmaneuver","Poisoned Stab","Quick Slash","Footwork","Adrenaline","Deadly Poison+1","Deadly Poison+1","Slice","Masterful Stab","Acrobatics","Bane","Poisoned Stab"],"relics":["Ring of the Snake","Oddly Smooth Stone","Vajra","Anchor","Philosopher\u0027s Stone","Juzu Bracelet","HornCleat","Strawberry"],"acts_visited":["Exordium","TheCity"],"potions_floor_usage":[6,16,24,25,33,33],"damage_taken":[{"damage":0,"enemies":"2 Louse","floor":1,"turns":2},{"damage":0,"enemies":"Cultist","floor":3,"turns":4},{"damage":0,"enemies":"Jaw Worm","floor":5,"turns":3},{"damage":21,"enemies":"Gremlin Nob","floor":6,"turns":6},{"damage":0,"enemies":"Large Slime","floor":8,"turns":5},{"damage":0,"enemies":"2 Fungi Beasts","floor":12,"turns":3},{"damage":0,"enemies":"Exordium Thugs","floor":13,"turns":4},{"damage":5,"enemies":"Large Slime","floor":14,"turns":4},{"damage":0,"enemies":"Hexaghost","floor":16,"turns":8},{"damage":4,"enemies":"Chosen","floor":18,"turns":5},{"damage":16,"enemies":"Spheric Guardian","floor":19,"turns":5},{"damage":0,"enemies":"Slavers","floor":24,"turns":5},{"damage":3,"enemies":"Cultist and Chosen","floor":25,"turns":4},{"damage":22,"enemies":"Centurion and Healer","floor":29,"turns":5},{"damage":0,"enemies":"3 Cultists","floor":31,"turns":5},{"damage":84,"enemies":"Collector","floor":33,"turns":7}],"seed_played":"6333066273167078962","potions_obtained":[{"floor":0,"key":"EssenceOfSteel"},{"floor":0,"key":"ColorlessPotion"},{"floor":0,"key":"SpeedPotion"},{"floor":6,"key":"DistilledChaos"},{"floor":8,"key":"LiquidBronze"},{"floor":13,"key":"FearPotion"},{"floor":14,"key":"GhostInAJar"},{"floor":19,"key":"Fire Potion"},{"floor":24,"key":"SmokeBomb"}],"is_trial":false,"path_per_floor":["M","?","M","$","M","E","R","M","T","R","$","M","M","M","R","B",null,"M","M","?","?","?","R","E","M","T","R","?","M","$","M","R","B"],"character_chosen":"THE_SILENT","items_purchased":["Catalyst","Poisoned Stab","Strawberry","Poison Potion"],"campfire_rested":3,"item_purchase_floors":[4,4,30,30],"current_hp_per_floor":[70,70,70,70,70,49,49,49,49,49,49,49,49,44,65,65,70,66,50,50,50,50,50,50,47,47,68,68,46,53,53,76,0,0],"gold":183,"neow_bonus":"THREE_SMALL_POTIONS","is_daily":false,"chose_seed":false,"campfire_upgraded":3,"win_rate":0.0,"timestamp":1612903646,"path_taken":["M","?","M","?","M","E","R","M","T","R","$","M","M","M","R","BOSS","M","M","?","?","?","R","E","M","T","R","?","M","$","M","R","BOSS"],"items_purchased_type":["Card","Card","Relic","Potion"],"build_version":"2020-12-22","purchased_purges":0,"victory":false,"max_hp_per_floor":[70,70,70,70,70,70,70,70,70,70,70,70,70,70,70,70,70,70,70,70,70,70,70,70,70,70,70,70,70,77,77,77,77,77],"card_choices":[{"not_picked":["Deflect","Backflip"],"picked":"Dash","floor":1},{"not_picked":["Flechettes","Prepared"],"picked":"Dagger Throw","floor":3},{"not_picked":["Flechettes","Acrobatics"],"picked":"Dodge and Roll","floor":5},{"not_picked":["Acrobatics","Corpse Explosion"],"picked":"Noxious Fumes","floor":6},{"not_picked":["Underhanded Strike","Predator"],"picked":"Outmaneuver","floor":8},{"not_picked":["Slice","Dagger Throw"],"picked":"Poisoned Stab","floor":12},{"not_picked":["Outmaneuver","Sucker Punch"],"picked":"Quick Slash","floor":13},{"not_picked":["Acrobatics","Tools of the Trade"],"picked":"Footwork","floor":14},{"not_picked":["Glass Knife","Phantasmal Killer"],"picked":"Adrenaline","floor":16},{"not_picked":["Dagger Spray+1","Bouncing Flask"],"picked":"Deadly Poison+1","floor":18},{"not_picked":["Backflip","Finisher"],"picked":"Deadly Poison","floor":19},{"not_picked":["Glass Knife","Blade Dance"],"picked":"Acrobatics","floor":24},{"not_picked":["Quick Slash","Acrobatics"],"picked":"Bane","floor":25},{"not_picked":["Dagger Spray","Calculated Gamble","Predator"],"picked":"SKIP","floor":29},{"not_picked":["Envenom","Bane"],"picked":"Poisoned Stab","floor":31}],"player_experience":42880,"relics_obtained":[{"floor":6,"key":"Vajra"},{"floor":9,"key":"Anchor"},{"floor":24,"key":"Juzu Bracelet"},{"floor":26,"key":"HornCleat"}],"event_choices":[{"damage_healed":0,"gold_gain":0,"player_choice":"Gave Potion","damage_taken":0,"relics_obtained":["Oddly Smooth Stone"],"max_hp_gain":0,"max_hp_loss":0,"event_name":"WeMeetAgain","floor":2,"gold_loss":0},{"damage_healed":0,"gold_gain":0,"player_choice":"Ignored","damage_taken":0,"max_hp_gain":0,"max_hp_loss":0,"event_name":"Vampires","floor":20,"gold_loss":0},{"damage_healed":0,"gold_gain":0,"cards_transformed":["Strike_G","Defend_G"],"player_choice":"Became Test Subject","damage_taken":0,"max_hp_gain":0,"max_hp_loss":0,"event_name":"Drug Dealer","floor":21,"gold_loss":0,"cards_obtained":["Slice","Masterful Stab"]},{"damage_healed":0,"gold_gain":100,"player_choice":"Bet on Murderer","damage_taken":0,"max_hp_gain":0,"max_hp_loss":0,"event_name":"The Joust","floor":22,"gold_loss":50},{"damage_healed":0,"gold_gain":0,"player_choice":"Simplicity","damage_taken":0,"max_hp_gain":0,"max_hp_loss":0,"event_name":"Back to Basics","floor":28,"gold_loss":0,"cards_upgraded":["Strike_G","Strike_G","Strike_G","Strike_G","Defend_G","Defend_G","Defend_G","Defend_G"]}],"is_beta":false,"boss_relics":[{"not_picked":["SacredBark","Ectoplasm"],"picked":"Philosopher\u0027s Stone"}],"items_purged_floors":[],"is_endless":false,"potions_floor_spawned":[6,8,13,14,19,24,31],"killed_by":"Collector","ascension_level":0}}