{"host":"6xsbn6ynqlzwllfm","time":1612899456,"event":{"mods":["2.2 Compatiblity","BaseMod","Bestiary","Colored Map","Colored Powertips","Curses Come First","Highlight Path","Keyboard Shortcuts","Minty Spire (QoL Compilation)","Relic Stats","Slay the Relics Exporter","StSLib","SuperFastMode"],"gold_per_floor":[113,8,20,20,20,61,61,61,111,111,111],"floor_reached":10,"language":"ENG","playtime":169,"items_purged":["Strike_R"],"score":178,"play_id":"ced0a577-7691-446f-9ce6-01c1a70529de","local_time":"20210209143736","is_ascension_mode":true,"campfire_choices":[{"data":"Demon Form","floor":8,"key":"SMITH"}],"circlet_count":0,"master_deck":["AscendersBane","Strike_R","Strike_R","Strike_R","Defend_R","Defend_R","Defend_R+1","Defend_R","Bash","Combust","Iron Wave","Evolve","Demon Form+1","Shockwave+1"],"relics":["Burning Blood","NeowsBlessing","Golden Idol","Anchor","War Paint","Vajra"],"acts_visited":["Exordium"],"potions_floor_usage":[10],"damage_taken":[{"damage":0,"enemies":"2 Louse","floor":1,"turns":1},{"damage":0,"enemies":"Small Slimes","floor":3,"turns":1},{"damage":0,"enemies":"Lagavulin","floor":6,"turns":1},{"damage":37,"enemies":"Gremlin Nob","floor":10,"turns":5}],"seed_played":"-4634141420719371090","potions_obtained":[{"floor":3,"key":"Dexterity Potion"}],"is_trial":false,"path_per_floor":["M","$","M","?","?","E","?","R","T","E"],"character_chosen":"IRONCLAD","items_purchased":["Iron Wave"],"campfire_rested":0,"item_purchase_floors":[2],"current_hp_per_floor":[74,74,75,49,49,55,37,37,37,0,0],"gold":111,"neow_bonus":"THREE_ENEMY_KILL","is_daily":false,"chose_seed":false,"campfire_upgraded":1,"win_rate":0.0,"timestamp":1612899456,"path_taken":["M","$","M","?","?","E","?","R","T","E"],"items_purchased_type":["Card"],"build_version":"2020-12-22","purchased_purges":1,"victory":false,"max_hp_per_floor":[75,75,75,75,75,75,75,75,75,75,75],"relic_stats":{"counters":[4,8],"Golden Idol":8,"War Paint":["Defend_R","Shockwave"],"obtain_stats":[{"Anchor":6,"NeowsBlessing":0,"Golden Idol":4,"Vajra":9,"War Paint":7,"Burning Blood":0},{"Anchor":3,"NeowsBlessing":0,"Golden Idol":2,"Vajra":3,"War Paint":3,"Burning Blood":0},{"Anchor":3,"NeowsBlessing":0,"Golden Idol":2,"Vajra":3,"War Paint":3,"Burning Blood":0}],"Burning Blood":13},"card_choices":[{"not_picked":["Headbutt","Body Slam"],"picked":"Combust","floor":1},{"not_picked":["Heavy Blade","Combust"],"picked":"Evolve","floor":3},{"not_picked":["Flex","Shrug It Off"],"picked":"Shockwave","floor":6}],"player_experience":1419487,"relics_obtained":[{"floor":6,"key":"Anchor"},{"floor":9,"key":"Vajra"}],"event_choices":[{"damage_healed":0,"gold_gain":0,"player_choice":"Take Damage","damage_taken":26,"relics_obtained":["Golden Idol"],"max_hp_gain":0,"max_hp_loss":0,"event_name":"Golden Idol","floor":4,"gold_loss":0},{"damage_healed":0,"gold_gain":0,"cards_transformed":["Strike_R"],"player_choice":"Change","damage_taken":0,"max_hp_gain":0,"max_hp_loss":0,"event_name":"Living Wall","floor":5,"gold_loss":0,"cards_obtained":["Demon Form"]},{"damage_healed":0,"gold_gain":0,"player_choice":"Success","damage_taken":18,"relics_obtained":["War Paint"],"max_hp_gain":0,"max_hp_loss":0,"event_name":"Scrap Ooze","floor":7,"gold_loss":0}],"is_beta":false,"boss_relics":[],"items_purged_floors":[2],"is_endless":false,"potions_floor_spawned":[3],"killed_by":"Gremlin Nob","ascension_level":20}}