{"host":"j5j96s76v36ug78u","time":1612899681,"event":{"mods":["BaseMod","Better Third Choice","Hermit","Highlight Path","JesterMod","Jorbs\u0027s Wanderer Trilogy","Marisa????????","Minty Spire (QoL Compilation)","Onozuka Komachi Mod","Potion Indicator Mod","Reliquary","Robot Space Explorer","StSLib","The Animator","The Blue Laboratory","The Bug Knight","The Clintock","The Cursed","The Hayseed","The Marked","The Spell Scribe","The Valiant"],"gold_per_floor":[111,140,140,160,122,160,160,195,195,256,279,331,361,382,382,511,511,525,525,525,560,4,4,38,38,62,80,117,157,1,15,15,143,143,168,189,213,238,238,238,277,277,300,331,354,576,621,364,364,364,364],"floor_reached":52,"language":"ENG","playtime":12003,"items_purged":["animator:Defend","animator:Defend"],"score":890,"play_id":"20e68b35-5555-48c6-9e7c-746e45dae025","local_time":"20210209164121","is_ascension_mode":true,"campfire_choices":[{"data":"animator:IzunaHatsuse","floor":7,"key":"SMITH"},{"data":"animator:IzunaHatsuse","floor":15,"key":"SMITH"},{"data":"animator:KrulTepes","floor":23,"key":"SMITH"},{"data":"animator:Sora","floor":32,"key":"SMITH"},{"data":"animator:Sora","floor":40,"key":"SMITH"},{"data":"animator:DolaSchwi","floor":42,"key":"SMITH"}],"circlet_count":0,"master_deck":["animator:Defend_NoGameNoLife","animator:Defend","animator:DolaSchwi","animator:DolaCouronne","animator:KrulTepes+1","animator:IzunaHatsuse+1","animator:IzunaHatsuse+1","animator:FielNirvalen","animator:Arpeggio","animator:Entoma+5","animator:DolaStephanie","animator:DolaCouronne","animator:Sora+1","animator:DolaSchwi+1","RitualDagger","animator:FielNirvalen","Bite","Bite","Bite","Bite","Bite","animator:DolaSchwi+1","animator:ChlammyZell","animator:KrulTepes","animator:PinaCoLada","animator:FielNirvalen","animator:FeridBathory","animator:DolaCouronne+1","animator:Sora+1","animator:Kagari","animator:HarukoHaruhara","animator:QuestionMark","animator:DolaRiku","animator:Yuuichirou","animator:Yuuichirou","animator:SayakaMiki+1"],"relics":["animator:VividPicture","animator:ColorlessFragment","animator:PurgingStone","Golden Idol","betterThird:SlimedRelic","Blue Candle","reliquary:QuartzCube","Incense Burner","reliquary:RoseTintedGlasses","Orichalcum","Red Mask","Ginger","reliquary:BoilingFlask","reliquary:WeakTea","TheAbacus","Mark of Pain","reliquary:TridentHead","reliquary:ExpiredCoupon","Pantograph","animator:ExquisiteBloodVial","Akabeko","Medical Kit"],"acts_visited":["Exordium","TheCity","TheBeyond"],"potions_floor_usage":[6,13,16,21,21,29,31,37,38,45,50],"damage_taken":[{"damage":1,"enemies":"Jaw Worm","floor":1,"turns":4},{"damage":0,"enemies":"2 Louse","floor":2,"turns":3},{"damage":0,"enemies":"Small Slimes","floor":4,"turns":4},{"damage":4,"enemies":"Lagavulin","floor":6,"turns":8},{"damage":36,"enemies":"Gremlin Nob","floor":8,"turns":6},{"damage":16,"enemies":"Lagavulin Event","floor":10,"turns":5},{"damage":0,"enemies":"3 Louse","floor":11,"turns":4},{"damage":23,"enemies":"HollowMod:MossKnight","floor":12,"turns":8},{"damage":0,"enemies":"Blue Slaver","floor":13,"turns":5},{"damage":10,"enemies":"Exordium Wildlife","floor":14,"turns":7},{"damage":14,"enemies":"The Guardian","floor":16,"turns":11},{"damage":0,"enemies":"Shell Parasite","floor":18,"turns":8},{"damage":9,"enemies":"Masked Bandits","floor":21,"turns":6},{"damage":8,"enemies":"Book of Stabbing","floor":24,"turns":7},{"damage":2,"enemies":"Chosen","floor":27,"turns":5},{"damage":13,"enemies":"Snake Plant","floor":28,"turns":5},{"damage":22,"enemies":"Slavers","floor":29,"turns":6},{"damage":1,"enemies":"Centurion and Healer","floor":31,"turns":6},{"damage":37,"enemies":"Collector","floor":33,"turns":10},{"damage":15,"enemies":"3 Darklings","floor":35,"turns":7},{"damage":0,"enemies":"Orb Walker","floor":36,"turns":3},{"damage":10,"enemies":"3 Darklings","floor":37,"turns":7},{"damage":19,"enemies":"Jaw Worm Horde","floor":38,"turns":6},{"damage":4,"enemies":"HollowMod:StalkingDevout","floor":41,"turns":11},{"damage":38,"enemies":"Reptomancer","floor":44,"turns":6},{"damage":33,"enemies":"Transient","floor":45,"turns":5},{"damage":37,"enemies":"Giant Head","floor":47,"turns":10},{"damage":7,"enemies":"animator:KrulTepes","floor":50,"turns":9},{"damage":61,"enemies":"Time Eater","floor":51,"turns":12}],"seed_played":"7411937004060695301","potions_obtained":[{"floor":1,"key":"DistilledChaos"},{"floor":8,"key":"blueLaboratory:SavagePotion"},{"floor":10,"key":"Dexterity Potion"},{"floor":13,"key":"PowerPotion"},{"floor":16,"key":"blueLaboratory:FruitPunch"},{"floor":18,"key":"Fire Potion"},{"floor":21,"key":"Swift Potion"},{"floor":27,"key":"SkillPotion"},{"floor":28,"key":"DistilledChaos"},{"floor":33,"key":"Swift Potion"},{"floor":36,"key":"Explosive Potion"},{"floor":38,"key":"Energy Potion"},{"floor":41,"key":"Fire Potion"},{"floor":47,"key":"blueLaboratory:FruitPunch"}],"is_trial":false,"path_per_floor":["M","M","?","M","?","E","R","E","T","?","M","E","M","M","R","B",null,"M","?","?","?","$","R","E","?","T","M","M","E","$","M","R","B",null,"M","M","M","M","?","R","E","R","T","E","M","?","E","$","R","M","B",null],"character_chosen":"THE_ANIMATOR","items_purchased":["Ginger","animator:ColorlessFragment","TheAbacus","Medical Kit"],"campfire_rested":0,"item_purchase_floors":[22,22,30,48],"current_hp_per_floor":[71,71,67,67,56,52,52,17,17,13,21,20,24,20,20,23,71,71,71,65,64,64,64,62,62,62,71,64,59,59,73,73,50,75,72,75,74,60,50,50,75,75,75,53,40,40,31,31,31,85,44],"gold":364,"neow_bonus":"TEN_PERCENT_HP_BONUS","is_daily":false,"chose_seed":false,"campfire_upgraded":6,"win_rate":0.0,"timestamp":1612899681,"path_taken":["M","M","?","M","?","E","R","E","T","?","M","E","M","M","R","BOSS","M","?","?","?","$","R","E","?","T","M","?","E","$","M","R","BOSS","M","M","M","M","?","R","E","R","T","E","M","?","E","$","R","BOSS"],"items_purchased_type":["Relic","Relic","Relic","Relic"],"build_version":"2020-12-22","purchased_purges":2,"victory":true,"max_hp_per_floor":[72,72,67,67,67,67,67,68,68,68,68,68,68,70,70,71,71,71,71,71,73,73,73,73,73,73,73,73,73,73,73,73,75,75,75,75,77,77,77,77,81,81,81,83,83,83,83,83,83,85,87],"card_choices":[{"not_picked":["animator:LeleiLaLalena","animator:DolaCouronne"],"picked":"animator:KrulTepes","floor":1},{"not_picked":["animator:Berserker","animator:Evileye"],"picked":"animator:IzunaHatsuse","floor":2},{"not_picked":["animator:KyokoSakura","animator:RoryMercury","animator:Yuuichirou"],"picked":"SKIP","floor":4},{"not_picked":["animator:Tet","animator:FielNirvalen"],"picked":"animator:IzunaHatsuse","floor":6},{"not_picked":["animator:Witch","animator:Archer"],"picked":"animator:FielNirvalen","floor":8},{"not_picked":["animator:DolaCouronne","animator:LizardPriest"],"picked":"animator:Arpeggio","floor":10},{"not_picked":["animator:Yoichi","animator:Mitsurugi","animator:Aqua"],"picked":"SKIP","floor":11},{"not_picked":["animator:Cocytus","animator:Sebas"],"picked":"animator:Entoma","floor":12},{"not_picked":["animator:Berserker","animator:SakuraMatou"],"picked":"animator:DolaStephanie","floor":13},{"not_picked":["animator:Vanir","animator:Assassin"],"picked":"animator:DolaCouronne","floor":14},{"not_picked":["animator:GoblinSlayer","animator:Saber"],"picked":"animator:Sora","floor":16},{"not_picked":["animator:Cocytus+1","animator:Rena","animator:SakuraMatou+1"],"picked":"SKIP","floor":18},{"not_picked":["animator:Vanir","animator:DolaRiku"],"picked":"animator:FielNirvalen","floor":24},{"not_picked":["animator:Vanir","animator:HiiragiShinya"],"picked":"animator:DolaSchwi+1","floor":27},{"not_picked":["animator:DolaSchwi","animator:DolaCouronne"],"picked":"animator:ChlammyZell","floor":28},{"not_picked":["animator:IrohaTamaki","animator:YaoHaDucy+1","animator:DolaSchwi"],"picked":"SKIP","floor":29},{"not_picked":["animator:EmiyaShirou","animator:Mikaela+1"],"picked":"animator:KrulTepes","floor":31},{"not_picked":["animator:Gilgamesh","animator:Hans"],"picked":"animator:PinaCoLada","floor":33},{"not_picked":["animator:ChlammyZell","animator:DolaCouronne"],"picked":"animator:FielNirvalen","floor":35},{"not_picked":["animator:Chris","animator:SakuraMatou"],"picked":"animator:FeridBathory","floor":36},{"not_picked":["animator:Berserker","animator:YaoHaDucy"],"picked":"animator:DolaCouronne+1","floor":37},{"not_picked":["animator:ChlammyZell","animator:Jibril"],"picked":"animator:Sora","floor":38},{"not_picked":["animator:KotoriKanbe","animator:Kuroyukihime"],"picked":"animator:Kagari","floor":39},{"not_picked":["animator:Kuroyukihime","animator:LimeBell"],"picked":"animator:HarukoHaruhara","floor":39},{"not_picked":["animator:Magilou","animator:Shimakaze"],"picked":"animator:QuestionMark","floor":39},{"not_picked":["animator:Entoma+1","animator:PinaCoLada"],"picked":"animator:DolaRiku","floor":41},{"not_picked":["animator:Elsword","animator:HomuraAkemi"],"picked":"animator:Yuuichirou","floor":44},{"not_picked":["animator:Shinoa","animator:Yoichi"],"picked":"animator:Yuuichirou","floor":45},{"not_picked":["animator:NarberalGamma","animator:FielNirvalen+1"],"picked":"animator:SayakaMiki+1","floor":47}],"player_experience":180153,"relics_obtained":[{"floor":6,"key":"Blue Candle"},{"floor":8,"key":"Blood Vial"},{"floor":8,"key":"reliquary:QuartzCube"},{"floor":9,"key":"Incense Burner"},{"floor":12,"key":"Blood Vial"},{"floor":12,"key":"Orichalcum"},{"floor":16,"key":"Blood Vial"},{"floor":21,"key":"Red Mask"},{"floor":24,"key":"reliquary:BoilingFlask"},{"floor":29,"key":"Blood Vial"},{"floor":29,"key":"reliquary:WeakTea"},{"floor":33,"key":"Blood Vial"},{"floor":41,"key":"reliquary:TridentHead"},{"floor":43,"key":"reliquary:ExpiredCoupon"},{"floor":44,"key":"Blood Vial"},{"floor":44,"key":"Pantograph"},{"floor":47,"key":"animator:ExquisiteBloodVial"},{"floor":47,"key":"Akabeko"}],"event_choices":[{"damage_healed":0,"gold_gain":0,"player_choice":"Lose Max HP","damage_taken":0,"relics_obtained":["Golden Idol"],"max_hp_gain":0,"max_hp_loss":5,"event_name":"Golden Idol","floor":3,"gold_loss":0},{"damage_healed":0,"gold_gain":0,"player_choice":"Slimed","damage_taken":11,"max_hp_gain":0,"max_hp_loss":0,"event_name":"betterThird:BetterGoop","floor":5,"gold_loss":38},{"damage_healed":0,"gold_gain":30,"player_choice":"Searched \u00273\u0027 times","damage_taken":0,"relics_obtained":["reliquary:RoseTintedGlasses"],"max_hp_gain":0,"max_hp_loss":0,"event_name":"Dead Adventurer","floor":10,"gold_loss":0},{"damage_healed":0,"gold_gain":0,"player_choice":"Read","damage_taken":0,"max_hp_gain":0,"max_hp_loss":0,"event_name":"The Library","floor":19,"gold_loss":0,"cards_obtained":["animator:DolaSchwi"]},{"damage_healed":0,"gold_gain":0,"player_choice":"Dagger","damage_taken":6,"max_hp_gain":0,"max_hp_loss":0,"event_name":"betterThird:BetterNest","floor":20,"gold_loss":0,"cards_obtained":["RitualDagger"]},{"damage_healed":0,"gold_gain":0,"player_choice":"Fought Bandits","damage_taken":0,"max_hp_gain":0,"max_hp_loss":0,"event_name":"Masked Bandits","floor":21,"gold_loss":0},{"damage_healed":0,"gold_gain":0,"player_choice":"Became a vampire (Vial)","damage_taken":0,"max_hp_gain":0,"max_hp_loss":0,"event_name":"Vampires","floor":25,"relics_lost":["Blood Vial"],"gold_loss":0,"cards_obtained":["Bite","Bite","Bite","Bite","Bite"]},{"damage_healed":0,"gold_gain":0,"player_choice":"Memory 3","damage_taken":10,"max_hp_gain":0,"max_hp_loss":0,"event_name":"SensoryStone","floor":39,"gold_loss":0},{"damage_healed":0,"gold_gain":222,"player_choice":"Wore Mask","damage_taken":0,"max_hp_gain":0,"max_hp_loss":0,"event_name":"Tomb of Lord Red Mask","floor":46,"gold_loss":0}],"is_beta":false,"boss_relics":[{"not_picked":["Ectoplasm","Pandora\u0027s Box"],"picked":"animator:VividPicture"},{"not_picked":["SacredBark","Empty Cage"],"picked":"Mark of Pain"}],"items_purged_floors":[22,48],"is_endless":false,"potions_floor_spawned":[1,8,10,13,16,18,21,27,28,33,36,38,41,47],"ascension_level":1}}