{"host":"prxrhpgaxnj4om9r","time":1612873137,"event":{"mods":["AchievementEnabler","BaseMod","DeckTracker","Keyboard Shortcuts","Minty Spire (QoL Compilation)"],"gold_per_floor":[113,129,147,147,224,253,264,280,280,90,90,90,109,125,125,227,227,246,257,267,9,9,9,35,35,35,52,105,119,18,18,18],"floor_reached":31,"language":"KOR","playtime":5427,"items_purged":["Regret"],"score":284,"play_id":"e3716f66-0eae-4257-a9fe-20da10cfdae0","local_time":"20210209211857","is_ascension_mode":false,"campfire_choices":[{"floor":11,"key":"REST"},{"floor":15,"key":"REST"},{"data":"Zap","floor":23,"key":"SMITH"},{"floor":25,"key":"REST"}],"circlet_count":0,"master_deck":["Strike_B","Strike_B","Strike_B","Strike_B","Defend_B","Defend_B","Defend_B","Defend_B","Zap+1","Dualcast","Melter","Stack","Self Repair","Creative AI","Redo","Hologram","Gash","Beam Cell","Seek","Go for the Eyes","Self Repair","Ball Lightning","Scrape","Go for the Eyes","Go for the Eyes+1","Melter","FTL"],"relics":["Cracked Core","Strawberry","Question Card","The Courier","Du-Vu Doll","Mummified Hand","Mango","Nuclear Battery","Letter Opener","Sundial","StrikeDummy","Bronze Scales"],"acts_visited":["Exordium","TheCity"],"potions_floor_usage":[7,7,7,8,16,16,19,24,27,31,31,31],"damage_taken":[{"damage":5,"enemies":"Small Slimes","floor":1,"turns":2},{"damage":11,"enemies":"Jaw Worm","floor":2,"turns":2},{"damage":1,"enemies":"Cultist","floor":3,"turns":3},{"damage":47,"enemies":"Gremlin Nob","floor":6,"turns":5},{"damage":0,"enemies":"Lots of Slimes","floor":7,"turns":5},{"damage":6,"enemies":"Large Slime","floor":8,"turns":7},{"damage":33,"enemies":"Gremlin Gang","floor":13,"turns":4},{"damage":15,"enemies":"Looter","floor":14,"turns":3},{"damage":41,"enemies":"Hexaghost","floor":16,"turns":9},{"damage":15,"enemies":"Shell Parasite","floor":18,"turns":4},{"damage":24,"enemies":"2 Thieves","floor":19,"turns":5},{"damage":4,"enemies":"Sentry and Sphere","floor":20,"turns":3},{"damage":61,"enemies":"Book of Stabbing","floor":24,"turns":6},{"damage":31,"enemies":"Chosen and Byrds","floor":27,"turns":5},{"damage":14,"enemies":"Shelled Parasite and Fungi","floor":29,"turns":4},{"damage":45,"enemies":"Gremlin Leader","floor":31,"turns":5}],"seed_played":"-3645729422699418321","potions_obtained":[{"floor":3,"key":"Ancient Potion"},{"floor":6,"key":"EntropicBrew"},{"floor":7,"key":"Block Potion"},{"floor":16,"key":"Block Potion"},{"floor":18,"key":"EssenceOfSteel"},{"floor":20,"key":"PowerPotion"},{"floor":24,"key":"Energy Potion"},{"floor":27,"key":"Strength Potion"}],"is_trial":false,"path_per_floor":["M","M","M","?","?","E","M","M","T","$","R","?","M","M","R","B",null,"M","M","M","$","?","R","E","R","T","M","T","M","$","E"],"character_chosen":"DEFECT","items_purchased":["Mummified Hand","Letter Opener","FTL","Explosive Potion"],"campfire_rested":3,"item_purchase_floors":[10,21,30,30],"current_hp_per_floor":[77,66,65,53,53,13,20,21,21,21,45,59,33,25,53,12,96,88,71,81,81,81,81,34,62,62,45,45,45,45,0,0],"gold":18,"neow_bonus":"RANDOM_COMMON_RELIC","is_daily":false,"chose_seed":false,"campfire_upgraded":1,"win_rate":0.0,"timestamp":1612873137,"path_taken":["M","M","M","?","?","E","M","M","T","$","R","?","?","M","R","BOSS","M","M","M","$","?","R","E","R","T","M","?","?","?","E"],"items_purchased_type":["Relic","Relic","Card","Potion"],"build_version":"2020-12-22","purchased_purges":1,"victory":false,"max_hp_per_floor":[82,82,82,82,82,82,82,82,82,82,82,96,96,96,96,96,96,96,96,96,96,96,96,96,96,96,96,96,96,96,96,96],"card_choices":[{"not_picked":["Barrage","Doom and Gloom"],"picked":"Melter","floor":1},{"not_picked":["White Noise","Cold Snap"],"picked":"Stack","floor":2},{"not_picked":["Heatsinks","Chill"],"picked":"Self Repair","floor":3},{"not_picked":["Barrage","Leap","Meteor Strike"],"picked":"Creative AI","floor":6},{"not_picked":["Reprogram","Chaos","Skim"],"picked":"Redo","floor":7},{"not_picked":["Reinforced Body","Rebound","Cold Snap"],"picked":"Hologram","floor":8},{"not_picked":["Steam","Heatsinks","Ball Lightning"],"picked":"Gash","floor":13},{"not_picked":["Fusion","Capacitor","Turbo"],"picked":"Beam Cell","floor":14},{"not_picked":["Rainbow","Electrodynamics","Buffer"],"picked":"Seek","floor":16},{"not_picked":["Barrage","Stack","Aggregate"],"picked":"Go for the Eyes","floor":18},{"not_picked":["Barrage","Rebound","Melter"],"picked":"Self Repair","floor":19},{"not_picked":["Hologram","Conserve Battery","Skim"],"picked":"Ball Lightning","floor":20},{"not_picked":["Hyperbeam","Fission","Steam Power"],"picked":"Go for the Eyes","floor":24},{"not_picked":["Stack","Genetic Algorithm","Turbo"],"picked":"Go for the Eyes+1","floor":27},{"not_picked":["Double Energy","Redo","Fusion"],"picked":"Melter","floor":29}],"player_experience":334175,"relics_obtained":[{"floor":6,"key":"The Courier"},{"floor":9,"key":"Du-Vu Doll"},{"floor":24,"key":"Sundial"},{"floor":26,"key":"StrikeDummy"},{"floor":28,"key":"Bronze Scales"}],"event_choices":[{"damage_healed":0,"gold_gain":0,"player_choice":"Success","damage_taken":12,"relics_obtained":["Question Card"],"max_hp_gain":0,"max_hp_loss":0,"event_name":"Scrap Ooze","floor":4,"gold_loss":0},{"damage_healed":0,"gold_gain":77,"player_choice":"Gained Gold","damage_taken":0,"max_hp_gain":0,"max_hp_loss":0,"event_name":"Golden Wing","floor":5,"gold_loss":0},{"damage_healed":0,"gold_gain":0,"player_choice":"Box","damage_taken":0,"relics_obtained":["Mango"],"max_hp_gain":0,"max_hp_loss":0,"event_name":"Big Fish","floor":12,"gold_loss":0,"cards_obtained":["Regret"]},{"damage_healed":0,"gold_gain":0,"player_choice":"Read","damage_taken":0,"max_hp_gain":0,"max_hp_loss":0,"event_name":"The Library","floor":22,"gold_loss":0,"cards_obtained":["Scrape"]}],"is_beta":false,"boss_relics":[{"not_picked":["Black Star","Velvet Choker"],"picked":"Nuclear Battery"}],"items_purged_floors":[21],"is_endless":false,"potions_floor_spawned":[3,6,7,16,18,20,24,27],"killed_by":"Gremlin Leader","ascension_level":0}}