{"host":"2j7k79oxv8es4yqd","time":1612875113,"event":{"mods":["BaseMod","Minty Spire (QoL Compilation)","Permanent Neow","StSLib"],"gold_per_floor":[118,136,211,211,230,265,265,285,285,296,296,308,318,328,328,432,432,445,445,457,469,469,469,480,480,480,480,492,521,521,540,840,943,943,961,886,897,897,914,914,925,954,954,973,973,973,984,1003,1003,1003,1003,1003,554,580,580],"floor_reached":56,"language":"ZHT","playtime":4557,"items_purged":["Dualcast","Parasite"],"score":1207,"play_id":"3ac8e5eb-5435-4300-aa3d-8fd07687ebc1","local_time":"20210209205153","is_ascension_mode":false,"campfire_choices":[{"floor":11,"key":"DIG"},{"floor":15,"key":"DIG"},{"data":"Fission","floor":23,"key":"SMITH"},{"data":"Fusion","floor":25,"key":"SMITH"},{"floor":27,"key":"RECALL"},{"floor":32,"key":"DIG"},{"floor":40,"key":"DIG"},{"floor":45,"key":"REST"},{"floor":49,"key":"DIG"},{"floor":52,"key":"DIG"}],"circlet_count":0,"master_deck":["Fusion+1","Skim+1","Conserve Battery","Lockon","Tempest","Fission+1","Double Energy","Genetic Algorithm","Cold Snap","Capacitor","Conserve Battery","Undo","Meteor Strike","Chaos+1","Coolheaded+1","Flash of Steel","Recycle+1","Rainbow","Consume","Defragment+1","Madness","Hologram+1","Skim","Madness"],"relics":["Pandora\u0027s Box","Strawberry","Shovel","Question Card","Potion Belt","Lizard Tail","Inserter","TungstenRod","Orichalcum","Old Coin","Cursed Key","Cables","Sundial","Dead Branch","Kunai","Membership Card","Pantograph","Du-Vu Doll"],"acts_visited":["Exordium","TheCity","TheBeyond","TheEnding"],"potions_floor_usage":[10,31,33,33,42,55,55,55,55],"damage_taken":[{"damage":6,"enemies":"Cultist","floor":1,"turns":4},{"damage":2,"enemies":"2 Louse","floor":2,"turns":3},{"damage":4,"enemies":"Jaw Worm","floor":5,"turns":3},{"damage":9,"enemies":"Lagavulin","floor":6,"turns":6},{"damage":2,"enemies":"Red Slaver","floor":8,"turns":3},{"damage":11,"enemies":"Exordium Wildlife","floor":10,"turns":3},{"damage":1,"enemies":"Gremlin Gang","floor":12,"turns":7},{"damage":5,"enemies":"3 Louse","floor":13,"turns":4},{"damage":6,"enemies":"Red Slaver","floor":14,"turns":3},{"damage":10,"enemies":"Hexaghost","floor":16,"turns":9},{"damage":3,"enemies":"Chosen","floor":18,"turns":5},{"damage":6,"enemies":"Shell Parasite","floor":20,"turns":7},{"damage":0,"enemies":"Snecko","floor":21,"turns":4},{"damage":8,"enemies":"Snake Plant","floor":24,"turns":4},{"damage":14,"enemies":"Centurion and Healer","floor":28,"turns":5},{"damage":34,"enemies":"Slavers","floor":29,"turns":10},{"damage":0,"enemies":"Shelled Parasite and Fungi","floor":31,"turns":3},{"damage":0,"enemies":"Champ","floor":33,"turns":7},{"damage":8,"enemies":"Orb Walker","floor":35,"turns":2},{"damage":0,"enemies":"3 Shapes","floor":37,"turns":4},{"damage":10,"enemies":"Spire Growth","floor":39,"turns":4},{"damage":8,"enemies":"Transient","floor":41,"turns":5},{"damage":28,"enemies":"Reptomancer","floor":42,"turns":5},{"damage":21,"enemies":"3 Darklings","floor":44,"turns":3},{"damage":0,"enemies":"Sphere and 2 Shapes","floor":47,"turns":6},{"damage":1,"enemies":"Transient","floor":48,"turns":5},{"damage":31,"enemies":"Donu and Deca","floor":50,"turns":11},{"damage":11,"enemies":"Shield and Spear","floor":54,"turns":4},{"damage":34,"enemies":"The Heart","floor":55,"turns":9}],"seed_played":"-295434756851035753","potions_obtained":[{"floor":5,"key":"SkillPotion"},{"floor":8,"key":"CultistPotion"},{"floor":12,"key":"AttackPotion"},{"floor":14,"key":"PotionOfCapacity"},{"floor":21,"key":"PotionOfCapacity"},{"floor":29,"key":"SkillPotion"},{"floor":33,"key":"Dexterity Potion"},{"floor":35,"key":"SpeedPotion"},{"floor":47,"key":"FearPotion"}],"is_trial":false,"path_per_floor":["M","M","?","?","M","E","?","M","T","M","R","M","M","M","R","B",null,"M","?","M","M","?","R","M","R","T","R","M","E","?","M","R","B",null,"M","$","M","$","M","R","M","E","T","M","R","?","M","M","R","B",null,"R","$","E","B",null],"character_chosen":"DEFECT","items_purchased":["Membership Card","Pantograph","CultistPotion","PowerPotion","Madness"],"campfire_rested":1,"item_purchase_floors":[53,53,53,53,53],"current_hp_per_floor":[69,67,56,56,52,50,38,36,36,25,25,24,19,13,13,3,82,79,79,73,73,73,73,65,65,65,65,51,17,17,17,17,17,82,74,74,74,74,64,64,56,28,28,7,31,31,31,30,30,41,82,82,79,68,45],"gold":580,"neow_bonus":"BOSS_RELIC","is_daily":false,"chose_seed":false,"campfire_upgraded":2,"win_rate":0.0,"timestamp":1612875113,"path_taken":["M","?","?","?","M","E","?","?","T","M","R","M","M","M","R","BOSS","M","?","M","M","?","R","?","R","T","R","M","E","?","M","R","BOSS","M","$","M","?","M","R","?","E","T","?","R","?","M","M","R","BOSS","R","$","E","BOSS"],"items_purchased_type":["Relic","Relic","Potion","Potion","Card"],"build_version":"2020-12-22","purchased_purges":2,"victory":true,"max_hp_per_floor":[75,75,75,75,75,82,82,82,82,82,82,82,82,82,82,82,82,82,82,82,82,82,82,82,82,82,82,82,82,82,82,82,82,82,82,82,82,82,82,82,82,82,82,82,82,82,82,82,82,82,82,82,79,79,79],"card_choices":[{"not_picked":["Steam","Loop","Rebound"],"picked":"SKIP","floor":1},{"not_picked":["FTL","Hologram"],"picked":"Cold Snap","floor":2},{"not_picked":["Heatsinks","Rebound"],"picked":"Capacitor","floor":5},{"not_picked":["Hologram","Gash","Sweeping Beam"],"picked":"SKIP","floor":6},{"not_picked":["Heatsinks","Ball Lightning","Sweeping Beam"],"picked":"SKIP","floor":8},{"not_picked":["Hologram","Sweeping Beam","Biased Cognition"],"picked":"Conserve Battery","floor":10},{"not_picked":["Hello World","Streamline","Stack"],"picked":"Undo","floor":12},{"not_picked":["Force Field","Coolheaded","Cold Snap","Rebound"],"picked":"SKIP","floor":13},{"not_picked":["Rebound","Stack","Doom and Gloom","Ball Lightning"],"picked":"SKIP","floor":14},{"not_picked":["All For One","Biased Cognition","Amplify"],"picked":"Meteor Strike","floor":16},{"not_picked":["Go for the Eyes","Darkness","Skim"],"picked":"Chaos+1","floor":18},{"not_picked":["Barrage","Chill","Stack"],"picked":"Coolheaded+1","floor":20},{"not_picked":["Self Repair+1","Auto Shields","Conserve Battery","Glacier+1"],"picked":"SKIP","floor":21},{"not_picked":["Genetic Algorithm+1","Steam Power","Melter","Turbo"],"picked":"SKIP","floor":24},{"not_picked":["Compile Driver","Rebound","Stack","Conserve Battery"],"picked":"SKIP","floor":28},{"not_picked":["Barrage","Sweeping Beam","Stack"],"picked":"Recycle+1","floor":29},{"not_picked":["Redo","Genetic Algorithm","Hologram","Ball Lightning"],"picked":"SKIP","floor":31},{"not_picked":["Biased Cognition","Buffer","Multi-Cast"],"picked":"Rainbow","floor":33},{"not_picked":["Auto Shields+1","Leap+1","Cold Snap+1","Heatsinks+1"],"picked":"SKIP","floor":35},{"not_picked":["Gash","Stack","Force Field+1"],"picked":"Consume","floor":37},{"not_picked":["Double Energy+1","Steam","Cold Snap","Coolheaded"],"picked":"SKIP","floor":39},{"not_picked":["Gash","Redo","Stack","Fusion+1"],"picked":"SKIP","floor":41},{"not_picked":["Barrage","Darkness+1","Redo","Conserve Battery"],"picked":"SKIP","floor":42},{"not_picked":["Turbo","Lockon+1","Aggregate+1"],"picked":"Defragment+1","floor":44},{"not_picked":["Panacea","PanicButton","The Bomb"],"picked":"Madness","floor":46},{"not_picked":["Beam Cell","Go for the Eyes+1","Rebound"],"picked":"Hologram+1","floor":47},{"not_picked":["Melter","Rebound+1","Beam Cell+1"],"picked":"Skim","floor":48},{"not_picked":["Auto Shields+1","Barrage","Rebound","Meteor Strike"],"picked":"SKIP","floor":54}],"player_experience":536073,"relics_obtained":[{"floor":6,"key":"Strawberry"},{"floor":9,"key":"Question Card"},{"floor":11,"key":"Potion Belt"},{"floor":15,"key":"Lizard Tail"},{"floor":26,"key":"TungstenRod"},{"floor":29,"key":"Orichalcum"},{"floor":32,"key":"Old Coin"},{"floor":40,"key":"Cables"},{"floor":42,"key":"Sundial"},{"floor":49,"key":"Dead Branch"},{"floor":52,"key":"Kunai"},{"floor":54,"key":"Du-Vu Doll"}],"event_choices":[{"damage_healed":0,"gold_gain":75,"player_choice":"Gather Gold","damage_taken":11,"max_hp_gain":0,"max_hp_loss":0,"event_name":"World of Goop","floor":3,"gold_loss":0},{"damage_healed":0,"gold_gain":0,"player_choice":"Ignored","damage_taken":0,"max_hp_gain":0,"max_hp_loss":0,"event_name":"Liars Game","floor":4,"gold_loss":0},{"damage_healed":0,"gold_gain":0,"player_choice":"Success","damage_taken":12,"relics_obtained":["Shovel"],"max_hp_gain":0,"max_hp_loss":0,"event_name":"Scrap Ooze","floor":7,"gold_loss":0},{"cards_removed":["Zap"],"damage_healed":0,"gold_gain":0,"player_choice":"Elegance","damage_taken":0,"max_hp_gain":0,"max_hp_loss":0,"event_name":"Back to Basics","floor":19,"gold_loss":0},{"damage_healed":0,"gold_gain":0,"player_choice":"1 cards matched","damage_taken":0,"max_hp_gain":0,"max_hp_loss":0,"event_name":"Match and Keep!","floor":22,"gold_loss":0,"cards_obtained":["Flash of Steel"]},{"damage_healed":0,"gold_gain":0,"player_choice":"Upgraded","damage_taken":0,"max_hp_gain":0,"max_hp_loss":0,"event_name":"Upgrade Shrine","floor":30,"gold_loss":0,"cards_upgraded":["Skim"]},{"damage_healed":0,"gold_gain":0,"player_choice":"Memory 1","damage_taken":0,"max_hp_gain":0,"max_hp_loss":0,"event_name":"SensoryStone","floor":46,"gold_loss":0}],"is_beta":false,"boss_relics":[{"not_picked":["Astrolabe","Runic Pyramid"],"picked":"Inserter"},{"not_picked":["Velvet Choker","Philosopher\u0027s Stone"],"picked":"Cursed Key"}],"items_purged_floors":[36,53],"is_endless":false,"potions_floor_spawned":[5,8,12,14,21,29,33,35,47,54],"ascension_level":0}}