{"host":"e8rlfedn69rz2s07","time":1612914470,"event":{"mods":["AchievementEnabler","BaseMod","Minty Spire (QoL Compilation)","Permanent Neow","Relic Stats"],"gold_per_floor":[114,132,148,161,161,191,191,216,216,216,235,249,249,274,274,349,349,359,359,372,142,160,160,192,206,206,121,131,150,150,166,166,238,238,258,277,277,287,299,330,330,360,412,438,438,465,481,506,506,506,506,506,506,26,57,57,57],"floor_reached":56,"language":"ENG","playtime":3300,"items_purged":["Strike_G"],"score":2097,"play_id":"2b4ccc0e-d803-4468-9c32-c19cc5c93384","local_time":"20210210014750","is_ascension_mode":true,"campfire_choices":[{"floor":7.0,"key":"REST"},{"data":"Cloak And Dagger","floor":10.0,"key":"SMITH"},{"data":"Noxious Fumes","floor":13.0,"key":"SMITH"},{"floor":15.0,"key":"REST"},{"data":"Wraith Form v2","floor":23.0,"key":"SMITH"},{"data":"Night Terror","floor":32,"key":"SMITH"},{"floor":45,"key":"RECALL"},{"data":"Catalyst","floor":49,"key":"SMITH"},{"data":"Well Laid Plans","floor":53,"key":"SMITH"}],"circlet_count":0,"master_deck":["AscendersBane","Defend_G","Defend_G","Defend_G","Defend_G","Survivor","Neutralize+1","Cloak And Dagger","Skewer+1","Bouncing Flask","Crippling Poison","Well Laid Plans+1","Cloak And Dagger+1","Noxious Fumes+1","Die Die Die+1","Backflip","Wraith Form v2+1","Poisoned Stab+1","Backflip","Footwork","Backflip","Night Terror+1","Cloak And Dagger","Backflip+1","Bite+1","Bite+1","Bite+1","Bite+1","Bite+1","Dash+1","Glass Knife+1","Dodge and Roll+1","Apotheosis","Master of Strategy","Panacea","Bane+1","Blur","Flying Knee+1","Catalyst+1","Blade Dance","Infinite Blades","Predator+1","Acrobatics","Noxious Fumes","Footwork"],"relics":["WristBlade","Molten Egg 2","Turnip","Eternal Feather","Bottled Tornado","Coffee Dripper","Snake Skull","Ninja Scroll","White Beast Statue","Snecko Eye","Strawberry","Bag of Preparation","Potion Belt","Paper Crane","Bird Faced Urn","Whetstone","Gremlin Horn"],"acts_visited":["Exordium","TheCity","TheBeyond","TheEnding"],"potions_floor_usage":[33,38,39,40,42,44,46,50,51,56,56,56,56],"damage_taken":[{"damage":2.0,"enemies":"Small Slimes","floor":1.0,"turns":4.0},{"damage":1.0,"enemies":"Cultist","floor":2.0,"turns":3.0},{"damage":0.0,"enemies":"Jaw Worm","floor":3.0,"turns":4.0},{"damage":0.0,"enemies":"2 Fungi Beasts","floor":4.0,"turns":4.0},{"damage":30.0,"enemies":"Gremlin Nob","floor":6.0,"turns":4.0},{"damage":21.0,"enemies":"3 Sentries","floor":8.0,"turns":9.0},{"damage":3.0,"enemies":"3 Louse","floor":11.0,"turns":3.0},{"damage":5.0,"enemies":"Blue Slaver","floor":12.0,"turns":4.0},{"damage":20.0,"enemies":"Lagavulin","floor":14.0,"turns":6.0},{"damage":36.0,"enemies":"Slime Boss","floor":16.0,"turns":8.0},{"damage":0.0,"enemies":"3 Byrds","floor":18.0,"turns":4.0},{"damage":21.0,"enemies":"Shell Parasite","floor":20.0,"turns":5.0},{"damage":7.0,"enemies":"3 Cultists","floor":22.0,"turns":5.0},{"damage":23.0,"enemies":"Gremlin Leader","floor":24.0,"turns":7.0},{"damage":0.0,"enemies":"Sentry and Sphere","floor":25.0,"turns":4.0},{"damage":13.0,"enemies":"Snake Plant","floor":28.0,"turns":3.0},{"damage":0.0,"enemies":"Centurion and Healer","floor":29.0,"turns":5.0},{"damage":14.0,"enemies":"Sentry and Sphere","floor":31.0,"turns":9.0},{"damage":23,"enemies":"Collector","floor":33,"turns":8},{"damage":0,"enemies":"3 Shapes","floor":35,"turns":4},{"damage":3,"enemies":"Orb Walker","floor":36,"turns":2},{"damage":14,"enemies":"Jaw Worm Horde","floor":38,"turns":4},{"damage":36,"enemies":"Writhing Mass","floor":39,"turns":6},{"damage":14,"enemies":"Giant Head","floor":40,"turns":8},{"damage":6,"enemies":"Reptomancer","floor":42,"turns":6},{"damage":25,"enemies":"Nemesis","floor":44,"turns":7},{"damage":30,"enemies":"Reptomancer","floor":46,"turns":9},{"damage":2,"enemies":"Spire Growth","floor":47,"turns":4},{"damage":0,"enemies":"Mind Bloom Boss Battle","floor":48,"turns":6},{"damage":64,"enemies":"Time Eater","floor":50,"turns":13},{"damage":31,"enemies":"Donu and Deca","floor":51,"turns":10},{"damage":73,"enemies":"Shield and Spear","floor":55,"turns":9},{"damage":81,"enemies":"The Heart","floor":56,"turns":8}],"seed_played":"4736530685867477293","potions_obtained":[{"floor":2.0,"key":"CultistPotion"},{"floor":6.0,"key":"Dexterity Potion"},{"floor":8.0,"key":"Strength Potion"},{"floor":12.0,"key":"PowerPotion"},{"floor":25.0,"key":"Weak Potion"},{"floor":28.0,"key":"Strength Potion"},{"floor":33,"key":"SkillPotion"},{"floor":38,"key":"SteroidPotion"},{"floor":39,"key":"Energy Potion"},{"floor":40,"key":"Swift Potion"},{"floor":42,"key":"SkillPotion"},{"floor":44,"key":"FairyPotion"},{"floor":46,"key":"Block Potion"},{"floor":47,"key":"DuplicationPotion"},{"floor":48,"key":"EssenceOfSteel"},{"floor":55,"key":"SkillPotion"}],"is_trial":false,"path_per_floor":["M","M","M","M","?","E","R","E","T","R","M","M","R","E","R","B",null,"M","?","M","$","M","R","E","M","T","?","M","M","?","M","R","B",null,"M","M","?","M","M","E","?","E","T","E","R","E","M","?","R","B","B",null,"R","$","E","B"],"character_chosen":"THE_SILENT","items_purchased":["Footwork","Fruit Juice","Predator+1","Acrobatics","Whetstone","Ancient Potion","PowerPotion","Noxious Fumes"],"campfire_rested":2,"item_purchase_floors":[21,21,54,54,54,54,54,54],"current_hp_per_floor":[57,56,56,56,56,26,45,24,24,33,30,25,37,17,48,12,53,53,53,32,32,25,37,14,19,19,19,6,6,6,22,40,35,46,49,49,39,37,16,30,30,51,51,38,56,30,37,46,56,21,21,47,56,56,30,0,0],"gold":57,"neow_bonus":"BOSS_RELIC","is_daily":false,"chose_seed":false,"campfire_upgraded":6,"win_rate":0.0,"timestamp":1612914470,"path_taken":["M","M","M","M","?","E","R","E","T","R","M","?","R","E","R","BOSS","M","?","M","$","M","R","E","M","T","?","M","M","?","M","R","BOSS","M","M","?","M","M","E","?","E","T","E","R","E","?","?","R","BOSS","BOSS","R","$","E","BOSS"],"items_purchased_type":["Card","Potion","Card","Card","Relic","Potion","Potion","Card"],"build_version":"2020-12-22","purchased_purges":1,"victory":false,"max_hp_per_floor":[66,66,66,66,66,66,66,66,66,66,66,66,66,66,66,66,66,66,66,66,66,66,66,66,71,71,71,71,71,49,49,49,49,49,49,49,49,49,49,56,56,56,56,56,56,56,56,56,56,56,56,56,56,56,56,56,56],"relic_stats":{"Gremlin Horn":[0,0],"counters":[33,195],"Bird Faced Urn":[54],"Snecko Eye":[182,176,172,185],"Eternal Feather":100,"Turnip":[30],"Snake Skull":[217],"Bag of Preparation":[0],"Whetstone":["Neutralize","Skewer"],"obtain_stats":[{"Potion Belt":44,"Gremlin Horn":55,"Eternal Feather":9,"Snake Skull":24,"Bag of Preparation":42,"Whetstone":54,"Bottled Tornado":14,"Paper Crane":46,"White Beast Statue":27,"WristBlade":0,"Ninja Scroll":26,"Strawberry":40,"Bird Faced Urn":48,"Snecko Eye":34,"Molten Egg 2":6,"Turnip":8,"Coffee Dripper":17,"Ring of the Snake":0},{"Potion Belt":26,"Gremlin Horn":32,"Eternal Feather":6,"Snake Skull":14,"Bag of Preparation":25,"Whetstone":31,"Bottled Tornado":9,"Paper Crane":27,"White Beast Statue":15,"WristBlade":0,"Ninja Scroll":15,"Strawberry":24,"Bird Faced Urn":29,"Snecko Eye":19,"Molten Egg 2":5,"Turnip":6,"Coffee Dripper":10,"Ring of the Snake":0},{"Potion Belt":136,"Gremlin Horn":187,"Eternal Feather":28,"Snake Skull":70,"Bag of Preparation":129,"Whetstone":178,"Bottled Tornado":41,"Paper Crane":145,"White Beast Statue":74,"WristBlade":0,"Ninja Scroll":74,"Strawberry":123,"Bird Faced Urn":155,"Snecko Eye":99,"Molten Egg 2":19,"Turnip":28,"Coffee Dripper":49,"Ring of the Snake":0}]},"card_choices":[{"not_picked":["Acrobatics","Prepared"],"picked":"Cloak And Dagger","floor":1.0},{"not_picked":["Setup","Deflect"],"picked":"Skewer","floor":2.0},{"not_picked":["Poisoned Stab","Outmaneuver"],"picked":"Bouncing Flask","floor":3.0},{"not_picked":["Escape Plan","Slice"],"picked":"Crippling Poison","floor":4.0},{"not_picked":["Setup","PiercingWail"],"picked":"Well Laid Plans","floor":6.0},{"not_picked":["Poisoned Stab+1","Sucker Punch+1"],"picked":"Cloak And Dagger","floor":8.0},{"not_picked":["Leg Sweep","Cloak And Dagger"],"picked":"Noxious Fumes","floor":11.0},{"not_picked":["Cloak And Dagger","Prepared"],"picked":"Die Die Die+1","floor":12.0},{"not_picked":["Deadly Poison","Doppelganger"],"picked":"Backflip","floor":14.0},{"not_picked":["Burst","Doppelganger"],"picked":"Wraith Form v2","floor":16.0},{"not_picked":["Well Laid Plans","Underhanded Strike+1"],"picked":"Poisoned Stab+1","floor":18.0},{"not_picked":["Sucker Punch+1","Finisher+1"],"picked":"Backflip","floor":20.0},{"not_picked":["Tactician","Outmaneuver","Choke+1"],"picked":"SKIP","floor":22.0},{"not_picked":["Quick Slash+1","Outmaneuver"],"picked":"Backflip","floor":24.0},{"not_picked":["Deadly Poison","Reflex"],"picked":"Night Terror","floor":25.0},{"not_picked":["Prepared","Slice+1"],"picked":"Cloak And Dagger","floor":28.0},{"not_picked":["Dodge and Roll","Dagger Spray+1"],"picked":"Backflip+1","floor":29.0},{"not_picked":["Finisher+1","Blade Dance"],"picked":"Dash+1","floor":31.0},{"not_picked":["A Thousand Cuts","Venomology"],"picked":"Glass Knife+1","floor":33},{"not_picked":["Masterful Stab+1","Expertise","Dagger Throw+1"],"picked":"SKIP","floor":35},{"not_picked":["Slice+1","Cloak And Dagger"],"picked":"Dodge and Roll+1","floor":36},{"not_picked":["Violence","Secret Weapon"],"picked":"Apotheosis","floor":37},{"not_picked":["Trip","Deep Breath"],"picked":"Master of Strategy","floor":37},{"not_picked":["PanicButton","Violence"],"picked":"Panacea","floor":37},{"not_picked":["Accuracy","Prepared"],"picked":"Bane+1","floor":38},{"not_picked":["Sucker Punch+1","Prepared"],"picked":"Blur","floor":39},{"not_picked":["Finisher+1","Deflect","Distraction"],"picked":"SKIP","floor":40},{"not_picked":["Slice+1","Dagger Throw+1"],"picked":"Flying Knee+1","floor":42},{"not_picked":["Terror","Prepared"],"picked":"Catalyst","floor":44},{"not_picked":["Escape Plan","Cloak And Dagger","Riddle With Holes+1"],"picked":"SKIP","floor":46},{"not_picked":["Sucker Punch+1","Slice+1"],"picked":"Blade Dance","floor":47},{"not_picked":["Poisoned Stab+1","Dash+1"],"picked":"Infinite Blades","floor":48},{"not_picked":["Flying Knee+1","Backflip"],"picked":"Footwork","floor":55}],"player_experience":1061295,"relics_obtained":[{"floor":6.0,"key":"Molten Egg 2"},{"floor":8.0,"key":"Turnip"},{"floor":9.0,"key":"Eternal Feather"},{"floor":14.0,"key":"Bottled Tornado"},{"floor":24.0,"key":"Snake Skull"},{"floor":26.0,"key":"Ninja Scroll"},{"floor":40,"key":"Strawberry"},{"floor":42,"key":"Bag of Preparation"},{"floor":44,"key":"Potion Belt"},{"floor":46,"key":"Paper Crane"},{"floor":48,"key":"Bird Faced Urn"},{"floor":55,"key":"Gremlin Horn"}],"event_choices":[{"cards_removed":["Strike_G"],"damage_healed":0.0,"max_hp_gain":0.0,"max_hp_loss":0.0,"gold_gain":0.0,"event_name":"Bonfire Elementals","player_choice":"Offered Basic","floor":5.0,"gold_loss":0.0,"damage_taken":0.0},{"damage_healed":0.0,"max_hp_gain":0.0,"max_hp_loss":0.0,"gold_gain":0.0,"event_name":"Ghosts","player_choice":"Ignored","floor":19.0,"gold_loss":0.0,"damage_taken":0.0},{"damage_healed":0.0,"max_hp_gain":0.0,"max_hp_loss":0.0,"gold_gain":0.0,"event_name":"Addict","player_choice":"Obtained Relic","floor":27.0,"gold_loss":85.0,"damage_taken":0.0,"relics_obtained":["White Beast Statue"]},{"damage_healed":0.0,"max_hp_gain":0.0,"max_hp_loss":22.0,"gold_gain":0.0,"event_name":"Vampires","player_choice":"Became a vampire","floor":30.0,"gold_loss":0.0,"damage_taken":0.0,"cards_obtained":["Bite","Bite","Bite","Bite","Bite"]},{"damage_healed":0,"gold_gain":0,"player_choice":"Memory 3","damage_taken":10,"max_hp_gain":0,"max_hp_loss":0,"event_name":"SensoryStone","floor":37,"gold_loss":0},{"cards_removed":["Defend_G"],"damage_healed":0,"gold_gain":0,"player_choice":"Purged","damage_taken":0,"max_hp_gain":0,"max_hp_loss":0,"event_name":"Purifier","floor":41,"gold_loss":0},{"damage_healed":0,"gold_gain":0,"player_choice":"Fight","damage_taken":0,"max_hp_gain":0,"max_hp_loss":0,"event_name":"MindBloom","floor":48,"gold_loss":0}],"is_beta":false,"boss_relics":[{"not_picked":["Tiny House","Pandora\u0027s Box"],"picked":"Coffee Dripper"},{"not_picked":["HoveringKite","Velvet Choker"],"picked":"Snecko Eye"}],"items_purged_floors":[21],"is_endless":false,"potions_floor_spawned":[2,6,8,12,25,28,29,31,33,35,36,38,39,40,42,44,46,47,48,55],"killed_by":"The Heart","ascension_level":20}}