{"host":"ydg0vn0pu4pubmdt","time":1612863149,"event":{"mods":["AchievementEnabler","BaseMod","Colored Map","Gold Saver","Minty Spire (QoL Compilation)","Quick Restart","SuperFastMode"],"gold_per_floor":[1586,1606,1161,1177,622,622,649,649,649,662,662,693,279,296,296,391,391,404,420,270,270,95,126,126,41,41,41,74,74,88,21,21,116,116,135,149,149,149,249,276,288,288,288,288,306,341,141,158,158,158],"floor_reached":51,"language":"KOR","playtime":1047,"items_purged":["Strike_P","Strike_P","Defend_P","Defend_P","Strike_P","Defend_P"],"score":1271,"play_id":"652990d8-0023-45dd-bd7f-c73125a8821a","local_time":"20210209183229","is_ascension_mode":true,"campfire_choices":[{"data":"Eruption","floor":6.0,"key":"SMITH"},{"data":"Ragnarok","floor":11.0,"key":"SMITH"},{"data":"Adaptation","floor":15.0,"key":"SMITH"},{"data":"MentalFortress","floor":27.0,"key":"SMITH"},{"data":"FollowUp","floor":32,"key":"SMITH"},{"data":"Vigilance","floor":42,"key":"SMITH"},{"data":"EmptyBody","floor":44,"key":"SMITH"},{"data":"Defend_P","floor":49,"key":"SMITH"}],"circlet_count":0,"master_deck":["Strike_P","Defend_P+1","Eruption+1","Vigilance+1","EmptyBody+1","MentalFortress+1","Ragnarok+1","FollowUp+1","Adaptation+1","FlurryOfBlows+1","Adaptation+1","InnerPeace+1","Fasting2+1"],"relics":["HolyWater","Happy Flower","OrangePellets","Toxic Egg 2","Molten Egg 2","Pear","Gremlin Horn","Shuriken","MutagenicStrength","Singing Bowl","TeardropLocket","Ancient Tea Set","Bag of Preparation","Runic Pyramid","CeramicFish","Kunai","InkBottle"],"acts_visited":["Exordium","TheCity","TheBeyond"],"potions_floor_usage":[28,28,50],"damage_taken":[{"damage":0.0,"enemies":"Cultist","floor":1.0,"turns":2.0},{"damage":0.0,"enemies":"2 Louse","floor":2.0,"turns":3.0},{"damage":12.0,"enemies":"Jaw Worm","floor":4.0,"turns":2.0},{"damage":0.0,"enemies":"Gremlin Nob","floor":7.0,"turns":2.0},{"damage":0.0,"enemies":"Looter","floor":10.0,"turns":3.0},{"damage":17.0,"enemies":"3 Sentries","floor":12.0,"turns":4.0},{"damage":0.0,"enemies":"Large Slime","floor":14.0,"turns":2.0},{"damage":9.0,"enemies":"The Guardian","floor":16.0,"turns":8.0},{"damage":8.0,"enemies":"3 Byrds","floor":18.0,"turns":3.0},{"damage":0.0,"enemies":"Spheric Guardian","floor":19.0,"turns":3.0},{"damage":0.0,"enemies":"Gremlin Leader","floor":23.0,"turns":3.0},{"damage":0,"enemies":"Slavers","floor":28,"turns":2},{"damage":0,"enemies":"Chosen and Byrds","floor":30,"turns":1},{"damage":6,"enemies":"Champ","floor":33,"turns":4},{"damage":0,"enemies":"3 Darklings","floor":35,"turns":2},{"damage":0,"enemies":"Orb Walker","floor":36,"turns":1},{"damage":0,"enemies":"Nemesis","floor":40,"turns":1},{"damage":0,"enemies":"Transient","floor":41,"turns":5},{"damage":0,"enemies":"Writhing Mass","floor":45,"turns":1},{"damage":0,"enemies":"Reptomancer","floor":46,"turns":1},{"damage":14,"enemies":"4 Shapes","floor":48,"turns":2},{"damage":0,"enemies":"Awakened One","floor":50,"turns":2}],"seed_played":"1791750477666511601","potions_obtained":[{"floor":0.0,"key":"Regen Potion"},{"floor":0.0,"key":"LiquidBronze"},{"floor":0.0,"key":"SpeedPotion"},{"floor":12.0,"key":"SpeedPotion"},{"floor":16.0,"key":"Swift Potion"},{"floor":28,"key":"Fire Potion"},{"floor":29,"key":"CultistPotion"},{"floor":30,"key":"Dexterity Potion"},{"floor":33,"key":"DistilledChaos"}],"is_trial":false,"path_per_floor":["M","M","$","M","$","R","E","?","T","M","R","E","$","M","R","B",null,"M","M","$","?","$","E","?","?","T","R","E","?","M","$","R","B",null,"M","M","?","$","?","E","M","R","T","R","M","E","$","M","R","B",null],"character_chosen":"WATCHER","items_purchased":["MentalFortress","Ragnarok","Happy Flower","Adaptation","OrangePellets","Toxic Egg 2","Shuriken","Adaptation","InnerPeace+1"],"campfire_rested":0,"item_purchase_floors":[3,3,3,5,5,5,13,13,31],"current_hp_per_floor":[65,65,65,53,53,53,53,53,63,63,63,58,58,58,58,49,74,66,66,66,66,66,68,68,68,68,68,70,70,72,72,72,68,85,87,89,89,89,89,91,93,93,93,93,95,95,95,83,83,83],"gold":158,"neow_bonus":"THREE_SMALL_POTIONS","is_daily":false,"chose_seed":false,"campfire_upgraded":8,"win_rate":0.0,"timestamp":1612863149,"path_taken":["M","M","$","M","?","R","E","?","T","?","R","E","$","M","R","BOSS","M","M","$","?","$","E","?","?","T","R","E","?","?","?","R","BOSS","M","M","?","$","?","E","M","R","T","R","?","E","$","?","R","BOSS"],"items_purchased_type":["Card","Card","Relic","Card","Relic","Relic","Relic","Card","Card"],"build_version":"2020-12-22","purchased_purges":6,"victory":true,"max_hp_per_floor":[72,72,72,72,72,72,72,72,82,82,82,82,82,82,82,82,82,82,82,82,82,82,84,84,84,84,84,86,86,88,88,88,90,90,92,94,94,94,94,96,98,98,98,98,100,100,100,102,102,102],"card_choices":[{"not_picked":["Study","SashWhip"],"picked":"EmptyBody","floor":1.0},{"not_picked":["BowlingBash","ThirdEye","Alpha"],"picked":"SKIP","floor":2.0},{"not_picked":["Protect","PathToVictory"],"picked":"FollowUp","floor":4.0},{"not_picked":["TalkToTheHand+1","FlyingSleeves+1"],"picked":"FlurryOfBlows+1","floor":7.0},{"not_picked":["ForeignInfluence+1","Wireheading","Study"],"picked":"SKIP","floor":10.0},{"not_picked":["Prostrate+1","ThirdEye+1","WaveOfTheHand+1"],"picked":"SKIP","floor":12.0},{"not_picked":["EmptyFist+1","Protect+1","Consecrate+1"],"picked":"SKIP","floor":14.0},{"not_picked":["FollowUp+1","PathToVictory+1","Conclude+1"],"picked":"SKIP","floor":18.0},{"not_picked":["CrushJoints+1","EmptyFist+1","PathToVictory+1"],"picked":"SKIP","floor":19.0},{"not_picked":["Evaluate+1","Halt+1","Omniscience+1"],"picked":"Singing Bowl","floor":23.0},{"not_picked":["Sanctity+1","WaveOfTheHand+1","Conclude+1"],"picked":"Singing Bowl","floor":28},{"not_picked":["Pray+1","BattleHymn","Crescendo+1"],"picked":"Singing Bowl","floor":30},{"not_picked":["Devotion","DevaForm","Brilliance+1"],"picked":"Singing Bowl","floor":33},{"not_picked":["Crescendo+1","ThirdEye+1","SandsOfTime+1"],"picked":"Singing Bowl","floor":35},{"not_picked":["Meditate+1","ThirdEye+1","SandsOfTime+1"],"picked":"Singing Bowl","floor":36},{"not_picked":["ReachHeaven+1","ThirdEye+1","BowlingBash+1"],"picked":"Singing Bowl","floor":40},{"not_picked":["CutThroughFate+1","MentalFortress+1","TalkToTheHand+1"],"picked":"Singing Bowl","floor":41},{"not_picked":["EmptyBody+1","FlurryOfBlows+1","Consecrate+1"],"picked":"Singing Bowl","floor":45},{"not_picked":["BowlingBash+1","BattleHymn+1"],"picked":"Fasting2+1","floor":46},{"not_picked":["Tantrum+1","Collect+1","Sanctity+1"],"picked":"Singing Bowl","floor":48}],"player_experience":509800,"relics_obtained":[{"floor":7.0,"key":"Molten Egg 2"},{"floor":9.0,"key":"Pear"},{"floor":12.0,"key":"Gremlin Horn"},{"floor":23.0,"key":"Singing Bowl"},{"floor":26.0,"key":"Ancient Tea Set"},{"floor":28,"key":"Bag of Preparation"},{"floor":40,"key":"CeramicFish"},{"floor":43,"key":"Kunai"},{"floor":46,"key":"InkBottle"}],"event_choices":[{"damage_healed":0.0,"max_hp_gain":0.0,"max_hp_loss":0.0,"gold_gain":0.0,"event_name":"Upgrade Shrine","player_choice":"Upgraded","floor":8.0,"gold_loss":0.0,"damage_taken":0.0,"cards_upgraded":["Adaptation"]},{"damage_healed":0.0,"max_hp_gain":0.0,"max_hp_loss":0.0,"gold_gain":0.0,"event_name":"Drug Dealer","player_choice":"Inject Mutagens","floor":21.0,"gold_loss":0.0,"damage_taken":0.0,"relics_obtained":["MutagenicStrength"]},{"damage_healed":0.0,"max_hp_gain":0.0,"max_hp_loss":0.0,"gold_gain":0.0,"event_name":"Cursed Tome","player_choice":"Ignored","floor":24.0,"gold_loss":0.0,"damage_taken":0.0},{"damage_healed":0.0,"max_hp_gain":0.0,"max_hp_loss":0.0,"gold_gain":0.0,"event_name":"Addict","player_choice":"Obtained Relic","floor":25.0,"gold_loss":85.0,"damage_taken":0.0,"relics_obtained":["TeardropLocket"]},{"damage_healed":0,"gold_gain":0,"player_choice":"Got Potions","damage_taken":0,"max_hp_gain":0,"max_hp_loss":0,"event_name":"Lab","floor":29,"gold_loss":0},{"damage_healed":0,"gold_gain":0,"player_choice":"Ignored","damage_taken":0,"max_hp_gain":0,"max_hp_loss":0,"event_name":"Tomb of Lord Red Mask","floor":37,"gold_loss":0},{"damage_healed":0,"gold_gain":100,"player_choice":"Pray","damage_taken":0,"max_hp_gain":0,"max_hp_loss":0,"event_name":"Golden Shrine","floor":39,"gold_loss":0}],"is_beta":false,"boss_relics":[{"not_picked":["Tiny House","Cursed Key"],"picked":"HolyWater"},{"not_picked":["SacredBark","Busted Crown"],"picked":"Runic Pyramid"}],"items_purged_floors":[3,5,13,20,22,47],"is_endless":false,"potions_floor_spawned":[1,10,12,16,28,30,33,40,45,46],"ascension_level":6}}