{"host":"fc5kl670efuhtomy","time":1612874820,"event":{"mods":["AchievementEnabler","BaseMod","Colored Powertips","Downfall","Marisa（F雨　魔理沙）","Minty Spire (QoL Compilation)","Quick Restart","Rare Cards Sparkle","Relic Stats","Replay The Spire","StSLib","The Bug Knight","The Construct","The Cursed","The Necromancer","The Servant 0.9.4","WarShipGirlsR/战舰少女R mod"],"gold_per_floor":[180,193,203,214,226,246,273,285,301,201,234,251,51,62,77,179,179,179,189,189,262,273,273,342,427,427,427,427,427,427,442,203,214,229,325,325,325,342,359,359,369,369,439,439,456,469,485,502,556,576,589,589,589,589],"floor_reached":52,"language":"ZHS","playtime":3777,"items_purged":["bronze:Defend"],"score":518,"play_id":"61d90c95-a00c-4988-94fe-a4dc4119f8e1","local_time":"20210209204700","is_ascension_mode":false,"campfire_choices":[{"floor":10,"key":"RECALL"},{"floor":13,"key":"REST"},{"data":"bronze:Overload","floor":18,"key":"SMITH"},{"data":"bronze:Format","floor":23,"key":"SMITH"},{"floor":27,"key":"REST"},{"data":"bronze:BuggyMess","floor":37,"key":"SMITH"},{"data":"bronze:Defend","floor":42,"key":"SMITH"},{"floor":44,"key":"REST"}],"circlet_count":0,"master_deck":["bronze:Strike","bronze:Strike","bronze:Strike","bronze:Defend","bronze:Defend","bronze:Defend+1","bronze:Replicate","bronze:Goto","bronze:Overload+1","bronze:Turbo","bronze:ChosenStrike","bronze:DelayedSlice","bronze:Frontload","bronze:ChosenStrike","bronze:Format+1","bronze:Flail","bronze:WhirlingStrike","bronze:AlphaBuild","bronze:BuggyMess+1","Necronomicurse","bronze:ChildClass+1","bronze:Return+1","bronze:SpaghettiCode","bronze:Frontload+1","bronze:HyperBeam","Parasite","bronze:DelayedGuard+1"],"relics":["bronze:BronzeCore","downfall:HeartBlessingBlue","Ancient Tea Set","downfall:HeartBlessingRed","downfall:HeartBlessingGreen","construct:WeddingRing","MutagenicStrength","Onion Ring","Necronomicon","Medical Kit","Painkiller Herb","Mirror","Anchor"],"acts_visited":["Exordium","TheCity","TheBeyond"],"potions_floor_usage":[9,11,12,16,21,22,35,39,46,48,48,52,52],"damage_taken":[{"damage":3,"enemies":"Cultist","floor":2,"turns":5},{"damage":8,"enemies":"2 Louse","floor":3,"turns":2},{"damage":3,"enemies":"Jaw Worm","floor":4,"turns":4},{"damage":9,"enemies":"3 Louse","floor":5,"turns":4},{"damage":11,"enemies":"Lots of Slimes","floor":6,"turns":3},{"damage":4,"enemies":"Blue Slaver","floor":8,"turns":5},{"damage":0,"enemies":"2 Fungi Beasts","floor":9,"turns":2},{"damage":30,"enemies":"Lagavulin","floor":11,"turns":9},{"damage":8,"enemies":"Red Slaver","floor":12,"turns":2},{"damage":0,"enemies":"Exordium Thugs","floor":14,"turns":2},{"damage":0,"enemies":"Gremlin Gang","floor":15,"turns":2},{"damage":19,"enemies":"SI_SHIV_ARCHETYPE","floor":16,"turns":7},{"damage":10,"enemies":"Spheric Guardian","floor":19,"turns":3},{"damage":0,"enemies":"Shell Parasite","floor":22,"turns":3},{"damage":15,"enemies":"Snecko","floor":31,"turns":4},{"damage":0,"enemies":"downfall:FleeingMerchant","floor":32,"turns":4},{"damage":15,"enemies":"Snake Plant","floor":33,"turns":2},{"damage":12,"enemies":"Sentry and Sphere","floor":34,"turns":4},{"damage":13,"enemies":"WA_ARCHETYPE_CALM","floor":35,"turns":5},{"damage":0,"enemies":"Orb Walker","floor":38,"turns":1},{"damage":22,"enemies":"3 Darklings","floor":39,"turns":3},{"damage":12,"enemies":"4 Shapes","floor":41,"turns":1},{"damage":0,"enemies":"Sphere and 2 Shapes","floor":45,"turns":3},{"damage":14,"enemies":"HollowMod:SlobberingHusk","floor":46,"turns":5},{"damage":0,"enemies":"Spire Growth","floor":47,"turns":4},{"damage":1,"enemies":"Writhing Mass","floor":48,"turns":4},{"damage":5,"enemies":"Jaw Worm Horde","floor":50,"turns":3},{"damage":12,"enemies":"Transient","floor":51,"turns":5},{"damage":57,"enemies":"DF_ARCHETYPE_ORBS","floor":52,"turns":5}],"seed_played":"-2501253423289008815","potions_obtained":[{"floor":2,"key":"AttackPotion"},{"floor":3,"key":"EntropicBrew"},{"floor":8,"key":"Guardian:BlockOnCardUsePotion"},{"floor":9,"key":"Venom Potion"},{"floor":19,"key":"Dexterity Potion"},{"floor":21,"key":"Fruit Juice"},{"floor":22,"key":"Slimebound:ThreeZeroPotion"},{"floor":33,"key":"Explosive Potion"},{"floor":35,"key":"ColorlessPotion"},{"floor":47,"key":"AttackPotion"},{"floor":48,"key":"DuplicationPotion"}],"is_trial":false,"path_per_floor":["R","M","M","M","M","M","T","M","M","R","E","M","R","M","M","B",null,"R","M","?","?","M","R","T","?","?","R","?","PTL","PTL","M","$","M","M","B",null,"T","?","?","?","?","T","T","T","?","?","?","?","T","?","?","B"],"character_chosen":"THE_AUTOMATON","items_purchased":["Medical Kit"],"campfire_rested":3,"item_purchase_floors":[32],"current_hp_per_floor":[77,74,66,63,54,43,43,39,39,49,19,11,37,37,37,18,87,87,77,77,61,61,61,61,47,31,58,58,58,58,43,43,28,16,3,92,92,92,70,70,58,58,58,85,85,71,71,70,70,65,53,0,0,0],"gold":589,"neow_bonus":"TEN_PERCENT_HP_BONUS","is_daily":false,"chose_seed":false,"campfire_upgraded":4,"win_rate":0.0,"timestamp":1612874820,"path_taken":["R","M","M","M","M","?","T","M","M","R","E","M","R","M","M","BOSS","R","M","?","?","?","R","T","?","?","R","?","PTL","PTL","M","$","M","M","BOSS","T","?","?","?","?","T","T","T","?","?","?","?","?","?","?","BOSS"],"items_purchased_type":["Relic"],"build_version":"2020-12-22","purchased_purges":1,"victory":false,"max_hp_per_floor":[77,77,77,77,77,77,77,77,77,87,87,87,87,87,87,87,87,87,87,87,92,92,92,92,92,92,92,92,92,92,92,92,92,92,92,92,92,92,92,92,92,92,92,92,92,92,92,92,92,92,92,92,92,92],"relic_stats":{"counters":[29,106],"Necronomicon":[15],"Medical Kit":[10],"obtain_stats":[{"bronze:BronzeCore":0,"construct:WeddingRing":17,"downfall:HeartBlessingRed":13,"downfall:HeartBlessingGreen":13,"Painkiller Herb":36,"Ancient Tea Set":11,"Medical Kit":32,"Anchor":49,"downfall:HeartBlessingBlue":10,"MutagenicStrength":20,"Onion Ring":24,"Necronomicon":26,"Mirror":43},{"bronze:BronzeCore":0,"construct:WeddingRing":12,"downfall:HeartBlessingRed":9,"downfall:HeartBlessingGreen":9,"Painkiller Herb":19,"Ancient Tea Set":8,"Medical Kit":16,"Anchor":26,"downfall:HeartBlessingBlue":7,"MutagenicStrength":13,"Onion Ring":14,"Necronomicon":14,"Mirror":22},{"bronze:BronzeCore":0,"construct:WeddingRing":47,"downfall:HeartBlessingRed":36,"downfall:HeartBlessingGreen":36,"Painkiller Herb":72,"Ancient Tea Set":34,"Medical Kit":61,"Anchor":93,"downfall:HeartBlessingBlue":25,"MutagenicStrength":50,"Onion Ring":53,"Necronomicon":53,"Mirror":77}]},"card_choices":[{"not_picked":["bronze:Allocate","bronze:FineTuning"],"picked":"bronze:Overload","floor":2},{"not_picked":["bronze:Shield","bronze:OilSpill"],"picked":"bronze:Turbo","floor":3},{"not_picked":["bronze:Shield","bronze:Boost"],"picked":"bronze:ChosenStrike","floor":4},{"not_picked":["bronze:Overload","bronze:Flail"],"picked":"bronze:DelayedSlice","floor":5},{"not_picked":["bronze:Shield","bronze:Turbo"],"picked":"bronze:Frontload","floor":6},{"not_picked":["bronze:Iterate","bronze:DelayedSlice"],"picked":"bronze:ChosenStrike","floor":8},{"not_picked":["bronze:Iterate","bronze:Overheat"],"picked":"bronze:Format","floor":9},{"not_picked":["bronze:CloningBeam","bronze:GetLatest"],"picked":"bronze:Flail","floor":11},{"not_picked":["bronze:DelayedSlice","bronze:NullPointer","bronze:Shield"],"picked":"SKIP","floor":12},{"not_picked":["bronze:Turbo","bronze:BitShift"],"picked":"bronze:WhirlingStrike","floor":14},{"not_picked":["bronze:Invalidate","bronze:ChildClass","bronze:Frontload"],"picked":"SKIP","floor":15},{"not_picked":["bronze:Assembly","bronze:Format"],"picked":"bronze:AlphaBuild","floor":16},{"not_picked":["bronze:OilSpill+1","bronze:Shield"],"picked":"bronze:BuggyMess","floor":19},{"not_picked":["bronze:Deprecate","bronze:ForceShield","bronze:DelayedGuard"],"picked":"SKIP","floor":22},{"not_picked":["bronze:Invalidate","bronze:Overheat"],"picked":"bronze:ChildClass+1","floor":31},{"not_picked":["bronze:Philosophize","bronze:OilSpill+1"],"picked":"bronze:Return+1","floor":32},{"not_picked":["bronze:Return","bronze:BitShift","bronze:Repair"],"picked":"SKIP","floor":33},{"not_picked":["bronze:Philosophize","bronze:Fortify","bronze:Frontload"],"picked":"SKIP","floor":34},{"not_picked":["bronze:Virus","bronze:HyperBeam"],"picked":"bronze:SpaghettiCode","floor":35},{"not_picked":["bronze:Overheat","bronze:Optimize+1","bronze:BugBarrage+1"],"picked":"SKIP","floor":38},{"not_picked":["bronze:WildBeam","bronze:Repulsor","bronze:Invalidate"],"picked":"SKIP","floor":39},{"not_picked":["bronze:WildBeam","bronze:ForceShield+1"],"picked":"bronze:Frontload+1","floor":41},{"not_picked":["bronze:Iterate","bronze:BitShift+1"],"picked":"bronze:HyperBeam","floor":45},{"not_picked":["bronze:DelayedSlice+1","bronze:BuggyMess+1","bronze:Deprecate+1"],"picked":"SKIP","floor":46},{"not_picked":["bronze:BugBarrage","bronze:Optimize","bronze:DelayedGuard"],"picked":"SKIP","floor":47},{"not_picked":["bronze:Backtrace+1","bronze:DelayedSlice+1","bronze:Frontload+1"],"picked":"SKIP","floor":48},{"not_picked":["bronze:ForLoop","bronze:Repulsor+1","bronze:BronzeArmor"],"picked":"SKIP","floor":50},{"not_picked":["bronze:Return+1","bronze:DelayedSlice+1"],"picked":"bronze:DelayedGuard+1","floor":51}],"player_experience":190367,"relics_obtained":[{"floor":11,"key":"Ancient Tea Set"},{"floor":24,"key":"Onion Ring"},{"floor":26,"key":"Necronomicon"},{"floor":43,"key":"Mirror"},{"floor":49,"key":"Anchor"}],"event_choices":[{"damage_healed":0,"gold_gain":0,"player_choice":"Inject Mutagens","damage_taken":0,"relics_obtained":["MutagenicStrength"],"max_hp_gain":0,"max_hp_loss":0,"event_name":"Drug Dealer","floor":20,"gold_loss":0}],"is_beta":false,"boss_relics":[{"not_picked":["Cursed Key","Ring of Chaos"],"picked":"construct:WeddingRing"},{"not_picked":["SacredBark","Calling Bell"],"picked":"Painkiller Herb"}],"items_purged_floors":[32],"is_endless":false,"potions_floor_spawned":[2,3,8,9,14,15,19,22,33,35,38,39,47,48],"killed_by":"DF_ARCHETYPE_ORBS","ascension_level":0}}