{"host":"0kwl2uefibxd2nsv","time":1612862697,"event":{"mods":["Act Like it!","Aspiration","BaseMod","Better Note","BetterRewards","DeckTracker","Googly Eyes","Minty Spire (QoL Compilation)","Reliquary","StS++","StSLib"],"gold_per_floor":[111,123,298,78,78,78,103,103,126,126,126,149,168,168,168,294,294,315,315,315,315],"floor_reached":20,"language":"ENG","playtime":385,"items_purged":["Doubt"],"score":393,"play_id":"f7466e60-68d2-439a-a933-79bdec27c5d8","local_time":"20210209102457","is_ascension_mode":true,"campfire_choices":[{"floor":6.0,"key":"REST"},{"data":"Reprogram","floor":10.0,"key":"SMITH"},{"data":"Go for the Eyes","floor":15.0,"key":"SMITH"}],"circlet_count":0,"master_deck":["AscendersBane","Strike_B","Strike_B","Strike_B","Defend_B","Defend_B","Defend_B","Defend_B","Zap+1","Leap","Cold Snap","Rip and Tear","All For One","Reprogram+1","Gash","Go for the Eyes+1","Core Surge","Cold Snap+1","True Grit"],"relics":["Cracked Core","Vajra","Calipers","Golden Idol","Potion Belt","Empty Cage"],"acts_visited":["Exordium","TheCity"],"potions_floor_usage":[],"damage_taken":[{"damage":0.0,"enemies":"Cultist","floor":1.0,"turns":3.0},{"damage":3.0,"enemies":"Small Slimes","floor":2.0,"turns":3.0},{"damage":0.0,"enemies":"2 Louse","floor":7.0,"turns":2.0},{"damage":13.0,"enemies":"Exordium Wildlife","floor":12.0,"turns":5.0},{"damage":3.0,"enemies":"Blue Slaver","floor":13.0,"turns":4.0},{"damage":20.0,"enemies":"Hexaghost","floor":16.0,"turns":8.0},{"damage":1.0,"enemies":"Chosen","floor":18.0,"turns":4.0},{"damage":0,"enemies":"3 Byrds","floor":20,"turns":1}],"seed_played":"407205157426490093","potions_obtained":[{"floor":2.0,"key":"PowerPotion"},{"floor":12.0,"key":"Fire Potion"},{"floor":13.0,"key":"PotionOfCapacity"},{"floor":16.0,"key":"LiquidMemories"},{"floor":18.0,"key":"Swift Potion"}],"is_trial":false,"path_per_floor":["M","M","?","$","?","R","M","?","T","R","$","M","M","?","R","B",null,"M","?","M"],"character_chosen":"DEFECT","items_purchased":["Vajra","Calipers","Leap","Cold Snap","FocusPotion","All For One"],"campfire_rested":1,"item_purchase_floors":[0,0,0,0,0,4],"current_hp_per_floor":[42,39,39,39,21,43,43,43,43,43,43,30,27,27,27,7,58,57,57,57,57],"gold":315,"neow_bonus":"","is_daily":false,"chose_seed":false,"campfire_upgraded":2,"win_rate":0.0,"timestamp":1612862697,"path_taken":["M","M","?","$","?","R","M","?","T","R","$","?","M","?","R","BOSS","M","?","M"],"items_purchased_type":["Relic","Relic","Card","Card","Potion","Card"],"build_version":"2020-12-22","purchased_purges":1,"victory":false,"max_hp_per_floor":[75,75,75,75,75,75,75,75,75,75,75,75,75,75,75,75,75,75,75,75,75],"card_choices":[{"not_picked":["StSpp:Mask","Go for the Eyes","Turbo"],"picked":"SKIP","floor":1.0},{"not_picked":["Heatsinks","Reprogram"],"picked":"Rip and Tear","floor":2.0},{"not_picked":["Steam","Stack"],"picked":"Reprogram","floor":7.0},{"not_picked":["Redo","Chill"],"picked":"Gash","floor":12.0},{"not_picked":["Reinforced Body","Steam"],"picked":"Go for the Eyes","floor":13.0},{"not_picked":["Meteor Strike","Amplify"],"picked":"Core Surge","floor":16.0},{"not_picked":["Capacitor","Recycle"],"picked":"Cold Snap+1","floor":18.0}],"player_experience":2019099,"relics_obtained":[{"floor":9.0,"key":"Potion Belt"}],"event_choices":[{"damage_healed":0.0,"max_hp_gain":0.0,"max_hp_loss":0.0,"gold_gain":175.0,"event_name":"Liars Game","player_choice":"AGREE","floor":3.0,"gold_loss":0.0,"damage_taken":0.0,"cards_obtained":["Doubt"]},{"damage_healed":0.0,"max_hp_gain":0.0,"max_hp_loss":0.0,"gold_gain":0.0,"event_name":"Golden Idol","player_choice":"Take Damage","floor":5.0,"gold_loss":0.0,"damage_taken":18.0,"relics_obtained":["Golden Idol"]},{"damage_healed":0.0,"max_hp_gain":0.0,"max_hp_loss":0.0,"gold_gain":0.0,"event_name":"Living Wall","player_choice":"Grow","floor":8.0,"gold_loss":0.0,"damage_taken":0.0,"cards_upgraded":["Zap"]},{"damage_healed":0.0,"max_hp_gain":0.0,"max_hp_loss":0.0,"gold_gain":0.0,"cards_transformed":["Dualcast"],"event_name":"Transmorgrifier","player_choice":"Transformed","floor":14.0,"gold_loss":0.0,"damage_taken":0.0,"cards_obtained":["Steam Power"]},{"damage_healed":0.0,"max_hp_gain":0.0,"max_hp_loss":0.0,"gold_gain":0.0,"event_name":"betterNote:BetterNote","player_choice":"Take","floor":19.0,"gold_loss":0.0,"damage_taken":0.0,"cards_obtained":["True Grit"]}],"is_beta":false,"boss_relics":[{"not_picked":["Fusion Hammer","StSpp:Magatama"],"picked":"Empty Cage"}],"items_purged_floors":[4],"is_endless":false,"potions_floor_spawned":[2,12,13,16,18],"killed_by":"3 Byrds","ascension_level":10}}