{"host":"w4ub8crw9ou4a5am","time":1612887717,"event":{"mods":["2.2 Compatiblity","BaseMod","Downfall","Hermit","Jorbs\u0027s Wanderer Trilogy","Koishi","Marisa????????","Minty Spire (QoL Compilation)","Quick Restart","Remilia??????","StSLib","The Animator","The Bug Knight","The Cursed","The Disciple","The Hierophant","The Marked","The Senshi","The Servant 0.9.4","WarShipGirlsR/????R mod"],"gold_per_floor":[118,118,131,149,114,146,44,44,44,59,59,91,105,280,280,375,375,385,60,60,60,79,79,33,0,0,0,0,29,40,60,60,60,60],"floor_reached":33,"language":"ENG","playtime":1996,"items_purged":[],"score":348,"play_id":"186887bc-adb9-4503-89fd-374bc576f3eb","local_time":"20210209112157","is_ascension_mode":false,"campfire_choices":[{"floor":11,"key":"RECALL"},{"floor":15,"key":"REST"},{"data":"TheCursedMod:VoidForm","floor":23,"key":"SMITH"},{"data":"TheCursedMod:CursedRelics","floor":28,"key":"SMITH"},{"floor":32,"key":"REST"}],"circlet_count":0,"master_deck":["TheCursedMod:Strike_TheCursed","TheCursedMod:Strike_TheCursed","TheCursedMod:Strike_TheCursed","TheCursedMod:Strike_TheCursed","TheCursedMod:Defend_TheCursed","TheCursedMod:Defend_TheCursed","TheCursedMod:Defend_TheCursed","TheCursedMod:Defend_TheCursed","TheCursedMod:CursedWand","TheCursedMod:CleanUpWorkshop","TheCursedMod:HellfireBreathing","TheCursedMod:CursedArmor","TheCursedMod:SpitefulStrike","TheCursedMod:LuckyCharm","TheCursedMod:OutForBlood","TheCursedMod:CircleOfCorruption+1","TheCursedMod:WearCloak+1","Finesse","TheCursedMod:CursedRelics+1","TheCursedMod:CursedShiv","TheCursedMod:HellfireBreathing","TheCursedMod:SurpriseAttack","Doubt","TheCursedMod:VoidForm+1","TheCursedMod:CursedShiv","TheCursedMod:ShockAndAwe+1","TheCursedMod:CircleOfFlame+1","TheCursedMod:LuckyCharm+1","Gluttony_TH","Normality","TheCursedMod:Wield","TheCursedMod:SmokeScreen+1","TheCursedMod:SurpriseAttack+1","TheCursedMod:VitalStrike","TheCursedMod:Stretching+1"],"relics":["TheCursedMod:BlackMagic101","HollowMod:StagPassRelic","Boot","Busted Crown","Tiny Chest","Happy Flower"],"acts_visited":["Exordium","TheCity"],"potions_floor_usage":[12,12,12,12,13,16,16,19,22,29,29,33,33,33],"damage_taken":[{"damage":0,"enemies":"2 Louse","floor":1,"turns":3},{"damage":1,"enemies":"Jaw Worm","floor":3,"turns":5},{"damage":4,"enemies":"Cultist","floor":4,"turns":5},{"damage":6,"enemies":"Lagavulin","floor":6,"turns":9},{"damage":5,"enemies":"Exordium Wildlife","floor":10,"turns":4},{"damage":8,"enemies":"Gremlin Nob","floor":12,"turns":6},{"damage":19,"enemies":"Blue Slaver","floor":13,"turns":4},{"damage":62,"enemies":"Hexaghost","floor":16,"turns":10},{"damage":4,"enemies":"Chosen","floor":18,"turns":6},{"damage":16,"enemies":"2 Thieves","floor":22,"turns":4},{"damage":8,"enemies":"Book of Stabbing","floor":29,"turns":4},{"damage":9,"enemies":"3 Cultists","floor":30,"turns":6},{"damage":13,"enemies":"Snake Plant","floor":31,"turns":4},{"damage":113,"enemies":"Collector","floor":33,"turns":6}],"seed_played":"-492703517354867776","potions_obtained":[{"floor":3,"key":"Energy Potion"},{"floor":6,"key":"Weak Potion"},{"floor":10,"key":"EntropicBrew"},{"floor":13,"key":"Fruit Juice"},{"floor":22,"key":"Block Potion"},{"floor":29,"key":"SkillPotion"},{"floor":30,"key":"hexamod:SoulburnPotion"}],"is_trial":false,"path_per_floor":["M","?","M","M","$","E","$","?","T","M","R","E","M","?","R","B",null,"M","$","?","?","M","R","$","?","T","?","R","E","M","M","R","B"],"character_chosen":"THE_CURSED","items_purchased":["TheCursedMod:LuckyCharm","TheCursedMod:CircleOfCorruption","TheCursedMod:WearCloak","TheCursedMod:ShockAndAwe","TheCursedMod:CircleOfFlame","TheCursedMod:LuckyCharm","EntropicBrew","TheCursedMod:SmokeScreen"],"campfire_rested":2,"item_purchase_floors":[5,7,7,19,19,19,19,24],"current_hp_per_floor":[82,87,86,82,82,76,76,76,76,71,71,63,49,49,76,14,92,88,88,103,103,87,87,87,87,87,87,87,79,70,57,89,0,0],"gold":60,"neow_bonus":"TEN_PERCENT_HP_BONUS","is_daily":false,"chose_seed":false,"campfire_upgraded":2,"win_rate":0.0,"timestamp":1612887717,"path_taken":["M","?","M","M","?","E","$","?","T","?","R","E","M","?","R","BOSS","M","$","?","?","?","R","$","?","T","?","R","E","M","M","R","BOSS"],"items_purchased_type":["Card","Card","Card","Card","Card","Card","Potion","Card"],"build_version":"2020-12-22","purchased_purges":0,"victory":false,"max_hp_per_floor":[82,87,87,87,87,87,87,87,87,87,87,87,92,92,92,92,92,92,92,107,107,107,107,107,107,107,107,107,107,107,107,107,107,107],"card_choices":[{"not_picked":["TheCursedMod:Obscuration","TheCursedMod:Stretching"],"picked":"TheCursedMod:HellfireBreathing","floor":1},{"not_picked":["TheCursedMod:CursedMace","TheCursedMod:VitalStrike"],"picked":"TheCursedMod:CursedArmor","floor":3},{"not_picked":["TheCursedMod:ReleasedKnowledge","TheCursedMod:Mangle"],"picked":"TheCursedMod:SpitefulStrike","floor":4},{"not_picked":["TheCursedMod:CursedSpellbook","TheCursedMod:RavingStaff"],"picked":"TheCursedMod:OutForBlood","floor":6},{"not_picked":["TheCursedMod:SpreadPlague","TheCursedMod:WearCloak"],"picked":"TheCursedMod:CursedShiv","floor":10},{"not_picked":["TheCursedMod:CursedAmulet","TheCursedMod:CursedShiv"],"picked":"TheCursedMod:HellfireBreathing","floor":12},{"not_picked":["TheCursedMod:CursedBlade","TheCursedMod:SpreadPlague"],"picked":"TheCursedMod:SurpriseAttack","floor":13},{"not_picked":["TheCursedMod:CollectTribute","TheCursedMod:NeowsMight"],"picked":"TheCursedMod:VoidForm","floor":16},{"not_picked":[],"picked":"TheCursedMod:CursedShiv","floor":18},{"not_picked":[],"picked":"TheCursedMod:Wield","floor":22},{"not_picked":[],"picked":"TheCursedMod:SurpriseAttack+1","floor":29},{"not_picked":[],"picked":"TheCursedMod:VitalStrike","floor":30},{"not_picked":[],"picked":"TheCursedMod:Stretching+1","floor":31}],"player_experience":1690406,"relics_obtained":[{"floor":6,"key":"HollowMod:StagPassRelic"},{"floor":12,"key":"Boot"},{"floor":26,"key":"Tiny Chest"},{"floor":29,"key":"Happy Flower"}],"event_choices":[{"damage_healed":0,"gold_gain":0,"player_choice":"Donut","damage_taken":0,"max_hp_gain":5,"max_hp_loss":0,"event_name":"Big Fish","floor":2,"gold_loss":0},{"damage_healed":0,"gold_gain":0,"player_choice":"2 cards matched","damage_taken":0,"max_hp_gain":0,"max_hp_loss":0,"event_name":"Match and Keep!","floor":8,"gold_loss":0,"cards_obtained":["Finesse","TheCursedMod:CursedRelics"]},{"damage_healed":0,"gold_gain":175,"player_choice":"AGREE","damage_taken":0,"max_hp_gain":0,"max_hp_loss":0,"event_name":"Liars Game","floor":14,"gold_loss":0,"cards_obtained":["Doubt"]},{"damage_healed":0,"gold_gain":0,"cards_transformed":["TheCursedMod:Dregs"],"player_choice":"Transformed","damage_taken":0,"max_hp_gain":0,"max_hp_loss":0,"event_name":"Transmorgrifier","floor":21,"gold_loss":0,"cards_obtained":["Normality"]},{"damage_healed":0,"gold_gain":0,"player_choice":"Paid Fearfully","damage_taken":0,"max_hp_gain":0,"max_hp_loss":0,"event_name":"Masked Bandits","floor":25,"gold_loss":33},{"damage_healed":0,"gold_gain":0,"player_choice":"Ignored","damage_taken":0,"max_hp_gain":0,"max_hp_loss":0,"event_name":"Vampires","floor":27,"gold_loss":0}],"is_beta":false,"boss_relics":[{"not_picked":["Velvet Choker","Runic Pyramid"],"picked":"Busted Crown"}],"items_purged_floors":[],"is_endless":false,"potions_floor_spawned":[3,6,10,13,22,29,30],"killed_by":"Collector","ascension_level":0}}