{"host":"6wux4armhsntp4yb","time":1612830196,"event":{"mods":["BaseMod","Colored Map","DeckTracker","Minty Spire (QoL Compilation)","Relic Stats"],"gold_per_floor":[113,6,6,26,26,26,55,55,55,88,102,117,117,134,134,206,206,217,17,17,34,34,67,67,67,67,67,67,167,167,197,197,276,276,288,300,312,323,32,67,67,67,67,86,105,130,142,173,173,173,173,173,173,86,111,111],"floor_reached":57,"language":"JPN","playtime":6045,"items_purged":["Strike_G","Strike_G"],"score":3126,"play_id":"c58c9da9-2367-4bab-b4fa-801074329465","local_time":"20210209092316","is_ascension_mode":true,"campfire_choices":[{"data":"Dash","floor":6.0,"key":"SMITH"},{"data":"Noxious Fumes","floor":8.0,"key":"SMITH"},{"data":"Catalyst","floor":13.0,"key":"SMITH"},{"data":"Bouncing Flask","floor":15.0,"key":"SMITH"},{"data":"Apotheosis","floor":28.0,"key":"SMITH"},{"floor":30.0,"key":"DIG"},{"floor":32.0,"key":"DIG"},{"floor":42,"key":"DIG"},{"floor":49,"key":"RECALL"},{"floor":53,"key":"DIG"}],"circlet_count":0,"master_deck":["AscendersBane","Defend_G","Defend_G","Defend_G","Defend_G","Defend_G","Survivor","Neutralize+1","Backflip","Dash+1","Noxious Fumes+1","Footwork","Catalyst+1","Bouncing Flask+1","Venomology","Night Terror","Bane+1","Dagger Spray+1","Leg Sweep+1","Blade Dance+1","Apotheosis+1","Ghostly","Ghostly","Ghostly","Blur","Burst","Well Laid Plans","Well Laid Plans","Wraith Form v2+1","Pain","Well Laid Plans+1"],"relics":["Ring of the Snake","Incense Burner","Boot","Bottled Tornado","Blue Candle","Astrolabe","TungstenRod","Toy Ornithopter","Pear","Shovel","Eternal Feather","Ninja Scroll","Dead Branch","Smiling Mask","Coffee Dripper","Frozen Eye","Frozen Egg 2","WarpedTongs","Ornamental Fan","Bag of Marbles","Paper Crane","HornCleat","Bag of Preparation"],"acts_visited":["Exordium","TheCity","TheBeyond","TheEnding"],"potions_floor_usage":[35,36,37,38,40,40,44,45,45,45,45,46,47,47,48,50,51,55,56,56],"damage_taken":[{"damage":1.0,"enemies":"Small Slimes","floor":1.0,"turns":8.0},{"damage":0.0,"enemies":"Cultist","floor":4.0,"turns":5.0},{"damage":3.0,"enemies":"Lagavulin","floor":7.0,"turns":7.0},{"damage":25.0,"enemies":"Gremlin Nob","floor":10.0,"turns":5.0},{"damage":0.0,"enemies":"Jaw Worm","floor":11.0,"turns":4.0},{"damage":1.0,"enemies":"Looter","floor":12.0,"turns":5.0},{"damage":0.0,"enemies":"3 Louse","floor":14.0,"turns":4.0},{"damage":21.0,"enemies":"Slime Boss","floor":16.0,"turns":5.0},{"damage":0.0,"enemies":"3 Byrds","floor":18.0,"turns":4.0},{"damage":0.0,"enemies":"Chosen","floor":21.0,"turns":2.0},{"damage":5.0,"enemies":"Book of Stabbing","floor":23.0,"turns":6.0},{"damage":6.0,"enemies":"Colosseum Slavers","floor":29.0,"turns":5.0},{"damage":6.0,"enemies":"Colosseum Nobs","floor":29.0,"turns":7.0},{"damage":15.0,"enemies":"Gremlin Leader","floor":31.0,"turns":7.0},{"damage":0.0,"enemies":"Automaton","floor":33.0,"turns":12.0},{"damage":0,"enemies":"3 Darklings","floor":35,"turns":5},{"damage":0,"enemies":"Orb Walker","floor":36,"turns":4},{"damage":0,"enemies":"Transient","floor":37,"turns":6},{"damage":0,"enemies":"Maw","floor":38,"turns":6},{"damage":32,"enemies":"Nemesis","floor":40,"turns":5},{"damage":0,"enemies":"4 Shapes","floor":44,"turns":5},{"damage":0,"enemies":"Spire Growth","floor":45,"turns":7},{"damage":0,"enemies":"Giant Head","floor":46,"turns":7},{"damage":0,"enemies":"Maw","floor":47,"turns":6},{"damage":0,"enemies":"Reptomancer","floor":48,"turns":6},{"damage":0,"enemies":"Time Eater","floor":50,"turns":7},{"damage":1,"enemies":"Donu and Deca","floor":51,"turns":9},{"damage":0,"enemies":"Shield and Spear","floor":55,"turns":8},{"damage":54,"enemies":"The Heart","floor":56,"turns":9}],"seed_played":"-7791387944880966187","potions_obtained":[{"floor":7.0,"key":"DuplicationPotion"},{"floor":10.0,"key":"CunningPotion"},{"floor":12.0,"key":"DistilledChaos"},{"floor":31.0,"key":"SpeedPotion"},{"floor":33.0,"key":"BlessingOfTheForge"},{"floor":38,"key":"Dexterity Potion"},{"floor":40,"key":"EntropicBrew"},{"floor":48,"key":"Poison Potion"}],"is_trial":false,"path_per_floor":["M","$","?","M","$","R","E","R","T","E","M","M","R","M","R","B",null,"M","$","?","M","?","E","?","$","T","?","R","?","R","E","R","B",null,"M","M","M","M","$","E","?","R","T","M","M","E","M","E","R","B","B",null,"R","$","E","B",null],"character_chosen":"THE_SILENT","items_purchased":["FearPotion","BlessingOfTheForge","Apotheosis","Frozen Eye","Well Laid Plans","Well Laid Plans+1"],"campfire_rested":0,"item_purchase_floors":[2,2,19,39,39,54],"current_hp_per_floor":[58,58,58,58,58,58,55,55,55,30,30,29,29,29,29,8,47,47,47,47,47,30,25,25,25,35,35,35,28,40,25,40,40,40,40,40,40,40,40,8,8,26,26,31,40,40,40,40,40,40,40,40,40,40,40,21],"gold":111,"neow_bonus":"ONE_RARE_RELIC","is_daily":false,"chose_seed":false,"campfire_upgraded":5,"win_rate":0.0,"timestamp":1612830196,"path_taken":["M","$","?","M","?","R","E","R","T","E","M","M","R","?","R","BOSS","M","$","?","?","?","E","?","$","T","?","R","?","R","E","R","BOSS","M","M","M","M","$","E","?","R","T","M","?","E","M","E","R","BOSS","BOSS","R","$","E","BOSS"],"items_purchased_type":["Potion","Potion","Card","Relic","Card","Card"],"build_version":"2020-12-22","purchased_purges":2,"victory":true,"max_hp_per_floor":[60,60,60,60,60,60,60,60,60,60,60,60,60,60,60,60,60,60,60,60,60,30,30,30,30,40,40,40,40,40,40,40,40,40,40,40,40,40,40,40,40,40,40,40,40,40,40,40,40,40,40,40,40,40,40,40],"relic_stats":{"counters":[29,176],"Blue Candle":[21],"Astrolabe":["Bane","Dagger Spray","Leg Sweep"],"Dead Branch":[348],"Eternal Feather":45,"Bag of Preparation":[0],"Boot":[226],"Smiling Mask":75,"WarpedTongs":[45],"Shovel":4,"Ornamental Fan":[108],"obtain_stats":[{"Pear":26,"Blue Candle":10,"Astrolabe":17,"Dead Branch":31,"Eternal Feather":29,"Incense Burner":0,"Bag of Preparation":55,"Bottled Tornado":9,"Frozen Egg 2":40,"Paper Crane":48,"Boot":7,"Smiling Mask":32,"WarpedTongs":41,"Frozen Eye":39,"Shovel":29,"HornCleat":53,"Ninja Scroll":30,"Ornamental Fan":42,"Coffee Dripper":34,"Bag of Marbles":46,"TungstenRod":20,"Toy Ornithopter":23,"Ring of the Snake":0},{"Pear":11,"Blue Candle":4,"Astrolabe":8,"Dead Branch":14,"Eternal Feather":13,"Incense Burner":0,"Bag of Preparation":28,"Bottled Tornado":3,"Frozen Egg 2":20,"Paper Crane":25,"Boot":3,"Smiling Mask":14,"WarpedTongs":20,"Frozen Eye":19,"Shovel":13,"HornCleat":27,"Ninja Scroll":13,"Ornamental Fan":20,"Coffee Dripper":15,"Bag of Marbles":23,"TungstenRod":9,"Toy Ornithopter":11,"Ring of the Snake":0},{"Pear":55,"Blue Candle":25,"Astrolabe":43,"Dead Branch":74,"Eternal Feather":67,"Incense Burner":0,"Bag of Preparation":167,"Bottled Tornado":20,"Frozen Egg 2":112,"Paper Crane":143,"Boot":20,"Smiling Mask":74,"WarpedTongs":112,"Frozen Eye":107,"Shovel":67,"HornCleat":159,"Ninja Scroll":67,"Ornamental Fan":112,"Coffee Dripper":86,"Bag of Marbles":131,"TungstenRod":47,"Toy Ornithopter":55,"Ring of the Snake":0}],"TungstenRod":132,"Toy Ornithopter":25,"Ring of the Snake":[58]},"card_choices":[{"not_picked":["Dodge and Roll","Bane"],"picked":"Backflip","floor":1.0},{"not_picked":["Flying Knee","Escape Plan"],"picked":"Dash","floor":4.0},{"not_picked":["Dagger Spray","Poisoned Stab"],"picked":"Noxious Fumes","floor":7.0},{"not_picked":["Flying Knee","Concentrate"],"picked":"Footwork","floor":10.0},{"not_picked":["Prepared","Masterful Stab"],"picked":"Catalyst","floor":11.0},{"not_picked":["Dagger Spray","Blade Dance"],"picked":"Bouncing Flask","floor":12.0},{"not_picked":["Deflect","Dagger Throw"],"picked":"Venomology","floor":14.0},{"not_picked":["Envenom","Phantasmal Killer"],"picked":"Night Terror","floor":16.0},{"not_picked":["Bouncing Flask","Dodge and Roll"],"picked":"Blade Dance+1","floor":18.0},{"not_picked":["Backstab","Poisoned Stab","Sucker Punch"],"picked":"SKIP","floor":21.0},{"not_picked":["Dodge and Roll","Slice+1"],"picked":"Blur","floor":23.0},{"not_picked":["Poisoned Stab","Backflip","Finisher"],"picked":"SKIP","floor":31.0},{"not_picked":["Wraith Form v2","Malaise"],"picked":"Burst","floor":33.0},{"not_picked":["Acrobatics","Dagger Throw","Finisher+1"],"picked":"SKIP","floor":35},{"not_picked":["Endless Agony","Deflect"],"picked":"Well Laid Plans","floor":36},{"not_picked":["Sucker Punch","Cloak And Dagger","Dagger Throw"],"picked":"SKIP","floor":37},{"not_picked":["Sucker Punch","Blade Dance","Footwork"],"picked":"SKIP","floor":38},{"not_picked":["Underhanded Strike","Envenom+1"],"picked":"Wraith Form v2+1","floor":40},{"not_picked":["Accuracy+1","Dagger Throw","Terror"],"picked":"SKIP","floor":44},{"not_picked":["Reflex","Flying Knee","Underhanded Strike"],"picked":"SKIP","floor":45},{"not_picked":["Dagger Throw","Catalyst","Deflect"],"picked":"SKIP","floor":46},{"not_picked":["Masterful Stab+1","Finisher","Dash"],"picked":"SKIP","floor":47},{"not_picked":["Dodge and Roll","Masterful Stab","Terror"],"picked":"SKIP","floor":48},{"not_picked":["Poisoned Stab","Backflip","Dodge and Roll+1"],"picked":"SKIP","floor":55}],"player_experience":5863150,"relics_obtained":[{"floor":7.0,"key":"Boot"},{"floor":9.0,"key":"Bottled Tornado"},{"floor":10.0,"key":"Blue Candle"},{"floor":23.0,"key":"Toy Ornithopter"},{"floor":26.0,"key":"Pear"},{"floor":29.0,"key":"Shovel"},{"floor":29.0,"key":"Eternal Feather"},{"floor":30.0,"key":"Ninja Scroll"},{"floor":31.0,"key":"Dead Branch"},{"floor":32.0,"key":"Smiling Mask"},{"floor":40,"key":"Frozen Egg 2"},{"floor":42,"key":"Ornamental Fan"},{"floor":46,"key":"Bag of Marbles"},{"floor":48,"key":"Paper Crane"},{"floor":53,"key":"HornCleat"},{"floor":55,"key":"Bag of Preparation"}],"event_choices":[{"damage_healed":0.0,"max_hp_gain":0.0,"max_hp_loss":0.0,"gold_gain":0.0,"event_name":"Upgrade Shrine","player_choice":"Upgraded","floor":3.0,"gold_loss":0.0,"damage_taken":0.0,"cards_upgraded":["Neutralize"]},{"damage_healed":0.0,"max_hp_gain":0.0,"max_hp_loss":0.0,"gold_gain":0.0,"event_name":"WeMeetAgain","player_choice":"Gave Potion","floor":20.0,"gold_loss":0.0,"damage_taken":0.0,"relics_obtained":["TungstenRod"]},{"damage_healed":0.0,"max_hp_gain":0.0,"max_hp_loss":30.0,"gold_gain":0.0,"event_name":"Ghosts","player_choice":"Became a Ghost","floor":22.0,"gold_loss":0.0,"damage_taken":0.0,"cards_obtained":["Ghostly","Ghostly","Ghostly"]},{"damage_healed":0.0,"max_hp_gain":0.0,"max_hp_loss":0.0,"gold_gain":0.0,"event_name":"Cursed Tome","player_choice":"Ignored","floor":24.0,"gold_loss":0.0,"damage_taken":0.0},{"damage_healed":0.0,"max_hp_gain":0.0,"max_hp_loss":0.0,"gold_gain":0.0,"event_name":"Colosseum","player_choice":"Fight","floor":29.0,"gold_loss":0.0,"damage_taken":0.0},{"damage_healed":0.0,"max_hp_gain":0.0,"max_hp_loss":0.0,"gold_gain":0.0,"event_name":"Colosseum","player_choice":"Fought Nobs","floor":29.0,"gold_loss":0.0,"damage_taken":0.0},{"damage_healed":0,"gold_gain":0,"player_choice":"Rummage","damage_taken":0,"relics_obtained":["WarpedTongs"],"max_hp_gain":0,"max_hp_loss":0,"event_name":"Accursed Blacksmith","floor":41,"gold_loss":0,"cards_obtained":["Pain"]}],"is_beta":false,"boss_relics":[{"not_picked":["Pandora\u0027s Box","Busted Crown"],"picked":"Astrolabe"},{"not_picked":["SlaversCollar","Philosopher\u0027s Stone"],"picked":"Coffee Dripper"}],"items_purged_floors":[39,54],"is_endless":false,"potions_floor_spawned":[4,7,10,12,29,31,33,35,38,40,48,55],"ascension_level":20}}