{"host":"1c52r9kaxdyo25eq","time":1612885229,"event":{"mods":["AchievementEnabler","BaseMod","DeckTracker","Minty Spire (QoL Compilation)","Rare Cards Sparkle","SuperFastMode","everything is the same but u backflip on backflip"],"gold_per_floor":[369,285,250,265,15,46,46,46,46,101,117,135,135,146,146,223,223,239,4,184,194,33,64,64,80,106,21,40,58,107,107,107,183,183,201,216,232,92,103,103,103,103,183,210,210,210,235,251,251,251,251,251,251,79,114,114],"floor_reached":57,"language":"KOR","playtime":1300,"items_purged":["CarveReality","Writhe"],"score":3325,"play_id":"756db782-4f2f-4c50-95e6-70d6eef7bce1","local_time":"20210210004029","is_ascension_mode":true,"campfire_choices":[{"data":"MentalFortress","floor":13.0,"key":"SMITH"},{"data":"Adaptation","floor":15.0,"key":"SMITH"},{"floor":24.0,"key":"RECALL"},{"floor":32.0,"key":"REST"},{"floor":40.0,"key":"REST"},{"floor":42.0,"key":"REST"},{"floor":45,"key":"REST"},{"floor":49,"key":"REST"},{"floor":53,"key":"REST"}],"circlet_count":0,"master_deck":["Eruption"],"relics":["PureWater","TheAbacus","Bottled Flame","Gambling Chip","Mummified Hand","PreservedInsect","Runic Pyramid","Whetstone","Akabeko","Kunai","Tiny Chest","Dream Catcher","CaptainsWheel","Fusion Hammer","Bottled Tornado","Unceasing Top","White Beast Statue","Pocketwatch","Pen Nib","Toy Ornithopter"],"acts_visited":["Exordium","TheCity","TheBeyond","TheEnding"],"potions_floor_usage":[56,56],"damage_taken":[{"damage":10.0,"enemies":"2 Louse","floor":1.0,"turns":2.0},{"damage":8.0,"enemies":"Jaw Worm","floor":4.0,"turns":2.0},{"damage":20.0,"enemies":"3 Sentries","floor":6.0,"turns":5.0},{"damage":0.0,"enemies":"3 Sentries","floor":10.0,"turns":2.0},{"damage":0.0,"enemies":"Small Slimes","floor":11.0,"turns":1.0},{"damage":0.0,"enemies":"Red Slaver","floor":12.0,"turns":1.0},{"damage":0.0,"enemies":"3 Louse","floor":14.0,"turns":2.0},{"damage":0.0,"enemies":"Slime Boss","floor":16.0,"turns":4.0},{"damage":0.0,"enemies":"3 Byrds","floor":18.0,"turns":2.0},{"damage":0.0,"enemies":"2 Thieves","floor":21.0,"turns":1.0},{"damage":0.0,"enemies":"Slavers","floor":23.0,"turns":1.0},{"damage":0.0,"enemies":"Centurion and Healer","floor":25.0,"turns":4.0},{"damage":0.0,"enemies":"Snake Plant","floor":28.0,"turns":1.0},{"damage":0.0,"enemies":"Snecko","floor":29.0,"turns":3.0},{"damage":0.0,"enemies":"Collector","floor":33.0,"turns":2.0},{"damage":0.0,"enemies":"Orb Walker","floor":35.0,"turns":1.0},{"damage":0.0,"enemies":"3 Shapes","floor":36.0,"turns":1.0},{"damage":0.0,"enemies":"Jaw Worm Horde","floor":37.0,"turns":1.0},{"damage":0.0,"enemies":"3 Darklings","floor":39.0,"turns":1.0},{"damage":0,"enemies":"Reptomancer","floor":44,"turns":2},{"damage":0,"enemies":"Mind Bloom Boss Battle","floor":47,"turns":3},{"damage":0,"enemies":"Writhing Mass","floor":48,"turns":1},{"damage":0,"enemies":"Donu and Deca","floor":50,"turns":2},{"damage":0,"enemies":"Time Eater","floor":51,"turns":6},{"damage":0,"enemies":"Shield and Spear","floor":55,"turns":1},{"damage":2,"enemies":"The Heart","floor":56,"turns":6}],"seed_played":"4427549396754651798","potions_obtained":[{"floor":10.0,"key":"Regen Potion"},{"floor":12.0,"key":"Fire Potion"},{"floor":33.0,"key":"FearPotion"},{"floor":55,"key":"Swift Potion"}],"is_trial":false,"path_per_floor":["M","$","?","M","$","E","?","T","T","?","M","M","R","M","R","B",null,"M","$","?","M","$","E","R","M","T","?","M","M","T","?","R","B",null,"M","M","M","$","M","R","?","R","T","E","R","T","?","M","R","B","B",null,"R","$","E","B",null],"character_chosen":"WATCHER","items_purchased":["CarveReality","Adaptation","TheAbacus","Whetstone","Akabeko","Fasting2","Pen Nib"],"campfire_rested":6,"item_purchase_floors":[2,5,5,19,22,38,54],"current_hp_per_floor":[51,51,62,54,54,34,34,34,34,34,34,34,34,34,34,34,55,55,55,36,36,36,36,36,36,36,36,36,45,45,45,62,62,62,62,62,62,62,62,62,59,59,59,59,59,59,59,59,59,59,59,59,59,59,59,59],"gold":114,"neow_bonus":"TWO_FIFTY_GOLD","is_daily":false,"chose_seed":false,"campfire_upgraded":2,"win_rate":0.0,"timestamp":1612885229,"path_taken":["M","$","?","M","$","E","?","?","T","?","M","M","R","M","R","BOSS","M","$","?","?","$","E","R","M","T","?","M","M","?","?","R","BOSS","M","M","M","$","M","R","?","R","T","E","R","?","?","M","R","BOSS","BOSS","R","$","E","BOSS"],"items_purchased_type":["Card","Card","Relic","Relic","Relic","Card","Relic"],"build_version":"2020-12-22","purchased_purges":2,"victory":true,"max_hp_per_floor":[62,62,62,62,62,62,62,62,62,62,62,62,62,62,62,62,62,62,62,62,62,62,62,62,62,62,62,62,62,62,62,62,62,62,62,62,62,62,62,62,59,59,59,59,59,59,59,59,59,59,59,59,59,59,59,59],"card_choices":[{"not_picked":["Consecrate","Halt","Prostrate"],"picked":"SKIP","floor":1.0},{"not_picked":["Prostrate","EmptyBody","ThirdEye"],"picked":"SKIP","floor":4.0},{"not_picked":["Wish","WindmillStrike","TalkToTheHand"],"picked":"SKIP","floor":6.0},{"not_picked":["Evaluate","FlurryOfBlows","Collect"],"picked":"SKIP","floor":11.0},{"not_picked":["JustLucky","FlyingSleeves","ThirdEye"],"picked":"SKIP","floor":12.0},{"not_picked":["FollowUp","ReachHeaven","Ragnarok"],"picked":"SKIP","floor":14.0},{"not_picked":["SashWhip+1","ClearTheMind","BowlingBash+1"],"picked":"SKIP","floor":18.0},{"not_picked":["Meditate","Tantrum","BowlingBash"],"picked":"SKIP","floor":21.0},{"not_picked":["BowlingBash","FlurryOfBlows","FlyingSleeves"],"picked":"SKIP","floor":23.0},{"not_picked":["Worship","WheelKick","CrushJoints"],"picked":"SKIP","floor":25.0},{"not_picked":["Protect","SandsOfTime","FollowUp"],"picked":"SKIP","floor":28.0},{"not_picked":["CrushJoints+1","Worship+1","Weave"],"picked":"SKIP","floor":29.0},{"not_picked":["Collect+1","Prostrate","ClearTheMind+1"],"picked":"SKIP","floor":35.0},{"not_picked":["Wireheading","BowlingBash","Prostrate"],"picked":"SKIP","floor":36.0},{"not_picked":["JustLucky","Weave","CutThroughFate"],"picked":"SKIP","floor":37.0},{"not_picked":["FlurryOfBlows","EmptyBody+1","Swivel"],"picked":"SKIP","floor":39.0},{"not_picked":["InnerPeace","FlyingSleeves","ConjureBlade"],"picked":"SKIP","floor":44},{"not_picked":["EmptyFist","BowlingBash","Evaluate"],"picked":"SKIP","floor":48},{"not_picked":["Prostrate","Consecrate","SashWhip"],"picked":"SKIP","floor":55}],"player_experience":649921,"relics_obtained":[{"floor":6.0,"key":"Bottled Flame"},{"floor":8.0,"key":"Gambling Chip"},{"floor":9.0,"key":"Mummified Hand"},{"floor":23.0,"key":"Kunai"},{"floor":30.0,"key":"Dream Catcher"},{"floor":43.0,"key":"Bottled Tornado"},{"floor":44,"key":"Unceasing Top"},{"floor":46,"key":"White Beast Statue"},{"floor":47,"key":"Pocketwatch"},{"floor":55,"key":"Toy Ornithopter"}],"event_choices":[{"damage_healed":15.0,"max_hp_gain":0.0,"max_hp_loss":0.0,"gold_gain":0.0,"event_name":"The Cleric","player_choice":"Healed","floor":3.0,"gold_loss":35.0,"damage_taken":0.0},{"damage_healed":0.0,"max_hp_gain":0.0,"max_hp_loss":0.0,"gold_gain":0.0,"event_name":"Living Wall","player_choice":"Grow","floor":7.0,"gold_loss":0.0,"damage_taken":0.0,"cards_upgraded":["Eruption"]},{"damage_healed":0.0,"max_hp_gain":0.0,"max_hp_loss":0.0,"gold_gain":30.0,"event_name":"Dead Adventurer","player_choice":"Searched \u00273\u0027 times","floor":10.0,"gold_loss":0.0,"damage_taken":0.0,"relics_obtained":["PreservedInsect"]},{"damage_healed":0.0,"max_hp_gain":0.0,"max_hp_loss":0.0,"gold_gain":180.0,"event_name":"Knowing Skull","player_choice":"GOLD GOLD ","floor":20.0,"potions_obtained":[],"gold_loss":0.0,"damage_taken":19.0,"cards_obtained":[]},{"damage_healed":0.0,"max_hp_gain":0.0,"max_hp_loss":0.0,"gold_gain":0.0,"event_name":"Addict","player_choice":"Obtained Relic","floor":27.0,"gold_loss":85.0,"damage_taken":0.0,"relics_obtained":["Tiny Chest"]},{"damage_healed":0.0,"max_hp_gain":0.0,"max_hp_loss":0.0,"gold_gain":0.0,"event_name":"The Mausoleum","player_choice":"Opened","floor":31.0,"gold_loss":0.0,"damage_taken":0.0,"relics_obtained":["CaptainsWheel"],"cards_obtained":["Writhe"]},{"damage_healed":0.0,"max_hp_gain":0.0,"max_hp_loss":3.0,"gold_gain":0.0,"event_name":"Winding Halls","player_choice":"Max HP","floor":41.0,"gold_loss":0.0,"damage_taken":0.0},{"damage_healed":0,"gold_gain":0,"player_choice":"Fight","damage_taken":0,"max_hp_gain":0,"max_hp_loss":0,"event_name":"MindBloom","floor":47,"gold_loss":0}],"is_beta":false,"boss_relics":[{"not_picked":["VioletLotus","Sozu"],"picked":"Runic Pyramid"},{"not_picked":["Coffee Dripper","Velvet Choker"],"picked":"Fusion Hammer"}],"items_purged_floors":[19,38],"is_endless":false,"potions_floor_spawned":[10,12,14,18,28,33,35,47,48,55],"ascension_level":20}}