{"host":"1bzbl1adcbkdzqlf","time":1612907046,"event":{"mods":["BaseMod","Minty Spire (QoL Compilation)","Slay the Relics Exporter"],"gold_per_floor":[113,127,302,356,367,392,392,412,439,439,467,53,114,114,114,212,212,228,247,5,25,45,59,29,17,43,43,18,55,55,89,89,197,197,221,245,307,23,41,41,50,71,80,80,80],"floor_reached":44,"language":"ENG","playtime":4645,"items_purged":["Strike_R","Strike_R"],"score":716,"play_id":"b91a4f76-b5b5-44ab-bd3a-658753b8e9cd","local_time":"20210209154406","is_ascension_mode":true,"campfire_choices":[{"data":"Carnage","floor":7,"key":"SMITH"},{"data":"Flame Barrier","floor":15,"key":"SMITH"},{"data":"Entrench","floor":27,"key":"SMITH"},{"data":"Offering","floor":32,"key":"SMITH"},{"data":"Flex","floor":40,"key":"SMITH"}],"circlet_count":0,"master_deck":["Strike_R","Strike_R","Strike_R","Defend_R","Defend_R","Defend_R","Defend_R","Bash","Flex+1","Clothesline","Carnage+1","True Grit","Bloodletting","Flame Barrier+1","Offering+1","Thunderclap","Entrench+1","Ghostly Armor+1","Intimidate+1","Ghostly Armor+1","True Grit+1","Spot Weakness+1","Cleave+1","Reaper","Body Slam+1","Heavy Blade+1","Disarm+1","PanicButton+1","Madness+1","Madness+1","Normality","Shrug It Off+1","Doubt"],"relics":["Burning Blood","Tiny Chest","Champion Belt","Omamori","Toy Ornithopter","Membership Card","Blood Vial","Calipers","Mango","Singing Bowl","Cursed Key","Toxic Egg 2","Meat on the Bone","CeramicFish","Potion Belt","Paper Frog","Red Mask","SlaversCollar","Prayer Wheel","Gremlin Horn","OrangePellets","Pen Nib","Blue Candle"],"acts_visited":["Exordium","TheCity","TheBeyond"],"potions_floor_usage":[11,11,11,11,13,16,22,23,23,23,33,33,33,33,37,37,44],"damage_taken":[{"damage":0,"enemies":"2 Louse","floor":1,"turns":4},{"damage":7,"enemies":"Jaw Worm","floor":2,"turns":4},{"damage":8,"enemies":"Cultist","floor":5,"turns":5},{"damage":40,"enemies":"3 Sentries","floor":6,"turns":10},{"damage":3,"enemies":"Looter","floor":8,"turns":2},{"damage":0,"enemies":"Gremlin Nob","floor":11,"turns":4},{"damage":33,"enemies":"3 Sentries","floor":13,"turns":9},{"damage":41,"enemies":"Hexaghost","floor":16,"turns":7},{"damage":24,"enemies":"2 Thieves","floor":18,"turns":4},{"damage":17,"enemies":"Shell Parasite","floor":19,"turns":4},{"damage":6,"enemies":"Snake Plant","floor":21,"turns":4},{"damage":44,"enemies":"Cultist and Chosen","floor":22,"turns":8},{"damage":16,"enemies":"Shelled Parasite and Fungi","floor":23,"turns":5},{"damage":20,"enemies":"Book of Stabbing","floor":29,"turns":6},{"damage":15,"enemies":"Masked Bandits","floor":31,"turns":4},{"damage":110,"enemies":"Champ","floor":33,"turns":12},{"damage":16,"enemies":"Orb Walker","floor":35,"turns":4},{"damage":29,"enemies":"3 Darklings","floor":36,"turns":7},{"damage":56,"enemies":"2 Orb Walkers","floor":37,"turns":6},{"damage":31,"enemies":"Spire Growth","floor":42,"turns":6}],"seed_played":"6555215010512051912","potions_obtained":[{"floor":6,"key":"AttackPotion"},{"floor":8,"key":"EntropicBrew"},{"floor":13,"key":"ColorlessPotion"},{"floor":19,"key":"SkillPotion"},{"floor":22,"key":"EntropicBrew"},{"floor":24,"key":"Block Potion"},{"floor":24,"key":"SteroidPotion"},{"floor":29,"key":"BloodPotion"},{"floor":33,"key":"FearPotion"},{"floor":35,"key":"ElixirPotion"},{"floor":37,"key":"LiquidBronze"}],"is_trial":false,"path_per_floor":["M","M","?","T","M","E","R","M","T","?","E","$","?","T","R","B",null,"M","M","$","M","M","M","?","$","T","R","$","E","T","?","R","B",null,"M","M","?","$","?","R","T","M","T","M"],"character_chosen":"IRONCLAD","items_purchased":["Membership Card","Blood Vial","Calipers","Toxic Egg 2","Meat on the Bone","True Grit+1","Spot Weakness+1","Gremlin Horn","PanicButton+1","OrangePellets"],"campfire_rested":0,"item_purchase_floors":[12,12,12,20,20,25,28,38,38,38],"current_hp_per_floor":[86,85,85,85,83,49,49,52,52,45,51,51,60,60,60,32,85,69,60,60,62,43,62,62,62,62,62,62,62,62,69,69,19,83,75,78,63,63,50,50,50,53,53,0,0],"gold":80,"neow_bonus":"TEN_PERCENT_HP_BONUS","is_daily":false,"chose_seed":false,"campfire_upgraded":5,"win_rate":0.0,"timestamp":1612907046,"path_taken":["M","M","?","?","?","E","R","M","T","?","E","$","?","?","R","BOSS","M","M","$","?","M","M","?","$","T","R","?","E","?","?","R","BOSS","M","M","?","$","?","R","?","M","T","M"],"items_purchased_type":["Relic","Relic","Relic","Relic","Relic","Card","Card","Relic","Card","Relic"],"build_version":"2020-12-22","purchased_purges":2,"victory":false,"max_hp_per_floor":[88,88,88,88,88,88,88,88,88,88,88,88,102,102,102,102,102,102,102,102,102,102,102,102,102,102,102,102,102,102,104,104,104,104,104,104,104,104,104,104,104,106,106,106,106],"card_choices":[{"not_picked":["Havoc","Sword Boomerang"],"picked":"Flex","floor":1},{"not_picked":["True Grit","Clash"],"picked":"Clothesline","floor":2},{"not_picked":["Reckless Charge","Perfected Strike"],"picked":"Carnage","floor":5},{"not_picked":["Clothesline","Rampage"],"picked":"True Grit","floor":6},{"not_picked":["Second Wind","Clothesline"],"picked":"Bloodletting","floor":8},{"not_picked":["Ghostly Armor","Dropkick"],"picked":"Flame Barrier","floor":11},{"not_picked":["Bludgeon","Double Tap"],"picked":"Offering","floor":16},{"not_picked":["Heavy Blade","Pommel Strike"],"picked":"Thunderclap","floor":18},{"not_picked":["Anger","Sentinel"],"picked":"Entrench","floor":19},{"not_picked":["Clothesline","Metallicize"],"picked":"Ghostly Armor+1","floor":21},{"not_picked":["Limit Break+1","Whirlwind"],"picked":"Intimidate+1","floor":22},{"not_picked":["Thunderclap+1","Sword Boomerang"],"picked":"Ghostly Armor+1","floor":23},{"not_picked":["Carnage+1","Pommel Strike"],"picked":"Cleave+1","floor":29},{"not_picked":["Iron Wave","Wild Strike+1","Second Wind+1"],"picked":"Singing Bowl","floor":31},{"not_picked":["Demon Form","Berserk"],"picked":"Reaper","floor":33},{"not_picked":["Blood for Blood+1","Flex+1"],"picked":"Body Slam+1","floor":35},{"not_picked":["True Grit+1","Blood for Blood"],"picked":"Heavy Blade+1","floor":36},{"not_picked":["Armaments+1","Burning Pact+1"],"picked":"Disarm+1","floor":37},{"not_picked":["Fire Breathing","Anger+1"],"picked":"Shrug It Off+1","floor":42},{"not_picked":["Havoc+1","Cleave","Sword Boomerang"],"picked":"Singing Bowl","floor":42}],"player_experience":390572,"relics_obtained":[{"floor":4,"key":"Tiny Chest"},{"floor":6,"key":"Champion Belt"},{"floor":9,"key":"Omamori"},{"floor":11,"key":"Toy Ornithopter"},{"floor":13,"key":"Mango"},{"floor":14,"key":"Singing Bowl"},{"floor":26,"key":"CeramicFish"},{"floor":29,"key":"Potion Belt"},{"floor":30,"key":"Paper Frog"},{"floor":31,"key":"Red Mask"},{"floor":37,"key":"Prayer Wheel"},{"floor":41,"key":"Pen Nib"},{"floor":43,"key":"Blue Candle"}],"event_choices":[{"damage_healed":0,"gold_gain":175,"player_choice":"AGREE","damage_taken":0,"max_hp_gain":0,"max_hp_loss":0,"event_name":"Liars Game","floor":3,"gold_loss":0,"cards_obtained":["Doubt"]},{"cards_removed":["Doubt"],"damage_healed":0,"gold_gain":0,"player_choice":"Card Removal","damage_taken":7,"max_hp_gain":0,"max_hp_loss":0,"event_name":"Golden Wing","floor":10,"gold_loss":0},{"damage_healed":0,"gold_gain":30,"player_choice":"Searched \u00273\u0027 times","damage_taken":0,"max_hp_gain":0,"max_hp_loss":0,"event_name":"Dead Adventurer","floor":13,"gold_loss":0},{"damage_healed":0,"gold_gain":0,"player_choice":"Bought 2 Potions","damage_taken":0,"max_hp_gain":0,"max_hp_loss":0,"event_name":"The Woman in Blue","floor":24,"gold_loss":0},{"damage_healed":0,"gold_gain":0,"player_choice":"Fought Bandits","damage_taken":0,"max_hp_gain":0,"max_hp_loss":0,"event_name":"Masked Bandits","floor":31,"gold_loss":0},{"damage_healed":0,"gold_gain":0,"player_choice":"Fight","damage_taken":0,"max_hp_gain":0,"max_hp_loss":0,"event_name":"Mysterious Sphere","floor":37,"gold_loss":0},{"damage_healed":0,"gold_gain":0,"player_choice":"Embrace Madness","damage_taken":13,"max_hp_gain":0,"max_hp_loss":0,"event_name":"Winding Halls","floor":39,"gold_loss":0,"cards_obtained":["Madness","Madness"]}],"is_beta":false,"boss_relics":[{"not_picked":["Fusion Hammer","Pandora\u0027s Box"],"picked":"Cursed Key"},{"not_picked":["Mark of Pain","Empty Cage"],"picked":"SlaversCollar"}],"items_purged_floors":[12,38],"is_endless":false,"potions_floor_spawned":[6,8,13,19,22,29,33,35,37],"killed_by":"4 Shapes","ascension_level":9}}