{"host":"rygl6lff02urotq6","time":1612902708,"event":{"mods":["AchievementEnabler","BaseMod","Bestiary","Better Altar","Better Match","Better Note","Better Sensory Stone","Better Skull","Better Third Choice","BetterRewards","Colored Map","Colored Powertips","Curses Come First","DeckTracker","Minty Spire (QoL Compilation)","Quick Restart","Spicy Shops","StSLib","SuperFastMode","The Bug Knight","Transform Curses"],"gold_per_floor":[109,126,138,156,167,167,167,167,242,260,260,260,260,275,275,378,378,396,406,406,421,121,121,121,121,121,121,144,153,192,211,211,211,211],"floor_reached":33,"language":"ENG","playtime":2348,"items_purged":[],"score":284,"play_id":"8030eb06-1d87-4488-be6a-34408571c6f6","local_time":"20210209153148","is_ascension_mode":false,"campfire_choices":[{"floor":6,"key":"RECALL"},{"floor":8,"key":"REST"},{"floor":11,"key":"REST"},{"data":"HollowMod:DungDefenderAura","floor":13,"key":"SMITH"},{"floor":15,"key":"REST"},{"data":"HollowMod:AbyssShriek","floor":23,"key":"SMITH"},{"floor":25,"key":"REST"},{"data":"HollowMod:VengefulVoid","floor":27,"key":"SMITH"},{"floor":32,"key":"REST"}],"circlet_count":0,"master_deck":["HollowMod:NailStrikeStart","HollowMod:NailStrikeStart","HollowMod:NailStrikeStart","HollowMod:NailStrikeStart","HollowMod:QuickDashStart","HollowMod:QuickDashStart","HollowMod:QuickDashStart","HollowMod:QuickDashStart","HollowMod:PogoStrike+1","HollowMod:DungDefenderAura+1","HollowMod:HuntersJournal","HollowMod:CycloneSlash+1","HollowMod:AbyssShriek+1","HollowMod:VengefulVoid+1","HollowMod:MantisMark+1","HollowMod:LuriensSpire+1","HollowMod:MantisMark+1","HollowMod:Weaversong","HollowMod:SiblingsShadow+1","HollowMod:HeavyBlow+1","Enlightenment+1","HollowMod:Weaversong","HollowMod:LifebloodCocoon+1","HollowMod:MantisMark+1","HollowMod:ZotesMagnificence","HollowMod:DoubleDash+1"],"relics":["HollowMod:VesselMask","Toxic Egg 2","Velvet Choker","CeramicFish","Oddly Smooth Stone","HornCleat","Mango"],"acts_visited":["Exordium","TheCity"],"potions_floor_usage":[16,30,33,33],"damage_taken":[{"damage":1,"enemies":"Cultist","floor":1,"turns":3},{"damage":0,"enemies":"2 Louse","floor":2,"turns":3},{"damage":6,"enemies":"Jaw Worm","floor":3,"turns":4},{"damage":16,"enemies":"Exordium Thugs","floor":4,"turns":4},{"damage":12,"enemies":"Red Slaver","floor":5,"turns":6},{"damage":10,"enemies":"Looter","floor":10,"turns":2},{"damage":14,"enemies":"Blue Slaver","floor":14,"turns":4},{"damage":48,"enemies":"Slime Boss","floor":16,"turns":7},{"damage":5,"enemies":"Chosen","floor":18,"turns":4},{"damage":14,"enemies":"Shell Parasite","floor":19,"turns":3},{"damage":0,"enemies":"Cultist and Chosen","floor":21,"turns":3},{"damage":0,"enemies":"Sentry and Sphere","floor":28,"turns":2},{"damage":45,"enemies":"Slavers","floor":30,"turns":5},{"damage":16,"enemies":"Snake Plant","floor":31,"turns":3},{"damage":65,"enemies":"Collector","floor":33,"turns":7}],"seed_played":"-8573045091182958913","potions_obtained":[{"floor":1,"key":"SmokeBomb"},{"floor":2,"key":"PowerPotion"},{"floor":16,"key":"LiquidBronze"},{"floor":19,"key":"DistilledChaos"},{"floor":30,"key":"SkillPotion"},{"floor":31,"key":"LiquidMemories"}],"is_trial":false,"path_per_floor":["M","M","M","M","M","R","?","R","T","M","R","?","R","M","R","B",null,"M","M","?","M","$","R","T","R","T","R","M","?","E","M","R","B"],"character_chosen":"THE_BUGKNIGHT","items_purchased":["CeramicFish","Oddly Smooth Stone"],"campfire_rested":5,"item_purchase_floors":[22,22],"current_hp_per_floor":[81,81,75,59,47,47,31,55,55,45,69,69,69,55,79,31,82,77,63,63,63,63,63,63,82,82,82,82,82,51,35,63,0,0],"gold":211,"neow_bonus":"TEN_PERCENT_HP_BONUS","is_daily":false,"chose_seed":false,"campfire_upgraded":3,"win_rate":0.0,"timestamp":1612902708,"path_taken":["M","?","M","M","M","R","?","R","T","M","R","?","R","M","R","BOSS","M","M","?","?","$","R","?","R","T","R","M","?","E","M","R","BOSS"],"items_purchased_type":["Relic","Relic"],"build_version":"2020-12-22","purchased_purges":0,"victory":false,"max_hp_per_floor":[82,82,82,82,82,82,82,82,82,82,82,82,82,82,82,82,82,82,82,82,82,82,82,82,82,82,82,82,82,96,96,96,96,96],"card_choices":[{"not_picked":["HollowMod:SiblingsShadow","HollowMod:NewGlowingWomb"],"picked":"HollowMod:DungDefenderAura","floor":1},{"not_picked":["HollowMod:NewJinnsSoul","HollowMod:SiblingsSouls"],"picked":"HollowMod:HuntersJournal","floor":2},{"not_picked":["HollowMod:PerfectDash","HollowMod:SiblingsShadow"],"picked":"HollowMod:CycloneSlash","floor":3},{"not_picked":["HollowMod:FallenFury","HollowMod:PerfectDash"],"picked":"HollowMod:AbyssShriek","floor":4},{"not_picked":["HollowMod:MawleksShell","HollowMod:SiblingsShadow"],"picked":"HollowMod:VengefulVoid","floor":5},{"not_picked":["HollowMod:BrokenVessel","HollowMod:VengefulSpirit"],"picked":"HollowMod:MantisMark+1","floor":10},{"not_picked":["HollowMod:CloakDash+1","HollowMod:GreatSlash"],"picked":"HollowMod:MantisMark+1","floor":14},{"not_picked":["HollowMod:HornetsHelp","HollowMod:Hiveblood+1"],"picked":"HollowMod:Weaversong","floor":16},{"not_picked":["HollowMod:HowlingWraiths+1","HollowMod:NewJinnsSoul+1"],"picked":"HollowMod:SiblingsShadow+1","floor":18},{"not_picked":["HollowMod:SiblingsShadow+1","HollowMod:SharpenedNail"],"picked":"HollowMod:HeavyBlow+1","floor":19},{"not_picked":["HollowMod:CycloneSlash","HollowMod:DescendingDark+1"],"picked":"HollowMod:Weaversong","floor":21},{"not_picked":["HollowMod:CornifersMapStart+1","HollowMod:InfectedCysts"],"picked":"HollowMod:LifebloodCocoon+1","floor":28},{"not_picked":["HollowMod:NewJinnsSoul+1","HollowMod:InfectedCysts"],"picked":"HollowMod:ZotesMagnificence","floor":30},{"not_picked":["HollowMod:NewLittleFool","HollowMod:PerfectDash+1"],"picked":"HollowMod:DoubleDash+1","floor":31}],"player_experience":330519,"relics_obtained":[{"floor":9,"key":"Toxic Egg 2"},{"floor":26,"key":"HornCleat"},{"floor":30,"key":"Mango"}],"event_choices":[{"damage_healed":47,"gold_gain":0,"player_choice":"Upgrade","damage_taken":16,"max_hp_gain":0,"max_hp_loss":82,"event_name":"betterThird:BetterShining","floor":7,"gold_loss":0,"cards_upgraded":["HollowMod:CycloneSlash","HollowMod:PogoStrike"]},{"damage_healed":0,"gold_gain":0,"cards_transformed":["HollowMod:FocusHealStart"],"player_choice":"Transformed","damage_taken":0,"max_hp_gain":0,"max_hp_loss":0,"event_name":"Transmorgrifier","floor":12,"gold_loss":0,"cards_obtained":["HollowMod:LuriensSpire"]},{"cards_removed":["HollowMod:MantisMark"],"damage_healed":0,"gold_gain":0,"player_choice":"Take \u0026 Give","damage_taken":0,"max_hp_gain":0,"max_hp_loss":0,"event_name":"betterNote:BetterNote","floor":20,"gold_loss":0,"cards_obtained":["Enlightenment"]},{"damage_healed":0,"gold_gain":2,"player_choice":"4","damage_taken":0,"max_hp_gain":0,"max_hp_loss":0,"event_name":"betterStone:BetterStone","floor":29,"gold_loss":0,"cards_obtained":["HollowMod:MantisMark"]}],"is_beta":false,"boss_relics":[{"not_picked":["Runic Dome","Sozu"],"picked":"Velvet Choker"}],"items_purged_floors":[],"is_endless":false,"potions_floor_spawned":[1,2,16,19,30,31],"killed_by":"Collector","ascension_level":0}}