{"host":"8lno9xwgef3sjccz","time":1612899482,"event":{"mods":["AchievementEnabler","BaseMod","Minty Spire (QoL Compilation)","Relic Stats"],"gold_per_floor":[110,123,140,140,151,151,184,184,210,226,239,42,77,99,99,195,195,211,221,221,221,37,66,78,78,103,103,28,53,53,53],"floor_reached":30,"language":"ENG","playtime":1186,"items_purged":["Strike_R","Strike_R"],"score":292,"play_id":"7f8208d8-269e-49e8-8a39-193a09c79e23","local_time":"20210209143802","is_ascension_mode":true,"campfire_choices":[{"data":"Sword Boomerang","floor":6,"key":"SMITH"},{"data":"Bash","floor":8,"key":"SMITH"},{"data":"Armaments","floor":15,"key":"SMITH"},{"floor":25,"key":"REST"},{"data":"Barricade","floor":27,"key":"SMITH"}],"circlet_count":0,"master_deck":["Strike_R","Strike_R+1","Strike_R+1","Defend_R","Defend_R","Defend_R","Defend_R","Bash+1","Whirlwind","Fire Breathing+1","Sword Boomerang+1","Rage","Power Through","Pommel Strike","Infernal Blade","Juggernaut","Armaments+1","Barricade+1","Rupture","Feel No Pain","Wild Strike","Rampage+1","Pummel+1","Combust","Rupture+1"],"relics":["Burning Blood","Happy Flower","Whetstone","Omamori","Red Skull","Odd Mushroom","Velvet Choker","Boot","Blood Vial","MealTicket"],"acts_visited":["Exordium","TheCity"],"potions_floor_usage":[3,5,16,16,16,24],"damage_taken":[{"damage":5,"enemies":"Jaw Worm","floor":1,"turns":4},{"damage":6,"enemies":"Cultist","floor":2,"turns":3},{"damage":0,"enemies":"Small Slimes","floor":3,"turns":1},{"damage":13,"enemies":"Exordium Wildlife","floor":5,"turns":4},{"damage":28,"enemies":"Gremlin Nob","floor":7,"turns":4},{"damage":4,"enemies":"Looter","floor":10,"turns":3},{"damage":0,"enemies":"Exordium Thugs","floor":11,"turns":5},{"damage":14,"enemies":"3 Sentries","floor":13,"turns":4},{"damage":30,"enemies":"The Mushroom Lair","floor":14,"turns":4},{"damage":7,"enemies":"Hexaghost","floor":16,"turns":6},{"damage":8,"enemies":"Spheric Guardian","floor":18,"turns":4},{"damage":12,"enemies":"Shell Parasite","floor":19,"turns":6},{"damage":58,"enemies":"Book of Stabbing","floor":23,"turns":6},{"damage":20,"enemies":"Centurion and Healer","floor":24,"turns":7},{"damage":25,"enemies":"Gremlin Leader","floor":29,"turns":6},{"damage":23,"enemies":"Snake Plant","floor":30,"turns":3}],"seed_played":"8383378522400694355","potions_obtained":[{"floor":1,"key":"Fire Potion"},{"floor":2,"key":"Energy Potion"},{"floor":3,"key":"PowerPotion"},{"floor":5,"key":"FearPotion"},{"floor":11,"key":"FearPotion"},{"floor":23,"key":"SpeedPotion"},{"floor":29,"key":"SpeedPotion"}],"is_trial":false,"path_per_floor":["M","M","M","?","M","R","E","R","T","M","M","$","E","?","R","B",null,"M","M","?","?","$","E","M","R","T","R","$","E","M"],"character_chosen":"IRONCLAD","items_purchased":["Infernal Blade","PowerPotion","Feel No Pain","Wild Strike","Combust"],"campfire_rested":1,"item_purchase_floors":[12,12,22,22,28],"current_hp_per_floor":[80,80,80,80,73,73,51,51,51,53,59,59,51,27,27,26,80,78,72,72,72,72,20,8,32,32,32,32,15,0,0],"gold":53,"neow_bonus":"RANDOM_COMMON_RELIC","is_daily":false,"chose_seed":false,"campfire_upgraded":4,"win_rate":0.0,"timestamp":1612899482,"path_taken":["M","M","M","?","M","R","E","R","T","M","?","$","E","?","R","BOSS","M","M","?","?","$","E","M","R","T","R","?","E","M"],"items_purchased_type":["Card","Potion","Card","Card","Card"],"build_version":"2020-12-22","purchased_purges":2,"victory":false,"max_hp_per_floor":[80,80,80,80,80,80,80,80,80,80,80,80,80,80,80,80,80,80,80,80,80,80,80,80,80,80,80,80,80,80,80],"relic_stats":{"Blood Vial":6,"Happy Flower":[23],"counters":[16,70],"MealTicket":0,"Whetstone":["Strike_R","Strike_R"],"Boot":[17],"obtain_stats":[{"Blood Vial":23,"Happy Flower":0,"Velvet Choker":17,"MealTicket":29,"Omamori":9,"Whetstone":7,"Odd Mushroom":14,"Boot":20,"Burning Blood":0,"Red Skull":13},{"Blood Vial":13,"Happy Flower":0,"Velvet Choker":10,"MealTicket":15,"Omamori":5,"Whetstone":5,"Odd Mushroom":9,"Boot":12,"Burning Blood":0,"Red Skull":8},{"Blood Vial":54,"Happy Flower":0,"Velvet Choker":38,"MealTicket":67,"Omamori":16,"Whetstone":16,"Odd Mushroom":32,"Boot":48,"Burning Blood":0,"Red Skull":28}],"Burning Blood":83},"card_choices":[{"not_picked":["Body Slam","Warcry"],"picked":"Whirlwind","floor":1},{"not_picked":["Blood for Blood","Anger"],"picked":"Fire Breathing","floor":2},{"not_picked":["Flex","Heavy Blade","Reckless Charge"],"picked":"SKIP","floor":3},{"not_picked":["Heavy Blade","Clash"],"picked":"Sword Boomerang","floor":5},{"not_picked":["Heavy Blade","Armaments"],"picked":"Rage","floor":7},{"not_picked":["Hemokinesis","Second Wind"],"picked":"Power Through","floor":10},{"not_picked":["Corruption","Havoc"],"picked":"Pommel Strike","floor":11},{"not_picked":["Seeing Red","Warcry"],"picked":"Juggernaut","floor":13},{"not_picked":["Sword Boomerang","True Grit"],"picked":"Armaments","floor":14},{"not_picked":["Berserk","Demon Form"],"picked":"Barricade","floor":16},{"not_picked":["Sword Boomerang","Heavy Blade"],"picked":"Rupture","floor":18},{"not_picked":["Havoc","Sentinel","Shrug It Off"],"picked":"SKIP","floor":19},{"not_picked":["Twin Strike","Pommel Strike+1"],"picked":"Rampage+1","floor":23},{"not_picked":["Clash","Fire Breathing"],"picked":"Pummel+1","floor":24},{"not_picked":["Shockwave","Dark Embrace"],"picked":"Rupture+1","floor":29}],"player_experience":121625,"relics_obtained":[{"floor":7,"key":"Whetstone"},{"floor":9,"key":"Omamori"},{"floor":13,"key":"Red Skull"},{"floor":14,"key":"Odd Mushroom"},{"floor":23,"key":"Blood Vial"},{"floor":29,"key":"MealTicket"}],"event_choices":[{"damage_healed":0,"gold_gain":0,"player_choice":"Forge","damage_taken":0,"max_hp_gain":0,"max_hp_loss":0,"event_name":"Accursed Blacksmith","floor":4,"gold_loss":0,"cards_upgraded":["Fire Breathing"]},{"damage_healed":0,"gold_gain":0,"player_choice":"Fought Mushrooms","damage_taken":0,"max_hp_gain":0,"max_hp_loss":0,"event_name":"Mushrooms","floor":14,"gold_loss":0},{"damage_healed":0,"gold_gain":0,"player_choice":"Opened","damage_taken":0,"relics_obtained":["Boot"],"max_hp_gain":0,"max_hp_loss":0,"event_name":"The Mausoleum","floor":20,"gold_loss":0,"cards_obtained":["Writhe"]},{"damage_healed":0,"gold_gain":0,"player_choice":"Smashed Altar","damage_taken":0,"max_hp_gain":0,"max_hp_loss":0,"event_name":"Forgotten Altar","floor":21,"gold_loss":0,"cards_obtained":["Decay"]}],"is_beta":false,"boss_relics":[{"not_picked":["Tiny House","SlaversCollar"],"picked":"Velvet Choker"}],"items_purged_floors":[12,22],"is_endless":false,"potions_floor_spawned":[1,2,3,5,11,23,29],"killed_by":"Snake Plant","ascension_level":1}}