{"host":"e14va605tljgvqtz","time":1612912186,"event":{"mods":["BaseMod","Colored Map","Highlight Path","Minty Spire (QoL Compilation)","Relic Stats"],"gold_per_floor":[110,122,141,159,174,174,187,207,230,230,246,264,274,288,288,388,388,405,230,261,273,290,290,302,302,302,302,320,350,50,60,60,162,162,182,198,73,85,85,103,103,103],"floor_reached":41,"language":"ENG","playtime":2013,"items_purged":["Strike_R","Strike_R","Strike_R"],"score":417,"play_id":"7ef92f2c-5181-491b-9cd3-3207eff7ea08","local_time":"20210209150946","is_ascension_mode":false,"campfire_choices":[{"data":"Bash","floor":6,"key":"SMITH"},{"floor":10,"key":"REST"},{"data":"Inflame","floor":15,"key":"SMITH"},{"data":"Whirlwind","floor":23,"key":"SMITH"},{"data":"Dual Wield","floor":27,"key":"SMITH"},{"data":"Demon Form","floor":32,"key":"SMITH"}],"circlet_count":0,"master_deck":["Strike_R","Strike_R","Defend_R","Defend_R","Defend_R","Defend_R","Bash+1","Sword Boomerang","Anger","Combust","Shrug It Off","Whirlwind+1","Inflame+1","Reaper","Shockwave+1","Ghostly Armor","Dual Wield+1","Demon Form+1","Burning Pact+1","Shrug It Off","Exhume","Shrug It Off+1","Offering","Parasite","Spot Weakness+1"],"relics":["Mark of Pain"],"acts_visited":["Exordium","TheCity","TheBeyond"],"potions_floor_usage":[3,12,16,16,20,22,22,29,29,40,40,41],"damage_taken":[{"damage":1,"enemies":"Cultist","floor":1,"turns":3},{"damage":0,"enemies":"Small Slimes","floor":2,"turns":2},{"damage":0,"enemies":"Jaw Worm","floor":3,"turns":2},{"damage":6,"enemies":"Blue Slaver","floor":4,"turns":3},{"damage":17,"enemies":"Exordium Wildlife","floor":5,"turns":4},{"damage":1,"enemies":"2 Fungi Beasts","floor":7,"turns":4},{"damage":16,"enemies":"3 Louse","floor":8,"turns":2},{"damage":3,"enemies":"Red Slaver","floor":11,"turns":3},{"damage":5,"enemies":"2 Fungi Beasts","floor":12,"turns":3},{"damage":0,"enemies":"Exordium Wildlife","floor":13,"turns":1},{"damage":6,"enemies":"Blue Slaver","floor":14,"turns":2},{"damage":36,"enemies":"The Guardian","floor":16,"turns":11},{"damage":23,"enemies":"Spheric Guardian","floor":18,"turns":4},{"damage":16,"enemies":"Masked Bandits","floor":20,"turns":3},{"damage":9,"enemies":"Shell Parasite","floor":21,"turns":5},{"damage":0,"enemies":"Snecko","floor":22,"turns":3},{"damage":4,"enemies":"Centurion and Healer","floor":24,"turns":6},{"damage":12,"enemies":"Shelled Parasite and Fungi","floor":28,"turns":5},{"damage":25,"enemies":"Slavers","floor":29,"turns":4},{"damage":10,"enemies":"Snecko","floor":31,"turns":6},{"damage":45,"enemies":"Automaton","floor":33,"turns":9},{"damage":26,"enemies":"Orb Walker","floor":35,"turns":4},{"damage":18,"enemies":"3 Shapes","floor":36,"turns":10},{"damage":27,"enemies":"Writhing Mass","floor":38,"turns":9},{"damage":46,"enemies":"Transient","floor":40,"turns":5},{"damage":48,"enemies":"Spire Growth","floor":41,"turns":7}],"seed_played":"-5372756598261942269","potions_obtained":[{"floor":1,"key":"Block Potion"},{"floor":4,"key":"Regen Potion"},{"floor":5,"key":"Fire Potion"},{"floor":7,"key":"Strength Potion"},{"floor":11,"key":"SpeedPotion"},{"floor":12,"key":"Block Potion"},{"floor":21,"key":"AttackPotion"},{"floor":24,"key":"DistilledChaos"},{"floor":29,"key":"FairyPotion"},{"floor":33,"key":"BlessingOfTheForge"},{"floor":36,"key":"SkillPotion"},{"floor":40,"key":"SkillPotion"}],"is_trial":false,"path_per_floor":["M","M","M","M","M","R","M","M","T","R","M","M","M","M","R","B",null,"M","$","?","M","M","R","M","?","T","R","M","E","$","M","R","B",null,"M","M","$","M","?","M","M"],"character_chosen":"IRONCLAD","items_purchased":["Energy Potion","Block Potion","Shrug It Off","Exhume"],"campfire_rested":1,"item_purchase_floors":[19,19,30,30],"current_hp_per_floor":[79,79,79,73,56,56,55,39,39,63,60,64,64,58,58,22,80,62,62,60,51,51,51,67,67,67,67,55,48,48,45,45,37,80,54,36,36,37,37,22,0,0],"gold":103,"neow_bonus":"BOSS_RELIC","is_daily":false,"chose_seed":false,"campfire_upgraded":5,"win_rate":0.0,"timestamp":1612912186,"path_taken":["M","M","M","M","M","R","M","M","T","R","M","M","M","M","R","BOSS","M","$","?","M","M","R","M","?","T","R","M","E","$","M","R","BOSS","M","M","$","M","?","M","M"],"items_purchased_type":["Potion","Potion","Card","Card"],"build_version":"2020-12-22","purchased_purges":3,"victory":false,"max_hp_per_floor":[80,80,80,80,80,80,80,80,80,80,80,80,80,80,80,80,80,80,80,80,80,80,80,80,80,80,80,80,80,80,80,80,80,80,80,80,80,80,76,76,76,76],"relic_stats":{"counters":[26,120],"obtain_stats":[{"Mark of Pain":0,"Burning Blood":0},{"Mark of Pain":0,"Burning Blood":0},{"Mark of Pain":0,"Burning Blood":0}]},"card_choices":[{"not_picked":["Uppercut","Armaments"],"picked":"Sword Boomerang","floor":1},{"not_picked":["Clothesline","Clash"],"picked":"Anger","floor":2},{"not_picked":["Iron Wave","Cleave"],"picked":"Combust","floor":3},{"not_picked":["Iron Wave","Twin Strike","Havoc"],"picked":"SKIP","floor":4},{"not_picked":["Clash","Thunderclap","Bloodletting"],"picked":"SKIP","floor":5},{"not_picked":["Sever Soul","Warcry"],"picked":"Shrug It Off","floor":7},{"not_picked":["Armaments","Entrench","Dual Wield"],"picked":"SKIP","floor":8},{"not_picked":["Flex","Pummel","Combust"],"picked":"SKIP","floor":11},{"not_picked":["Hemokinesis","Shrug It Off"],"picked":"Whirlwind","floor":12},{"not_picked":["Havoc","Flex","Seeing Red"],"picked":"SKIP","floor":13},{"not_picked":["Metallicize","Armaments"],"picked":"Inflame","floor":14},{"not_picked":["Feed","Barricade"],"picked":"Reaper","floor":16},{"not_picked":["Havoc","Headbutt","Pummel"],"picked":"SKIP","floor":18},{"not_picked":["Searing Blow","Sentinel"],"picked":"Shockwave+1","floor":20},{"not_picked":["Rampage","Warcry","Metallicize"],"picked":"SKIP","floor":21},{"not_picked":["Wild Strike","Armaments"],"picked":"Ghostly Armor","floor":22},{"not_picked":["Carnage+1","Sentinel+1","Headbutt"],"picked":"SKIP","floor":24},{"not_picked":["Sword Boomerang+1","Havoc"],"picked":"Demon Form","floor":28},{"not_picked":["Armaments+1","Heavy Blade+1"],"picked":"Burning Pact+1","floor":29},{"not_picked":["Havoc","Headbutt"],"picked":"Shrug It Off+1","floor":31},{"not_picked":["Feed","Berserk"],"picked":"Offering","floor":33},{"not_picked":["Dropkick+1","Perfected Strike","Burning Pact+1"],"picked":"SKIP","floor":35},{"not_picked":["Headbutt","Warcry+1","Armaments"],"picked":"SKIP","floor":36},{"not_picked":["Clash","Twin Strike","Iron Wave+1"],"picked":"SKIP","floor":38},{"not_picked":["Body Slam+1","True Grit"],"picked":"Spot Weakness+1","floor":40}],"player_experience":319188,"relics_obtained":[],"event_choices":[{"damage_healed":0,"gold_gain":0,"player_choice":"Fought Bandits","damage_taken":0,"max_hp_gain":0,"max_hp_loss":0,"event_name":"Masked Bandits","floor":20,"gold_loss":0},{"damage_healed":0,"gold_gain":0,"player_choice":"Read","damage_taken":0,"max_hp_gain":0,"max_hp_loss":0,"event_name":"The Library","floor":25,"gold_loss":0,"cards_obtained":["Dual Wield"]},{"damage_healed":0,"gold_gain":0,"player_choice":"Max HP","damage_taken":0,"max_hp_gain":0,"max_hp_loss":4,"event_name":"Winding Halls","floor":39,"gold_loss":0}],"is_beta":false,"boss_relics":[{"not_picked":["SlaversCollar","Astrolabe","Cursed Key"]},{"not_picked":["Black Star","Fusion Hammer","Runic Dome"]}],"items_purged_floors":[19,30,37],"is_endless":false,"potions_floor_spawned":[1,4,5,7,11,12,14,21,24,29,33,36,40],"killed_by":"Spire Growth","ascension_level":0}}