{"host":"j3a2evu0xzqog6vj","time":1612868408,"event":{"mods":["BaseMod","Minty Spire (QoL Compilation)"],"gold_per_floor":[110,120,120,140,140,176,176,190,268,343,343,378,392,430,442,550,562,593,139,139,159,180,180,180,180],"floor_reached":24,"language":"ENG","playtime":1241,"items_purged":["Strike_R"],"score":432,"play_id":"c1e238ba-8747-4b9a-b29a-677f0d8e9aad","local_time":"20210209120008","is_ascension_mode":true,"campfire_choices":[{"data":"Bash","floor":7,"key":"SMITH"},{"data":"Wild Strike","floor":11,"key":"SMITH"},{"data":"Juggernaut","floor":15,"key":"SMITH"},{"data":"Offering","floor":23,"key":"SMITH"}],"circlet_count":0,"master_deck":["AscendersBane","Strike_R","Strike_R","Strike_R","Strike_R","Defend_R","Defend_R","Defend_R","Defend_R","Bash+1","True Grit","Anger","Wild Strike+1","Corruption","Dropkick","Feel No Pain","Sword Boomerang","Juggernaut+1","Offering+1","Power Through","PanicButton","Seeing Red","Battle Trance"],"relics":["Burning Blood","Golden Idol","TungstenRod","Mercury Hourglass","MealTicket","MawBank","Philosopher\u0027s Stone","ClockworkSouvenir"],"acts_visited":["Exordium","TheCity"],"potions_floor_usage":[6,14,22,24],"damage_taken":[{"damage":4,"enemies":"Jaw Worm","floor":1,"turns":5},{"damage":5,"enemies":"2 Louse","floor":2,"turns":3},{"damage":10,"enemies":"Small Slimes","floor":4,"turns":3},{"damage":8,"enemies":"Gremlin Nob","floor":6,"turns":3},{"damage":3,"enemies":"Red Slaver","floor":8,"turns":3},{"damage":41,"enemies":"3 Sentries","floor":12,"turns":7},{"damage":0,"enemies":"Large Slime","floor":13,"turns":4},{"damage":21,"enemies":"Lagavulin","floor":14,"turns":5},{"damage":29,"enemies":"Hexaghost","floor":16,"turns":9},{"damage":18,"enemies":"3 Byrds","floor":18,"turns":5},{"damage":18,"enemies":"Spheric Guardian","floor":21,"turns":4},{"damage":28,"enemies":"Shelled Parasite and Fungi","floor":22,"turns":5},{"damage":45,"enemies":"Slavers","floor":24,"turns":3}],"seed_played":"6020012575099317871","potions_obtained":[{"floor":1,"key":"AttackPotion"},{"floor":4,"key":"Block Potion"},{"floor":13,"key":"EssenceOfSteel"},{"floor":14,"key":"FairyPotion"},{"floor":22,"key":"Weak Potion"}],"is_trial":false,"path_per_floor":["M","M","?","M","?","E","R","M","T","?","R","E","M","E","R","B",null,"M","$","?","M","M","R","E"],"character_chosen":"IRONCLAD","items_purchased":["ClockworkSouvenir","Power Through","PanicButton","Seeing Red"],"campfire_rested":0,"item_purchase_floors":[19,19,19,19],"current_hp_per_floor":[77,78,83,79,79,77,77,79,79,69,69,34,40,25,25,29,67,55,70,70,58,36,36,0,0],"gold":180,"neow_bonus":"TEN_PERCENT_HP_BONUS","is_daily":false,"chose_seed":false,"campfire_upgraded":4,"win_rate":0.0,"timestamp":1612868408,"path_taken":["M","M","?","M","?","E","R","M","T","?","R","E","M","E","R","BOSS","M","$","?","M","?","R","E"],"items_purchased_type":["Relic","Card","Card","Card"],"build_version":"2020-12-22","purchased_purges":1,"victory":false,"max_hp_per_floor":[82,82,87,87,79,79,79,79,79,79,79,79,79,79,79,79,79,79,79,79,79,79,79,79,79],"card_choices":[{"not_picked":["Dark Embrace","Bloodletting"],"picked":"True Grit","floor":1},{"not_picked":["Headbutt","Wild Strike"],"picked":"Anger","floor":2},{"not_picked":["Clash","Flex"],"picked":"Wild Strike","floor":4},{"not_picked":["Wild Strike","Carnage"],"picked":"Corruption","floor":6},{"not_picked":["Inflame","Anger"],"picked":"Dropkick","floor":8},{"not_picked":["True Grit","Iron Wave"],"picked":"Feel No Pain","floor":12},{"not_picked":["Body Slam","Wild Strike"],"picked":"Sword Boomerang","floor":13},{"not_picked":["Rupture","Shrug It Off"],"picked":"Juggernaut","floor":14},{"not_picked":["Immolate","Fiend Fire"],"picked":"Offering","floor":16},{"not_picked":["Flex","Cleave","Clash"],"picked":"SKIP","floor":18},{"not_picked":["Rage","Wild Strike+1","Entrench"],"picked":"SKIP","floor":21},{"not_picked":["Anger","Combust","Havoc"],"picked":"SKIP","floor":22}],"player_experience":383911,"relics_obtained":[{"floor":6,"key":"TungstenRod"},{"floor":9,"key":"Mercury Hourglass"},{"floor":12,"key":"MealTicket"},{"floor":14,"key":"MawBank"}],"event_choices":[{"damage_healed":0,"gold_gain":0,"player_choice":"Donut","damage_taken":0,"max_hp_gain":5,"max_hp_loss":0,"event_name":"Big Fish","floor":3,"gold_loss":0},{"damage_healed":0,"gold_gain":0,"player_choice":"Lose Max HP","damage_taken":0,"relics_obtained":["Golden Idol"],"max_hp_gain":0,"max_hp_loss":8,"event_name":"Golden Idol","floor":5,"gold_loss":0},{"damage_healed":0,"gold_gain":75,"player_choice":"Gather Gold","damage_taken":11,"max_hp_gain":0,"max_hp_loss":0,"event_name":"World of Goop","floor":10,"gold_loss":0},{"damage_healed":0,"gold_gain":0,"player_choice":"1 cards matched","damage_taken":0,"max_hp_gain":0,"max_hp_loss":0,"event_name":"Match and Keep!","floor":20,"gold_loss":0,"cards_obtained":["Battle Trance"]}],"is_beta":false,"boss_relics":[{"not_picked":["Empty Cage","Ectoplasm"],"picked":"Philosopher\u0027s Stone"}],"items_purged_floors":[19],"is_endless":false,"potions_floor_spawned":[1,4,13,14,22],"killed_by":"Slavers","ascension_level":20}}