{"host":"kmq7aw60w430zvtx","time":1612864195,"event":{"mods":["BaseMod","Downfall","GifTheSpireLib","Hermit","Hubris","Infinite Spire","Minty Spire (QoL Compilation)","Reliquary","Replay The Spire","Spire Arcade","StSLib","The Construct","The Cursed","The Hierophant","The Jungle","The Necromancer","The Runesmith"],"gold_per_floor":[111,111,126,126,147,190,215,215,215,234,252,266,266,341,341,469,469,489,539,552,566,566,605,605,605,651,691,703,715,727,754,766,909,921,957,802,815,815,517,560,585,585,609,661,692,692,692,728,728,744,744,744,327,383,391,391],"floor_reached":55,"language":"ENG","playtime":3535,"items_purged":[],"score":1090,"play_id":"be89f21e-8266-47a7-8db5-0011a673f896","local_time":"20210209104955","is_ascension_mode":false,"campfire_choices":[{"floor":8,"key":"RECALL"},{"data":"hermit:DeadMansHand","floor":13,"key":"SMITH"},{"data":"hermit:LuckOfTheDraw","floor":15,"key":"SMITH"},{"data":"ReplayTheSpireMod:Black Plague","floor":25,"key":"SMITH"},{"data":"hermit:GoldenBullet","floor":32,"key":"SMITH"},{"floor":49,"key":"DIG"},{"data":"hermit:ShadowCloak","floor":52,"key":"SMITH"}],"circlet_count":0,"master_deck":["hermit:Strike_Hermit","hermit:Strike_Hermit","hermit:Strike_Hermit","hermit:Strike_Hermit","hermit:Defend_Hermit","hermit:Defend_Hermit","hermit:Defend_Hermit","hermit:Defend_Hermit","hermit:Snapshot+1","hermit:Covet+1","hermit:Cheat+1","Injury","hermit:Manifest","Hallucinations","hermit:DeadMansHand+1","hermit:Cheat","hermit:GoldenBullet+1","hermit:Grudge","hermit:LuckOfTheDraw+1","hermit:Virtue+1","hermit:RoundhouseKick+1","hermit:FlashPowder","downfall:Bewildered","hermit:GoldenBullet+1","hermit:LowProfile","hermit:Grudge+1","hermit:Dissolve","ReplayTheSpireMod:Black Plague+1","hermit:FlashPowder","downfall:Aged","hermit:Manifest+1","downfall:Bewildered","hermit:Dive","hermit:FromBeyond","hermit:Brawl+1","hermit:Roulette","hermit:WideOpen","Replay:Bootleg Shield Generator","hermit:TrackingShot+1","Madness+1","ReplayTheSpireMod:Brewmster","hermit:Determination","hermit:Determination","hermit:Spite","hermit:TrackingShot","Pain","CommonCold","hermit:PistolWhip+1","hermit:ShadowCloak+1","hermit:Manifest+1","hermit:Spite","hermit:Midnight","Midas Touch","hermit:LowProfile+1"],"relics":["hermit:Momento","Golden Idol","Ring of Misfortune","ReplayTheSpireMod:Ring of Exchange","Replay:Baseball","Cursed Key","Garlic","Replay:Multitool","Calipers","War Paint","MawBank","sneckomod:BabySnecko","Lee\u0027s Waffle","infinitespire:Satchel","Replay:Bandana","reliquary:ExpiredCoupon","Shovel","Pen Nib","reliquary:SharkskinSheath"],"acts_visited":["Exordium","TheCity","TheBeyond","TheEnding"],"potions_floor_usage":[6,16,16,16,18,21,21,40,40,40,40,40,40,44,44,45,48,48,50,50,50,50,50,50,50,50,50,54,55],"damage_taken":[{"damage":2,"enemies":"Small Slimes","floor":1,"turns":4},{"damage":2,"enemies":"Jaw Worm","floor":3,"turns":4},{"damage":0,"enemies":"2 Louse","floor":5,"turns":2},{"damage":0,"enemies":"Lagavulin","floor":6,"turns":6},{"damage":0,"enemies":"Large Slime","floor":7,"turns":6},{"damage":0,"enemies":"Blue Slaver","floor":10,"turns":3},{"damage":0,"enemies":"2 Fungi Beasts","floor":11,"turns":3},{"damage":0,"enemies":"Gremlin Gang","floor":12,"turns":2},{"damage":0,"enemies":"Fading Forest","floor":16,"turns":11},{"damage":9,"enemies":"3 Byrds","floor":18,"turns":4},{"damage":0,"enemies":"Spheric Guardian","floor":20,"turns":3},{"damage":0,"enemies":"Shelled Parasite and Fungi","floor":21,"turns":3},{"damage":0,"enemies":"Replay:Snechameleon","floor":23,"turns":4},{"damage":0,"enemies":"Book of Stabbing","floor":27,"turns":5},{"damage":0,"enemies":"Chosen and Byrds","floor":31,"turns":2},{"damage":0,"enemies":"Champ","floor":33,"turns":10},{"damage":0,"enemies":"Orb Walker","floor":35,"turns":3},{"damage":2,"enemies":"3 Shapes","floor":37,"turns":4},{"damage":50,"enemies":"Giant Head","floor":40,"turns":8},{"damage":0,"enemies":"Nightmare","floor":44,"turns":8},{"damage":0,"enemies":"Sphere and 2 Shapes","floor":45,"turns":4},{"damage":0,"enemies":"Spire Growth","floor":48,"turns":2},{"damage":17,"enemies":"infinitespire:MassOfShapes","floor":50,"turns":14},{"damage":16,"enemies":"Shield and Spear","floor":54,"turns":6},{"damage":91,"enemies":"The Heart","floor":55,"turns":6}],"seed_played":"8137465051752392648","potions_obtained":[{"floor":3,"key":"FearPotion"},{"floor":7,"key":"Fire Potion"},{"floor":10,"key":"Energy Potion"},{"floor":11,"key":"ColorlessPotion"},{"floor":18,"key":"LiquidBronze"},{"floor":23,"key":"SteroidPotion"},{"floor":27,"key":"FearPotion"},{"floor":45,"key":"Weak Potion"},{"floor":48,"key":"ColorlessPotion"},{"floor":54,"key":"Fire Potion"}],"is_trial":false,"path_per_floor":["M","?","M","?","M","E","M","R","T","M","M","M","R","?","R","B",null,"M","?","M","M","AVR","E","?","R","T","E","?","?","R","M","R","B",null,"M","$","M","?","$","E","T","R","T","NM","M","R","?","M","R","B",null,"R","$","E","B"],"character_chosen":"HERMIT","items_purchased":["hermit:Roulette","hermit:WideOpen","Replay:Bootleg Shield Generator","ReplayTheSpireMod:Brewmster","hermit:Determination","hermit:Spite","hermit:Spite","hermit:Midnight","Midas Touch","construct:ShiftPotion"],"campfire_rested":0,"item_purchase_floors":[36,36,36,39,39,39,53,53,53,53],"current_hp_per_floor":[73,73,71,71,71,71,71,71,71,71,71,71,71,60,60,70,75,66,66,66,66,66,66,66,66,66,66,66,66,75,75,75,75,82,82,82,80,70,70,20,20,44,44,44,44,68,68,68,68,51,82,82,82,66,0,0],"gold":391,"neow_bonus":"UPGRADE_CARD","is_daily":false,"chose_seed":false,"campfire_upgraded":5,"win_rate":0.0,"timestamp":1612864195,"path_taken":["M","?","M","?","M","E","M","R","T","M","?","M","R","?","R","BOSS","M","?","M","M","AVR","E","?","R","T","E","?","?","R","M","R","BOSS","M","$","?","?","$","E","?","R","T","NM","M","R","?","M","R","BOSS","R","$","E","BOSS"],"items_purchased_type":["Card","Card","Card","Card","Card","Card","Card","Card","Card","Potion"],"build_version":"2020-12-22","purchased_purges":0,"victory":false,"max_hp_per_floor":[75,75,75,75,75,75,75,75,75,75,75,75,75,75,75,75,75,75,75,75,75,75,75,75,75,75,75,75,75,75,75,75,75,82,82,82,82,82,82,82,82,82,82,82,82,82,82,82,82,82,82,82,82,82,82,82],"card_choices":[{"not_picked":["hermit:Roulette","hermit:Grudge"],"picked":"hermit:Cheat","floor":1},{"not_picked":["hermit:EyeOfTheStorm","hermit:Ricochet"],"picked":"hermit:Manifest","floor":3},{"not_picked":["hermit:HoleUp","hermit:BigShot"],"picked":"hermit:DeadMansHand","floor":5},{"not_picked":["hermit:Deadeye","hermit:BlackWind"],"picked":"hermit:Cheat","floor":6},{"not_picked":["hermit:Feint","hermit:LowProfile"],"picked":"hermit:GoldenBullet","floor":7},{"not_picked":["hermit:Roulette","hermit:Snipe"],"picked":"hermit:Grudge","floor":10},{"not_picked":["hermit:FlashPowder","hermit:Quickdraw"],"picked":"hermit:LuckOfTheDraw","floor":11},{"not_picked":["hermit:FullyLoaded","hermit:TakeCover"],"picked":"hermit:Virtue","floor":12},{"not_picked":["hermit:Adapt","hermit:OverwhelmingPower"],"picked":"hermit:RoundhouseKick","floor":16},{"not_picked":["hermit:Brawl","hermit:CalledShot"],"picked":"hermit:FlashPowder","floor":18},{"not_picked":["hermit:Deadeye","hermit:Coalescence+1"],"picked":"hermit:GoldenBullet","floor":19},{"not_picked":["hermit:Brawl","hermit:Coalescence+1"],"picked":"hermit:LowProfile","floor":19},{"not_picked":["hermit:EyeOfTheStorm","hermit:Roulette+1"],"picked":"hermit:Grudge+1","floor":20},{"not_picked":["hermit:BigShot","hermit:Brawl+1"],"picked":"hermit:Dissolve","floor":21},{"not_picked":["hermit:SprayPray","hermit:ItchyTrigger"],"picked":"hermit:FlashPowder","floor":23},{"not_picked":["hermit:Desperado","hermit:Feint"],"picked":"hermit:Manifest+1","floor":27},{"not_picked":["hermit:TrackingShot","hermit:Headshot"],"picked":"hermit:Dive","floor":31},{"not_picked":["hermit:HeroicBravado","hermit:EternalForm"],"picked":"hermit:FromBeyond","floor":33},{"not_picked":["hermit:Virtue","hermit:HighCaliber"],"picked":"hermit:Brawl+1","floor":35},{"not_picked":["hermit:LoneWolf+1","hermit:DeadMansHand+1"],"picked":"hermit:TrackingShot+1","floor":37},{"not_picked":["hermit:HighNoon","hermit:HoleUp"],"picked":"hermit:TrackingShot","floor":40},{"not_picked":["hermit:HighCaliber","hermit:Snipe"],"picked":"hermit:PistolWhip+1","floor":44},{"not_picked":["hermit:Feint","hermit:LowProfile"],"picked":"hermit:ShadowCloak","floor":45},{"not_picked":["hermit:Feint","hermit:Glare"],"picked":"hermit:Manifest+1","floor":48},{"not_picked":["hermit:WideOpen","hermit:CalledShot+1"],"picked":"hermit:LowProfile+1","floor":54}],"player_experience":354840,"relics_obtained":[{"floor":4,"key":"Ring of Misfortune"},{"floor":4,"key":"ReplayTheSpireMod:Ring of Exchange"},{"floor":6,"key":"Replay:Baseball"},{"floor":19,"key":"Garlic"},{"floor":23,"key":"Calipers"},{"floor":26,"key":"War Paint"},{"floor":27,"key":"MawBank"},{"floor":40,"key":"infinitespire:Satchel"},{"floor":41,"key":"Replay:Bandana"},{"floor":43,"key":"reliquary:ExpiredCoupon"},{"floor":44,"key":"Shovel"},{"floor":49,"key":"Pen Nib"},{"floor":54,"key":"reliquary:SharkskinSheath"}],"event_choices":[{"damage_healed":0,"gold_gain":0,"player_choice":"Take Wound","damage_taken":0,"relics_obtained":["Golden Idol"],"max_hp_gain":0,"max_hp_loss":0,"event_name":"Golden Idol","floor":2,"gold_loss":0,"cards_obtained":["Injury"]},{"damage_healed":0,"gold_gain":75,"player_choice":"Gather Gold","damage_taken":11,"max_hp_gain":0,"max_hp_loss":0,"event_name":"World of Goop","floor":14,"gold_loss":0},{"damage_healed":0,"gold_gain":0,"player_choice":"Upgraded","damage_taken":0,"max_hp_gain":0,"max_hp_loss":0,"event_name":"Upgrade Shrine","floor":29,"gold_loss":0,"cards_upgraded":["hermit:GoldenBullet"]},{"damage_healed":0,"gold_gain":0,"player_choice":"Embrace Madness","damage_taken":10,"max_hp_gain":0,"max_hp_loss":0,"event_name":"Winding Halls","floor":38,"gold_loss":0,"cards_obtained":["Madness","Madness"]},{"cards_removed":["Madness"],"damage_healed":0,"gold_gain":0,"player_choice":"Removed Skill","damage_taken":0,"max_hp_gain":0,"max_hp_loss":0,"event_name":"Falling","floor":47,"gold_loss":0}],"is_beta":false,"boss_relics":[{"not_picked":["Frozen Eye","Runic Pyramid"],"picked":"Cursed Key"},{"not_picked":["Medical Kit","ReplayTheSpireMod:CursedCoin"],"picked":"Lee\u0027s Waffle"}],"items_purged_floors":[],"is_endless":false,"potions_floor_spawned":[3,7,10,11,12,18,23,27,37,45,48,54],"killed_by":"The Heart","ascension_level":0}}