{"host":"lg1piimdyocafd6j","time":1612903935,"event":{"mods":["AchievementEnabler","BaseMod","Better Third Choice","BetterRewards","Colored Map","Colored Powertips","Downfall","Minty Spire (QoL Compilation)","Quick Restart","Rare Cards Sparkle","Remove Card Discount Mod","Shop Mod","StSLib","SuperFastMode"],"gold_per_floor":[117,129,139,139,150,184,74,74,74,74,35,46,46,46,46,142,142,160,175,206,217,236,262,277,277,277,237,249,266,266,236,236,334,334,348,359,373,367,385,385,395,617,617,630,630,930,960,897,897,897,897,897,34,69,69,69],"floor_reached":55,"language":"ENG","playtime":2777,"items_purged":["Strike_G","Strike_G","Strike_G","Strike_G","Strike_G","Neutralize","Defend_G","Defend_G","Defend_G+1","Defend_G","Footwork","Footwork","Blade Dance","Blade Dance","Blade Dance","Defend_G+1"],"score":871,"play_id":"1101afd3-56e6-4b7b-ab81-9293fe67947f","local_time":"20210209215215","is_ascension_mode":false,"campfire_choices":[{"data":"Accuracy","floor":8,"key":"SMITH"},{"floor":13,"key":"RECALL"},{"floor":15,"key":"REST"},{"data":"Cloak And Dagger","floor":30,"key":"SMITH"},{"data":"Cloak And Dagger","floor":32,"key":"SMITH"},{"floor":40,"key":"REST"},{"data":"Footwork","floor":45,"key":"SMITH"},{"data":"Survivor","floor":49,"key":"SMITH"},{"data":"Defend_G","floor":52,"key":"SMITH"}],"circlet_count":0,"master_deck":["Survivor+1","Accuracy+1","Accuracy+1","Blade Dance+1","Footwork+1","Cloak And Dagger+1","Footwork+1","Cloak And Dagger+1","CurseOfTheBell","Footwork+1","Blade Dance+1","Accuracy+1","Cloak And Dagger+1","Cloak And Dagger+1","Storm of Steel","Concentrate","Prepared"],"relics":["Ring of the Snake","Membership Card","Lantern","Happy Flower","Gremlin Horn","Bronze Scales","Runic Pyramid","Red Mask","Darkstone Periapt","Letter Opener","Calling Bell","Blood Vial","White Beast Statue","Torii","Incense Burner","Old Coin","The Courier","Lee\u0027s Waffle","StoneCalendar","War Paint","Mango","Pen Nib","Bag of Marbles","Whetstone","Centennial Puzzle","Cauldron","Blue Candle","Pantograph"],"acts_visited":["Exordium","TheCity","TheBeyond","TheEnding"],"potions_floor_usage":[20,35,35,37,37,37,47,55,55],"damage_taken":[{"damage":0,"enemies":"Small Slimes","floor":1,"turns":4},{"damage":0,"enemies":"Jaw Worm","floor":2,"turns":3},{"damage":0,"enemies":"Cultist","floor":3,"turns":2},{"damage":0,"enemies":"2 Fungi Beasts","floor":5,"turns":2},{"damage":0,"enemies":"Gremlin Nob","floor":6,"turns":2},{"damage":0,"enemies":"Exordium Wildlife","floor":12,"turns":2},{"damage":3,"enemies":"The Guardian","floor":16,"turns":6},{"damage":1,"enemies":"Chosen","floor":18,"turns":3},{"damage":6,"enemies":"3 Byrds","floor":19,"turns":3},{"damage":6,"enemies":"Masked Bandits","floor":20,"turns":4},{"damage":0,"enemies":"Snake Plant","floor":21,"turns":2},{"damage":1,"enemies":"3 Cultists","floor":22,"turns":3},{"damage":4,"enemies":"Gremlin Leader","floor":23,"turns":5},{"damage":0,"enemies":"Snecko","floor":24,"turns":2},{"damage":0,"enemies":"Centurion and Healer","floor":28,"turns":4},{"damage":0,"enemies":"Snake Plant","floor":29,"turns":4},{"damage":1,"enemies":"Champ","floor":33,"turns":5},{"damage":10,"enemies":"Orb Walker","floor":35,"turns":2},{"damage":0,"enemies":"3 Shapes","floor":36,"turns":4},{"damage":40,"enemies":"Transient","floor":37,"turns":5},{"damage":0,"enemies":"Sphere and 2 Shapes","floor":39,"turns":2},{"damage":1,"enemies":"3 Darklings","floor":41,"turns":4},{"damage":8,"enemies":"Maw","floor":44,"turns":5},{"damage":0,"enemies":"Reptomancer","floor":47,"turns":3},{"damage":7,"enemies":"Time Eater","floor":50,"turns":7},{"damage":8,"enemies":"Shield and Spear","floor":54,"turns":4},{"damage":76,"enemies":"The Heart","floor":55,"turns":3}],"seed_played":"777805605477913821","potions_obtained":[{"floor":2,"key":"PowerPotion"},{"floor":5,"key":"Weak Potion"},{"floor":16,"key":"champ:CounterPotion"},{"floor":21,"key":"Explosive Potion"},{"floor":35,"key":"Fruit Juice"},{"floor":36,"key":"AttackPotion"},{"floor":37,"key":"Explosive Potion"},{"floor":39,"key":"Weak Potion"},{"floor":41,"key":"CultistPotion"},{"floor":47,"key":"Energy Potion"},{"floor":53,"key":"CunningPotion"}],"is_trial":false,"path_per_floor":["M","M","M","?","M","E","$","R","T","?","$","M","R","?","R","B",null,"M","M","?","M","M","E","M","?","T","?","M","M","R","$","R","B",null,"M","M","M","$","M","R","M","?","T","M","R","T","E","$","R","B",null,"R","$","E","B"],"character_chosen":"THE_SILENT","items_purchased":["Membership Card","Accuracy","Blade Dance","Lantern","Accuracy","Blade Dance","Footwork","Bronze Scales","Footwork","Cloak And Dagger","Lee\u0027s Waffle","Cloak And Dagger","Cloak And Dagger","StoneCalendar","War Paint","Mango","Pen Nib","Storm of Steel","Concentrate","Prepared","Dexterity Potion","Bag of Marbles","Whetstone","Centennial Puzzle","Cauldron","Blue Candle"],"campfire_rested":2,"item_purchase_floors":[0,0,0,0,0,0,7,7,11,31,48,53,53,53,53,53,53,53,53,53,53,53,53,53,53,53],"current_hp_per_floor":[70,70,70,52,52,52,52,52,52,52,52,52,52,38,59,56,70,69,63,57,57,56,52,52,52,52,52,52,52,52,52,52,51,76,71,73,35,35,37,61,62,62,62,56,56,56,58,88,88,81,88,88,102,94,26,26],"gold":69,"neow_bonus":"","is_daily":false,"chose_seed":false,"campfire_upgraded":6,"win_rate":0.0,"timestamp":1612903935,"path_taken":["M","M","M","?","M","E","$","R","T","?","$","?","R","?","R","BOSS","M","M","?","M","M","E","M","?","T","?","M","M","R","$","R","BOSS","M","?","M","$","M","R","M","?","T","M","R","?","E","$","R","BOSS","R","$","E","BOSS"],"items_purchased_type":["Relic","Card","Card","Relic","Card","Card","Card","Relic","Card","Card","Relic","Card","Card","Relic","Relic","Relic","Relic","Card","Card","Card","Potion","Relic","Relic","Relic","Relic","Relic"],"build_version":"2020-12-22","purchased_purges":16,"victory":false,"max_hp_per_floor":[70,70,70,70,70,70,70,70,70,70,70,70,70,70,70,70,70,70,70,70,70,70,70,70,70,70,70,70,70,70,70,70,70,76,81,81,81,81,81,81,81,81,81,81,81,81,81,88,88,88,88,88,102,102,102,102],"card_choices":[{"not_picked":["Heel Hook","Dagger Throw"],"picked":"Footwork","floor":1},{"not_picked":["Noxious Fumes","Dodge and Roll","Bouncing Flask"],"picked":"SKIP","floor":2},{"not_picked":["Cloak And Dagger","Backflip"],"picked":"Blade Dance","floor":3},{"not_picked":["Reflex","Choke","Quick Slash"],"picked":"SKIP","floor":5},{"not_picked":["Underhanded Strike","Deflect","Bane"],"picked":"SKIP","floor":6},{"not_picked":["Calculated Gamble","Catalyst","Acrobatics"],"picked":"SKIP","floor":12},{"not_picked":["Distraction","Dodge and Roll","Endless Agony"],"picked":"SKIP","floor":18},{"not_picked":["Slice","Dodge and Roll","Cloak And Dagger"],"picked":"SKIP","floor":19},{"not_picked":["Cloak And Dagger","Bane"],"picked":"Blade Dance","floor":20},{"not_picked":["Slice","Malaise","Noxious Fumes"],"picked":"SKIP","floor":21},{"not_picked":["Underhanded Strike+1","Outmaneuver"],"picked":"Cloak And Dagger","floor":22},{"not_picked":["Quick Slash+1","Deflect+1","Bouncing Flask"],"picked":"SKIP","floor":23},{"not_picked":["Quick Slash","PiercingWail+1"],"picked":"Footwork","floor":24},{"not_picked":["Poisoned Stab","Deadly Poison","Flying Knee"],"picked":"SKIP","floor":28},{"not_picked":["Deadly Poison","Deflect","Terror"],"picked":"SKIP","floor":29},{"not_picked":["Leg Sweep","PiercingWail","Sucker Punch"],"picked":"SKIP","floor":35},{"not_picked":["Predator+1","Sucker Punch+1"],"picked":"Footwork+1","floor":36},{"not_picked":["All Out Attack+1","Flying Knee"],"picked":"Blade Dance+1","floor":37},{"not_picked":["Tactician+1","Slice+1","PiercingWail+1"],"picked":"SKIP","floor":39},{"not_picked":["Backflip","Outmaneuver","Terror+1"],"picked":"SKIP","floor":41},{"not_picked":["Distraction+1","Prepared+1","Acrobatics"],"picked":"SKIP","floor":44},{"not_picked":["Malaise","PiercingWail+1"],"picked":"Accuracy+1","floor":47},{"not_picked":["Deflect","Choke","Dodge and Roll+1"],"picked":"SKIP","floor":54}],"player_experience":126675,"relics_obtained":[{"floor":6,"key":"Gremlin Horn"},{"floor":20,"key":"Red Mask"},{"floor":23,"key":"Darkstone Periapt"},{"floor":26,"key":"Letter Opener"},{"floor":34,"key":"Blood Vial"},{"floor":34,"key":"White Beast Statue"},{"floor":34,"key":"Torii"},{"floor":43,"key":"Incense Burner"},{"floor":46,"key":"Old Coin"},{"floor":47,"key":"The Courier"},{"floor":54,"key":"Pantograph"}],"event_choices":[{"damage_healed":0,"gold_gain":0,"player_choice":"Relic ","damage_taken":18,"max_hp_gain":0,"max_hp_loss":0,"event_name":"betterThird:BetterScrap","floor":4,"gold_loss":0,"cards_obtained":["Limit Break"]},{"damage_healed":0,"gold_gain":0,"player_choice":"Ignored","damage_taken":0,"max_hp_gain":0,"max_hp_loss":0,"event_name":"Transmorgrifier","floor":10,"gold_loss":0},{"damage_healed":52,"gold_gain":0,"player_choice":"Upgrade","damage_taken":14,"max_hp_gain":0,"max_hp_loss":70,"event_name":"betterThird:BetterShining","floor":14,"gold_loss":0,"cards_upgraded":["Accuracy","Blade Dance"]},{"damage_healed":0,"gold_gain":0,"player_choice":"Fought Bandits","damage_taken":0,"max_hp_gain":0,"max_hp_loss":0,"event_name":"Masked Bandits","floor":20,"gold_loss":0},{"damage_healed":0,"gold_gain":0,"player_choice":"Upgraded Two","damage_taken":0,"max_hp_gain":0,"max_hp_loss":0,"event_name":"Designer","floor":27,"gold_loss":40,"cards_upgraded":["Defend_G","Footwork"]},{"damage_healed":0,"gold_gain":222,"player_choice":"Wore Mask","damage_taken":0,"max_hp_gain":0,"max_hp_loss":0,"event_name":"Tomb of Lord Red Mask","floor":42,"gold_loss":0}],"is_beta":false,"boss_relics":[{"not_picked":["Philosopher\u0027s Stone","Velvet Choker"],"picked":"Runic Pyramid"},{"not_picked":["Black Star","bronze:MakeshiftBattery"],"picked":"Calling Bell"}],"items_purged_floors":[0,0,0,0,0,0,0,0,31,31,38,38,38,48,48,53],"is_endless":false,"potions_floor_spawned":[2,5,16,19,21,29,35,36,37,39,41,44,47,54],"killed_by":"The Heart","ascension_level":0}}