{"host":"f9ntswufr8mq3t4y","time":1612903338,"event":{"mods":["AchievementEnabler","BaseMod","Best Route Mod","Block Reminder","Colored Map","Colored Powertips","Curses Come First","DeckTracker","Displayed Cursed Tome","Highlight Path","Minty Spire (QoL Compilation)","Permanent Neow","Quick Restart","Slay-I","StSLib"],"gold_per_floor":[16,36,56,76,151,184,184,184,184,184,184,203,203,216,216,317,317,337,387,406,425,204,204,221,221,271,290,306,318,318,233,233,233,233],"floor_reached":33,"language":"ENG","playtime":1301,"items_purged":[],"score":326,"play_id":"a56a6d86-b0c9-4711-8ea2-9c16b16120b1","local_time":"20210209234218","is_ascension_mode":true,"campfire_choices":[{"data":"Berserk","floor":7,"key":"SMITH"},{"data":"Bash","floor":11,"key":"SMITH"},{"data":"Iron Wave","floor":13,"key":"SMITH"},{"floor":15,"key":"REST"},{"data":"Double Tap","floor":23,"key":"SMITH"},{"data":"Shockwave","floor":25,"key":"SMITH"},{"data":"Immolate","floor":30,"key":"SMITH"},{"data":"Spot Weakness","floor":32,"key":"SMITH"}],"circlet_count":0,"master_deck":["Strike_R","Strike_R","Strike_R","Defend_R","Defend_R","Defend_R","Bash+1","Berserk+1","Pummel","Cleave","Clash","Iron Wave+1","Spot Weakness+1","Immolate+1","Anger","Entrench+1","Double Tap+1","Ghostly Armor","Shockwave+1","Whirlwind+1"],"relics":["Black Blood","Eternal Feather","Matryoshka","Vajra","Ancient Tea Set","Paper Frog"],"acts_visited":["Exordium","TheCity"],"potions_floor_usage":[16,33],"damage_taken":[{"damage":6,"enemies":"Cultist","floor":1,"turns":3},{"damage":6,"enemies":"2 Louse","floor":2,"turns":3},{"damage":0,"enemies":"Small Slimes","floor":3,"turns":3},{"damage":14,"enemies":"Exordium Thugs","floor":4,"turns":3},{"damage":35,"enemies":"Lagavulin","floor":6,"turns":5},{"damage":13,"enemies":"Blue Slaver","floor":12,"turns":2},{"damage":1,"enemies":"Gremlin Gang","floor":14,"turns":3},{"damage":41,"enemies":"The Guardian","floor":16,"turns":9},{"damage":11,"enemies":"Spheric Guardian","floor":18,"turns":3},{"damage":23,"enemies":"Shell Parasite","floor":20,"turns":4},{"damage":7,"enemies":"Chosen and Byrds","floor":21,"turns":3},{"damage":16,"enemies":"Sentry and Sphere","floor":24,"turns":5},{"damage":24,"enemies":"Snake Plant","floor":27,"turns":3},{"damage":26,"enemies":"Cultist and Chosen","floor":28,"turns":6},{"damage":22,"enemies":"Shelled Parasite and Fungi","floor":29,"turns":3},{"damage":78,"enemies":"Automaton","floor":33,"turns":6}],"seed_played":"6980733653585656167","potions_obtained":[{"floor":3,"key":"Swift Potion"},{"floor":6,"key":"Ancient Potion"},{"floor":12,"key":"SpeedPotion"},{"floor":14,"key":"LiquidMemories"},{"floor":21,"key":"BloodPotion"}],"is_trial":false,"path_per_floor":["M","M","M","M","?","E","R","?","T","?","R","M","R","M","R","B",null,"M","?","M","M","$","R","M","R","T","M","M","M","R","?","R","B"],"character_chosen":"IRONCLAD","items_purchased":["Double Tap","Ghostly Armor"],"campfire_rested":1,"item_purchase_floors":[22,22],"current_hp_per_floor":[72,72,78,70,59,30,36,29,29,29,35,28,34,39,69,34,69,70,70,59,64,64,73,69,78,78,66,52,42,54,54,66,0,0],"gold":233,"neow_bonus":"TRANSFORM_TWO_CARDS","is_daily":false,"chose_seed":false,"campfire_upgraded":7,"win_rate":0.0,"timestamp":1612903338,"path_taken":["M","M","M","M","?","E","R","?","T","?","R","?","R","M","R","BOSS","M","?","M","M","$","R","M","R","T","?","M","M","R","?","R","BOSS"],"items_purchased_type":["Card","Card"],"build_version":"2020-12-22","purchased_purges":0,"victory":false,"max_hp_per_floor":[80,80,80,80,80,80,80,80,80,80,80,80,80,80,80,80,80,80,80,80,80,80,80,80,80,80,80,80,80,80,80,80,80,80],"card_choices":[{"not_picked":["Rupture","Clothesline"],"picked":"Cleave","floor":1},{"not_picked":["Headbutt","Disarm","Shrug It Off"],"picked":"SKIP","floor":2},{"not_picked":["Entrench","Wild Strike"],"picked":"Clash","floor":3},{"not_picked":["Thunderclap","Headbutt","Cleave"],"picked":"SKIP","floor":4},{"not_picked":["Hemokinesis","Burning Pact","Shrug It Off"],"picked":"SKIP","floor":6},{"not_picked":["Intimidate","Dark Embrace"],"picked":"Iron Wave","floor":12},{"not_picked":["Sever Soul","True Grit"],"picked":"Spot Weakness","floor":14},{"not_picked":["Fiend Fire","Corruption"],"picked":"Immolate","floor":16},{"not_picked":["Heavy Blade","Wild Strike","Sword Boomerang"],"picked":"SKIP","floor":18},{"not_picked":["Dark Embrace","Bloodletting"],"picked":"Anger","floor":20},{"not_picked":["Clothesline","Body Slam"],"picked":"Entrench+1","floor":21},{"not_picked":["Cleave","Armaments"],"picked":"Shockwave","floor":24},{"not_picked":["Iron Wave","Shrug It Off"],"picked":"Whirlwind+1","floor":27},{"not_picked":["True Grit","Power Through","Spot Weakness"],"picked":"SKIP","floor":28},{"not_picked":["Body Slam+1","Dark Embrace","Perfected Strike+1"],"picked":"SKIP","floor":29}],"player_experience":420132,"relics_obtained":[{"floor":6,"key":"Eternal Feather"},{"floor":9,"key":"Matryoshka"},{"floor":26,"key":"Vajra"},{"floor":26,"key":"Ancient Tea Set"}],"event_choices":[{"damage_healed":0,"gold_gain":75,"player_choice":"Gather Gold","damage_taken":11,"max_hp_gain":0,"max_hp_loss":0,"event_name":"World of Goop","floor":5,"gold_loss":0},{"cards_removed":["Strike_R"],"damage_healed":0,"gold_gain":0,"player_choice":"Card Removal","damage_taken":7,"max_hp_gain":0,"max_hp_loss":0,"event_name":"Golden Wing","floor":8,"gold_loss":0},{"damage_healed":0,"gold_gain":0,"player_choice":"Ignored","damage_taken":0,"max_hp_gain":0,"max_hp_loss":0,"event_name":"Liars Game","floor":10,"gold_loss":0},{"damage_healed":0,"gold_gain":100,"player_choice":"Bet on Murderer","damage_taken":0,"max_hp_gain":0,"max_hp_loss":0,"event_name":"The Joust","floor":19,"gold_loss":50},{"damage_healed":0,"gold_gain":0,"player_choice":"Obtained Relic","damage_taken":0,"relics_obtained":["Paper Frog"],"max_hp_gain":0,"max_hp_loss":0,"event_name":"Addict","floor":31,"gold_loss":85}],"is_beta":false,"boss_relics":[{"not_picked":["Mark of Pain","Empty Cage"],"picked":"Black Blood"}],"items_purged_floors":[],"is_endless":false,"potions_floor_spawned":[3,6,12,14,21,28,29],"killed_by":"Automaton","ascension_level":6}}