{"host":"xp27heuvanyklt0b","time":1612854066,"event":{"mods":["100% Spire Juice","BaseMod","CapriCore","Koishi","Lobotomy","Minty Spire (QoL Compilation)","Prisma Mod","StSLib","The Immortal"],"gold_per_floor":[119,131,149,101,101,101,114,114,114,130,142,153,153,153,153,153,153,153],"floor_reached":16,"language":"KOR","playtime":591,"items_purged":[],"score":94,"play_id":"b861d427-b20b-4c16-867b-4389610b2271","local_time":"20210209160106","is_ascension_mode":false,"campfire_choices":[{"data":"MokouMod:Fireball","floor":6,"key":"SMITH"},{"data":"MokouMod:RetainTemperature","floor":8,"key":"SMITH"},{"floor":15,"key":"REST"}],"circlet_count":0,"master_deck":["MokouMod:Strike","MokouMod:Strike","MokouMod:Strike","MokouMod:Strike","MokouMod:Strike","MokouMod:Defend","MokouMod:Defend","MokouMod:Defend","MokouMod:Defend","MokouMod:HeatSpark","MokouMod:EnchantingBambooForest","MokouMod:Fireball+1","MokouMod:FlareStarter","MokouMod:RetainTemperature+1","MokouMod:FlickeringFlame","MokouMod:RoaringFlare","MokouMod:Singe","MokouMod:PhoenixForm"],"relics":["MokouMod:PhoenixFeather","Shuriken","Golden Idol"],"acts_visited":["Exordium"],"potions_floor_usage":[16],"damage_taken":[{"damage":11,"enemies":"Jaw Worm","floor":1,"turns":5},{"damage":5,"enemies":"Small Slimes","floor":2,"turns":4},{"damage":12,"enemies":"Cultist","floor":3,"turns":5},{"damage":19,"enemies":"Large Slime","floor":7,"turns":4},{"damage":0,"enemies":"2 Fungi Beasts","floor":10,"turns":3},{"damage":5,"enemies":"Looter","floor":11,"turns":4},{"damage":0,"enemies":"3 Louse","floor":12,"turns":1},{"damage":88,"enemies":"Hexaghost","floor":16,"turns":12}],"seed_played":"2499175276548527787","potions_obtained":[{"floor":2,"key":"SteroidPotion"},{"floor":3,"key":"FearPotion"},{"floor":12,"key":"Ancient Potion"}],"is_trial":false,"path_per_floor":["M","M","M","?","?","R","M","R","T","M","M","M","?","?","R","B"],"character_chosen":"MKU","items_purchased":[],"campfire_rested":1,"item_purchase_floors":[],"current_hp_per_floor":[64,59,47,47,47,47,28,28,28,28,23,23,23,5,27,0,0,0],"gold":153,"neow_bonus":"ONE_RANDOM_RARE_CARD","is_daily":false,"chose_seed":false,"campfire_upgraded":2,"win_rate":0.0,"timestamp":1612854066,"path_taken":["M","M","M","?","?","R","?","R","T","M","M","M","?","?","R","BOSS"],"items_purchased_type":[],"build_version":"2020-12-22","purchased_purges":0,"victory":false,"max_hp_per_floor":[75,75,75,75,75,75,75,75,75,75,75,75,75,75,75,75,75,75],"card_choices":[{"not_picked":["MokouMod:FlareStarter","MokouMod:Combust"],"picked":"MokouMod:Fireball","floor":1},{"not_picked":["MokouMod:FujiyamaVolcano","MokouMod:Afterburner"],"picked":"MokouMod:FlareStarter","floor":2},{"not_picked":["MokouMod:ThermalPressure","MokouMod:ScorchingColumn"],"picked":"MokouMod:RetainTemperature","floor":3},{"not_picked":["MokouMod:AdaptivePyromancy","MokouMod:Overheat"],"picked":"MokouMod:FlickeringFlame","floor":7},{"not_picked":["MokouMod:Cataclysm","MokouMod:FlareStarter"],"picked":"MokouMod:RoaringFlare","floor":10},{"not_picked":["MokouMod:FlickeringFlame","MokouMod:Ember"],"picked":"MokouMod:Singe","floor":11},{"not_picked":["MokouMod:SearingShot","MokouMod:RetainTemperature"],"picked":"MokouMod:PhoenixForm","floor":12}],"player_experience":186208,"relics_obtained":[],"event_choices":[{"damage_healed":0,"gold_gain":0,"player_choice":"Left Gold","damage_taken":0,"max_hp_gain":0,"max_hp_loss":0,"event_name":"World of Goop","floor":4,"gold_loss":48},{"damage_healed":0,"gold_gain":0,"player_choice":"Leave","damage_taken":0,"max_hp_gain":0,"max_hp_loss":0,"event_name":"FaceTrader","floor":5,"gold_loss":0},{"damage_healed":0,"gold_gain":0,"player_choice":"Searched \u00271\u0027 times","damage_taken":0,"relics_obtained":["Shuriken"],"max_hp_gain":0,"max_hp_loss":0,"event_name":"Dead Adventurer","floor":13,"gold_loss":0},{"damage_healed":0,"gold_gain":0,"player_choice":"Take Damage","damage_taken":18,"relics_obtained":["Golden Idol"],"max_hp_gain":0,"max_hp_loss":0,"event_name":"Golden Idol","floor":14,"gold_loss":0}],"is_beta":false,"boss_relics":[],"items_purged_floors":[],"is_endless":false,"potions_floor_spawned":[2,3,12],"killed_by":"Hexaghost","ascension_level":0}}