{"host":"0cnf9zf1gia27zti","time":1612834895,"event":{"mods":["BaseMod","Better Third Choice","BetterRewards","Card Forge","ChefMod","Colored Map","Colored Powertips","Conspire","Downfall","Googly Eyes","Infinite Spire","Minty Spire (QoL Compilation)","Practice Mode","Quick Restart","Replay The Spire","Shade Mod","Spicy Shops","StSLib","The Marked"],"gold_per_floor":[116,116,135,135,147,181,181,209,209,228,72,86,117,130,130,226,226,261,303,303,303,303,48,129,129,140,140,217,217,229,257,257,292,292,391,391,410,410,410,452,494,527,545,545,626,657,674,674,3,79,79,175,175,213,213,213,213,213,213,241,241,241,241,241,241,287,334,334,421,421,431,135,124,124,124,182,107,107,107,143,67,103,103,106,106,228,291,314,339,390,239,264,348,348,348,348,348,371,445,445,502,502,565,565,662,662,662],"floor_reached":106,"language":"ENG","playtime":6990,"items_purged":["Defend_P","Defend_P"],"score":3429,"play_id":"6a8df660-4b27-4e2f-ad23-0c6420b38468","local_time":"20210209014135","is_ascension_mode":true,"campfire_choices":[{"data":"Devotion","floor":7,"key":"SMITH"},{"data":"Ragnarok","floor":15,"key":"SMITH"},{"data":"Wish","floor":25,"key":"SMITH"},{"data":"Vigilance","floor":27,"key":"SMITH"},{"floor":29,"key":"REST"},{"floor":34,"key":"REST"},{"floor":44,"key":"REST"},{"floor":59,"key":"REST"},{"floor":61,"key":"REST"},{"data":"infinitespire:UltimateForm","floor":83,"key":"SMITH"},{"floor":85,"key":"REST"},{"floor":95,"key":"REST"},{"floor":100,"key":"REST"},{"data":"infinitespire:UltimateForm","floor":104,"key":"SMITH"}],"circlet_count":0,"master_deck":["AscendersBane","Prostrate+1","Prostrate+1","SandsOfTime+1","Study+1","Devotion+1","DeusExMachina+1","Wish+1","Brilliance+1","Wireheading+1","Evaluate+1","Devotion+1","SpiritShield+1","Replay:Dark Deal+1","infinitespire:FutureSight+1","Devotion+1","Devotion+1","Necronomicurse","infinitespire:UltimateForm+1","infinitespire:Collect+1","infinitespire:Collect+1","Brilliance+1","infinitespire:UltimateForm+1","Wish+1","Brilliance+1","infinitespire:UltimateForm+1","MasterReality"],"relics":["theMarked:ArtifactOfAir","Hammer of Thor","Seething Fire","Anvil of the Gods","Chemical X","Iron Hammer","Tiny Chest","Ice Cream","Strawberry","Vajra","ReplayTheSpireMod:CursedCoin","Sling","Bottled Flame","Mummified Hand","Replay:WaspNest","Lee\u0027s Waffle","Replay:Mystery Machine","Astrolabe","StoneCalendar","conspire:Dentures","TeardropLocket","Replay:Bottled Steam","Replay:Bottled Eggs","infinitespire:PuzzleCube","Molten Egg 2","Replay:Baseball","Toxic Egg 2","Replay:Purple Gloves","conspire:BottledYoYo","infinitespire:CursedDice","ReplayTheSpireMod:ShopPack","HornCleat","Black Star","Matryoshka","Medical Kit","Golden Idol","WingedGreaves","Lantern","Nunchaku","Replay:Bottled Flurry","Akabeko","Bag of Preparation","infinitespire:Cubic Diamond","Bag of Marbles","conspire:GiftBox","PreservedInsect","Toy Ornithopter","Counterbalance","Necronomicon","Turnip","ReplayTheSpireMod:TigerMarble","Mercury Hourglass","Divine Protection","infinitespire:EvilPickle","Calipers","Tiny House","Pen Nib","DollysMirror","conspire:TopHat","Gremlin Horn","Pet Ghost","infinitespire:BottledMercury","CaptainsWheel"],"acts_visited":["Exordium","TheCity","TheBeyond","Exordium","TheCity","TheBeyond","Exordium"],"potions_floor_usage":[5,16,31,35,37,42,52,52,69,73,82,103],"damage_taken":[{"damage":0,"enemies":"2 Louse","floor":1,"turns":3},{"damage":0,"enemies":"Cultist","floor":3,"turns":3},{"damage":6,"enemies":"Small Slimes","floor":5,"turns":4},{"damage":0,"enemies":"Lagavulin","floor":6,"turns":4},{"damage":32,"enemies":"Gremlin Nob","floor":8,"turns":4},{"damage":0,"enemies":"Looter","floor":10,"turns":3},{"damage":0,"enemies":"Exordium Thugs","floor":12,"turns":4},{"damage":8,"enemies":"3 Sentries","floor":13,"turns":7},{"damage":0,"enemies":"Blue Slaver","floor":14,"turns":3},{"damage":0,"enemies":"Slime Boss","floor":16,"turns":6},{"damage":4,"enemies":"Chosen","floor":18,"turns":3},{"damage":0,"enemies":"Spheric Guardian","floor":19,"turns":3},{"damage":11,"enemies":"Snake Plant","floor":26,"turns":3},{"damage":0,"enemies":"Centurion and Healer","floor":30,"turns":3},{"damage":4,"enemies":"Book of Stabbing","floor":31,"turns":4},{"damage":32,"enemies":"Nightmare","floor":33,"turns":5},{"damage":16,"enemies":"Pondfish","floor":35,"turns":3},{"damage":19,"enemies":"3 Darklings","floor":37,"turns":3},{"damage":11,"enemies":"3 Shapes","floor":40,"turns":4},{"damage":27,"enemies":"Jaw Worm Horde","floor":41,"turns":4},{"damage":0,"enemies":"Reptomancer","floor":42,"turns":3},{"damage":14,"enemies":"Transient","floor":43,"turns":5},{"damage":0,"enemies":"R_Hoarder","floor":46,"turns":6},{"damage":16,"enemies":"Maw","floor":47,"turns":4},{"damage":3,"enemies":"Time Eater","floor":52,"turns":7},{"damage":0,"enemies":"2 Louse","floor":54,"turns":3},{"damage":14,"enemies":"Gremlin Nob","floor":60,"turns":3},{"damage":20,"enemies":"3 Sentries","floor":66,"turns":4},{"damage":0,"enemies":"Cultist","floor":67,"turns":1},{"damage":45,"enemies":"The Guardian","floor":69,"turns":4},{"damage":0,"enemies":"Chosen","floor":71,"turns":2},{"damage":0,"enemies":"3 Byrds","floor":73,"turns":4},{"damage":20,"enemies":"Gremlin Leader","floor":76,"turns":2},{"damage":0,"enemies":"Sentry and Sphere","floor":80,"turns":2},{"damage":0,"enemies":"Cultist and Chosen","floor":82,"turns":2},{"damage":0,"enemies":"Snecko","floor":84,"turns":2},{"damage":0,"enemies":"conspire:MysteriousRune","floor":86,"turns":2},{"damage":18,"enemies":"3 Shapes","floor":88,"turns":2},{"damage":0,"enemies":"Orb Walker","floor":90,"turns":2},{"damage":15,"enemies":"Maw","floor":92,"turns":4},{"damage":0,"enemies":"R_Hoarder","floor":93,"turns":4},{"damage":0,"enemies":"Sphere and 2 Shapes","floor":99,"turns":2},{"damage":0,"enemies":"4 Shapes","floor":101,"turns":2},{"damage":0,"enemies":"infinitespire:Three Voidlings","floor":103,"turns":1},{"damage":0,"enemies":"Nightmare_Alpha","floor":103,"turns":4},{"damage":11,"enemies":"conspire:OrnateMirror","floor":105,"turns":9}],"seed_played":"-7591716728120007747","potions_obtained":[{"floor":3,"key":"conspire:TimeTravelPotion"},{"floor":5,"key":"StancePotion"},{"floor":8,"key":"EssenceOfSteel"},{"floor":26,"key":"EssenceOfSteel"},{"floor":31,"key":"champ:CounterPotion"},{"floor":41,"key":"DistilledChaos"},{"floor":43,"key":"Dexterity Potion"},{"floor":47,"key":"Reflective Coating"},{"floor":67,"key":"CultistPotion"},{"floor":69,"key":"SpeedPotion"},{"floor":71,"key":"EssenceOfSteel"},{"floor":86,"key":"BottledMiracle"},{"floor":87,"key":"Reflective Coating"},{"floor":105,"key":"Cursed Concoction"}],"is_trial":false,"path_per_floor":["M","?","M","$","M","E","R","E","T","M","$","M","E","M","R","B",null,"M","M","AVR","PTL","PTL","$","T","R","M","R","T","R","M","E","?","NM","R","B",null,"M","?","T","M","M","E","M","R","T","E","M","?","$","T","R_BF","B",null,"M","?","?","AVR","?","R","E","R","T","$","T","?","E","M","R_BF","B",null,"M","$","M","T","?","E","?","AVR","T","M","$","M","R","M","R","B",null,"M","T","M","$","M","E","?","R","PTL","PTL","T","M","R","M","T","?","R","B",null],"character_chosen":"WATCHER","items_purchased":["Prostrate","Prostrate+1","Chemical X","Iron Hammer","Tiny Chest","Ice Cream","SandsOfTime","Strawberry","Vajra","ReplayTheSpireMod:CursedCoin","Sling","Regen Potion","Lee\u0027s Waffle","conspire:Dentures","conspire:BottledYoYo","infinitespire:CursedDice","ReplayTheSpireMod:ShopPack","PreservedInsect","Toy Ornithopter","Calipers","DollysMirror"],"campfire_rested":8,"item_purchase_floors":[0,0,0,0,0,0,0,0,0,0,0,0,11,23,49,49,49,72,72,81,91],"current_hp_per_floor":[72,72,72,72,75,75,75,43,43,43,86,86,78,78,78,78,84,80,80,80,80,80,80,80,80,69,69,69,86,86,82,82,50,75,59,79,79,79,79,68,41,41,27,52,52,52,36,36,36,36,61,58,79,86,66,66,66,45,70,56,81,81,81,81,81,61,61,86,56,79,79,79,84,84,68,58,58,58,58,58,58,63,63,63,86,86,91,73,73,73,73,58,58,58,85,85,85,85,85,91,91,91,91,91,80,88,88],"gold":662,"neow_bonus":"","is_daily":false,"chose_seed":false,"campfire_upgraded":6,"win_rate":0.0,"timestamp":1612834895,"path_taken":["M","?","M","$","?","E","R","E","T","M","$","M","E","?","R","BOSS","M","M","AVR","PTL","PTL","$","?","R","M","R","T","R","?","E","?","NM","R","BOSS","M","?","?","?","M","E","M","R","T","E","M","?","?","?","R_BF","BOSS","M","?","?","AVR","?","R","E","R","T","$","?","?","E","?","R_BF","BOSS","M","?","M","?","?","E","?","AVR","T","?","$","M","R","M","R","BOSS","M","?","M","$","M","E","?","R","PTL","PTL","T","?","R","?","?","?","R","BOSS"],"items_purchased_type":["Card","Card","Relic","Relic","Relic","Relic","Card","Relic","Relic","Relic","Relic","Potion","Relic","Relic","Relic","Relic","Relic","Relic","Relic","Relic","Relic"],"build_version":"2020-12-22","purchased_purges":2,"victory":false,"max_hp_per_floor":[79,79,79,79,79,79,79,79,79,79,86,86,86,86,86,86,86,86,86,86,86,86,86,86,86,86,86,86,86,86,86,86,86,86,86,86,86,86,86,86,86,86,86,86,86,86,86,86,86,86,86,86,86,86,86,86,86,86,86,86,86,86,86,86,86,86,86,86,86,86,86,86,86,86,86,86,86,86,86,86,86,86,86,86,86,86,91,91,91,91,91,91,91,91,91,91,91,91,91,91,91,91,91,91,91,91,91],"card_choices":[{"not_picked":["SashWhip","Replay:BluntJabs"],"picked":"Study","floor":1},{"not_picked":["Halt","SashWhip","Collect"],"picked":"SKIP","floor":3},{"not_picked":["Protect","CutThroughFate","Replay:DivineShield"],"picked":"SKIP","floor":5},{"not_picked":["JustLucky","FlyingSleeves"],"picked":"DeusExMachina","floor":6},{"not_picked":["JustLucky","Crescendo","Indignation"],"picked":"SKIP","floor":8},{"not_picked":["ForeignInfluence","ClearTheMind","FlyingSleeves"],"picked":"SKIP","floor":10},{"not_picked":["Pray","BowlingBash","CutThroughFate"],"picked":"SKIP","floor":12},{"not_picked":["Meditate","FlyingSleeves","FlurryOfBlows"],"picked":"SKIP","floor":13},{"not_picked":["TalkToTheHand","Replay:Anticipation"],"picked":"Ragnarok","floor":14},{"not_picked":["Ragnarok","Scrawl"],"picked":"Wish","floor":16},{"not_picked":["Prostrate","Adaptation+1","Replay:BluntJabs"],"picked":"SKIP","floor":18},{"not_picked":["FlurryOfBlows","FlyingSleeves","Vengeance+1"],"picked":"SKIP","floor":19},{"not_picked":["CrushJoints","Replay:Cycle","MentalFortress"],"picked":"SKIP","floor":26},{"not_picked":["Evaluate","Replay:Cycle","BowlingBash"],"picked":"SKIP","floor":30},{"not_picked":["LikeWater","Replay:Vibes"],"picked":"Alpha","floor":31},{"not_picked":["EmptyMind","Replay:BluntJabs","DeceiveReality"],"picked":"SKIP","floor":33},{"not_picked":["EmptyMind","Replay:BluntJabs","DeceiveReality"],"picked":"SKIP","floor":33},{"not_picked":["Alpha","Blasphemy"],"picked":"SpiritShield","floor":35},{"not_picked":["Replay:Vibes","EmptyMind","CarveReality"],"picked":"SKIP","floor":37},{"not_picked":["Replay:Hum","Replay:AtTheReady","JustLucky+1"],"picked":"SKIP","floor":40},{"not_picked":["Collect","ForeignInfluence+1","SandsOfTime+1"],"picked":"SKIP","floor":41},{"not_picked":["Replay:DivineShield","EmptyBody+1","Perseverance"],"picked":"SKIP","floor":42},{"not_picked":["Protect","FlurryOfBlows+1","Evaluate"],"picked":"SKIP","floor":43},{"not_picked":["EmptyFist+1","ReachHeaven+1","Replay:ManipulateFuture+1"],"picked":"SKIP","floor":46},{"not_picked":["FlyingSleeves+1","Replay:Cycle+1","FearNoEvil+1"],"picked":"SKIP","floor":47},{"not_picked":["ReplayTheSpireMod:Necrogeddon","Poisoned Strike"],"picked":"Replay:Dark Deal","floor":49},{"not_picked":["FollowUp+1","Prostrate+1","Nirvana"],"picked":"SKIP","floor":54},{"not_picked":["infinitespire:Starlight","infinitespire:Oblivion"],"picked":"infinitespire:FutureSight","floor":55},{"not_picked":["EmptyBody+1","CrushJoints+1","CutThroughFate+1"],"picked":"SKIP","floor":60},{"not_picked":["Replay:LoomingThreat","DeusExMachina+1"],"picked":"Devotion","floor":66},{"not_picked":["Replay:ManipulateFuture+1","ThirdEye+1"],"picked":"Devotion","floor":66},{"not_picked":["Worship+1","Protect+1","DeceiveReality+1"],"picked":"SKIP","floor":67},{"not_picked":["LikeWater","Prostrate+1","Protect+1"],"picked":"SKIP","floor":71},{"not_picked":["Nirvana","WreathOfFlame+1","Prostrate+1"],"picked":"SKIP","floor":73},{"not_picked":["SignatureMove+1","MentalFortress+1","Conclude+1"],"picked":"SKIP","floor":76},{"not_picked":["infinitespire:SealOfDarkness+","infinitespire:Oblivion"],"picked":"infinitespire:Collect","floor":79},{"not_picked":["FlyingSleeves+1","Prostrate+1","Consecrate+1"],"picked":"SKIP","floor":80},{"not_picked":["ThirdEye+1","FollowUp+1","Evaluate+1"],"picked":"SKIP","floor":82},{"not_picked":["Replay:AtTheReady+1","BowlingBash+1","Consecrate+1"],"picked":"SKIP","floor":84},{"not_picked":["Replay:AllIn+1","Establishment"],"picked":"Brilliance+1","floor":86},{"not_picked":["EmptyFist+1","Crescendo+1","FlyingSleeves+1"],"picked":"SKIP","floor":88},{"not_picked":["Replay:DivineShield+1","BattleHymn","LikeWater"],"picked":"SKIP","floor":90},{"not_picked":["SashWhip+1","EmptyBody+1"],"picked":"Wish+1","floor":92},{"not_picked":["FlyingSleeves+1","Consecrate+1","Weave+1"],"picked":"SKIP","floor":93},{"not_picked":["FollowUp+1","Perseverance+1"],"picked":"Brilliance+1","floor":99},{"not_picked":["CarveReality+1","TalkToTheHand+1","Replay:AtTheReady+1"],"picked":"SKIP","floor":101},{"not_picked":["ReplayTheSpireMod:??????????????????????","ReplayTheSpireMod:Haul"],"picked":"infinitespire:UltimateForm","floor":103},{"not_picked":["Wish+1","Replay:AllIn+1"],"picked":"MasterReality","floor":105}],"player_experience":3755799,"relics_obtained":[{"floor":6,"key":"Bottled Flame"},{"floor":8,"key":"Mummified Hand"},{"floor":9,"key":"Replay:WaspNest"},{"floor":13,"key":"Replay:Mystery Machine"},{"floor":24,"key":"TeardropLocket"},{"floor":28,"key":"Replay:Bottled Steam"},{"floor":31,"key":"Replay:Bottled Eggs"},{"floor":33,"key":"infinitespire:PuzzleCube"},{"floor":39,"key":"Molten Egg 2"},{"floor":42,"key":"Replay:Baseball"},{"floor":45,"key":"Toxic Egg 2"},{"floor":46,"key":"Replay:Purple Gloves"},{"floor":50,"key":"HornCleat"},{"floor":56,"key":"Matryoshka"},{"floor":60,"key":"WingedGreaves"},{"floor":60,"key":"Lantern"},{"floor":62,"key":"Nunchaku"},{"floor":62,"key":"Replay:Bottled Flurry"},{"floor":64,"key":"Akabeko"},{"floor":64,"key":"Bag of Preparation"},{"floor":66,"key":"Bag of Marbles"},{"floor":66,"key":"conspire:GiftBox"},{"floor":74,"key":"Counterbalance"},{"floor":75,"key":"Necronomicon"},{"floor":76,"key":"Turnip"},{"floor":76,"key":"ReplayTheSpireMod:TigerMarble"},{"floor":79,"key":"Divine Protection"},{"floor":89,"key":"Pen Nib"},{"floor":93,"key":"conspire:TopHat"},{"floor":93,"key":"Gremlin Horn"},{"floor":98,"key":"Pet Ghost"},{"floor":102,"key":"infinitespire:BottledMercury"},{"floor":103,"key":"CaptainsWheel"}],"event_choices":[{"damage_healed":0,"gold_gain":0,"player_choice":"Forge","damage_taken":0,"max_hp_gain":0,"max_hp_loss":0,"event_name":"Accursed Blacksmith","floor":2,"gold_loss":0,"cards_upgraded":["Study"]},{"damage_healed":0,"gold_gain":0,"player_choice":"Ignored","damage_taken":0,"max_hp_gain":0,"max_hp_loss":0,"event_name":"Tomb of Lord Red Mask","floor":38,"gold_loss":0},{"cards_removed":["Ragnarok"],"damage_healed":0,"gold_gain":0,"player_choice":"Removed Attack","damage_taken":0,"max_hp_gain":0,"max_hp_loss":0,"event_name":"Falling","floor":48,"gold_loss":0},{"damage_healed":0,"gold_gain":0,"player_choice":"Take Damage","damage_taken":21,"relics_obtained":["Golden Idol"],"max_hp_gain":0,"max_hp_loss":0,"event_name":"Golden Idol","floor":58,"gold_loss":0},{"damage_healed":0,"gold_gain":0,"player_choice":"Obtained Book","damage_taken":16,"max_hp_gain":0,"max_hp_loss":0,"event_name":"Cursed Tome","floor":75,"gold_loss":0},{"cards_removed":["Vigilance"],"damage_healed":0,"gold_gain":0,"player_choice":"Gave Gold","damage_taken":0,"max_hp_gain":0,"max_hp_loss":0,"event_name":"Beggar","floor":77,"gold_loss":75},{"damage_healed":0,"gold_gain":0,"player_choice":"Ignored","damage_taken":0,"max_hp_gain":0,"max_hp_loss":0,"event_name":"Accursed Blacksmith","floor":94,"gold_loss":0}],"is_beta":false,"boss_relics":[{"not_picked":["Snecko Eye","Ectoplasm"],"picked":"Astrolabe"},{"not_picked":["Abe\u0027s Treasure","Runic Pyramid","conspire:SlowCooker"]},{"not_picked":["Replay:Wanted Poster","conspire:RoyalGoblet"],"picked":"Black Star"},{"not_picked":["Pandora\u0027s Box","ChewingGum","Snecko Eye"]},{"not_picked":["Velvet Choker","ReplayTheSpireMod:DimensionalGlitch"],"picked":"Tiny House"},{"not_picked":["Runic Dome","ReplayTheSpireMod:SealedPack","Calling Bell"]}],"items_purged_floors":[20,57],"is_endless":true,"potions_floor_spawned":[3,5,8,12,13,26,31,41,43,47,67,69,71,86,90,92,93,101,105],"ascension_level":12}}