{"host":"ryxkq7m36cv0y2ky","time":1612912781,"event":{"mods":["100% Spire Juice","BaseMod","Duelist Mod","Hubris","Marisa????????","Minty Spire (QoL Compilation)","Reliquary","Remilia??????","Replay The Spire","Spire Arcade","StSLib","The Cursed","The Disciple","The Marked","The Mystic","The Necromancer","The Runesmith","The Servant 0.9.4"],"gold_per_floor":[109,120,137,137,34,69,69,88,388,407,418,418,418],"floor_reached":12,"language":"ENG","playtime":359,"items_purged":[],"score":82,"play_id":"7fd1127c-454d-46c3-aa0d-7c4f36aca139","local_time":"20210210094941","is_ascension_mode":false,"campfire_choices":[{"data":"Summon_Lich","floor":7,"key":"SMITH"}],"circlet_count":0,"master_deck":["Strike_W","Strike_W","Strike_W","Strike_W","Defend_W","Defend_W","Defend_W","Negative_Energy_Arrows","Bone_Wall","Summon_Undead_Army","Bone_Shift","Summon_Lich+1","Blood_for_Blood+1","Blood_Whip","Death_Coil","Vampiric_Strike","Life_Tap","Negative_Energy_Mist"],"relics":["Vampire_Amulet","NeowsBlessing","reliquary:Aerogel","Old Coin"],"acts_visited":["Exordium"],"potions_floor_usage":[10,10],"damage_taken":[{"damage":0,"enemies":"Jaw Worm","floor":1,"turns":1},{"damage":0,"enemies":"Cultist","floor":2,"turns":1},{"damage":0,"enemies":"Small Slimes","floor":3,"turns":1},{"damage":40,"enemies":"Gremlin Nob","floor":6,"turns":5},{"damage":15,"enemies":"Blue Slaver","floor":8,"turns":5},{"damage":2,"enemies":"Exordium Wildlife","floor":10,"turns":3},{"damage":12,"enemies":"Red Slaver","floor":11,"turns":3},{"damage":21,"enemies":"Lagavulin","floor":12,"turns":3}],"seed_played":"6923202881158633739","potions_obtained":[{"floor":1,"key":"Weak Potion"},{"floor":6,"key":"Energy Potion"},{"floor":8,"key":"FearPotion"}],"is_trial":false,"path_per_floor":["M","M","M","?","$","E","R","M","T","M","M","E"],"character_chosen":"NECROMANCER","items_purchased":["Blood_for_Blood+1","Blood_Whip"],"campfire_rested":0,"item_purchase_floors":[5,5],"current_hp_per_floor":[75,75,75,75,75,37,37,24,24,28,18,0,0],"gold":418,"neow_bonus":"THREE_ENEMY_KILL","is_daily":false,"chose_seed":false,"campfire_upgraded":1,"win_rate":0.0,"timestamp":1612912781,"path_taken":["M","M","M","?","$","E","R","M","T","M","M","E"],"items_purchased_type":["Card","Card"],"build_version":"2020-12-22","purchased_purges":0,"victory":false,"max_hp_per_floor":[75,75,75,75,75,75,75,75,75,75,75,75,75],"card_choices":[{"not_picked":["Toxic_Smoke_Screen","Bone_Shift"],"picked":"Summon_Undead_Army","floor":1},{"not_picked":["Negative_Energy_Shield","Consume_Illness"],"picked":"Bone_Shift","floor":2},{"not_picked":["Negative_Energy_Bomb","Blood_Curse"],"picked":"Summon_Lich","floor":3},{"not_picked":["Negative_Energy_Shield","Blood_Shield"],"picked":"Death_Coil","floor":6},{"not_picked":["Detonate_Bones","Blood_Whip"],"picked":"Vampiric_Strike","floor":8},{"not_picked":["Death_Coil","Life_Drain"],"picked":"Life_Tap","floor":10},{"not_picked":["Negative_Energy_Bomb","Spectral_Armor"],"picked":"Negative_Energy_Mist","floor":11}],"player_experience":326412,"relics_obtained":[{"floor":6,"key":"reliquary:Aerogel"},{"floor":9,"key":"Old Coin"}],"event_choices":[{"cards_removed":["Defend_W"],"damage_healed":0,"gold_gain":0,"player_choice":"Offered Basic","damage_taken":0,"max_hp_gain":0,"max_hp_loss":0,"event_name":"Bonfire Elementals","floor":4,"gold_loss":0}],"is_beta":false,"boss_relics":[],"items_purged_floors":[],"is_endless":false,"potions_floor_spawned":[1,6,8],"killed_by":"Lagavulin","ascension_level":0}}