{"host":"y0i0tbisecj7yjyn","time":1612850597,"event":{"mods":["A Penny For Your Troubles","AlwaysNeverKeys","BaseMod","BetterRewards","Colored Map","Colored Powertips","Curses Come First","Displayed Cursed Tome","Keyboard Shortcuts","Minty Spire (QoL Compilation)","Random Character Button","Rare Cards Sparkle","Relic Sorter","StSLib","SuperFastMode","Transform Curses","Weighted Paths"],"gold_per_floor":[112,76,76,88,88,88,88,88,113,113,130,142,169,184,184,286,286,301,301,301],"floor_reached":19,"language":"ENG","playtime":1763,"items_purged":[],"score":192,"play_id":"4b4d5b44-5df6-4cb2-9457-ae7244c8bbc2","local_time":"20210209000317","is_ascension_mode":true,"campfire_choices":[{"floor":8,"key":"REST"},{"data":"Sunder","floor":10,"key":"SMITH"},{"floor":15,"key":"REST"}],"circlet_count":0,"master_deck":["Strike_B","Strike_B","Strike_B+1","Strike_B","Defend_B","Defend_B+1","Defend_B","Defend_B","Zap","Dualcast","Redo","Defragment","Sunder+1","Regret","Loop","Conserve Battery","Genetic Algorithm","Redo","Echo Form"],"relics":["Cracked Core","NeowsBlessing","Ginger","Matryoshka","Oddly Smooth Stone","Blood Vial","Turnip","Philosopher\u0027s Stone"],"acts_visited":["Exordium","TheCity"],"potions_floor_usage":[16,16,16,18],"damage_taken":[{"damage":0,"enemies":"Cultist","floor":1,"turns":1},{"damage":0,"enemies":"Jaw Worm","floor":4,"turns":1},{"damage":0,"enemies":"Small Slimes","floor":11,"turns":1},{"damage":1,"enemies":"2 Fungi Beasts","floor":12,"turns":2},{"damage":38,"enemies":"Gremlin Nob","floor":13,"turns":4},{"damage":10,"enemies":"Blue Slaver","floor":14,"turns":3},{"damage":20,"enemies":"The Guardian","floor":16,"turns":7},{"damage":31,"enemies":"2 Thieves","floor":18,"turns":4},{"damage":47,"enemies":"3 Byrds","floor":19,"turns":2}],"seed_played":"7552016833775026596","potions_obtained":[{"floor":4,"key":"FocusPotion"},{"floor":11,"key":"EssenceOfDarkness"},{"floor":14,"key":"PowerPotion"},{"floor":16,"key":"Block Potion"},{"floor":18,"key":"BlessingOfTheForge"}],"is_trial":false,"path_per_floor":["M","$","?","M","?","?","?","R","T","R","M","M","E","M","R","B",null,"M","M"],"character_chosen":"DEFECT","items_purchased":["Defragment"],"campfire_rested":2,"item_purchase_floors":[2],"current_hp_per_floor":[75,75,75,75,63,48,48,70,70,70,72,73,37,29,51,33,75,44,0,0],"gold":301,"neow_bonus":"THREE_ENEMY_KILL","is_daily":false,"chose_seed":false,"campfire_upgraded":1,"win_rate":0.0,"timestamp":1612850597,"path_taken":["M","$","?","M","?","?","?","R","T","R","M","?","E","M","R","BOSS","M","M"],"items_purchased_type":["Card"],"build_version":"2020-12-22","purchased_purges":0,"victory":false,"max_hp_per_floor":[75,75,75,75,75,75,75,75,75,75,75,75,75,75,75,75,75,75,75,75],"card_choices":[{"not_picked":["Conserve Battery","Double Energy"],"picked":"Redo","floor":1},{"not_picked":["Redo","Sweeping Beam"],"picked":"Sunder","floor":4},{"not_picked":["Reinforced Body","Steam"],"picked":"Loop","floor":11},{"not_picked":["Rebound","Sweeping Beam"],"picked":"Conserve Battery","floor":12},{"not_picked":["Coolheaded","Streamline"],"picked":"Genetic Algorithm","floor":13},{"not_picked":["Meteor Strike","Tempest"],"picked":"Redo","floor":14},{"not_picked":["Reboot","Seek"],"picked":"Echo Form","floor":16},{"not_picked":["Cold Snap","Beam Cell+1","Compile Driver+1"],"picked":"SKIP","floor":18}],"player_experience":397721,"relics_obtained":[{"floor":9,"key":"Oddly Smooth Stone"},{"floor":9,"key":"Blood Vial"},{"floor":13,"key":"Turnip"}],"event_choices":[{"damage_healed":0,"gold_gain":0,"player_choice":"Ignored","damage_taken":0,"max_hp_gain":0,"max_hp_loss":0,"event_name":"Golden Idol","floor":3,"gold_loss":0},{"damage_healed":0,"gold_gain":0,"player_choice":"Success","damage_taken":12,"relics_obtained":["Ginger"],"max_hp_gain":0,"max_hp_loss":0,"event_name":"Scrap Ooze","floor":5,"gold_loss":0},{"damage_healed":0,"gold_gain":0,"player_choice":"Entered Light","damage_taken":15,"max_hp_gain":0,"max_hp_loss":0,"event_name":"Shining Light","floor":6,"gold_loss":0,"cards_upgraded":["Strike_B","Defend_B"]},{"damage_healed":0,"gold_gain":0,"player_choice":"Box","damage_taken":0,"relics_obtained":["Matryoshka"],"max_hp_gain":0,"max_hp_loss":0,"event_name":"Big Fish","floor":7,"gold_loss":0,"cards_obtained":["Regret"]}],"is_beta":false,"boss_relics":[{"not_picked":["Astrolabe","Calling Bell"],"picked":"Philosopher\u0027s Stone"}],"items_purged_floors":[],"is_endless":false,"potions_floor_spawned":[4,11,14,16,18],"killed_by":"3 Byrds","ascension_level":3}}