{"host":"6pfj0wha12yu6wq3","time":1612887931,"event":{"mods":["AchievementEnabler","BaseMod","Colored Map","Colored Powertips","Curses Come First","DeckTracker","Minty Spire (QoL Compilation)","RNG Fix","Relic Sorter","Relic Stats","StSLib","UnlockEverythingMod","ojb\u0027s Better Paths Mod","ojb\u0027s Info Mod"],"gold_per_floor":[117,117,117,135,60,88,88,101,101,120,155,155,167,186,186,264,264,281,295,310,235,235,235,70,70,70],"floor_reached":25,"language":"ENG","playtime":1828,"items_purged":["Regret"],"score":476,"play_id":"f930c1d5-55f0-447a-979e-121bcc06958a","local_time":"20210209112531","is_ascension_mode":true,"campfire_choices":[{"data":"Neutralize","floor":7,"key":"SMITH"},{"data":"Quick Slash","floor":12,"key":"SMITH"},{"data":"Venomology","floor":15,"key":"SMITH"},{"data":"Blade Dance","floor":23,"key":"SMITH"}],"circlet_count":0,"master_deck":["AscendersBane","Strike_G","Strike_G","Strike_G","Strike_G","Defend_G","Defend_G","Defend_G","Defend_G","Survivor","Neutralize+1","Quick Slash+1","Slice","Infinite Blades","Endless Agony","Venomology+1","Calculated Gamble","Venomology","Calculated Gamble","Blade Dance+1","Wraith Form v2","Calculated Gamble","Reflex","Finisher","Leg Sweep"],"relics":["Ring of the Snake","InkBottle","NeowsBlessing","Lantern","Meat on the Bone","HoveringKite","Orrery"],"acts_visited":["Exordium","TheCity"],"potions_floor_usage":[11,16,18,18,18,19,20,20,25,25,25],"damage_taken":[{"damage":0,"enemies":"Small Slimes","floor":1,"turns":1},{"damage":0,"enemies":"2 Louse","floor":4,"turns":1},{"damage":0,"enemies":"Gremlin Nob","floor":6,"turns":1},{"damage":0,"enemies":"Jaw Worm","floor":8,"turns":3},{"damage":6,"enemies":"3 Louse","floor":10,"turns":6},{"damage":22,"enemies":"3 Sentries","floor":11,"turns":8},{"damage":16,"enemies":"Large Slime","floor":13,"turns":6},{"damage":3,"enemies":"Exordium Thugs","floor":14,"turns":5},{"damage":19,"enemies":"The Guardian","floor":16,"turns":11},{"damage":10,"enemies":"Shell Parasite","floor":18,"turns":5},{"damage":8,"enemies":"2 Thieves","floor":19,"turns":4},{"damage":28,"enemies":"Snake Plant","floor":20,"turns":6},{"damage":3,"enemies":"Slavers","floor":25,"turns":2}],"seed_played":"-4778583856827821917","potions_obtained":[{"floor":6,"key":"Block Potion"},{"floor":11,"key":"GhostInAJar"}],"is_trial":false,"path_per_floor":["M","?","?","M","$","E","R","M","T","M","E","R","M","M","R","B",null,"M","M","M","?","?","R","$","E"],"character_chosen":"THE_SILENT","items_purchased":["Orrery"],"campfire_rested":0,"item_purchase_floors":[24],"current_hp_per_floor":[59,52,52,52,52,52,52,52,52,46,24,24,20,29,29,22,55,45,37,21,21,3,3,3,0,0],"gold":70,"neow_bonus":"THREE_ENEMY_KILL","is_daily":false,"chose_seed":false,"campfire_upgraded":4,"win_rate":0.0,"timestamp":1612887931,"path_taken":["M","?","?","M","?","E","R","M","T","M","E","R","M","M","R","BOSS","M","M","M","?","?","R","$","E"],"items_purchased_type":["Relic"],"build_version":"2020-12-22","purchased_purges":1,"victory":false,"max_hp_per_floor":[66,66,66,66,66,66,66,66,66,66,66,66,66,66,66,66,66,66,66,66,66,71,71,71,71,71],"relic_stats":{"counters":[13,59],"HoveringKite":[10],"obtain_stats":[{"Lantern":6,"NeowsBlessing":0,"HoveringKite":17,"Orrery":24,"InkBottle":3,"Ring of the Snake":0,"Meat on the Bone":11},{"Lantern":3,"NeowsBlessing":0,"HoveringKite":9,"Orrery":12,"InkBottle":1,"Ring of the Snake":0,"Meat on the Bone":6},{"Lantern":3,"NeowsBlessing":0,"HoveringKite":42,"Orrery":57,"InkBottle":1,"Ring of the Snake":0,"Meat on the Bone":20}],"InkBottle":[26],"Ring of the Snake":[28],"Meat on the Bone":48},"card_choices":[{"not_picked":["Bane","PiercingWail"],"picked":"Quick Slash","floor":1},{"not_picked":["Deflect","All Out Attack"],"picked":"Slice","floor":4},{"not_picked":["Deadly Poison","Flechettes"],"picked":"Infinite Blades","floor":6},{"not_picked":["Dodge and Roll","Outmaneuver"],"picked":"Endless Agony","floor":8},{"not_picked":["Heel Hook","Flying Knee"],"picked":"Venomology","floor":10},{"not_picked":["Dagger Spray","Dagger Throw","Underhanded Strike"],"picked":"SKIP","floor":11},{"not_picked":["Underhanded Strike","Acrobatics"],"picked":"Calculated Gamble","floor":13},{"not_picked":["Masterful Stab","Acrobatics","Dagger Throw"],"picked":"SKIP","floor":14},{"not_picked":["Unload","Burst"],"picked":"Venomology","floor":16},{"not_picked":["Escape Plan","Acrobatics"],"picked":"Calculated Gamble","floor":18},{"not_picked":["Cloak And Dagger","Setup","Quick Slash"],"picked":"SKIP","floor":19},{"not_picked":["Slice","Expertise"],"picked":"Blade Dance","floor":20},{"not_picked":["Deadly Poison","Bouncing Flask"],"picked":"Wraith Form v2","floor":24},{"not_picked":["Slice","Endless Agony"],"picked":"Calculated Gamble","floor":24},{"not_picked":["Backflip","Blur+1"],"picked":"Reflex","floor":24},{"not_picked":["Slice","Escape Plan"],"picked":"Finisher","floor":24},{"not_picked":["Setup+1","Flechettes"],"picked":"Leg Sweep","floor":24}],"player_experience":702061,"relics_obtained":[{"floor":6,"key":"Lantern"},{"floor":11,"key":"Meat on the Bone"}],"event_choices":[{"cards_removed":["Defend_G"],"damage_healed":0,"gold_gain":0,"player_choice":"Card Removal","damage_taken":7,"max_hp_gain":0,"max_hp_loss":0,"event_name":"Golden Wing","floor":2,"gold_loss":0},{"damage_healed":0,"gold_gain":0,"player_choice":"Box","damage_taken":0,"relics_obtained":["InkBottle"],"max_hp_gain":0,"max_hp_loss":0,"event_name":"Big Fish","floor":3,"gold_loss":0,"cards_obtained":["Regret"]},{"cards_removed":["Strike_G"],"damage_healed":0,"gold_gain":0,"player_choice":"Gave Gold","damage_taken":0,"max_hp_gain":0,"max_hp_loss":0,"event_name":"Beggar","floor":21,"gold_loss":75},{"damage_healed":0,"gold_gain":0,"player_choice":"Shed Blood","damage_taken":23,"max_hp_gain":5,"max_hp_loss":0,"event_name":"Forgotten Altar","floor":22,"gold_loss":0}],"is_beta":false,"boss_relics":[{"not_picked":["Empty Cage","Velvet Choker"],"picked":"HoveringKite"}],"items_purged_floors":[5],"is_endless":false,"potions_floor_spawned":[6,11,13,14,19],"killed_by":"Slavers","ascension_level":20}}