{"host":"bg0cyinkrjnqf173","time":1612842078,"event":{"mods":["2.2 Compatiblity","Aspiration","BaseMod","Beaked The Cultist","Better Third Choice","BetterRewards","Colored Map","Conspire","Curses Come First","Defuse TimeMaze Blight","Displayed Cursed Tome","Googly Eyes","Halation","Hubris","Infinite Spire","Jedi Mod","Minty Spire (QoL Compilation)","Permanent Neow","Quick Restart","Rare Cards Sparkle","Relic Sorter","Reliquary","Replay The Spire","Shop Mod","Spicy Shops","Spikes Relics","StSLib","The Bladedancer","The Construct","The Valiant","Uncapped"],"gold_per_floor":[111,6,6,18,29,56,56,86,112,112,130,148,161,161,161,161,161],"floor_reached":16,"language":"ENG","playtime":786,"items_purged":[],"score":118,"play_id":"39213c82-c407-4ec7-b23e-7f41ad5f7b31","local_time":"20210208224118","is_ascension_mode":true,"campfire_choices":[{"data":"Spot Weakness","floor":7,"key":"SMITH"},{"data":"Invigoration","floor":10,"key":"SMITH"},{"floor":15,"key":"REST"}],"circlet_count":0,"master_deck":["Strike_R","Strike_R","Strike_R","Strike_R","Defend_R","Defend_R","Defend_R","Defend_R","Bash","Power Through","Dual Wield","Headbutt","Cleave","Spot Weakness+1","Pommel Strike","Invigoration+1"],"relics":["Burning Blood","reliquary:TuningFork","reliquary:RosewoodLute","reliquary:Sideboard","reliquary:Knoch"],"acts_visited":["Exordium"],"potions_floor_usage":[8,13],"damage_taken":[{"damage":2.0,"enemies":"Small Slimes","floor":1.0,"turns":4.0},{"damage":6.0,"enemies":"Cultist","floor":4.0,"turns":3.0},{"damage":0.0,"enemies":"2 Louse","floor":5.0,"turns":1.0},{"damage":7,"enemies":"Replay:BlueRogue","floor":6,"turns":5},{"damage":33,"enemies":"Gremlin Nob","floor":8,"turns":5},{"damage":6,"enemies":"2 Fungi Beasts","floor":11,"turns":3},{"damage":25,"enemies":"Large Slime","floor":12,"turns":6},{"damage":8,"enemies":"Exordium Wildlife","floor":13,"turns":4},{"damage":60,"enemies":"Slime Boss","floor":16,"turns":10}],"seed_played":"751283530045408354","potions_obtained":[{"floor":1.0,"key":"Languid Potion"},{"floor":6,"key":"construct:ShiftPotion"},{"floor":11,"key":"construct:ShiftPotion"},{"floor":12,"key":"GamblersBrew"},{"floor":13,"key":"SpeedPotion"}],"is_trial":false,"path_per_floor":["M","$","?","M","M","E","R","E","T","R","M","M","M","?","R","B"],"character_chosen":"IRONCLAD","items_purchased":["Dual Wield"],"campfire_rested":1,"item_purchase_floors":[2],"current_hp_per_floor":[80,80,80,80,80,79,79,52,52,52,52,33,31,31,55,0,0],"gold":161,"neow_bonus":"RANDOM_COMMON_RELIC","is_daily":false,"chose_seed":false,"campfire_upgraded":2,"win_rate":0.0,"timestamp":1612842078,"path_taken":["M","$","?","M","M","E","R","E","T","R","M","M","?","?","R","BOSS"],"items_purchased_type":["Card"],"build_version":"2020-12-22","purchased_purges":0,"victory":false,"max_hp_per_floor":[80,80,80,80,80,80,80,80,80,80,80,80,80,80,80,80,80],"card_choices":[{"not_picked":["Wild Strike","Life Link"],"picked":"Power Through","floor":1.0},{"not_picked":["hubris:ReadiedAction","Battle Trance"],"picked":"Cleave","floor":4.0},{"not_picked":["Ghostly Armor","Perfected Strike"],"picked":"Spot Weakness","floor":5.0},{"not_picked":["Metallicize","ReplayTheSpireMod:Strike From Hell"],"picked":"Pommel Strike","floor":6},{"not_picked":["Thunderclap","Sever Soul"],"picked":"Invigoration","floor":8},{"not_picked":["ReplayTheSpireMod:Strike From Hell","Warcry","Replay:Undeath\u0027s Touch"],"picked":"SKIP","floor":11},{"not_picked":["Abandon","jedi:suffering"],"picked":"Flex","floor":12},{"not_picked":["jedi:fear","Feel No Pain"],"picked":"Whirlwind","floor":13}],"player_experience":846201,"relics_obtained":[{"floor":6,"key":"reliquary:RosewoodLute"},{"floor":8,"key":"reliquary:Sideboard"},{"floor":9,"key":"reliquary:Knoch"}],"event_choices":[{"damage_healed":0.0,"max_hp_gain":0.0,"max_hp_loss":0.0,"gold_gain":0.0,"cards_transformed":["Strike_R"],"event_name":"Transmorgrifier","player_choice":"Transformed","floor":3.0,"gold_loss":0.0,"damage_taken":0.0,"cards_obtained":["Headbutt"]},{"damage_healed":0,"gold_gain":0,"player_choice":"Ignored","damage_taken":0,"max_hp_gain":0,"max_hp_loss":0,"event_name":"Golden Wing","floor":14,"gold_loss":0}],"is_beta":false,"boss_relics":[],"items_purged_floors":[],"is_endless":false,"potions_floor_spawned":[1,6,11,12,13],"killed_by":"Slime Boss","ascension_level":1}}