{"host":"vit9b6u76k1y61sh","time":1612891523,"event":{"mods":["BaseMod","Block Reminder","Colored Powertips","Highlight Path","Minty Spire (QoL Compilation)","Rare Cards Sparkle","Relic Sorter","Relic Stats","StSLib"],"gold_per_floor":[112,41,141,153,164,164,164,164,189,228,228,228,247,260,260,260,260],"floor_reached":16,"language":"ENG","playtime":596,"items_purged":[],"score":110,"play_id":"d623272f-bdc8-44bc-ab29-17a9de97e245","local_time":"20210209122523","is_ascension_mode":true,"campfire_choices":[{"data":"Infinite Blades","floor":6,"key":"SMITH"},{"data":"Neutralize","floor":8,"key":"SMITH"},{"data":"Distraction","floor":12,"key":"SMITH"},{"data":"Blade Dance","floor":15,"key":"SMITH"}],"circlet_count":0,"master_deck":["Strike_G","Strike_G","Strike_G","Strike_G","Defend_G+1","Defend_G","Defend_G","Defend_G+1","Defend_G","Survivor","Neutralize+1","Sucker Punch","Infinite Blades+1","Flying Knee","Slice","Distraction+1","Slice","Blade Dance+1"],"relics":["Ring of the Snake","NeowsBlessing","Golden Idol","War Paint"],"acts_visited":["Exordium"],"potions_floor_usage":[10,16,16],"damage_taken":[{"damage":0,"enemies":"Small Slimes","floor":1,"turns":1},{"damage":0,"enemies":"Cultist","floor":4,"turns":1},{"damage":0,"enemies":"Jaw Worm","floor":5,"turns":1},{"damage":21,"enemies":"Gremlin Nob","floor":10,"turns":5},{"damage":1,"enemies":"2 Fungi Beasts","floor":13,"turns":3},{"damage":16,"enemies":"Exordium Wildlife","floor":14,"turns":4},{"damage":9,"enemies":"The Guardian","floor":16,"turns":12}],"seed_played":"-581858494456443950","potions_obtained":[{"floor":4,"key":"LiquidBronze"},{"floor":5,"key":"ColorlessPotion"},{"floor":14,"key":"CunningPotion"}],"is_trial":false,"path_per_floor":["M","$","?","M","M","R","?","R","T","E","?","R","M","M","R","B"],"character_chosen":"THE_SILENT","items_purchased":["Infinite Blades"],"campfire_rested":0,"item_purchase_floors":[2],"current_hp_per_floor":[70,70,70,70,70,70,53,53,53,32,32,32,31,15,15,6,6],"gold":260,"neow_bonus":"THREE_ENEMY_KILL","is_daily":false,"chose_seed":false,"campfire_upgraded":4,"win_rate":0.0,"timestamp":1612891523,"path_taken":["M","$","?","?","M","R","?","R","T","E","?","R","M","M","R","BOSS"],"items_purchased_type":["Card"],"build_version":"2020-12-22","purchased_purges":0,"victory":false,"max_hp_per_floor":[70,70,70,70,70,70,70,70,70,70,70,70,70,70,70,70,70],"relic_stats":{"counters":[7,27],"Golden Idol":15,"War Paint":["Defend_G","Defend_G"],"obtain_stats":[{"NeowsBlessing":0,"Golden Idol":7,"War Paint":10,"Ring of the Snake":0},{"NeowsBlessing":0,"Golden Idol":3,"War Paint":4,"Ring of the Snake":0},{"NeowsBlessing":0,"Golden Idol":3,"War Paint":8,"Ring of the Snake":0}],"Ring of the Snake":[14]},"card_choices":[{"not_picked":["Expertise","Predator"],"picked":"Sucker Punch","floor":1},{"not_picked":["Crippling Poison","Riddle With Holes"],"picked":"Flying Knee","floor":4},{"not_picked":["Footwork","Heel Hook"],"picked":"Slice","floor":5},{"not_picked":["PiercingWail","Heel Hook"],"picked":"Distraction","floor":10},{"not_picked":["Skewer","Dodge and Roll"],"picked":"Slice","floor":13},{"not_picked":["Dagger Throw","Masterful Stab"],"picked":"Blade Dance","floor":14}],"player_experience":161580,"relics_obtained":[{"floor":10,"key":"War Paint"}],"event_choices":[{"damage_healed":0,"gold_gain":100,"player_choice":"Pray","damage_taken":0,"max_hp_gain":0,"max_hp_loss":0,"event_name":"Golden Shrine","floor":3,"gold_loss":0},{"damage_healed":0,"gold_gain":0,"player_choice":"Take Damage","damage_taken":17,"relics_obtained":["Golden Idol"],"max_hp_gain":0,"max_hp_loss":0,"event_name":"Golden Idol","floor":7,"gold_loss":0},{"cards_removed":["Strike_G"],"damage_healed":0,"gold_gain":0,"player_choice":"Forget","damage_taken":0,"max_hp_gain":0,"max_hp_loss":0,"event_name":"Living Wall","floor":11,"gold_loss":0}],"is_beta":false,"boss_relics":[],"items_purged_floors":[],"is_endless":false,"potions_floor_spawned":[4,5,14],"killed_by":"The Guardian","ascension_level":2}}