{"host":"yans4pr1zf0lm9bx","time":1612896653,"event":{"mods":["AchievementEnabler","Act Like it!","BaseMod","Hallownest","Minty Spire (QoL Compilation)","Replay The Spire","StSLib","SuperFastMode","The Bug Knight"],"gold_per_floor":[111,130,142,14,24,24,49,49,49,49,49],"floor_reached":10,"language":"ENG","playtime":593,"items_purged":["HollowMod:NailStrikeStart"],"score":78,"play_id":"e4d465be-65d0-4b47-87c8-d48878f90d44","local_time":"20210209135053","is_ascension_mode":true,"campfire_choices":[{"data":"HollowMod:HerrahsAnger","floor":6,"key":"SMITH"},{"data":"HollowMod:MonarchWings","floor":8,"key":"SMITH"}],"circlet_count":0,"master_deck":["HollowMod:NailStrikeStart","HollowMod:NailStrikeStart","HollowMod:NailStrikeStart","HollowMod:QuickDashStart","HollowMod:QuickDashStart","HollowMod:QuickDashStart","HollowMod:QuickDashStart","HollowMod:FocusHealStart","HollowMod:PogoStrike","HollowMod:HerrahsAnger+1","HollowMod:MonarchWings+1","HollowMod:CloakDash","HollowMod:CloakDash","HollowMod:ShapeofUnn","HollowMod:HowlingWraiths"],"relics":["HollowMod:VesselMask","Anchor"],"acts_visited":["Exordium"],"potions_floor_usage":[7,10],"damage_taken":[{"damage":4,"enemies":"Cultist","floor":1,"turns":5},{"damage":1,"enemies":"2 Louse","floor":2,"turns":4},{"damage":4,"enemies":"Small Slimes","floor":3,"turns":6},{"damage":6,"enemies":"2 Fungi Beasts","floor":5,"turns":6},{"damage":31,"enemies":"Lagavulin","floor":7,"turns":8},{"damage":77,"enemies":"Gremlin Nob","floor":10,"turns":5}],"seed_played":"-8532162347978734430","potions_obtained":[{"floor":1,"key":"SneckoOil"},{"floor":2,"key":"DistilledChaos"},{"floor":3,"key":"Strength Potion"}],"is_trial":false,"path_per_floor":["M","M","M","$","M","R","E","R","T","E"],"character_chosen":"THE_BUGKNIGHT","items_purchased":["HollowMod:CloakDash"],"campfire_rested":0,"item_purchase_floors":[4],"current_hp_per_floor":[56,61,69,69,73,73,48,48,48,0,0],"gold":49,"neow_bonus":"THREE_RARE_CARDS","is_daily":false,"chose_seed":false,"campfire_upgraded":2,"win_rate":0.0,"timestamp":1612896653,"path_taken":["M","?","M","$","M","R","E","R","T","E"],"items_purchased_type":["Card"],"build_version":"2020-12-22","purchased_purges":1,"victory":false,"max_hp_per_floor":[75,75,75,75,75,75,75,75,75,75,75],"card_choices":[{"not_picked":["HollowMod:theNailsmith","HollowMod:PureVessel"],"picked":"HollowMod:HerrahsAnger","floor":0},{"not_picked":["HollowMod:HeavyBlow","HollowMod:SoulStrike"],"picked":"HollowMod:MonarchWings","floor":1},{"not_picked":["HollowMod:PerfectDash","HollowMod:PureNailStrike"],"picked":"HollowMod:CloakDash","floor":2},{"not_picked":["HollowMod:ShadowDash","HollowMod:TaintedHusks","HollowMod:InfectedCysts"],"picked":"SKIP","floor":3},{"not_picked":["HollowMod:DashSlash","HollowMod:FallenFury"],"picked":"HollowMod:ShapeofUnn","floor":5},{"not_picked":["HollowMod:SiblingsSouls","HollowMod:FastStrike"],"picked":"HollowMod:HowlingWraiths","floor":7}],"player_experience":297052,"relics_obtained":[{"floor":7,"key":"Anchor"}],"event_choices":[],"is_beta":false,"boss_relics":[],"items_purged_floors":[4],"is_endless":false,"potions_floor_spawned":[1,2,3],"killed_by":"Gremlin Nob","ascension_level":3}}