{"host":"1mv6gj0zv8k9e9tz","time":1612844346,"event":{"mods":["AchievementEnabler","BaseMod","Better Third Choice","Colored Map","DeckTracker","Highlight Path","KOR Keyword Fix","Keyboard Shortcuts","Minty Spire (QoL Compilation)","Permanent Neow","Quick Restart","Rare Cards Sparkle","StSLib","SuperFastMode","everything is the same but u backflip on backflip"],"gold_per_floor":[18,30,46,63,76,107,122,122,122,122,47,57,69,80,80,153,153,170,147,147,163,63,113,113,124,124,124,159,159,8,18,18,92,92,104,104,114,114,124,124,140,140,140,140,170,170,170,219,219,219,219],"floor_reached":50,"language":"KOR","playtime":1758,"items_purged":["Strike_B","Strike_B","Defend_B"],"score":942,"play_id":"5dd67d82-cdc2-4e40-8992-97bb0683d0d3","local_time":"20210209131906","is_ascension_mode":true,"campfire_choices":[{"data":"Zap","floor":8.0,"key":"SMITH"},{"data":"Dualcast","floor":10.0,"key":"SMITH"},{"data":"Scrape","floor":15.0,"key":"SMITH"},{"data":"Go for the Eyes","floor":24.0,"key":"SMITH"},{"floor":27.0,"key":"REST"},{"data":"FTL","floor":29.0,"key":"SMITH"},{"floor":32.0,"key":"REST"},{"data":"Defragment","floor":40,"key":"SMITH"},{"data":"Glacier","floor":42,"key":"SMITH"},{"floor":46,"key":"REST"},{"floor":49,"key":"RECALL"}],"circlet_count":0,"master_deck":["AscendersBane","Defend_B","Defend_B","Defend_B","Zap+1","Dualcast+1","All For One","Sweeping Beam","Gash","Glacier+1","Steam","Gash","Rebound","Scrape+1","All For One","Go for the Eyes+1","White Noise","BootSequence","FTL+1","Steam","Auto Shields","Trip","Defragment+1","Conserve Battery","Coolheaded"],"relics":["Cracked Core","MealTicket","Kunai","Empty Cage","Dream Catcher","Philosopher\u0027s Stone","Eternal Feather","StrikeDummy","Bag of Preparation","Blood Vial"],"acts_visited":["Exordium","TheCity","TheBeyond"],"potions_floor_usage":[41],"damage_taken":[{"damage":6.0,"enemies":"2 Louse","floor":1.0,"turns":2.0},{"damage":1.0,"enemies":"Cultist","floor":2.0,"turns":3.0},{"damage":4.0,"enemies":"Jaw Worm","floor":3.0,"turns":4.0},{"damage":11.0,"enemies":"Blue Slaver","floor":4.0,"turns":4.0},{"damage":7.0,"enemies":"Looter","floor":5.0,"turns":3.0},{"damage":20.0,"enemies":"Lagavulin","floor":6.0,"turns":7.0},{"damage":7.0,"enemies":"Exordium Thugs","floor":7.0,"turns":5.0},{"damage":0.0,"enemies":"3 Louse","floor":12.0,"turns":4.0},{"damage":0.0,"enemies":"Large Slime","floor":13.0,"turns":3.0},{"damage":1.0,"enemies":"Looter","floor":14.0,"turns":3.0},{"damage":16.0,"enemies":"Slime Boss","floor":16.0,"turns":9.0},{"damage":19.0,"enemies":"Shell Parasite","floor":18.0,"turns":3.0},{"damage":5.0,"enemies":"2 Thieves","floor":19.0,"turns":4.0},{"damage":23.0,"enemies":"Snake Plant","floor":21.0,"turns":6.0},{"damage":3.0,"enemies":"Snecko","floor":25.0,"turns":9.0},{"damage":17.0,"enemies":"Book of Stabbing","floor":28.0,"turns":4.0},{"damage":17.0,"enemies":"Sentry and Sphere","floor":31.0,"turns":6.0},{"damage":9.0,"enemies":"Champ","floor":33.0,"turns":10.0},{"damage":0,"enemies":"3 Darklings","floor":35,"turns":4},{"damage":10,"enemies":"3 Shapes","floor":37,"turns":6},{"damage":11,"enemies":"Sphere and 2 Shapes","floor":39,"turns":6},{"damage":0,"enemies":"Writhing Mass","floor":41,"turns":5},{"damage":38,"enemies":"Nemesis","floor":45,"turns":11},{"damage":80,"enemies":"Time Eater","floor":50,"turns":6}],"seed_played":"-5444881718556392487","potions_obtained":[{"floor":2.0,"key":"DuplicationPotion"},{"floor":4.0,"key":"EssenceOfDarkness"},{"floor":12.0,"key":"FocusPotion"},{"floor":14.0,"key":"PowerPotion"},{"floor":16.0,"key":"ColorlessPotion"},{"floor":18.0,"key":"Strength Potion"},{"floor":19.0,"key":"Explosive Potion"},{"floor":39,"key":"Block Potion"}],"is_trial":false,"path_per_floor":["M","M","M","M","M","E","M","R","T","R","$","M","M","M","R","B",null,"M","M","?","M","$","?","R","M","T","R","E","R","$","M","R","B",null,"M","?","M","?","M","R","M","R","T","T","E","R","?","T","R","B"],"character_chosen":"DEFECT","items_purchased":["Steam"],"campfire_rested":3,"item_purchase_floors":[30],"current_hp_per_floor":[58,57,53,42,35,15,8,8,8,8,23,23,23,22,22,6,55,36,31,31,8,23,23,23,20,20,41,24,24,39,22,43,34,62,62,81,71,71,60,60,60,60,60,60,22,58,58,58,73,0,0],"gold":219,"neow_bonus":"THREE_RARE_CARDS","is_daily":false,"chose_seed":false,"campfire_upgraded":7,"win_rate":0.0,"timestamp":1612844346,"path_taken":["M","M","M","M","M","E","M","R","T","R","$","M","M","M","R","BOSS","M","M","?","?","$","?","R","M","T","R","E","R","?","M","R","BOSS","M","?","?","?","M","R","M","R","T","?","E","R","?","?","R","BOSS"],"items_purchased_type":["Card"],"build_version":"2020-12-22","purchased_purges":3,"victory":false,"max_hp_per_floor":[71,71,71,71,71,71,71,71,71,71,71,71,71,71,71,71,71,71,71,71,71,71,71,71,71,71,71,71,71,71,71,71,71,71,71,81,81,81,81,81,81,81,81,81,81,81,81,81,81,81,81],"card_choices":[{"not_picked":["Fission","Amplify"],"picked":"All For One","floor":0.0},{"not_picked":["Redo","Coolheaded"],"picked":"Sweeping Beam","floor":1.0},{"not_picked":["Hello World","Chaos","Sweeping Beam"],"picked":"SKIP","floor":2.0},{"not_picked":["Barrage","Auto Shields"],"picked":"Gash","floor":3.0},{"not_picked":["BootSequence","Storm"],"picked":"Glacier","floor":4.0},{"not_picked":["Undo","Ball Lightning","Cold Snap"],"picked":"SKIP","floor":5.0},{"not_picked":["Lockon","Fusion"],"picked":"Steam","floor":6.0},{"not_picked":["Coolheaded","Barrage"],"picked":"Gash","floor":7.0},{"not_picked":["Stack","Loop"],"picked":"Rebound","floor":12.0},{"not_picked":["Compile Driver","Rebound"],"picked":"Scrape","floor":13.0},{"not_picked":["Scrape","Ball Lightning","Storm"],"picked":"SKIP","floor":14.0},{"not_picked":["Amplify","Hyperbeam"],"picked":"All For One","floor":16.0},{"not_picked":["Compile Driver","Beam Cell"],"picked":"Go for the Eyes","floor":18.0},{"not_picked":["Stack","Barrage","Steam Power"],"picked":"SKIP","floor":19.0},{"not_picked":["Tempest","Storm"],"picked":"White Noise","floor":21.0},{"not_picked":["Turbo","Sweeping Beam+1"],"picked":"BootSequence","floor":25.0},{"not_picked":["Rebound","Gash"],"picked":"FTL","floor":28.0},{"not_picked":["Undo","Meteor Strike"],"picked":"Auto Shields","floor":31.0},{"not_picked":["Creative AI","Core Surge"],"picked":"All For One","floor":33.0},{"not_picked":["Ball Lightning+1","Go for the Eyes","Gash"],"picked":"SKIP","floor":35},{"not_picked":["Compile Driver","Storm","Beam Cell"],"picked":"SKIP","floor":37},{"not_picked":["Sadistic Nature","Magnetism"],"picked":"Trip","floor":38},{"not_picked":["Steam","Tempest"],"picked":"Defragment","floor":39},{"not_picked":["Blizzard","Gash"],"picked":"Conserve Battery","floor":41},{"not_picked":["Redo","Barrage","Loop"],"picked":"SKIP","floor":45},{"not_picked":["Stack","Machine Learning"],"picked":"Coolheaded","floor":46}],"player_experience":636824,"relics_obtained":[{"floor":6.0,"key":"MealTicket"},{"floor":9.0,"key":"Kunai"},{"floor":28.0,"key":"Dream Catcher"},{"floor":43,"key":"Eternal Feather"},{"floor":44,"key":"StrikeDummy"},{"floor":45,"key":"Bag of Preparation"},{"floor":48,"key":"Blood Vial"}],"event_choices":[{"damage_healed":0.0,"max_hp_gain":0.0,"max_hp_loss":0.0,"gold_gain":0.0,"event_name":"Lab","player_choice":"Got Potions","floor":20.0,"gold_loss":0.0,"damage_taken":0.0},{"damage_healed":0.0,"max_hp_gain":0.0,"max_hp_loss":0.0,"gold_gain":100.0,"event_name":"The Joust","player_choice":"Bet on Murderer","floor":23.0,"gold_loss":50.0,"damage_taken":0.0},{"cards_removed":["All For One"],"damage_healed":9,"gold_gain":0,"player_choice":"Offered Rare","damage_taken":0,"max_hp_gain":10,"max_hp_loss":0,"event_name":"Bonfire Elementals","floor":36,"gold_loss":0},{"damage_healed":0,"gold_gain":0,"player_choice":"Memory 1","damage_taken":0,"max_hp_gain":0,"max_hp_loss":0,"event_name":"SensoryStone","floor":38,"gold_loss":0},{"damage_healed":0,"gold_gain":0,"player_choice":"Ignored","damage_taken":0,"max_hp_gain":0,"max_hp_loss":0,"event_name":"Tomb of Lord Red Mask","floor":47,"gold_loss":0}],"is_beta":false,"boss_relics":[{"not_picked":["Black Star","Velvet Choker"],"picked":"Empty Cage"},{"not_picked":["Runic Dome","Tiny House"],"picked":"Philosopher\u0027s Stone"}],"items_purged_floors":[11,22,30],"is_endless":false,"potions_floor_spawned":[2,4,12,14,16,18,19,39],"killed_by":"Time Eater","ascension_level":18}}