{"host":"nwtxriuk34b069je","time":1612836733,"event":{"mods":["AchievementEnabler","BaseMod","Better Skull","Colored Map","Colored Powertips","Hermit","Minty Spire (QoL Compilation)","Relic Stats","StSLib"],"gold_per_floor":[110,185,185,36,53,53,78,78,78,78,89,106,120,140,140,140,140],"floor_reached":16,"language":"ENG","playtime":374,"items_purged":["Defend_R"],"score":152,"play_id":"2241155f-1ff5-40b6-935a-a1be65bd8da4","local_time":"20210208201213","daily_mods":["DeadlyEvents"],"is_ascension_mode":false,"campfire_choices":[{"data":"Heavy Blade","floor":6,"key":"SMITH"},{"floor":8,"key":"REST"},{"floor":10,"key":"REST"},{"floor":15,"key":"REST"}],"circlet_count":0,"master_deck":["Strike_R","Strike_R","Strike_R","Strike_R","Strike_R","Defend_R","Defend_R","Defend_R","Bash","Pummel","Flex","Heavy Blade+1","Armaments","Iron Wave"],"relics":["Unceasing Top","Blue Candle","StrikeDummy"],"acts_visited":["Exordium"],"potions_floor_usage":[7,13],"damage_taken":[{"damage":12,"enemies":"Small Slimes","floor":1,"turns":3},{"damage":1,"enemies":"2 Louse","floor":5,"turns":2},{"damage":46,"enemies":"Gremlin Nob","floor":7,"turns":5},{"damage":11,"enemies":"Jaw Worm","floor":11,"turns":2},{"damage":10,"enemies":"Looter","floor":12,"turns":2},{"damage":17,"enemies":"Exordium Thugs","floor":13,"turns":5},{"damage":16,"enemies":"2 Fungi Beasts","floor":14,"turns":3},{"damage":48,"enemies":"The Guardian","floor":16,"turns":6}],"seed_played":"-2312295295464279520","potions_obtained":[{"floor":1,"key":"GamblersBrew"},{"floor":7,"key":"Fruit Juice"},{"floor":11,"key":"GamblersBrew"},{"floor":12,"key":"Explosive Potion"}],"is_trial":true,"path_per_floor":["M","?","?","$","M","R","E","R","T","R","M","M","M","M","R","B"],"character_chosen":"IRONCLAD","items_purchased":["Flex","Heavy Blade"],"campfire_rested":3,"item_purchase_floors":[4,4],"current_hp_per_floor":[68,57,62,62,61,61,20,47,47,74,63,53,36,20,47,0,0],"gold":140,"neow_bonus":"","is_daily":false,"chose_seed":false,"campfire_upgraded":1,"win_rate":0.0,"timestamp":1612836733,"path_taken":["M","?","?","?","M","R","E","R","T","R","M","M","M","?","R","BOSS"],"items_purchased_type":["Card","Card"],"build_version":"2020-12-22","purchased_purges":1,"victory":false,"max_hp_per_floor":[80,80,85,85,85,85,90,90,90,90,90,90,90,90,90,90,90],"relic_stats":{"counters":[8,28],"Blue Candle":[0],"obtain_stats":[{"Blue Candle":7,"StrikeDummy":9,"Unceasing Top":0},{"Blue Candle":3,"StrikeDummy":3,"Unceasing Top":0},{"Blue Candle":10,"StrikeDummy":10,"Unceasing Top":0}],"Unceasing Top":[0]},"card_choices":[{"not_picked":["Anger","Twin Strike"],"picked":"Pummel","floor":1},{"not_picked":["Metallicize","Warcry","Perfected Strike"],"picked":"SKIP","floor":5},{"not_picked":["Second Wind","Ghostly Armor","True Grit"],"picked":"SKIP","floor":7},{"not_picked":["Fire Breathing","Burning Pact"],"picked":"Armaments","floor":11},{"not_picked":["Anger","Headbutt"],"picked":"Iron Wave","floor":12},{"not_picked":["Perfected Strike","Feel No Pain","Wild Strike"],"picked":"SKIP","floor":13},{"not_picked":["Disarm","Wild Strike","Sever Soul"],"picked":"SKIP","floor":14}],"player_experience":530623,"relics_obtained":[{"floor":7,"key":"Blue Candle"},{"floor":9,"key":"StrikeDummy"}],"event_choices":[{"damage_healed":0,"gold_gain":75,"player_choice":"Gather Gold","damage_taken":11,"max_hp_gain":0,"max_hp_loss":0,"event_name":"World of Goop","floor":2,"gold_loss":0},{"damage_healed":0,"gold_gain":0,"player_choice":"Donut","damage_taken":0,"max_hp_gain":5,"max_hp_loss":0,"event_name":"Big Fish","floor":3,"gold_loss":0}],"is_beta":false,"boss_relics":[],"items_purged_floors":[4],"is_endless":true,"potions_floor_spawned":[1,7,11,12],"killed_by":"The Guardian","ascension_level":0}}