{"host":"8c7ixdz8x9d2d2wv","time":1612889341,"event":{"mods":["AYAYA","BaseMod","Better Altar","Better Sensory Stone","Better Third Choice","Better-Laid Plans","BetterRewards","Card Forge","Colored Map","Colored Powertips","Curses Come First","Dark Map","Defuse TimeMaze Blight","Emptier Cage","Highlight Path","Minty Spire (QoL Compilation)","Quick Restart","Rare Cards Sparkle","Relic Sorter","Remove Card Discount Mod","Reorder Act Four","Shop Mod","StSLib","Transform Curses","Uncapped","everything is the same but u backflip on backflip"],"gold_per_floor":[116,116,116,34,34,72,37,114,114,130,153,153,186,34,34,163,163,181,201,300,324,347,347,388,388,440,440,465,151,176,210,210,335,335,359,359,131,131,31,64,64,120,169,192,192,206,539,556,556,556,556,407,407,432,432],"floor_reached":56,"language":"ENG","playtime":3015,"items_purged":["Strike_G","Survivor","Defend_G","Injury","Strike_G","Strike_G","Defend_G","Defend_G","Dagger Spray+1"],"score":1724,"play_id":"c73ce216-c32f-48dc-9698-6ce740d8c813","local_time":"20210209174901","is_ascension_mode":false,"campfire_choices":[{"data":"Cloak And Dagger","floor":12,"key":"SMITH"},{"floor":15,"key":"RECALL"},{"data":"Footwork","floor":23,"key":"SMITH"},{"floor":27,"key":"REST"},{"data":"After Image","floor":32,"key":"SMITH"},{"data":"After Image","floor":41,"key":"SMITH"},{"data":"Madness","floor":49,"key":"SMITH"},{"data":"Madness","floor":53,"key":"SMITH"}],"circlet_count":0,"master_deck":["Neutralize+1","Noxious Fumes+1","Footwork+1","Cloak And Dagger+1","Deflect+1","Caltrops+1","Cloak And Dagger+1","Footwork+1","Deflect+1","After Image+1","After Image+1","Neutralize+1","Burst+1","Madness+1","Madness+1","Catalyst+1","Catalyst+1"],"relics":["Ring of the Snake","Anvil of the Gods","Hammer of Thor","Seething Fire","MerchantsRug","Thread and Needle","Letter Opener","Mummified Hand","Mercury Hourglass","Shuriken","Runic Pyramid","Matryoshka","MutagenicStrength","Juzu Bracelet","Whetstone","Blood Vial","Red Mask","SlaversCollar","Anchor","PreservedInsect","Peace Pipe","Omamori","Dream Catcher","Strawberry","Bronze Scales","Calipers"],"acts_visited":["Exordium","TheCity","TheBeyond","TheEnding"],"potions_floor_usage":[6,13,21,40,40,40,42,54],"damage_taken":[{"damage":0,"enemies":"2 Louse","floor":1,"turns":3},{"damage":5,"enemies":"Gremlin Nob","floor":6,"turns":5},{"damage":0,"enemies":"Small Slimes","floor":10,"turns":2},{"damage":0,"enemies":"Cultist","floor":11,"turns":3},{"damage":0,"enemies":"Lagavulin","floor":13,"turns":5},{"damage":0,"enemies":"Hexaghost","floor":16,"turns":6},{"damage":0,"enemies":"Shell Parasite","floor":18,"turns":3},{"damage":0,"enemies":"Spheric Guardian","floor":19,"turns":3},{"damage":0,"enemies":"Snecko","floor":21,"turns":6},{"damage":0,"enemies":"Snake Plant","floor":22,"turns":4},{"damage":0,"enemies":"Slavers","floor":24,"turns":4},{"damage":0,"enemies":"Cultist and Chosen","floor":28,"turns":3},{"damage":0,"enemies":"Centurion and Healer","floor":30,"turns":4},{"damage":0,"enemies":"Masked Bandits","floor":31,"turns":3},{"damage":0,"enemies":"Champ","floor":33,"turns":8},{"damage":0,"enemies":"3 Darklings","floor":35,"turns":4},{"damage":0,"enemies":"Reptomancer","floor":40,"turns":7},{"damage":25,"enemies":"2 Orb Walkers","floor":42,"turns":6},{"damage":1,"enemies":"3 Shapes","floor":46,"turns":5},{"damage":0,"enemies":"Transient","floor":48,"turns":5},{"damage":1,"enemies":"Donu and Deca","floor":50,"turns":10},{"damage":0,"enemies":"Shield and Spear","floor":54,"turns":5},{"damage":23,"enemies":"The Heart","floor":55,"turns":5}],"seed_played":"3348265745644818772","potions_obtained":[{"floor":1,"key":"Weak Potion"},{"floor":11,"key":"Dexterity Potion"},{"floor":13,"key":"EssenceOfSteel"},{"floor":21,"key":"SmokeBomb"},{"floor":22,"key":"Block Potion"},{"floor":28,"key":"Explosive Potion"},{"floor":33,"key":"Block Potion"},{"floor":40,"key":"Regen Potion"},{"floor":42,"key":"SteroidPotion"}],"is_trial":false,"path_per_floor":["M","?","?","$","?","E","?","T","T","M","M","R","E","$","R","B",null,"M","M","?","M","M","R","E","?","T","R","M","$","M","?","R","B",null,"M","?","$","?","$","E","R","?","T","T","?","M","?","M","R","B",null,"$","R","E","B",null],"character_chosen":"THE_SILENT","items_purchased":["MerchantsRug","Frozen Egg 2","Letter Opener","Noxious Fumes+1","Lantern","Footwork+1","Backflip","Shuriken","Caltrops+1","Blood Vial","Boot","DollysMirror","Burst","Anchor","Bronze Scales"],"campfire_rested":1,"item_purchase_floors":[0,0,0,0,0,4,4,14,14,29,29,37,37,39,52],"current_hp_per_floor":[28,14,14,14,14,9,26,26,26,26,26,26,26,26,26,26,70,70,70,70,70,70,70,70,70,70,70,70,70,70,70,70,70,70,70,70,70,70,70,70,70,57,57,64,54,55,55,57,57,58,77,77,77,77,54],"gold":432,"neow_bonus":"","is_daily":false,"chose_seed":false,"campfire_upgraded":6,"win_rate":0.0,"timestamp":1612889341,"path_taken":["M","?","?","$","?","E","?","?","T","M","M","R","E","$","R","BOSS","M","?","?","M","M","R","E","?","T","R","M","$","M","?","R","BOSS","M","?","$","?","$","E","R","?","T","?","?","M","?","M","R","BOSS","$","R","E","BOSS"],"items_purchased_type":["Relic","Relic","Relic","Card","Relic","Card","Card","Relic","Card","Relic","Relic","Relic","Card","Relic","Relic"],"build_version":"2020-12-22","purchased_purges":9,"victory":true,"max_hp_per_floor":[70,70,70,70,70,70,70,70,70,70,70,70,70,70,70,70,70,70,70,70,70,70,70,70,70,70,70,70,70,70,70,70,70,70,70,70,70,70,70,70,70,70,70,77,77,77,77,77,77,77,77,77,77,77,77],"card_choices":[{"not_picked":["Prepared","PiercingWail"],"picked":"Dagger Spray","floor":1},{"not_picked":["Blind","Magnetism+1"],"picked":"Flash of Steel","floor":5},{"not_picked":["Bane","Underhanded Strike","Infinite Blades+1"],"picked":"SKIP","floor":6},{"not_picked":["Dagger Spray","Phantasmal Killer","Masterful Stab"],"picked":"SKIP","floor":10},{"not_picked":["Backflip","Poisoned Stab"],"picked":"Cloak And Dagger","floor":11},{"not_picked":["Escape Plan","Expertise"],"picked":"Deflect","floor":13},{"not_picked":["Escape Plan","Skewer+1"],"picked":"Cloak And Dagger+1","floor":18},{"not_picked":["Blade Dance","Prepared+1","Tactician"],"picked":"SKIP","floor":19},{"not_picked":["Tactician","PiercingWail"],"picked":"Footwork","floor":21},{"not_picked":["Outmaneuver","Prepared+1"],"picked":"Deflect+1","floor":22},{"not_picked":["Sucker Punch","Outmaneuver","Dagger Spray"],"picked":"SKIP","floor":24},{"not_picked":["Deflect","Acrobatics"],"picked":"After Image","floor":28},{"not_picked":["Flying Knee","Deflect","Heel Hook"],"picked":"SKIP","floor":30},{"not_picked":["Phantasmal Killer","Wraith Form v2"],"picked":"After Image","floor":33},{"not_picked":["Dagger Throw","Deadly Poison+1","Setup"],"picked":"SKIP","floor":35},{"not_picked":["Die Die Die","Choke","Outmaneuver"],"picked":"SKIP","floor":40},{"not_picked":["Dodge and Roll+1","Quick Slash","Deadly Poison"],"picked":"SKIP","floor":46},{"not_picked":["Deadly Poison+1","Deflect+1","Cloak And Dagger"],"picked":"SKIP","floor":48},{"not_picked":["Poisoned Stab","Doppelganger","Quick Slash"],"picked":"SKIP","floor":54}],"player_experience":701017,"relics_obtained":[{"floor":6,"key":"Bag of Marbles"},{"floor":8,"key":"Mummified Hand"},{"floor":13,"key":"Mercury Hourglass"},{"floor":24,"key":"Matryoshka"},{"floor":26,"key":"Juzu Bracelet"},{"floor":26,"key":"Whetstone"},{"floor":31,"key":"Red Mask"},{"floor":40,"key":"PreservedInsect"},{"floor":42,"key":"Peace Pipe"},{"floor":43,"key":"Omamori"},{"floor":43,"key":"Dream Catcher"},{"floor":44,"key":"Strawberry"},{"floor":54,"key":"Calipers"}],"event_choices":[{"damage_healed":28,"gold_gain":0,"player_choice":"Upgrade","damage_taken":14,"max_hp_gain":0,"max_hp_loss":70,"event_name":"betterThird:BetterShining","floor":2,"gold_loss":0,"cards_upgraded":["Strike_G","Defend_G"]},{"damage_healed":0,"gold_gain":0,"player_choice":"Take Wound","damage_taken":0,"relics_obtained":["Golden Idol"],"max_hp_gain":0,"max_hp_loss":0,"event_name":"Golden Idol","floor":3,"gold_loss":0,"cards_obtained":["Injury"]},{"damage_healed":0,"gold_gain":1,"player_choice":"1","damage_taken":0,"max_hp_gain":0,"max_hp_loss":0,"event_name":"betterStone:BetterStone","floor":5,"gold_loss":0},{"damage_healed":17,"gold_gain":0,"player_choice":"Healed","damage_taken":0,"max_hp_gain":0,"max_hp_loss":0,"event_name":"The Cleric","floor":7,"gold_loss":35},{"damage_healed":0,"gold_gain":99,"player_choice":"Steal","damage_taken":0,"max_hp_gain":0,"max_hp_loss":0,"event_name":"betterThird:BetterNest","floor":20,"gold_loss":0},{"damage_healed":0,"gold_gain":0,"player_choice":"Inject Mutagens","damage_taken":0,"relics_obtained":["MutagenicStrength"],"max_hp_gain":0,"max_hp_loss":0,"event_name":"Drug Dealer","floor":25,"gold_loss":0},{"damage_healed":0,"gold_gain":0,"player_choice":"Fought Bandits","damage_taken":0,"max_hp_gain":0,"max_hp_loss":0,"event_name":"Masked Bandits","floor":31,"gold_loss":0},{"cards_removed":["Flash of Steel"],"damage_healed":0,"gold_gain":0,"player_choice":"Removed Attack","damage_taken":0,"max_hp_gain":0,"max_hp_loss":0,"event_name":"Falling","floor":36,"gold_loss":0},{"damage_healed":0,"gold_gain":0,"player_choice":"0 cards matched","damage_taken":0,"max_hp_gain":0,"max_hp_loss":0,"event_name":"Match and Keep!","floor":38,"gold_loss":0,"cards_obtained":[]},{"damage_healed":0,"gold_gain":0,"player_choice":"Fight","damage_taken":0,"max_hp_gain":0,"max_hp_loss":0,"event_name":"Mysterious Sphere","floor":42,"gold_loss":0},{"damage_healed":0,"gold_gain":0,"player_choice":"Embrace Madness","damage_taken":10,"max_hp_gain":0,"max_hp_loss":0,"event_name":"Winding Halls","floor":45,"gold_loss":0,"cards_obtained":["Madness","Madness"]},{"damage_healed":0,"gold_gain":333,"player_choice":"Gave Idol","damage_taken":0,"max_hp_gain":0,"max_hp_loss":0,"event_name":"The Moai Head","floor":47,"relics_lost":["Golden Idol"],"gold_loss":0}],"is_beta":false,"boss_relics":[{"not_picked":["Calling Bell","Snecko Eye"],"picked":"Runic Pyramid"},{"not_picked":["HoveringKite","Runic Dome"],"picked":"SlaversCollar"}],"items_purged_floors":[0,0,0,4,14,14,14,14,29],"is_endless":false,"potions_floor_spawned":[1,11,13,21,22,28,33,40,42],"ascension_level":0}}