{"host":"0cnf9zf1gia27zti","time":1612839227,"event":{"mods":["BaseMod","Better Third Choice","BetterRewards","Card Forge","ChefMod","Colored Map","Colored Powertips","Conspire","Downfall","Googly Eyes","Infinite Spire","Minty Spire (QoL Compilation)","Practice Mode","Quick Restart","Replay The Spire","Shade Mod","Spicy Shops","StSLib","The Marked"],"gold_per_floor":[118,118,135,135,146,160,176,176,176,190,265,294,305,323,323,398,398,410,410,410,430,39,64,64,64,64,82,43,43,53,53,53,131,131,147,192,192,192,206,231,260,260,283,283,295,308,366,125,125,125],"floor_reached":51,"language":"ENG","playtime":2134,"items_purged":["Strike_R","Strike_R","Strike_R","Defend_R","Defend_R"],"score":2007,"play_id":"dfcc12f5-2012-471e-a10d-f06313c0ee8e","local_time":"20210209025347","is_ascension_mode":true,"campfire_choices":[{"floor":15,"key":"DIG"},{"floor":25,"key":"REST"},{"data":"Flame Barrier","floor":32,"key":"SMITH"},{"data":"infinitespire:Fortify","floor":42,"key":"SMITH"},{"floor":49,"key":"REST"}],"circlet_count":0,"master_deck":["AscendersBane","Barricade+1","Entrench+1","Flame Barrier+1","Body Slam+1","Body Slam+1","Shrug It Off+1","Shrug It Off+1","Juggernaut+1","infinitespire:Fortify+1","Shrug It Off+1","Flame Barrier+1","Insight+1","Shrug It Off+1","Flame Barrier+1"],"relics":["Burning Blood","Hammer of Thor","Seething Fire","Anvil of the Gods","conspire:GiftBox","Replay:Multitool","sneckomod:BlankCard","Golden Egg","StrikeDummy","Bottled Tornado","Frozen Egg 2","Ring of Chaos","Replay:Bottled Eggs","infinitespire:WardingShard","ReplayTheSpireMod:EnergyBall","infinitespire:FocusingShard","Blue Candle","Lantern","Replay:Baseball","Potion Belt","Pear","infinitespire:Broken Mirror"],"acts_visited":["Exordium","TheCity","TheBeyond"],"potions_floor_usage":[16,18,23,23,33,50,50],"damage_taken":[{"damage":2,"enemies":"Jaw Worm","floor":1,"turns":4},{"damage":0,"enemies":"Cultist","floor":3,"turns":1},{"damage":1,"enemies":"2 Louse","floor":5,"turns":3},{"damage":0,"enemies":"2 Fungi Beasts","floor":6,"turns":2},{"damage":3,"enemies":"Blue Slaver","floor":7,"turns":3},{"damage":0,"enemies":"Exordium Wildlife","floor":10,"turns":2},{"damage":0,"enemies":"3 Sentries","floor":12,"turns":5},{"damage":0,"enemies":"Looter","floor":13,"turns":2},{"damage":10,"enemies":"3 Louse","floor":14,"turns":3},{"damage":0,"enemies":"The Guardian","floor":16,"turns":6},{"damage":6,"enemies":"2 Thieves","floor":18,"turns":3},{"damage":0,"enemies":"Spheric Guardian","floor":21,"turns":3},{"damage":25,"enemies":"Slavers","floor":23,"turns":8},{"damage":0,"enemies":"Chosen and Byrds","floor":27,"turns":3},{"damage":0,"enemies":"Cultist and Chosen","floor":30,"turns":3},{"damage":0,"enemies":"Collector","floor":33,"turns":5},{"damage":0,"enemies":"3 Darklings","floor":35,"turns":4},{"damage":0,"enemies":"2 Orb Walkers","floor":36,"turns":4},{"damage":0,"enemies":"3 Shapes","floor":39,"turns":3},{"damage":0,"enemies":"conspire:MimicChest","floor":40,"turns":4},{"damage":0,"enemies":"Giant Head","floor":41,"turns":3},{"damage":0,"enemies":"Spire Growth","floor":45,"turns":2},{"damage":0,"enemies":"Maw","floor":46,"turns":4},{"damage":0,"enemies":"infinitespire:MassOfShapes","floor":50,"turns":8}],"seed_played":"5497976078334784857","potions_obtained":[{"floor":1,"key":"hexamod:SoulburnPotion"},{"floor":5,"key":"PowerPotion"},{"floor":10,"key":"Adrenaline Potion"},{"floor":16,"key":"Toxic Potion"},{"floor":21,"key":"GamblersBrew"},{"floor":27,"key":"LiquidMemories"},{"floor":30,"key":"PowerPotion"},{"floor":33,"key":"SteroidPotion"},{"floor":35,"key":"SpeedPotion"},{"floor":39,"key":"DistilledChaos"},{"floor":44,"key":"Guardian:BlockOnCardUsePotion"},{"floor":44,"key":"SkillPotion"}],"is_trial":false,"path_per_floor":["M","?","M","?","M","M","M","$","T","M","?","E","M","M","R","B",null,"M","?","?","M","$","E","AVR","R","T","M","$","?","M","?","R","B",null,"M","?","?","$","M","R","E","R","T","?","M","M","?","$","R","B",null],"character_chosen":"IRONCLAD","items_purchased":["conspire:GiftBox","Replay:Multitool","sneckomod:BlankCard","Golden Egg","Energy Potion","Replay:Bottled Eggs","Shrug It Off+1","infinitespire:Broken Mirror"],"campfire_rested":2,"item_purchase_floors":[0,0,0,0,0,22,28,48],"current_hp_per_floor":[72,72,75,68,73,75,75,75,75,75,64,70,75,71,71,75,75,75,61,61,67,67,48,48,72,72,78,78,73,79,79,79,80,80,80,80,80,80,80,80,80,80,80,80,80,80,70,70,90,90],"gold":125,"neow_bonus":"","is_daily":false,"chose_seed":false,"campfire_upgraded":2,"win_rate":0.0,"timestamp":1612839227,"path_taken":["M","?","?","?","M","M","M","$","T","M","?","E","M","M","R","BOSS","M","?","?","M","$","E","AVR","R","T","M","?","?","M","?","R","BOSS","M","?","?","$","M","R","E","R","T","?","M","?","?","?","R","BOSS"],"items_purchased_type":["Relic","Relic","Relic","Relic","Potion","Relic","Card","Relic"],"build_version":"2020-12-22","purchased_purges":5,"victory":true,"max_hp_per_floor":[75,75,75,75,75,75,75,75,75,75,75,75,75,75,75,75,75,75,80,80,80,80,80,80,80,80,80,80,80,80,80,80,80,80,80,80,80,80,80,80,80,80,80,80,80,80,90,90,90,90],"card_choices":[{"not_picked":["Immolate","conspire:HitWhereItHurts"],"picked":"Berserk","floor":0},{"not_picked":["True Grit","Rage","Pommel Strike"],"picked":"SKIP","floor":1},{"not_picked":["Defy Death","Uppercut","Dropkick"],"picked":"SKIP","floor":3},{"not_picked":["Flex","Run Through","Cleave"],"picked":"SKIP","floor":5},{"not_picked":["ReplayTheSpireMod:Muscle Training","Clash","Run Through"],"picked":"SKIP","floor":6},{"not_picked":["Flex","Clash","Searing Blow"],"picked":"SKIP","floor":7},{"not_picked":["Headbutt","Power Through"],"picked":"Shrug It Off","floor":10},{"not_picked":["Searing Blow","Rage","conspire:Purge"],"picked":"SKIP","floor":12},{"not_picked":["Dual Wield","Defy Death","Armaments"],"picked":"SKIP","floor":13},{"not_picked":["Uppercut","Havoc"],"picked":"Shrug It Off","floor":14},{"not_picked":["Replay:Many Hands","Berserk+1"],"picked":"Juggernaut+1","floor":16},{"not_picked":["Sword Boomerang","Rampage","Havoc"],"picked":"SKIP","floor":18},{"not_picked":["Searing Blow","Whirlwind","ReplayTheSpireMod:Limb From Limb"],"picked":"SKIP","floor":21},{"not_picked":["Infernal Blade+1","Barricade+1","Sword Boomerang"],"picked":"SKIP","floor":23},{"not_picked":["ReplayTheSpireMod:Muscle Training","Intimidate","Sword Boomerang"],"picked":"SKIP","floor":27},{"not_picked":["Sword Boomerang","ReplayTheSpireMod:Corrosion Curse"],"picked":"Flame Barrier","floor":30},{"not_picked":["Clash","Warcry"],"picked":"Shrug It Off","floor":35},{"not_picked":["Clothesline","Heavy Blade","Warcry"],"picked":"SKIP","floor":39},{"not_picked":["Brutality+1","Combust+1","Whirlwind"],"picked":"SKIP","floor":41},{"not_picked":["Abandon","Perfected Strike","ReplayReversal"],"picked":"SKIP","floor":45},{"not_picked":["Heavy Blade","Sword Boomerang","conspire:HitWhereItHurts"],"picked":"SKIP","floor":46},{"not_picked":["conspire:Charge+1","Havoc"],"picked":"Flame Barrier","floor":47}],"player_experience":3762789,"relics_obtained":[{"floor":9,"key":"StrikeDummy"},{"floor":12,"key":"Bottled Tornado"},{"floor":15,"key":"Frozen Egg 2"},{"floor":23,"key":"infinitespire:WardingShard"},{"floor":26,"key":"infinitespire:FocusingShard"},{"floor":40,"key":"Lantern"},{"floor":41,"key":"Replay:Baseball"},{"floor":43,"key":"Potion Belt"},{"floor":47,"key":"Pear"}],"event_choices":[{"damage_healed":0,"gold_gain":0,"player_choice":"0 cards matched","damage_taken":0,"max_hp_gain":0,"max_hp_loss":0,"event_name":"Match and Keep!","floor":2,"gold_loss":0,"cards_obtained":[]},{"cards_removed":["Berserk"],"damage_healed":0,"gold_gain":0,"player_choice":"Card Removal","damage_taken":7,"max_hp_gain":0,"max_hp_loss":0,"event_name":"Golden Wing","floor":4,"gold_loss":0},{"damage_healed":0,"gold_gain":75,"player_choice":"Gold","damage_taken":11,"max_hp_gain":0,"max_hp_loss":0,"event_name":"betterThird:BetterGoop","floor":11,"gold_loss":0},{"damage_healed":0,"gold_gain":0,"player_choice":"Shed Blood","damage_taken":19,"max_hp_gain":5,"max_hp_loss":0,"event_name":"Forgotten Altar","floor":19,"gold_loss":0},{"damage_healed":0,"gold_gain":0,"player_choice":"Insight","damage_taken":0,"max_hp_gain":0,"max_hp_loss":0,"event_name":"betterThird:BetterWriting","floor":31,"gold_loss":0,"cards_obtained":["Insight"]},{"damage_healed":0,"gold_gain":0,"player_choice":"Fight","damage_taken":0,"max_hp_gain":0,"max_hp_loss":0,"event_name":"Mysterious Sphere","floor":36,"gold_loss":0},{"damage_healed":0,"gold_gain":0,"player_choice":"Got Potions","damage_taken":0,"max_hp_gain":0,"max_hp_loss":0,"event_name":"Lab","floor":44,"gold_loss":0}],"is_beta":false,"boss_relics":[{"not_picked":["Velvet Choker","Snecko Eye"],"picked":"Ring of Chaos"},{"not_picked":["infinitespire:Cupcake","infinitespire:Burning Sword","Snecko Heart"]}],"items_purged_floors":[0,0,0,22,24],"is_endless":false,"potions_floor_spawned":[1,5,10,14,16,21,27,30,33,35,39,40,45],"ascension_level":14}}