{"host":"pi8b3ffzwvxqztac","time":1612893082,"event":{"mods":["BaseMod","Colored Map","Custom Start","Downfall","Minty Spire (QoL Compilation)","StSLib"],"gold_per_floor":[112,112,3,19,37,37,37,37,37,37,70,70,70,87,87,183,183,198,217,233,133,152,182,182,199,271,271,271,271,291,311,311,414,414,434,434,230,250,261,261,294,294,294,322,322,4,4,16,16,16],"floor_reached":51,"language":"ENG","playtime":2700,"items_purged":["Strike_B","Static Discharge","Loop","Chill"],"score":1025,"play_id":"e208506f-84a4-4066-a825-d996d88aa093","local_time":"20210210065122","is_ascension_mode":true,"campfire_choices":[{"data":"Zap","floor":6,"key":"SMITH"},{"data":"Go for the Eyes","floor":8,"key":"SMITH"},{"data":"Trip","floor":12,"key":"SMITH"},{"data":"Scrape","floor":15,"key":"SMITH"},{"data":"Hologram","floor":24,"key":"SMITH"},{"data":"Reinforced Body","floor":29,"key":"SMITH"},{"floor":32,"key":"REST"},{"data":"Conserve Battery","floor":40,"key":"SMITH"},{"data":"Scrape","floor":45,"key":"SMITH"},{"data":"Gash","floor":49,"key":"SMITH"}],"circlet_count":0,"master_deck":["Zap+1","Dualcast+1","Trip+1","Go for the Eyes+1","Scrape+1","Sweeping Beam","All For One+1","Conserve Battery+1","Seek+1","Defragment+1","Gash+1","Hologram+1","Reinforced Body+1","Rebound+1","Core Surge","Gash+1","Reinforced Body+1","Reinforced Body","Scrape+1","Gash+1","Self Repair+1","Finesse","Auto Shields+1"],"relics":["Cracked Core","Whetstone","Symbiotic Virus","Pandora\u0027s Box","Frozen Egg 2","hexamod:CandleOfCauterizing","sneckomod:SneckoTalon","InkBottle","War Paint","Pen Nib","Incense Burner"],"acts_visited":["Exordium","TheCity","TheBeyond"],"potions_floor_usage":[11,14,20,23,33,41,48,48,50],"damage_taken":[{"damage":0,"enemies":"Small Slimes","floor":1,"turns":3},{"damage":1,"enemies":"Cultist","floor":4,"turns":3},{"damage":0,"enemies":"Jaw Worm","floor":5,"turns":3},{"damage":5,"enemies":"Lagavulin","floor":11,"turns":3},{"damage":4,"enemies":"Exordium Thugs","floor":14,"turns":4},{"damage":12,"enemies":"Hexaghost","floor":16,"turns":7},{"damage":0,"enemies":"Spheric Guardian","floor":18,"turns":3},{"damage":0,"enemies":"3 Byrds","floor":19,"turns":4},{"damage":5,"enemies":"Centurion and Healer","floor":20,"turns":5},{"damage":0,"enemies":"Snecko","floor":22,"turns":3},{"damage":0,"enemies":"Gremlin Leader","floor":23,"turns":4},{"damage":1,"enemies":"3 Cultists","floor":25,"turns":4},{"damage":16,"enemies":"Sentry and Sphere","floor":30,"turns":6},{"damage":0,"enemies":"Snake Plant","floor":31,"turns":3},{"damage":36,"enemies":"Collector","floor":33,"turns":9},{"damage":5,"enemies":"3 Shapes","floor":35,"turns":5},{"damage":1,"enemies":"3 Darklings","floor":38,"turns":2},{"damage":0,"enemies":"Spire Growth","floor":39,"turns":4},{"damage":0,"enemies":"Reptomancer","floor":41,"turns":5},{"damage":0,"enemies":"Giant Head","floor":44,"turns":5},{"damage":6,"enemies":"4 Shapes","floor":48,"turns":6},{"damage":40,"enemies":"Time Eater","floor":50,"turns":7}],"seed_played":"-1492484280758960316","potions_obtained":[{"floor":1,"key":"Slimebound:ThreeZeroPotion"},{"floor":4,"key":"Block Potion"},{"floor":5,"key":"sneckomod:MuddlingPotion"},{"floor":18,"key":"GamblersBrew"},{"floor":19,"key":"Energy Potion"},{"floor":25,"key":"SpeedPotion"},{"floor":31,"key":"Explosive Potion"},{"floor":33,"key":"ColorlessPotion"},{"floor":38,"key":"SneckoOil"},{"floor":44,"key":"EssenceOfSteel"},{"floor":48,"key":"Ancient Potion"}],"is_trial":false,"path_per_floor":["M","?","$","M","M","R","?","R","T","$","E","R","$","M","R","B",null,"M","M","M","$","M","E","R","M","T","?","?","R","M","M","R","B",null,"M","?","$","M","M","R","E","?","T","E","R","$","?","M","R","B",null],"character_chosen":"DEFECT","items_purchased":["Scrape","Reinforced Body","Self Repair+1","Finesse"],"campfire_rested":1,"item_purchase_floors":[3,37,46,46],"current_hp_per_floor":[68,68,68,67,67,67,67,67,67,67,62,62,62,58,58,46,68,68,68,63,63,63,63,63,62,62,48,48,48,32,32,56,20,65,60,60,60,59,59,59,59,59,59,59,59,59,59,63,63,33],"gold":16,"neow_bonus":"RANDOM_COLORLESS","is_daily":false,"chose_seed":false,"campfire_upgraded":9,"win_rate":0.0,"timestamp":1612893082,"path_taken":["M","?","$","M","?","R","?","R","T","?","E","R","$","M","R","BOSS","M","M","M","$","M","E","R","M","T","?","?","R","M","M","R","BOSS","M","?","$","?","M","R","E","?","T","E","R","$","?","?","R","BOSS"],"items_purchased_type":["Card","Card","Card","Card"],"build_version":"2020-12-22","purchased_purges":4,"victory":true,"max_hp_per_floor":[75,75,75,75,75,75,75,75,75,75,75,75,75,75,75,75,75,75,75,75,75,75,75,75,75,75,80,80,80,80,80,80,80,80,80,80,80,80,80,80,80,80,80,80,80,80,80,80,80,80],"card_choices":[{"not_picked":["Deep Breath","Purity"],"picked":"Trip","floor":0},{"not_picked":["Chaos","Coolheaded"],"picked":"Go for the Eyes","floor":1},{"not_picked":["Streamline","Ball Lightning"],"picked":"Sweeping Beam","floor":4},{"not_picked":["Redo","Coolheaded"],"picked":"All For One","floor":5},{"not_picked":["Go for the Eyes","Redo"],"picked":"Steam","floor":11},{"not_picked":["Rebound","Double Energy","Tempest"],"picked":"SKIP","floor":14},{"not_picked":["Ball Lightning","Streamline+1","Double Energy"],"picked":"SKIP","floor":18},{"not_picked":["Chill","Genetic Algorithm","Hello World+1"],"picked":"SKIP","floor":19},{"not_picked":["Barrage","Double Energy+1","Redo"],"picked":"SKIP","floor":20},{"not_picked":["Redo","Ball Lightning"],"picked":"Gash","floor":22},{"not_picked":["Turbo","Sweeping Beam"],"picked":"Hologram","floor":23},{"not_picked":["Chaos+1","BootSequence"],"picked":"Reinforced Body","floor":25},{"not_picked":["Leap","Turbo"],"picked":"Rebound+1","floor":30},{"not_picked":["Force Field","Ball Lightning+1","Aggregate"],"picked":"SKIP","floor":31},{"not_picked":["Thunder Strike","All For One"],"picked":"Core Surge","floor":33},{"not_picked":["Turbo","FTL"],"picked":"Gash+1","floor":35},{"not_picked":["Ball Lightning+1","Darkness"],"picked":"Reinforced Body","floor":38},{"not_picked":["Coolheaded","Redo+1"],"picked":"Scrape","floor":39},{"not_picked":["Leap","Undo+1","Redo+1"],"picked":"SKIP","floor":41},{"not_picked":["Chaos+1","Storm+1"],"picked":"Gash+1","floor":44},{"not_picked":["Fusion+1","Compile Driver+1"],"picked":"Auto Shields+1","floor":48}],"player_experience":738578,"relics_obtained":[{"floor":9,"key":"Whetstone"},{"floor":11,"key":"Symbiotic Virus"},{"floor":23,"key":"Frozen Egg 2"},{"floor":26,"key":"hexamod:CandleOfCauterizing"},{"floor":41,"key":"War Paint"},{"floor":43,"key":"Pen Nib"},{"floor":44,"key":"Incense Burner"}],"event_choices":[{"cards_removed":["Strike_B"],"damage_healed":0,"gold_gain":0,"player_choice":"Purged","damage_taken":0,"max_hp_gain":0,"max_hp_loss":0,"event_name":"Purifier","floor":2,"gold_loss":0},{"damage_healed":0,"gold_gain":0,"player_choice":"Upgraded","damage_taken":0,"max_hp_gain":0,"max_hp_loss":0,"event_name":"Upgrade Shrine","floor":7,"gold_loss":0,"cards_upgraded":["Dualcast"]},{"damage_healed":0,"gold_gain":0,"player_choice":"Shed Blood","damage_taken":19,"max_hp_gain":5,"max_hp_loss":0,"event_name":"Forgotten Altar","floor":27,"gold_loss":0},{"damage_healed":0,"gold_gain":0,"player_choice":"Ignored","damage_taken":0,"max_hp_gain":0,"max_hp_loss":0,"event_name":"Ghosts","floor":28,"gold_loss":0},{"cards_removed":["Steam"],"damage_healed":0,"gold_gain":0,"player_choice":"Gave Card","damage_taken":0,"relics_obtained":["InkBottle"],"max_hp_gain":0,"max_hp_loss":0,"event_name":"WeMeetAgain","floor":36,"gold_loss":0},{"damage_healed":0,"gold_gain":0,"player_choice":"Ignored","damage_taken":0,"max_hp_gain":0,"max_hp_loss":0,"event_name":"Tomb of Lord Red Mask","floor":42,"gold_loss":0},{"damage_healed":0,"gold_gain":0,"player_choice":"Upgraded","damage_taken":0,"max_hp_gain":0,"max_hp_loss":0,"event_name":"Upgrade Shrine","floor":47,"gold_loss":0,"cards_upgraded":["Defragment"]}],"is_beta":false,"boss_relics":[{"not_picked":["Tiny House","FrozenCore"],"picked":"Pandora\u0027s Box"},{"not_picked":["Philosopher\u0027s Stone","Cursed Key"],"picked":"sneckomod:SneckoTalon"}],"items_purged_floors":[3,21,37,46],"is_endless":false,"potions_floor_spawned":[1,4,5,18,19,25,31,33,38,44,48],"ascension_level":6}}