{"host":"w8xisjf5mgmfjvmt","time":1612838587,"event":{"mods":["BaseMod","BetterRewards","Challenge The Spire","Conspire","Energized Spire","Filter the Spire","Minty Spire (QoL Compilation)","Quarter Circle Forward PUNCH!","Quick Restart","Relic Filter Mod","Relic Stats","Reliquary","Replay The Spire","Shop Mod","Spicy Shops","StSLib","Thieving Mod","¡¾ÒÅÎï¿¨ÅÆ¡¿REMEMod","óô»ðÖ¸ÄÏ"],"gold_per_floor":[113,129,166,116,116,145,188,245,245,270,270,270,270,309,309,400,400,415,335,373,373,391,427,52,97,97,97,129,141,141,175,175,273,273,314,667,690,341,372,430,442,468,468,512,512,309,345,388,388,408,412,412,412,144,196,224],"floor_reached":57,"language":"ZHS","playtime":2482,"items_purged":["Strike_R","Strike_R","Strike_R"],"score":3405,"play_id":"f814d693-5aa4-40e8-ae50-1c59622fde08","local_time":"20210209104307","is_ascension_mode":true,"campfire_choices":[{"data":"Apotheosis","floor":12.0,"key":"SMITH"},{"data":"Barricade","floor":30.0,"key":"SMITH"},{"data":"Evolve","floor":32.0,"key":"SMITH"},{"floor":49,"key":"RECALL"}],"circlet_count":0,"master_deck":["AscendersBane","Defend_R","Defend_R","Defend_R","Bash","Apotheosis+1","Bloodletting","Shrug It Off+1","Shrug It Off","conspire:SpireCoStock","Blood for Blood+1","Uppercut","Ghostly Armor+1","Body Slam","Barricade+1","Power Through","Evolve+1","Impervious","Impervious","Shrug It Off","Entrench+1","REME_ACTH","True Grit+1","Dark Embrace+1","Burning Pact","Impervious"],"relics":["REME_ComplimentaryCards","Runic Dome","Juzu Bracelet","Iron Hammer","ReplayFunnel","Strawberry","Snack Pack","energizedSpire:OgreHead","Ancient Tea Set","ClockworkSouvenir","Another Sword","Frozen Egg 2","qcfpunch:Extra_Skeleton","Lizard Tail","Empty Cage","Old Coin","Medical Kit","reliquary:Buckler","Boot","Gremlin Horn","Eternal Feather","Mummified Hand","reliquary:Boomerang"],"acts_visited":["Exordium","TheCity","TheBeyond","TheEnding"],"potions_floor_usage":[56,56],"damage_taken":[{"damage":2.0,"enemies":"Jaw Worm","floor":1.0,"turns":4.0},{"damage":4.0,"enemies":"2 Louse","floor":2.0,"turns":3.0},{"damage":19.0,"enemies":"conspire:MimicChest","floor":3.0,"turns":6.0},{"damage":0.0,"enemies":"Gremlin Nob","floor":6.0,"turns":3.0},{"damage":12.0,"enemies":"Small Slimes","floor":7.0,"turns":4.0},{"damage":4.0,"enemies":"Lagavulin","floor":8.0,"turns":6.0},{"damage":1.0,"enemies":"Looter","floor":10.0,"turns":3.0},{"damage":14.0,"enemies":"Lots of Slimes","floor":14.0,"turns":5.0},{"damage":43.0,"enemies":"Slime Boss","floor":16.0,"turns":9.0},{"damage":0.0,"enemies":"Chosen","floor":18.0,"turns":5.0},{"damage":2.0,"enemies":"Shell Parasite","floor":20.0,"turns":8.0},{"damage":23.0,"enemies":"Centurion and Healer","floor":22.0,"turns":10.0},{"damage":13.0,"enemies":"conspire:SneckoGhost","floor":23.0,"turns":9.0},{"damage":4.0,"enemies":"Gremlin Leader","floor":25.0,"turns":10.0},{"damage":11.0,"enemies":"Gremlin Leader","floor":27.0,"turns":4.0},{"damage":0.0,"enemies":"Replay:Snechameleon","floor":28.0,"turns":6.0},{"damage":0.0,"enemies":"Sentry and Sphere","floor":29.0,"turns":7.0},{"damage":0.0,"enemies":"conspire:HollyBat","floor":31.0,"turns":7.0},{"damage":2.0,"enemies":"Champ","floor":33.0,"turns":11.0},{"damage":0.0,"enemies":"3 Shapes","floor":35.0,"turns":4.0},{"damage":8.0,"enemies":"2 Orb Walkers","floor":36.0,"turns":7.0},{"damage":7.0,"enemies":"3 Darklings","floor":37.0,"turns":11.0},{"damage":0.0,"enemies":"Sphere and 2 Shapes","floor":39.0,"turns":6.0},{"damage":0.0,"enemies":"R_Hoarder","floor":40.0,"turns":5.0},{"damage":0,"enemies":"Spire Growth","floor":41,"turns":4},{"damage":1,"enemies":"Nemesis","floor":42,"turns":3},{"damage":0,"enemies":"Giant Head","floor":44,"turns":8},{"damage":0,"enemies":"R_Hoarder","floor":47,"turns":4},{"damage":3,"enemies":"4 Shapes","floor":48,"turns":4},{"damage":3,"enemies":"conspire:OrnateMirror","floor":50,"turns":3},{"damage":3,"enemies":"Donu and Deca","floor":51,"turns":4},{"damage":20,"enemies":"Shield and Spear","floor":55,"turns":4},{"damage":1,"enemies":"The Heart","floor":56,"turns":8}],"seed_played":"2365504140289968381","potions_obtained":[{"floor":1.0,"key":"AttackPotion"},{"floor":2.0,"key":"ThievingMod:ThievingPotion"},{"floor":7.0,"key":"Milkshake"},{"floor":10.0,"key":"Strength Potion"},{"floor":14.0,"key":"Regen Potion"},{"floor":18.0,"key":"Dexterity Potion"},{"floor":21.0,"key":"Flashbang"},{"floor":31.0,"key":"Swift Potion"}],"is_trial":false,"path_per_floor":["M","M","?","?","?","E","M","E","T","M","?","R","T","M","R","B",null,"M","?","M","?","M","E","R","E","T","?","E","M","R","M","R","B",null,"M","?","M","$","M","E","M","E","T","E","?","R","E","M","R","B","B",null,"R","$","E","B",null],"character_chosen":"IRONCLAD","items_purchased":["ClockworkSouvenir","Impervious","Medical Kit","Dark Embrace+1","Burning Pact","Mummified Hand"],"campfire_rested":0,"item_purchase_floors":[24,24,38,38,46,54],"current_hp_per_floor":[66,62,43,43,43,43,31,27,34,33,33,33,33,19,43,17,66,68,68,70,70,53,44,44,48,48,41,43,45,45,49,49,51,74,76,70,69,69,69,73,73,72,72,72,72,72,72,69,82,79,76,81,82,82,62,61],"gold":224,"neow_bonus":"BOSS_RELIC","is_daily":false,"chose_seed":false,"campfire_upgraded":3,"win_rate":0.0,"timestamp":1612838587,"path_taken":["M","M","?","?","?","E","M","E","T","M","?","R","?","M","R","BOSS","M","?","M","?","M","E","R","E","T","?","E","M","R","M","R","BOSS","M","?","M","$","M","E","M","E","T","E","?","R","E","M","R","BOSS","BOSS","R","$","E","BOSS"],"items_purchased_type":["Relic","Card","Relic","Card","Card","Relic"],"build_version":"2020-12-22","purchased_purges":3,"victory":true,"max_hp_per_floor":[75,75,75,75,75,75,75,75,82,82,82,82,82,82,82,82,82,82,82,82,82,82,82,82,82,82,82,82,82,82,82,82,82,82,82,82,82,82,82,82,82,82,82,82,82,82,82,82,82,82,82,82,82,82,82,82],"relic_stats":{"Lizard Tail":0,"Gremlin Horn":[6,6],"counters":[33,195],"Mummified Hand":[8],"Eternal Feather":14,"Juzu Bracelet":2,"Medical Kit":[57],"Boot":[0],"obtain_stats":[{"ReplayFunnel":8,"reliquary:Boomerang":55,"Gremlin Horn":44,"Eternal Feather":47,"Juzu Bracelet":3,"energizedSpire:OgreHead":17,"Frozen Egg 2":26,"Ancient Tea Set":23,"Empty Cage":34,"Medical Kit":38,"Boot":42,"Burning Blood":0,"ClockworkSouvenir":24,"Old Coin":36,"Runic Dome":0,"Lizard Tail":28,"Mummified Hand":54,"Strawberry":9,"qcfpunch:Extra_Skeleton":27,"reliquary:Buckler":40,"Iron Hammer":6,"Another Sword":25,"Snack Pack":13,"REME_ComplimentaryCards":0},{"ReplayFunnel":6,"reliquary:Boomerang":32,"Gremlin Horn":27,"Eternal Feather":28,"Juzu Bracelet":3,"energizedSpire:OgreHead":9,"Frozen Egg 2":14,"Ancient Tea Set":13,"Empty Cage":19,"Medical Kit":22,"Boot":26,"Burning Blood":0,"ClockworkSouvenir":13,"Old Coin":21,"Runic Dome":0,"Lizard Tail":16,"Mummified Hand":31,"Strawberry":6,"qcfpunch:Extra_Skeleton":15,"reliquary:Buckler":24,"Iron Hammer":4,"Another Sword":14,"Snack Pack":7,"REME_ComplimentaryCards":0},{"ReplayFunnel":26,"reliquary:Boomerang":187,"Gremlin Horn":168,"Eternal Feather":172,"Juzu Bracelet":13,"energizedSpire:OgreHead":43,"Frozen Egg 2":85,"Ancient Tea Set":75,"Empty Cage":120,"Medical Kit":142,"Boot":160,"Burning Blood":0,"ClockworkSouvenir":75,"Old Coin":131,"Runic Dome":0,"Lizard Tail":95,"Mummified Hand":183,"Strawberry":26,"qcfpunch:Extra_Skeleton":89,"reliquary:Buckler":153,"Iron Hammer":16,"Another Sword":85,"Snack Pack":29,"REME_ComplimentaryCards":0}]},"card_choices":[{"not_picked":["Armaments","Headbutt"],"picked":"Bloodletting","floor":1.0},{"not_picked":["Clothesline","Disarm"],"picked":"Shrug It Off","floor":2.0},{"not_picked":["Anger","Rage"],"picked":"Shrug It Off","floor":3.0},{"not_picked":["Heavy Blade","Sentinel"],"picked":"Run Through","floor":6.0},{"not_picked":["REME_SingleHolding","Clash"],"picked":"Blood for Blood","floor":7.0},{"not_picked":["Warcry","Shrug It Off"],"picked":"Uppercut","floor":8.0},{"not_picked":["Perfected Strike","Dropkick"],"picked":"Ghostly Armor","floor":10.0},{"not_picked":["Intimidate","Pommel Strike"],"picked":"Body Slam","floor":14.0},{"not_picked":["Exhume","Juggernaut"],"picked":"Barricade","floor":16.0},{"not_picked":["Havoc","Inflame"],"picked":"Power Through","floor":18.0},{"not_picked":["Clothesline","Sword Boomerang","Twin Strike"],"picked":"SKIP","floor":20.0},{"not_picked":["Wild Strike","Havoc"],"picked":"Evolve","floor":22.0},{"not_picked":["Feel No Pain","Run Through","Dual Wield+1"],"picked":"SKIP","floor":23.0},{"not_picked":["Clothesline","Flex","Sword Boomerang+1"],"picked":"SKIP","floor":25.0},{"not_picked":["Body Slam","Wild Strike","ReplayTheSpireMod:LeadingStrike"],"picked":"SKIP","floor":28.0},{"not_picked":["Heavy Blade","Body Slam"],"picked":"Shrug It Off","floor":29.0},{"not_picked":["Thunderclap","Warcry"],"picked":"Entrench+1","floor":31.0},{"not_picked":["Brutality+1","Demon Form+1"],"picked":"REME_ACTH","floor":33.0},{"not_picked":["Thunderclap","Perfected Strike","Armaments"],"picked":"SKIP","floor":35.0},{"not_picked":["Flame Barrier","Clash"],"picked":"True Grit+1","floor":36.0},{"not_picked":["Barricade+1","Iron Wave","True Grit"],"picked":"SKIP","floor":37.0},{"not_picked":["Heavy Blade","Flex","Pommel Strike"],"picked":"SKIP","floor":39.0},{"not_picked":["Armaments","True Grit+1","REME_Cut+1"],"picked":"SKIP","floor":40.0},{"not_picked":["Rampage","ReplayReversal+1","Body Slam"],"picked":"SKIP","floor":41},{"not_picked":["Sword Boomerang","ReplayTheSpireMod:Limb From Limb+1","Disarm"],"picked":"SKIP","floor":42},{"not_picked":["Feed","Shrug It Off","Fire Breathing+1"],"picked":"SKIP","floor":44},{"not_picked":["Pommel Strike","Demonic Infusion","Pummel"],"picked":"SKIP","floor":47},{"not_picked":["Body Slam","Iron Wave","Run Through"],"picked":"SKIP","floor":48},{"not_picked":["Reckless Charge","Run Through"],"picked":"Impervious","floor":55}],"player_experience":1318092,"relics_obtained":[{"floor":3.0,"key":"Juzu Bracelet"},{"floor":6.0,"key":"Iron Hammer"},{"floor":8.0,"key":"ReplayFunnel"},{"floor":9.0,"key":"Strawberry"},{"floor":13.0,"key":"Snack Pack"},{"floor":23.0,"key":"Ancient Tea Set"},{"floor":25.0,"key":"Another Sword"},{"floor":26.0,"key":"Frozen Egg 2"},{"floor":28.0,"key":"Lizard Tail"},{"floor":36.0,"key":"Old Coin"},{"floor":40.0,"key":"reliquary:Buckler"},{"floor":42,"key":"Boot"},{"floor":44,"key":"Gremlin Horn"},{"floor":47,"key":"Eternal Feather"},{"floor":55,"key":"reliquary:Boomerang"}],"event_choices":[{"damage_healed":0.0,"max_hp_gain":0.0,"max_hp_loss":0.0,"gold_gain":0.0,"event_name":"conspire:Investor","player_choice":"Invest 1","floor":4.0,"gold_loss":0.0,"damage_taken":0.0},{"cards_removed":["Defend_R"],"damage_healed":0.0,"max_hp_gain":0.0,"max_hp_loss":0.0,"gold_gain":0.0,"event_name":"Bonfire Elementals","player_choice":"Offered Basic","floor":5.0,"gold_loss":0.0,"damage_taken":0.0},{"damage_healed":0.0,"max_hp_gain":0.0,"max_hp_loss":0.0,"gold_gain":0.0,"event_name":"Shining Light","player_choice":"Ignored","floor":11.0,"gold_loss":0.0,"damage_taken":0.0},{"damage_healed":0.0,"max_hp_gain":0.0,"max_hp_loss":0.0,"gold_gain":0.0,"event_name":"Lab","player_choice":"Got Potions","floor":21.0,"gold_loss":0.0,"damage_taken":0.0},{"damage_healed":0.0,"max_hp_gain":0.0,"max_hp_loss":0.0,"gold_gain":0.0,"event_name":"Mysterious Sphere","player_choice":"Fight","floor":36.0,"gold_loss":0.0,"damage_taken":0.0},{"cards_removed":["Run Through"],"damage_healed":0,"gold_gain":0,"player_choice":"Removed Attack","damage_taken":0,"max_hp_gain":0,"max_hp_loss":0,"event_name":"Falling","floor":45,"gold_loss":0}],"is_beta":false,"boss_relics":[{"not_picked":["qcfpunch:Killian_Engine_Alpha","SacredBark"],"picked":"energizedSpire:OgreHead"},{"not_picked":["Tiny House","REME_DuelDisc"],"picked":"Empty Cage"}],"items_purged_floors":[24,38,46],"is_endless":false,"potions_floor_spawned":[1,2,7,10,14,18,27,29,31,35,39,42,44,55],"ascension_level":20}}