{"host":"t75twhtg6c476ygg","time":1612912659,"event":{"mods":["AchievementEnabler","BaseMod","Colored Powertips","Minty Spire (QoL Compilation)","Quick Restart","Relic Stats","StSLib","SuperFastMode"],"gold_per_floor":[114,114,114,129,144,174,174,189,189,219,249,249,279,279,279,379,379,394,394,409,424,207,237,237,252,277,292,242,342,372,387,387,487,487,502,517,532,532,132,162,224,254,279,294,309,339,369,384,384,384],"floor_reached":51,"language":"ENG","playtime":2724,"items_purged":[],"score":1487,"play_id":"3953ad78-42ae-435c-a8c2-ab5dae47a6ce","local_time":"20210209231739","daily_mods":["Draft","Hoarder","DeadlyEvents"],"is_ascension_mode":false,"campfire_choices":[{"data":"Blade Dance","floor":7.0,"key":"SMITH"},{"data":"Riddle With Holes","floor":12.0,"key":"SMITH"},{"data":"Adrenaline","floor":15.0,"key":"SMITH"},{"data":"Accuracy","floor":24.0,"key":"SMITH"},{"data":"Adrenaline","floor":32.0,"key":"SMITH"},{"data":"Outmaneuver","floor":49,"key":"SMITH"}],"circlet_count":0,"master_deck":["Crippling Poison","Crippling Poison","Crippling Poison","Outmaneuver","Outmaneuver","Outmaneuver","Backflip","Backflip","Backflip","Cloak And Dagger","Cloak And Dagger","Cloak And Dagger","Outmaneuver","Outmaneuver+1","Outmaneuver","Deadly Poison","Deadly Poison","Deadly Poison","Backflip","Backflip","Backflip","PiercingWail","PiercingWail","PiercingWail","Quick Slash","Quick Slash","Quick Slash","Deadly Poison","Deadly Poison","Deadly Poison","Dagger Spray","Dagger Spray","Dagger Spray","Prepared","Prepared","Crippling Poison","Crippling Poison","Crippling Poison","Prepared","Prepared","Prepared","Poisoned Stab","Poisoned Stab","Poisoned Stab","Blade Dance+1","Blade Dance","Blade Dance","Corpse Explosion","Corpse Explosion","Corpse Explosion","Endless Agony","Endless Agony","Endless Agony","Riddle With Holes+1","Riddle With Holes","Riddle With Holes","Adrenaline","Adrenaline","Adrenaline+1","Adrenaline+1","Adrenaline","Adrenaline","Accuracy","Accuracy","Accuracy+1","Corpse Explosion","Corpse Explosion","Corpse Explosion","Noxious Fumes+1","Noxious Fumes+1","Noxious Fumes+1","Deflect","Deflect","Deflect","Mind Blast+1","Mind Blast+1","Mind Blast+1","After Image","After Image","After Image","Infinite Blades","Infinite Blades","Infinite Blades","Bullet Time","Bullet Time","Bullet Time","Accuracy+1","Accuracy+1","Accuracy+1","Masterful Stab+1","Masterful Stab+1","Masterful Stab+1","Backstab","Backstab","Backstab","Storm of Steel","Storm of Steel","Storm of Steel","Envenom","Envenom","Envenom","Expertise","Expertise","Expertise"],"relics":["Ring of the Serpent","WarpedTongs","Blood Vial","Vajra","Mercury Hourglass","MealTicket","Akabeko","Nloth\u0027s Gift","TungstenRod","Snake Skull","Prayer Wheel","Happy Flower","TwistedFunnel","Paper Crane","Letter Opener","Calipers","Bird Faced Urn","Question Card","Snecko Eye","White Beast Statue","Nunchaku","MawBank","Mummified Hand","ClockworkSouvenir","Peace Pipe","Strawberry","Lantern","Pen Nib"],"acts_visited":["Exordium","TheCity","TheBeyond"],"potions_floor_usage":[40,50,50,50,50,50,50],"damage_taken":[{"damage":6.0,"enemies":"Small Slimes","floor":1.0,"turns":2.0},{"damage":0.0,"enemies":"Cultist","floor":4.0,"turns":3.0},{"damage":4.0,"enemies":"2 Louse","floor":5.0,"turns":2.0},{"damage":0.0,"enemies":"Gremlin Nob","floor":6.0,"turns":2.0},{"damage":0.0,"enemies":"Exordium Thugs","floor":8.0,"turns":1.0},{"damage":0.0,"enemies":"Lagavulin","floor":10.0,"turns":2.0},{"damage":0.0,"enemies":"Gremlin Nob","floor":11.0,"turns":2.0},{"damage":3.0,"enemies":"3 Sentries","floor":13.0,"turns":3.0},{"damage":23.0,"enemies":"The Guardian","floor":16.0,"turns":3.0},{"damage":0.0,"enemies":"Spheric Guardian","floor":18.0,"turns":2.0},{"damage":5.0,"enemies":"Shell Parasite","floor":20.0,"turns":3.0},{"damage":9.0,"enemies":"Centurion and Healer","floor":21.0,"turns":3.0},{"damage":0.0,"enemies":"Gremlin Leader","floor":23.0,"turns":1.0},{"damage":0.0,"enemies":"Snecko","floor":25.0,"turns":1.0},{"damage":0.0,"enemies":"3 Cultists","floor":27.0,"turns":1.0},{"damage":0.0,"enemies":"Slavers","floor":30.0,"turns":1.0},{"damage":0.0,"enemies":"Cultist and Chosen","floor":31.0,"turns":1.0},{"damage":0.0,"enemies":"Collector","floor":33.0,"turns":2.0},{"damage":0.0,"enemies":"3 Shapes","floor":35.0,"turns":2.0},{"damage":0,"enemies":"3 Darklings","floor":36,"turns":1},{"damage":0,"enemies":"Spire Growth","floor":37,"turns":1},{"damage":10,"enemies":"Giant Head","floor":40,"turns":5},{"damage":0,"enemies":"Reptomancer","floor":42,"turns":1},{"damage":0,"enemies":"Writhing Mass","floor":44,"turns":1},{"damage":0,"enemies":"Sphere and 2 Shapes","floor":45,"turns":1},{"damage":0,"enemies":"Nemesis","floor":46,"turns":1},{"damage":0,"enemies":"Reptomancer","floor":47,"turns":1},{"damage":5,"enemies":"4 Shapes","floor":48,"turns":2},{"damage":24,"enemies":"Time Eater","floor":50,"turns":6}],"seed_played":"-878916022338446095","potions_obtained":[{"floor":1.0,"key":"BlessingOfTheForge"},{"floor":6.0,"key":"ColorlessPotion"},{"floor":13.0,"key":"DuplicationPotion"},{"floor":40,"key":"Fruit Juice"},{"floor":42,"key":"DistilledChaos"},{"floor":45,"key":"CultistPotion"}],"is_trial":false,"path_per_floor":["M","?","$","M","M","E","R","M","T","E","E","R","E","?","R","B",null,"M","?","M","M","$","E","R","M","T","M","$","$","E","M","R","B",null,"M","M","M","?","$","E","$","E","T","M","M","E","E","M","R","B",null],"character_chosen":"THE_SILENT","items_purchased":["Accuracy","TungstenRod","Snake Skull","EntropicBrew","TwistedFunnel","Paper Crane","Letter Opener","Calipers","Bird Faced Urn","White Beast Statue","Nunchaku","ClockworkSouvenir","Peace Pipe"],"campfire_rested":0,"item_purchase_floors":[22,22,22,22,28,28,28,29,29,39,39,41,41],"current_hp_per_floor":[64,64,64,64,60,60,60,62,62,64,66,66,65,65,65,44,70,70,70,65,58,70,70,70,70,70,70,70,70,70,70,70,70,70,70,70,70,70,70,69,75,82,82,82,82,82,82,81,81,68],"gold":384,"neow_bonus":"","is_daily":true,"chose_seed":false,"campfire_upgraded":6,"win_rate":0.0,"timestamp":1612912659,"path_taken":["M","?","$","?","M","E","R","M","T","E","?","R","?","?","R","BOSS","M","?","M","M","$","E","R","M","T","?","?","$","?","M","R","BOSS","M","M","?","?","$","E","$","E","T","M","?","E","?","M","R","BOSS"],"items_purchased_type":["Card","Relic","Relic","Potion","Relic","Relic","Relic","Relic","Relic","Relic","Relic","Relic","Relic"],"build_version":"2020-12-22","purchased_purges":0,"victory":true,"max_hp_per_floor":[70,70,70,70,70,70,70,70,70,70,70,70,70,70,70,70,70,70,70,70,70,70,70,70,70,70,70,70,70,70,70,70,70,70,70,70,70,70,70,75,75,82,82,82,82,82,82,82,82,82],"relic_stats":{"Happy Flower":[9],"counters":[29,57],"Snake Skull":[70],"Pen Nib":[2],"Letter Opener":[74],"Question Card":19,"MawBank":12,"WarpedTongs":[55],"Mercury Hourglass":[195],"Blood Vial":13,"Peace Pipe":0,"Nunchaku":[5],"Mummified Hand":[19],"Bird Faced Urn":[18],"Snecko Eye":[54,52,41,44],"MealTicket":18,"Prayer Wheel":9,"Nloth\u0027s Gift":12,"obtain_stats":[{"TwistedFunnel":28,"Lantern":43,"Calipers":29,"Vajra":9,"Snake Skull":22,"ClockworkSouvenir":41,"Blood Vial":6,"Nunchaku":39,"Mummified Hand":40,"Strawberry":42,"MealTicket":11,"Prayer Wheel":23,"Ring of the Snake":0,"Happy Flower":26,"Pen Nib":47,"Letter Opener":28,"Paper Crane":28,"Question Card":30,"MawBank":40,"Akabeko":13,"White Beast Statue":39,"WarpedTongs":2,"Mercury Hourglass":10,"Peace Pipe":41,"Bird Faced Urn":29,"Snecko Eye":34,"Nloth\u0027s Gift":19,"Unceasing Top":3,"Ring of the Serpent":17,"TungstenRod":22},{"TwistedFunnel":15,"Lantern":23,"Calipers":15,"Vajra":5,"Snake Skull":12,"ClockworkSouvenir":22,"Blood Vial":4,"Nunchaku":21,"Mummified Hand":22,"Strawberry":23,"MealTicket":7,"Prayer Wheel":13,"Ring of the Snake":0,"Happy Flower":14,"Pen Nib":27,"Letter Opener":15,"Paper Crane":15,"Question Card":16,"MawBank":22,"Akabeko":8,"White Beast Statue":21,"WarpedTongs":1,"Mercury Hourglass":6,"Peace Pipe":22,"Bird Faced Urn":15,"Snecko Eye":18,"Nloth\u0027s Gift":10,"Unceasing Top":1,"Ring of the Serpent":9,"TungstenRod":12},{"TwistedFunnel":31,"Lantern":45,"Calipers":31,"Vajra":10,"Snake Skull":28,"ClockworkSouvenir":44,"Blood Vial":9,"Nunchaku":39,"Mummified Hand":44,"Strawberry":45,"MealTicket":14,"Prayer Wheel":29,"Ring of the Snake":0,"Happy Flower":30,"Pen Nib":49,"Letter Opener":31,"Paper Crane":31,"Question Card":32,"MawBank":44,"Akabeko":17,"White Beast Statue":39,"WarpedTongs":2,"Mercury Hourglass":12,"Peace Pipe":44,"Bird Faced Urn":31,"Snecko Eye":35,"Nloth\u0027s Gift":22,"Unceasing Top":2,"Ring of the Serpent":20,"TungstenRod":28}],"TungstenRod":10},"card_choices":[{"not_picked":["Dodge and Roll","Cloak And Dagger"],"picked":"Crippling Poison","floor":0.0},{"not_picked":["Predator","Leg Sweep"],"picked":"Outmaneuver","floor":0.0},{"not_picked":["Flechettes","Quick Slash"],"picked":"Backflip","floor":0.0},{"not_picked":["Sucker Punch","Skewer"],"picked":"Cloak And Dagger","floor":0.0},{"not_picked":["Backflip","Expertise"],"picked":"Outmaneuver","floor":0.0},{"not_picked":["Acrobatics","Bane"],"picked":"Deadly Poison","floor":0.0},{"not_picked":["Flying Knee","Skewer"],"picked":"Backflip","floor":0.0},{"not_picked":["Prepared","Deflect"],"picked":"PiercingWail","floor":0.0},{"not_picked":["Sucker Punch","PiercingWail"],"picked":"Quick Slash","floor":0.0},{"not_picked":["Dodge and Roll","Cloak And Dagger"],"picked":"Deadly Poison","floor":0.0},{"not_picked":["Dash","Setup"],"picked":"Dagger Spray","floor":0.0},{"not_picked":["Acrobatics","Dodge and Roll"],"picked":"Prepared","floor":0.0},{"not_picked":["Cloak And Dagger","Deadly Poison"],"picked":"Crippling Poison","floor":0.0},{"not_picked":["Deflect","Outmaneuver"],"picked":"Prepared","floor":0.0},{"not_picked":["Outmaneuver","Quick Slash"],"picked":"Poisoned Stab","floor":0.0},{"not_picked":["Finisher","Bane","Backflip"],"picked":"SKIP","floor":1.0},{"not_picked":["Quick Slash","Concentrate"],"picked":"Blade Dance","floor":4.0},{"not_picked":["Prepared","Dagger Throw","Flying Knee"],"picked":"SKIP","floor":5.0},{"not_picked":["Noxious Fumes","Deadly Poison"],"picked":"Corpse Explosion","floor":6.0},{"not_picked":["Dagger Spray","Deflect","Backflip"],"picked":"SKIP","floor":8.0},{"not_picked":["Quick Slash","Sucker Punch"],"picked":"Endless Agony","floor":10.0},{"not_picked":["Dagger Throw","Deflect"],"picked":"Riddle With Holes","floor":11.0},{"not_picked":["Slice","Bane"],"picked":"Adrenaline","floor":13.0},{"not_picked":["Venomology","Envenom"],"picked":"Adrenaline","floor":16.0},{"not_picked":["Eviscerate","Dodge and Roll+1","Outmaneuver"],"picked":"SKIP","floor":18.0},{"not_picked":["Sucker Punch","Dash","Escape Plan+1"],"picked":"SKIP","floor":20.0},{"not_picked":["Slice","Dagger Throw+1","Poisoned Stab"],"picked":"SKIP","floor":21.0},{"not_picked":["Blade Dance","Caltrops"],"picked":"Corpse Explosion","floor":23.0},{"not_picked":["Underhanded Strike","Escape Plan"],"picked":"Noxious Fumes+1","floor":25.0},{"not_picked":["Calculated Gamble","Prepared","Malaise"],"picked":"SKIP","floor":25.0},{"not_picked":["Poisoned Stab","Finisher"],"picked":"Deflect","floor":27.0},{"not_picked":["Cloak And Dagger+1","Flying Knee","Sucker Punch+1"],"picked":"SKIP","floor":27.0},{"not_picked":["A Thousand Cuts","Venomology"],"picked":"After Image","floor":30.0},{"not_picked":["Escape Plan","Leg Sweep","Acrobatics"],"picked":"Infinite Blades","floor":31.0},{"not_picked":["Backflip+1","Bane","Prepared","Quick Slash+1"],"picked":"SKIP","floor":31.0},{"not_picked":["Night Terror","Burst","Tools of the Trade"],"picked":"Bullet Time","floor":33.0},{"not_picked":["Dodge and Roll","Well Laid Plans","Sucker Punch+1","Bane+1"],"picked":"SKIP","floor":35.0},{"not_picked":["Eviscerate+1","Riddle With Holes","Outmaneuver+1","Prepared"],"picked":"SKIP","floor":35.0},{"not_picked":["Endless Agony","Quick Slash","Bane"],"picked":"Accuracy+1","floor":36},{"not_picked":["Terror","Dodge and Roll","Dagger Throw","Bouncing Flask+1"],"picked":"SKIP","floor":36},{"not_picked":["Grand Finale","Flying Knee","Poisoned Stab+1","Slice"],"picked":"SKIP","floor":37},{"not_picked":["Escape Plan","Doppelganger","Masterful Stab+1","Dagger Throw"],"picked":"SKIP","floor":37},{"not_picked":["Escape Plan","Doppelganger","Dagger Throw"],"picked":"Masterful Stab+1","floor":37},{"not_picked":["Grand Finale","Flying Knee","Poisoned Stab+1","Slice"],"picked":"SKIP","floor":37},{"not_picked":["Storm of Steel","Tools of the Trade","Endless Agony","Outmaneuver"],"picked":"SKIP","floor":40},{"not_picked":["Tactician+1","Prepared+1","Deadly Poison","PiercingWail+1"],"picked":"SKIP","floor":42},{"not_picked":["Doppelganger","Crippling Poison+1","Prepared+1","Flechettes"],"picked":"SKIP","floor":44},{"not_picked":["Poisoned Stab+1","Outmaneuver+1","Reflex","Eviscerate+1"],"picked":"SKIP","floor":44},{"not_picked":["Well Laid Plans","Bane","Expertise+1"],"picked":"Backstab","floor":45},{"not_picked":["Flying Knee+1","Deflect+1","Dagger Throw"],"picked":"Storm of Steel","floor":45},{"not_picked":["Night Terror","Deadly Poison","Blur","Catalyst"],"picked":"SKIP","floor":46},{"not_picked":["Footwork+1","Tactician","Prepared+1","Dodge and Roll"],"picked":"SKIP","floor":47},{"not_picked":["Backflip+1","Dagger Spray","Eviscerate"],"picked":"Envenom","floor":48},{"not_picked":["Blade Dance","Poisoned Stab","Riddle With Holes"],"picked":"Expertise","floor":48}],"player_experience":365013,"relics_obtained":[{"floor":6.0,"key":"Blood Vial"},{"floor":9.0,"key":"Vajra"},{"floor":10.0,"key":"Mercury Hourglass"},{"floor":11.0,"key":"MealTicket"},{"floor":13.0,"key":"Akabeko"},{"floor":23.0,"key":"Prayer Wheel"},{"floor":26.0,"key":"Happy Flower"},{"floor":30.0,"key":"Question Card"},{"floor":40,"key":"MawBank"},{"floor":42,"key":"Strawberry"},{"floor":43,"key":"Lantern"},{"floor":47,"key":"Pen Nib"}],"event_choices":[{"damage_healed":0.0,"max_hp_gain":0.0,"max_hp_loss":0.0,"gold_gain":0.0,"event_name":"Accursed Blacksmith","player_choice":"Rummage","floor":2.0,"gold_loss":0.0,"damage_taken":0.0,"relics_obtained":["WarpedTongs"],"cards_obtained":["Pain"]},{"damage_healed":0.0,"max_hp_gain":0.0,"max_hp_loss":0.0,"gold_gain":0.0,"event_name":"Liars Game","player_choice":"Ignored","floor":14.0,"gold_loss":0.0,"damage_taken":0.0},{"damage_healed":0.0,"max_hp_gain":0.0,"max_hp_loss":0.0,"gold_gain":0.0,"event_name":"N\u0027loth","player_choice":"Traded Relic","floor":19.0,"relics_lost":["Unceasing Top"],"gold_loss":0.0,"damage_taken":0.0,"relics_obtained":["Nloth\u0027s Gift"]},{"cards_removed":["Prepared"],"damage_healed":0,"gold_gain":0,"player_choice":"Removed Skill","damage_taken":0,"max_hp_gain":0,"max_hp_loss":0,"event_name":"Falling","floor":38,"gold_loss":0}],"is_beta":false,"boss_relics":[{"not_picked":["Fusion Hammer","Sozu"],"picked":"Ring of the Serpent"},{"not_picked":["Runic Pyramid","Velvet Choker"],"picked":"Snecko Eye"}],"items_purged_floors":[],"is_endless":false,"potions_floor_spawned":[1,6,13,30,33,35,40,42,44,45,46,47,48],"ascension_level":0}}