{"host":"kqjncq1jgqa58i7s","time":1612885020,"event":{"mods":["AchievementEnabler","BaseMod","Colored Map","Minty Spire (QoL Compilation)","Relic Stats"],"gold_per_floor":[114,114,125,140,151,151,151,151,151],"floor_reached":8,"language":"ENG","playtime":323,"items_purged":[],"score":116,"play_id":"cc0b42b9-cd3e-4d02-86a4-0761ee7ed41c","local_time":"20210209163700","is_ascension_mode":true,"campfire_choices":[{"data":"TalkToTheHand","floor":7,"key":"SMITH"}],"circlet_count":0,"master_deck":["AscendersBane","Strike_P","Strike_P","Strike_P","Strike_P","Defend_P","Defend_P","Defend_P","Defend_P","Eruption","Vigilance","EmptyFist","Decay","MentalFortress","FlyingSleeves","TalkToTheHand+1"],"relics":["VioletLotus"],"acts_visited":[],"potions_floor_usage":[6],"damage_taken":[{"damage":0.0,"enemies":"Small Slimes","floor":1.0,"turns":6.0},{"damage":3.0,"enemies":"Cultist","floor":3.0,"turns":4.0},{"damage":9.0,"enemies":"Jaw Worm","floor":4.0,"turns":5.0},{"damage":15.0,"enemies":"3 Louse","floor":5.0,"turns":5.0},{"damage":0,"enemies":"3 Sentries","floor":6,"turns":1},{"damage":38,"enemies":"Gremlin Nob","floor":8,"turns":3}],"seed_played":"2824317535620950933","potions_obtained":[{"floor":3.0,"key":"SmokeBomb"},{"floor":4.0,"key":"Dexterity Potion"}],"is_trial":false,"path_per_floor":["M","?","M","M","M","E","R","E"],"character_chosen":"WATCHER","items_purchased":[],"campfire_rested":0,"item_purchase_floors":[],"current_hp_per_floor":[61,61,58,49,34,34,34,0,0],"gold":151,"neow_bonus":"BOSS_RELIC","is_daily":false,"chose_seed":false,"campfire_upgraded":1,"win_rate":0.0,"timestamp":1612885020,"path_taken":["M","?","M","?","M","E","R","E"],"items_purchased_type":[],"build_version":"2020-12-22","purchased_purges":0,"victory":false,"max_hp_per_floor":[68,68,68,68,68,68,68,68,68],"relic_stats":{"counters":[6,24],"VioletLotus":[3],"obtain_stats":[{"VioletLotus":0},{"VioletLotus":0},{"VioletLotus":0}]},"card_choices":[{"not_picked":["SashWhip","CrushJoints"],"picked":"EmptyFist","floor":1.0},{"not_picked":["CrushJoints","PathToVictory"],"picked":"MentalFortress","floor":3.0},{"not_picked":["LikeWater","CutThroughFate"],"picked":"FlyingSleeves","floor":4.0},{"not_picked":["CutThroughFate","ForeignInfluence"],"picked":"TalkToTheHand","floor":5.0}],"player_experience":1664074,"relics_obtained":[],"event_choices":[{"damage_healed":0.0,"max_hp_gain":0.0,"max_hp_loss":0.0,"gold_gain":0.0,"event_name":"Wheel of Change","player_choice":"Cursed","floor":2.0,"gold_loss":0.0,"damage_taken":0.0,"cards_obtained":["Decay"]}],"is_beta":false,"boss_relics":[],"items_purged_floors":[],"is_endless":false,"potions_floor_spawned":[3,4],"killed_by":"Gremlin Nob","ascension_level":20}}