{"host":"xo0glkmxta74xh34","time":1612852741,"event":{"mods":["BaseMod","Downfall","Minty Spire (QoL Compilation)","Replay The Spire","StSLib"],"gold_per_floor":[99,115,215,215,215,215,240,240,267,49,69,94,94,110,127,231,231,231,244,264,291,291,325,405,405,25,25,41,58,70,87,105,204,254,254,269,281,306,306,65,92,88,88,88,119,197,197,208,219,219],"floor_reached":51,"language":"ENG","playtime":3260,"items_purged":["hexamod:Strike","Injury","Injury","hexamod:ParanormalForm"],"score":928,"play_id":"4838a66a-ca06-43ff-9c7f-7a840ada2777","local_time":"20210209003901","is_ascension_mode":true,"campfire_choices":[{"data":"hexamod:FlameSwitch","floor":1.0,"key":"SMITH"},{"floor":6.0,"key":"REST"},{"floor":8.0,"key":"REST"},{"floor":13.0,"key":"REST"},{"floor":18.0,"key":"DIG"},{"floor":25.0,"key":"REST"},{"floor":27.0,"key":"REST"},{"floor":35.0,"key":"REST"},{"data":"hexamod:SkipABeat","floor":43.0,"key":"SMITH"},{"floor":47,"key":"REST"}],"circlet_count":0,"master_deck":["hexamod:Strike+1","hexamod:Strike+1","hexamod:Defend","hexamod:Defend+1","hexamod:Float+1","hexamod:RadiantFlame","hexamod:StepThrough","hexamod:WildfireWeapon","hexamod:SkipABeat+1","hexamod:Toasty+1","hexamod:FourthSeal","hexamod:FourthSeal","hexamod:ExtraCrispy+1","hexamod:ApocalypticArmor+1","hexamod:VolcanoVisage+1","expansioncontent:AwakenDeath","hexamod:RetreatToShadows+1","expansioncontent:StudyTheSpire+1","Bandage Up","Bandage Up","hexamod:Toasty","hexamod:WildfireWeapon"],"relics":["hexamod:SpiritBrand","downfall:ShatteredFragment","Smiling Mask","Whetstone","Gremlin Food","Bronze Scales","Tiny Chest","Kintsugi","TungstenRod","Red Mask","InkBottle","Bottled Flame","Guardian:GemstoneGun","Tiny House","Blue Doll","BargainBundle","hexamod:MatchstickCase","Lee\u0027s Waffle","Oddly Smooth Stone","Kunai","Bottled Tornado"],"acts_visited":["Exordium","TheCity","TheBeyond"],"potions_floor_usage":[44,45,48,49,50,50,50],"damage_taken":[{"damage":1.0,"enemies":"Small Slimes","floor":2.0,"turns":4.0},{"damage":5.0,"enemies":"3 Sentries","floor":9.0,"turns":7.0},{"damage":0.0,"enemies":"downfall:FleeingMerchant","floor":10.0,"turns":4.0},{"damage":0.0,"enemies":"2 Louse","floor":11.0,"turns":2.0},{"damage":16.0,"enemies":"Lagavulin","floor":12.0,"turns":4.0},{"damage":2.0,"enemies":"Jaw Worm","floor":14.0,"turns":2.0},{"damage":0.0,"enemies":"Gremlin Gang","floor":15.0,"turns":4.0},{"damage":10.0,"enemies":"SI_SHIV_ARCHETYPE","floor":16.0,"turns":5.0},{"damage":12.0,"enemies":"3 Byrds","floor":19.0,"turns":3.0},{"damage":5.0,"enemies":"Chosen","floor":20.0,"turns":3.0},{"damage":22.0,"enemies":"Masked Bandits","floor":21.0,"turns":4.0},{"damage":19.0,"enemies":"Book of Stabbing","floor":23.0,"turns":5.0},{"damage":6.0,"enemies":"downfall:FleeingMerchant","floor":26.0,"turns":4.0},{"damage":0.0,"enemies":"Centurion and Healer","floor":28.0,"turns":5.0},{"damage":10.0,"enemies":"3 Cultists","floor":29.0,"turns":4.0},{"damage":17.0,"enemies":"Sentry and Sphere","floor":30.0,"turns":5.0},{"damage":1.0,"enemies":"Centurion and Healer","floor":31.0,"turns":5.0},{"damage":0.0,"enemies":"Cultist and Chosen","floor":32.0,"turns":4.0},{"damage":50.0,"enemies":"DF_ARCHETYPE_CLAW","floor":33.0,"turns":7.0},{"damage":4.0,"enemies":"Orb Walker","floor":36.0,"turns":3.0},{"damage":2.0,"enemies":"3 Shapes","floor":37.0,"turns":6.0},{"damage":9.0,"enemies":"downfall:FleeingMerchant","floor":40.0,"turns":4.0},{"damage":6.0,"enemies":"downfall:FleeingMerchant","floor":42.0,"turns":3.0},{"damage":0,"enemies":"Transient","floor":44,"turns":1},{"damage":49,"enemies":"Nemesis","floor":45,"turns":5},{"damage":12,"enemies":"Spire Growth","floor":48,"turns":5},{"damage":8,"enemies":"Maw","floor":49,"turns":7},{"damage":39,"enemies":"IC_BLOCK_ARCHETYPE","floor":50,"turns":10}],"seed_played":"5565816175346275811","potions_obtained":[{"floor":9.0,"key":"Dexterity Potion"},{"floor":11.0,"key":"SteroidPotion"},{"floor":15.0,"key":"hexamod:SoulburnPotion"},{"floor":16.0,"key":"Reflective Coating"},{"floor":19.0,"key":"DuplicationPotion"},{"floor":20.0,"key":"hexamod:EctoCoolerPotion"},{"floor":21.0,"key":"Languid Potion"},{"floor":21.0,"key":"LiquidMemories"},{"floor":21.0,"key":"Energy Potion"},{"floor":23.0,"key":"hexamod:SoulburnPotion"},{"floor":23.0,"key":"ColorlessPotion"},{"floor":26.0,"key":"Regen Potion"},{"floor":29.0,"key":"PowerPotion"},{"floor":30.0,"key":"hexamod:EctoCoolerPotion"},{"floor":32.0,"key":"LiquidBronze"},{"floor":34.0,"key":"hexamod:EctoCoolerPotion"},{"floor":36.0,"key":"Ancient Potion"},{"floor":37.0,"key":"Elixir"},{"floor":37.0,"key":"ColorlessPotion"},{"floor":40.0,"key":"LiquidMemories"},{"floor":42.0,"key":"SmokeBomb"},{"floor":45,"key":"SpeedPotion"},{"floor":45,"key":"SpeedPotion"},{"floor":48,"key":"Adrenaline Potion"},{"floor":49,"key":"Swift Potion"}],"is_trial":false,"path_per_floor":["R","M","?","?","?","R","T","R","E","$","M","E","R","M","M","B",null,"R","M","M","?","?","E","T","R","$","R","M","M","M","M","M","B",null,"R","M","M","T","?","?","T","$","R","M","E","T","R","M","M","B",null],"character_chosen":"THE_SPIRIT","items_purchased":["Bronze Scales","Guardian:GemstoneGun","BargainBundle","expansioncontent:StudyTheSpire+1","Bandage Up","PowerPotion","Lee\u0027s Waffle","Oddly Smooth Stone"],"campfire_rested":7,"item_purchase_floors":[10,26,40,40,40,40,42,42],"current_hp_per_floor":[70,69,69,48,23,44,44,65,60,60,60,44,65,63,63,53,66,66,54,49,27,80,61,61,80,74,80,80,70,62,61,61,11,68,85,81,79,79,79,70,70,92,92,92,47,47,74,70,70,39],"gold":219,"neow_bonus":"ONE_RANDOM_RARE_CARD","is_daily":false,"chose_seed":false,"campfire_upgraded":2,"win_rate":0.0,"timestamp":1612852741,"path_taken":["R","M","?","?","?","R","T","R","E","$","M","E","R","M","M","BOSS","R","M","M","?","?","E","T","R","$","R","M","?","M","M","M","BOSS","R","M","M","?","?","?","T","?","R","M","E","?","R","?","M","BOSS"],"items_purchased_type":["Relic","Relic","Relic","Card","Card","Potion","Relic","Relic"],"build_version":"2020-12-22","purchased_purges":4,"victory":true,"max_hp_per_floor":[70,70,70,70,70,70,70,70,70,70,70,70,70,70,70,70,70,70,70,70,70,80,80,80,80,80,80,80,80,80,80,80,80,85,85,85,85,85,85,85,85,92,92,92,92,92,92,92,92,92],"card_choices":[{"not_picked":["hexamod:NightmareStrike","hexamod:InspiringFlames","hexamod:BurningTouch"],"picked":"SKIP","floor":2.0},{"not_picked":["hexamod:SpectersWail","hexamod:BacktrackSmack"],"picked":"hexamod:RadiantFlame","floor":9.0},{"not_picked":["hexamod:FastForward","hexamod:SpectralAdrenaline"],"picked":"hexamod:StepThrough","floor":10.0},{"not_picked":["hexamod:ShieldOfDarkness","hexamod:HauntingEcho","hexamod:InspiringFlames"],"picked":"SKIP","floor":11.0},{"not_picked":["hexamod:ShieldOfDarkness","hexamod:GhostLash"],"picked":"hexamod:WildfireWeapon","floor":12.0},{"not_picked":["hexamod:SwordOfDarkness","hexamod:ChargedBarrage"],"picked":"hexamod:SkipABeat","floor":14.0},{"not_picked":["hexamod:FlamesFromBeyond","hexamod:NightmareStrike"],"picked":"hexamod:GhostOfSpirePast","floor":15.0},{"not_picked":["hexamod:VolcanoVisage","hexamod:ApocalypticArmor"],"picked":"hexamod:Toasty","floor":16.0},{"not_picked":["hexamod:ShieldOfDarkness","hexamod:NightmareStrike"],"picked":"hexamod:FourthSeal","floor":19.0},{"not_picked":["hexamod:ShieldOfDarkness+1","hexamod:Hexaguard"],"picked":"hexamod:FourthSeal","floor":20.0},{"not_picked":["hexamod:NightmareStrike","hexamod:RadiantFlame"],"picked":"hexamod:ExtraCrispy","floor":23.0},{"not_picked":["hexamod:FlamesFromBeyond","hexamod:SoulSteal"],"picked":"hexamod:ParanormalForm","floor":26.0},{"not_picked":["hexamod:BacktrackSmack","hexamod:GhostLash","hexamod:PhantomCloak"],"picked":"SKIP","floor":28.0},{"not_picked":["hexamod:GhostLash","hexamod:FastForward"],"picked":"hexamod:ApocalypticArmor","floor":29.0},{"not_picked":["hexamod:FastForward","hexamod:NightmareGuise","hexamod:BurningTouch"],"picked":"SKIP","floor":30.0},{"not_picked":["hexamod:ThirdSeal","hexamod:SpectersWail+1","hexamod:GhostLash"],"picked":"SKIP","floor":31.0},{"not_picked":["hexamod:SuperheatedStrike+1","hexamod:SpectersWail","hexamod:FourthSeal"],"picked":"SKIP","floor":32.0},{"not_picked":["hexamod:FifthSeal","hexamod:TimeWarp"],"picked":"hexamod:VolcanoVisage","floor":33.0},{"not_picked":["hexamod:GhostLash+1","hexamod:AdvancingGuard+1","hexamod:InspiringFlames"],"picked":"SKIP","floor":36.0},{"not_picked":["hexamod:ExtraCrispy","hexamod:Firestarter+1","hexamod:RadiantFlame"],"picked":"SKIP","floor":37.0},{"not_picked":["expansioncontent:PrepareCrush","expansioncontent:YouAreMine"],"picked":"expansioncontent:AwakenDeath","floor":39.0},{"not_picked":["hexamod:GhostLash","hexamod:SkipABeat"],"picked":"hexamod:RetreatToShadows+1","floor":40.0},{"not_picked":["hexamod:SuperheatedStrike","hexamod:ThermalTransfer"],"picked":"hexamod:Toasty","floor":42.0},{"not_picked":["hexamod:ShieldOfDarkness+1","hexamod:ThermalTransfer","hexamod:ChargedBarrage"],"picked":"SKIP","floor":45},{"not_picked":["hexamod:HauntingEcho","hexamod:FourthSeal","hexamod:ThirdSeal"],"picked":"SKIP","floor":48},{"not_picked":["hexamod:FastForward","hexamod:DynamicBlow+1"],"picked":"hexamod:WildfireWeapon","floor":49}],"player_experience":436206,"relics_obtained":[{"floor":7.0,"key":"Whetstone"},{"floor":9.0,"key":"Gremlin Food"},{"floor":12.0,"key":"Tiny Chest"},{"floor":18.0,"key":"TungstenRod"},{"floor":21.0,"key":"Red Mask"},{"floor":23.0,"key":"InkBottle"},{"floor":24.0,"key":"Bottled Flame"},{"floor":38.0,"key":"Blue Doll"},{"floor":41.0,"key":"hexamod:MatchstickCase"},{"floor":45,"key":"Kunai"},{"floor":46,"key":"Bottled Tornado"}],"event_choices":[{"damage_healed":0.0,"max_hp_gain":0.0,"max_hp_loss":0.0,"gold_gain":0.0,"event_name":"Scrap Ooze","player_choice":"Success","floor":5.0,"gold_loss":0.0,"damage_taken":25.0,"relics_obtained":["Smiling Mask"]},{"damage_healed":0.0,"max_hp_gain":0.0,"max_hp_loss":0.0,"gold_gain":0.0,"event_name":"Masked Bandits","player_choice":"Fought Bandits","floor":21.0,"gold_loss":0.0,"damage_taken":0.0},{"cards_removed":["hexamod:FlameSwitch"],"damage_healed":43.0,"max_hp_gain":10.0,"max_hp_loss":0.0,"gold_gain":0.0,"event_name":"Bonfire Elementals","player_choice":"Offered Rare","floor":22.0,"gold_loss":0.0,"damage_taken":0.0}],"is_beta":false,"boss_relics":[{"not_picked":["SlaversCollar","Cursed Key"],"picked":"Kintsugi"},{"not_picked":["Runic Pyramid","Painkiller Herb"],"picked":"Tiny House"}],"items_purged_floors":[10,26,40,42],"is_endless":false,"potions_floor_spawned":[9,11,15,16,19,21,29,30,32,37,45],"ascension_level":5}}