{"host":"7h05nr6qm89lgkco","time":1612861657,"event":{"mods":["BaseMod","Bestiary","Block Reminder","ChefMod","Colored Powertips","DeckTracker","Dota2Spire","Downfall","Friendly Minions","Minty Spire (QoL Compilation)","Quick Restart","Rare Cards Sparkle","Relic Stats","StSLib","The Cursed","The Poker Player","Unceasing Turn Reminder"],"gold_per_floor":[99,114,134,134,38,38,61,61,74,87,87,107,133,147,160,255,255,255,274,98,116,116,116,116,127,138,152,83,83,95,123,134,238,238,138,156,156,156,66,80,80,92,92,92,104,154,154,189,89,89],"floor_reached":51,"language":"ZHS","playtime":3387,"items_purged":["bronze:Strike"],"score":701,"play_id":"70e013bf-38f3-4ea4-a638-c7335b107e98","local_time":"20210209170737","is_ascension_mode":false,"campfire_choices":[{"data":"bronze:Goto","floor":1.0,"key":"SMITH"},{"data":"expansioncontent:Chronoboost","floor":6.0,"key":"SMITH"},{"data":"bronze:Format","floor":11.0,"key":"SMITH"},{"data":"bronze:Replicate","floor":18.0,"key":"SMITH"},{"data":"Trip","floor":23.0,"key":"SMITH"},{"floor":35.0,"key":"RECALL"},{"data":"bronze:FindAndReplace","floor":44.0,"key":"SMITH"},{"floor":49,"key":"REST"}],"circlet_count":0,"master_deck":["bronze:Strike","bronze:Defend","bronze:Defend","bronze:Defend","bronze:Replicate+1","bronze:Goto+1","bronze:DelayedGuard","bronze:DelayedSlice","bronze:Overheat","bronze:Format+1","bronze:Repair","bronze:ChildClass","bronze:Philosophize","bronze:Mutator","bronze:DelayedSlice+1","Trip+1","bronze:Overload","bronze:Overheat","bronze:Assembly","CurseOfTheBell","expansioncontent:InvincibleStrength","expansioncontent:InvincibleStrength","expansioncontent:Hexaburn","bronze:FindAndReplace+1"],"relics":["bronze:BronzeCore","Juzu Bracelet","Busted Crown","Dota2Spire:DrumOfEndurance","Calling Bell","MealTicket","HornCleat","Bird Faced Urn","downfall:HeartBlessingBlue","Dota2Spire:HeartOfTarrasque","Dota2Spire:DivineRapier","Red Mask","downfall:RedIOUUpgrade","Dota2Spire:AssaultCuirass","bronze:BottledCode","Letter Opener","downfall:HeartBlessingRed"],"acts_visited":["Exordium","TheCity","TheBeyond"],"potions_floor_usage":[48],"damage_taken":[{"damage":0.0,"enemies":"Small Slimes","floor":2.0,"turns":4.0},{"damage":6.0,"enemies":"Jaw Worm","floor":3.0,"turns":4.0},{"damage":0.0,"enemies":"downfall:FleeingMerchant","floor":5.0,"turns":4.0},{"damage":0.0,"enemies":"Cultist","floor":9.0,"turns":3.0},{"damage":9.0,"enemies":"Blue Slaver","floor":10.0,"turns":3.0},{"damage":8.0,"enemies":"Red Slaver","floor":12.0,"turns":4.0},{"damage":14.0,"enemies":"Lagavulin","floor":13.0,"turns":6.0},{"damage":0.0,"enemies":"Exordium Wildlife","floor":14.0,"turns":3.0},{"damage":0.0,"enemies":"2 Fungi Beasts","floor":15.0,"turns":2.0},{"damage":31.0,"enemies":"DF_ARCHETYPE_STREAMLINE","floor":16.0,"turns":9.0},{"damage":0.0,"enemies":"3 Byrds","floor":19.0,"turns":4.0},{"damage":0.0,"enemies":"downfall:FleeingMerchant","floor":20.0,"turns":4.0},{"damage":0.0,"enemies":"Spheric Guardian","floor":21.0,"turns":1.0},{"damage":0.0,"enemies":"Snake Plant","floor":25.0,"turns":3.0},{"damage":0.0,"enemies":"Centurion and Healer","floor":26.0,"turns":3.0},{"damage":11.0,"enemies":"Snecko","floor":27.0,"turns":5.0},{"damage":0.0,"enemies":"downfall:FleeingMerchant","floor":28.0,"turns":4.0},{"damage":6.0,"enemies":"Chosen and Byrds","floor":30.0,"turns":5.0},{"damage":18.0,"enemies":"Book of Stabbing","floor":31.0,"turns":5.0},{"damage":0.0,"enemies":"Snake Plant","floor":32.0,"turns":2.0},{"damage":16.0,"enemies":"SI_MIRROR_ARCHETYPE","floor":33.0,"turns":7.0},{"damage":0.0,"enemies":"Orb Walker","floor":36.0,"turns":2.0},{"damage":0.0,"enemies":"downfall:FleeingMerchant","floor":39.0,"turns":2.0},{"damage":0.0,"enemies":"3 Shapes","floor":40.0,"turns":3.0},{"damage":19.0,"enemies":"Sphere and 2 Shapes","floor":42.0,"turns":6.0},{"damage":20.0,"enemies":"Maw","floor":45.0,"turns":7.0},{"damage":21.0,"enemies":"2 Orb Walkers","floor":46.0,"turns":3.0},{"damage":84,"enemies":"Nemesis","floor":48,"turns":7},{"damage":33,"enemies":"WA_ARCHETYPE_DIVINITY","floor":50,"turns":9}],"seed_played":"-5889096520211963126","potions_obtained":[{"floor":9.0,"key":"Dota2Spire:HealingSalve"},{"floor":12.0,"key":"Dexterity Potion"},{"floor":14.0,"key":"Explosive Potion"},{"floor":16.0,"key":"SmokeBomb"},{"floor":27.0,"key":"Fire Potion"},{"floor":31.0,"key":"Dota2Spire:HealingSalve"},{"floor":40.0,"key":"Fire Potion"},{"floor":45.0,"key":"Weak Potion"}],"is_trial":false,"path_per_floor":["R","M","M","?","$","R","T","?","M","M","R","M","E","M","M","B",null,"R","M","$","M","?","R","T","M","M","M","$","?","M","E","M","B",null,"R","M","?","?","?","M","T","M","?","R","M","?","?","E","R","B",null],"character_chosen":"THE_AUTOMATON","items_purchased":["expansioncontent:Chronoboost","Trip","bronze:Overheat","bronze:FindAndReplace","Dota2Spire:HeartOfTarrasque"],"campfire_rested":1,"item_purchase_floors":[5,20,28,39,39],"current_hp_per_floor":[77,77,71,71,71,71,71,71,71,62,62,61,54,61,68,44,77,77,77,77,77,77,77,77,77,77,66,73,73,74,63,63,54,77,87,87,87,77,87,89,89,79,79,79,76,66,66,2,27,9],"gold":89,"neow_bonus":"TEN_PERCENT_HP_BONUS","is_daily":false,"chose_seed":false,"campfire_upgraded":6,"win_rate":0.0,"timestamp":1612861657,"path_taken":["R","M","M","?","$","R","T","?","?","M","R","M","E","M","M","BOSS","R","M","$","M","?","R","T","M","M","M","$","?","M","E","M","BOSS","R","M","?","?","?","M","T","M","?","R","M","?","?","E","R","BOSS"],"items_purchased_type":["Card","Card","Card","Card","Relic"],"build_version":"2020-12-22","purchased_purges":1,"victory":true,"max_hp_per_floor":[77,77,77,77,77,77,77,77,77,77,77,77,77,77,77,77,77,77,77,77,77,77,77,77,77,77,77,77,77,77,77,77,77,77,87,87,87,87,95,95,95,95,95,95,95,95,85,85,85,85],"relic_stats":{"Busted Crown":44,"counters":[29,124],"Bird Faced Urn":[38],"MealTicket":0,"Juzu Bracelet":2,"Letter Opener":[10],"obtain_stats":[{"downfall:RedIOUUpgrade":43,"bronze:BronzeCore":0,"downfall:HeartBlessingRed":49,"Dota2Spire:DrumOfEndurance":31,"Juzu Bracelet":13,"Dota2Spire:HeartOfTarrasque":39,"Letter Opener":48,"Calling Bell":34,"bronze:BottledCode":47,"Busted Crown":17,"HornCleat":34,"downfall:HeartBlessingBlue":35,"Bird Faced Urn":34,"MealTicket":34,"downfall:RedIOU":29,"Dota2Spire:DivineRapier":41,"Red Mask":43,"Dota2Spire:AssaultCuirass":46,"Dota2Spire:PhaseBoots":7},{"downfall:RedIOUUpgrade":25,"bronze:BronzeCore":0,"downfall:HeartBlessingRed":28,"Dota2Spire:DrumOfEndurance":19,"Juzu Bracelet":7,"Dota2Spire:HeartOfTarrasque":23,"Letter Opener":28,"Calling Bell":21,"bronze:BottledCode":27,"Busted Crown":10,"HornCleat":21,"downfall:HeartBlessingBlue":21,"Bird Faced Urn":21,"MealTicket":21,"downfall:RedIOU":17,"Dota2Spire:DivineRapier":24,"Red Mask":25,"Dota2Spire:AssaultCuirass":27,"Dota2Spire:PhaseBoots":3},{"downfall:RedIOUUpgrade":98,"bronze:BronzeCore":0,"downfall:HeartBlessingRed":115,"Dota2Spire:DrumOfEndurance":76,"Juzu Bracelet":28,"Dota2Spire:HeartOfTarrasque":89,"Letter Opener":115,"Calling Bell":85,"bronze:BottledCode":108,"Busted Crown":42,"HornCleat":85,"downfall:HeartBlessingBlue":85,"Bird Faced Urn":85,"MealTicket":85,"downfall:RedIOU":66,"Dota2Spire:DivineRapier":92,"Red Mask":98,"Dota2Spire:AssaultCuirass":108,"Dota2Spire:PhaseBoots":12}]},"card_choices":[{"not_picked":["bronze:ForLoop","bronze:FollowUp"],"picked":"bronze:DelayedGuard","floor":2.0},{"not_picked":["bronze:Turbo","bronze:Shield"],"picked":"bronze:DelayedSlice","floor":3.0},{"not_picked":["bronze:OilSpill","bronze:Deprecate","bronze:DarkDash"],"picked":"SKIP","floor":5.0},{"not_picked":["bronze:DelayedSlice","bronze:CutThrough"],"picked":"bronze:Format","floor":9.0},{"not_picked":["bronze:DelayedSlice","bronze:WildBeam"],"picked":"bronze:Repair","floor":10.0},{"not_picked":["bronze:BuggyMess","bronze:Branch","bronze:FineTuning"],"picked":"SKIP","floor":12.0},{"not_picked":["bronze:Shield","bronze:Iterate"],"picked":"bronze:ChildClass","floor":13.0},{"not_picked":["bronze:Overload","bronze:DelayedGuard","bronze:GetLatest"],"picked":"SKIP","floor":14.0},{"not_picked":["bronze:ChildClass","bronze:Return"],"picked":"bronze:Philosophize","floor":15.0},{"not_picked":["bronze:Verify","bronze:AlphaBuild"],"picked":"bronze:Mutator","floor":16.0},{"not_picked":[],"picked":"bronze:DelayedSlice+1","floor":19.0},{"not_picked":["bronze:BronzeArmor"],"picked":"SKIP","floor":20.0},{"not_picked":[],"picked":"bronze:NullPointer","floor":21.0},{"not_picked":["bronze:WhirlingStrike+1"],"picked":"SKIP","floor":25.0},{"not_picked":["bronze:Turbo"],"picked":"SKIP","floor":26.0},{"not_picked":["bronze:Shield"],"picked":"SKIP","floor":27.0},{"not_picked":["bronze:Shield"],"picked":"SKIP","floor":28.0},{"not_picked":["bronze:CutThrough"],"picked":"SKIP","floor":30.0},{"not_picked":["bronze:FineTuning"],"picked":"SKIP","floor":31.0},{"not_picked":["bronze:ForLoop"],"picked":"SKIP","floor":32.0},{"not_picked":[],"picked":"bronze:Assembly","floor":33.0},{"not_picked":["bronze:WildBeam"],"picked":"SKIP","floor":36.0},{"not_picked":["expansioncontent:PrepareCrush","expansioncontent:YouAreMine"],"picked":"expansioncontent:InvincibleStrength","floor":38.0},{"not_picked":["expansioncontent:Chronoboost","expansioncontent:PolyBeam"],"picked":"expansioncontent:InvincibleStrength","floor":38.0},{"not_picked":["expansioncontent:YouAreMine","expansioncontent:PolyBeam"],"picked":"expansioncontent:Hexaburn","floor":38.0},{"not_picked":["bronze:BugBarrage+1"],"picked":"SKIP","floor":39.0},{"not_picked":["bronze:Break"],"picked":"SKIP","floor":40.0},{"not_picked":["bronze:BitShift"],"picked":"SKIP","floor":42.0},{"not_picked":["bronze:ChildClass"],"picked":"SKIP","floor":45.0},{"not_picked":["bronze:BuggyMess+1"],"picked":"SKIP","floor":48}],"player_experience":893891,"relics_obtained":[{"floor":7.0,"key":"Dota2Spire:PhaseBoots"},{"floor":13.0,"key":"Juzu Bracelet"},{"floor":31.0,"key":"Dota2Spire:DrumOfEndurance"},{"floor":34.0,"key":"MealTicket"},{"floor":34.0,"key":"HornCleat"},{"floor":34.0,"key":"Bird Faced Urn"},{"floor":41.0,"key":"Dota2Spire:DivineRapier"},{"floor":46.0,"key":"Dota2Spire:AssaultCuirass"},{"floor":48,"key":"Letter Opener"}],"event_choices":[{"cards_removed":["expansioncontent:Chronoboost"],"damage_healed":0.0,"max_hp_gain":0.0,"max_hp_loss":0.0,"gold_gain":0.0,"event_name":"Falling","player_choice":"Removed Power","floor":37.0,"gold_loss":0.0,"damage_taken":0.0},{"damage_healed":0.0,"max_hp_gain":0.0,"max_hp_loss":0.0,"gold_gain":0.0,"event_name":"Mysterious Sphere","player_choice":"Fight","floor":46.0,"gold_loss":0.0,"damage_taken":0.0}],"is_beta":false,"boss_relics":[{"not_picked":["Fusion Hammer","SlaversCollar"],"picked":"Busted Crown"},{"not_picked":["SacredBark","Runic Pyramid"],"picked":"Calling Bell"}],"items_purged_floors":[20],"is_endless":false,"potions_floor_spawned":[9,12,14,16,27,30,31,32,33,36,40,45],"ascension_level":0}}