{"host":"dl909bjyolgrn2uw","time":1612839741,"event":{"mods":["2.2 Compatiblity","AlwaysNeverKeys","BaseMod","Bestiary","Better Altar","Better Note","Better Sensory Stone","Better Skull","Better Vampires","Better-Laid Plans","BetterRewards","Colored Powertips","Curses Come First","Disable Question Mark Monsters","Displayed Cursed Tome","Emptier Cage","Evolution","Minty Spire (QoL Compilation)","Permanent Neow","Quick Restart","Rare Cards Sparkle","Relic Stats","Shop Mod","Spicy Shops","StSLib","SuperFastMode","Transform Curses"],"gold_per_floor":[116,133,7,7,7,7,41,41,41,266,284,303,335,351,351,452,452,469,481,494,505,520,551,551,551,551,826,846,846,858,885,885,885,885],"floor_reached":33,"language":"ENG","playtime":1540,"items_purged":[],"score":463,"play_id":"ed7d9a52-bff2-4824-a99d-dae099196d9c","local_time":"20210208210221","is_ascension_mode":true,"campfire_choices":[{"data":"Hemokinesis","floor":6.0,"key":"SMITH"},{"data":"Iron Wave","floor":8.0,"key":"SMITH"},{"data":"Uppercut","floor":15.0,"key":"SMITH"},{"data":"Flame Barrier","floor":24.0,"key":"SMITH"},{"data":"Fiend Fire","floor":29.0,"key":"SMITH"},{"floor":32,"key":"REST"}],"circlet_count":0,"master_deck":["Strike_R","Strike_R","Strike_R","Strike_R","Strike_R","Defend_R","Defend_R","Defend_R","Defend_R","Bash+1","Iron Wave+1","Hemokinesis+1","Clash","Ghostly Armor","Uppercut+1","True Grit","Feel No Pain","Blood for Blood","Fiend Fire+1","Armaments+1","Corruption","Clash+1","Uppercut+1","Flame Barrier+1","Regret","Intimidate+1","Shrug It Off+1","Burning Pact"],"relics":["Burning Blood","EVO:Axolotl","Pen Nib","Strawberry","Question Card","Art of War","Regal Pillow","Cursed Key","Smiling Mask","Blood Vial"],"acts_visited":["TheCity"],"potions_floor_usage":[33,33],"damage_taken":[{"damage":0.0,"enemies":"2 Louse","floor":1.0,"turns":3.0},{"damage":0.0,"enemies":"Small Slimes","floor":2.0,"turns":3.0},{"damage":10.0,"enemies":"Gremlin Nob","floor":7.0,"turns":3.0},{"damage":0.0,"enemies":"Cultist","floor":11.0,"turns":3.0},{"damage":0.0,"enemies":"Exordium Wildlife","floor":12.0,"turns":3.0},{"damage":15.0,"enemies":"Lagavulin","floor":13.0,"turns":5.0},{"damage":4.0,"enemies":"Red Slaver","floor":14.0,"turns":3.0},{"damage":27.0,"enemies":"Hexaghost","floor":16.0,"turns":8.0},{"damage":2.0,"enemies":"Chosen","floor":18.0,"turns":3.0},{"damage":13.0,"enemies":"Shell Parasite","floor":19.0,"turns":4.0},{"damage":3.0,"enemies":"Cultist and Chosen","floor":20.0,"turns":4.0},{"damage":16.0,"enemies":"Shelled Parasite and Fungi","floor":21.0,"turns":4.0},{"damage":15.0,"enemies":"Sentry and Sphere","floor":22.0,"turns":4.0},{"damage":32.0,"enemies":"Slavers","floor":23.0,"turns":6.0},{"damage":0.0,"enemies":"Gremlin Leader","floor":25.0,"turns":1.0},{"damage":7.0,"enemies":"Snake Plant","floor":28.0,"turns":4.0},{"damage":26.0,"enemies":"3 Cultists","floor":30.0,"turns":6.0},{"damage":23,"enemies":"Slavers","floor":31,"turns":5},{"damage":70,"enemies":"Collector","floor":33,"turns":5}],"seed_played":"-8269887288045598034","potions_obtained":[{"floor":1.0,"key":"BlessingOfTheForge"},{"floor":7.0,"key":"Strength Potion"},{"floor":14.0,"key":"Fire Potion"},{"floor":16.0,"key":"SmokeBomb"},{"floor":18.0,"key":"Regen Potion"},{"floor":19.0,"key":"GamblersBrew"},{"floor":21.0,"key":"SkillPotion"},{"floor":31,"key":"GamblersBrew"}],"is_trial":false,"path_per_floor":["M","M","$","?","?","R","E","R","T","?","M","M","E","M","R","B",null,"M","M","M","M","M","E","R","E","T","?","M","R","M","E","R","B"],"character_chosen":"IRONCLAD","items_purchased":["Clash","Pen Nib"],"campfire_rested":1,"item_purchase_floors":[3,3],"current_hp_per_floor":[78,80,80,80,80,80,76,76,76,60,66,72,63,65,65,44,76,80,82,85,75,66,40,40,46,46,46,45,45,25,8,49,0,0],"gold":885,"neow_bonus":"UPGRADE_CARD","is_daily":false,"chose_seed":false,"campfire_upgraded":5,"win_rate":0.0,"timestamp":1612839741,"path_taken":["M","M","$","?","?","R","E","R","T","?","M","M","E","M","R","BOSS","M","?","M","M","M","E","R","E","T","?","M","R","M","E","R","BOSS"],"items_purchased_type":["Card","Relic"],"build_version":"2020-12-22","purchased_purges":0,"victory":false,"max_hp_per_floor":[80,80,80,87,87,87,87,87,87,87,87,87,87,87,87,87,87,87,87,87,87,87,87,87,87,87,87,87,87,87,87,87,87,87],"relic_stats":{"Blood Vial":2,"Regal Pillow":15,"counters":[19,77],"Pen Nib":[13],"Art of War":[2],"Question Card":14,"Cursed Key":0,"Smiling Mask":0,"obtain_stats":[{"Blood Vial":31,"Regal Pillow":13,"Strawberry":4,"Pen Nib":3,"Art of War":9,"EVO:Axolotl":0,"Question Card":7,"Cursed Key":17,"Smiling Mask":23,"Burning Blood":0},{"Blood Vial":18,"Regal Pillow":6,"Strawberry":2,"Pen Nib":2,"Art of War":3,"EVO:Axolotl":0,"Question Card":3,"Cursed Key":8,"Smiling Mask":14,"Burning Blood":0},{"Blood Vial":72,"Regal Pillow":20,"Strawberry":6,"Pen Nib":6,"Art of War":9,"EVO:Axolotl":0,"Question Card":9,"Cursed Key":31,"Smiling Mask":56,"Burning Blood":0}],"Burning Blood":104},"card_choices":[{"not_picked":["Feel No Pain","Warcry"],"picked":"Iron Wave","floor":1.0},{"not_picked":["True Grit","Rage"],"picked":"Hemokinesis","floor":2.0},{"not_picked":["Armaments","Wild Strike"],"picked":"Ghostly Armor","floor":7.0},{"not_picked":["Iron Wave","Seeing Red","Feel No Pain"],"picked":"Uppercut","floor":11.0},{"not_picked":["Wild Strike","Headbutt","Flex"],"picked":"True Grit","floor":12.0},{"not_picked":["Anger","Intimidate","Rampage"],"picked":"Feel No Pain","floor":13.0},{"not_picked":["Dark Embrace","Flex","Wild Strike"],"picked":"Blood for Blood","floor":14.0},{"not_picked":["Exhume","Offering","Double Tap"],"picked":"Fiend Fire","floor":16.0},{"not_picked":["Pommel Strike+1","Cleave","Iron Wave"],"picked":"Armaments+1","floor":18.0},{"not_picked":["Cleave","Iron Wave","Headbutt"],"picked":"Corruption","floor":19.0},{"not_picked":["Uppercut","Reckless Charge","Sever Soul"],"picked":"Clash+1","floor":20.0},{"not_picked":["Dark Embrace","Armaments+1","Perfected Strike"],"picked":"Uppercut+1","floor":21.0},{"not_picked":["Bludgeon","Rampage","Flex","Havoc"],"picked":"SKIP","floor":22.0},{"not_picked":["Bludgeon","Rampage","Flex","Havoc"],"picked":"SKIP","floor":22.0},{"not_picked":["Carnage+1","Second Wind","Headbutt"],"picked":"Flame Barrier","floor":23.0},{"not_picked":["Perfected Strike","Wild Strike","Clash+1"],"picked":"Intimidate+1","floor":28.0},{"not_picked":["Dropkick+1","Armaments+1","Pummel"],"picked":"Shrug It Off+1","floor":30.0},{"not_picked":["Dropkick","Sword Boomerang","Thunderclap"],"picked":"Burning Pact","floor":31}],"player_experience":364932,"relics_obtained":[{"floor":7.0,"key":"Question Card"},{"floor":9.0,"key":"Art of War"},{"floor":13.0,"key":"Regal Pillow"},{"floor":23.0,"key":"Smiling Mask"},{"floor":31,"key":"Blood Vial"}],"event_choices":[{"damage_healed":0.0,"max_hp_gain":0.0,"max_hp_loss":0.0,"gold_gain":0.0,"event_name":"Scrap Ooze","player_choice":"Success","floor":4.0,"gold_loss":0.0,"damage_taken":7.0,"relics_obtained":["Strawberry"]},{"damage_healed":0.0,"max_hp_gain":0.0,"max_hp_loss":0.0,"gold_gain":0.0,"event_name":"Liars Game","player_choice":"Ignored","floor":5.0,"gold_loss":0.0,"damage_taken":0.0},{"damage_healed":0.0,"max_hp_gain":0.0,"max_hp_loss":0.0,"gold_gain":225.0,"event_name":"betterSkull:BetterSkull","player_choice":"GO GO ","floor":10.0,"gold_loss":0.0,"damage_taken":18.0,"cards_upgraded":[],"relics_obtained":[]},{"damage_healed":0.0,"max_hp_gain":0.0,"max_hp_loss":0.0,"gold_gain":275.0,"event_name":"Golden Shrine","player_choice":"Desecrate","floor":27.0,"gold_loss":0.0,"damage_taken":0.0,"cards_obtained":["Regret"]}],"is_beta":false,"boss_relics":[{"not_picked":["Tiny House","Runic Dome"],"picked":"Cursed Key"}],"items_purged_floors":[],"is_endless":false,"potions_floor_spawned":[1,7,14,16,18,19,21,31],"killed_by":"Collector","ascension_level":9}}