{"host":"dzc8cchcquikqbpv","time":1612899083,"event":{"mods":["A Penny For Your Troubles","BaseMod","Better Third Choice","BetterRewards","Block Reminder","Bossed Relics","Colored Map","Colored Powertips","Curses Come First","Dark Map","Downfall","Fox Events","Good Game Mod","Highlight Path","Infinite Spire","Minty Spire (QoL Compilation)","Permanent Neow","Quick Restart","Rare Cards Sparkle","Relic Filter Mod","Reliquary","Replay The Spire","Shop Mod","Spire Arcade","StSLib","The Jungle","Uncapped","UnlockEverythingMod","Weighted Paths"],"gold_per_floor":[109,126,126,108,108,139,139,165,220,252,107,132,167,180,180,283,283,302,123,123,135,60,60,89,89,89,117,117,117,117,207,207,317,317,348,383,133,133,133,174,174,218,218,218,218],"floor_reached":44,"language":"ENG","playtime":2573,"items_purged":[],"score":809,"play_id":"8ce67384-97da-4dd8-9aad-3cdcd2190a88","local_time":"20210209193123","is_ascension_mode":true,"campfire_choices":[{"floor":7.0,"key":"REST"},{"floor":15.0,"key":"REST"},{"data":"Defragment","floor":23.0,"key":"SMITH"},{"floor":25.0,"key":"REST"},{"floor":29.0,"key":"REST"},{"floor":41,"key":"REST"}],"circlet_count":0,"master_deck":["Strike_B","Strike_B","Strike_B","Strike_B","Defend_B","Defend_B","Defend_B","Defend_B","Zap","Dualcast","Defragment+1","Turbo","Cold Snap","Defragment+1","Hologram","Apotheosis+1","Leap","Tempest","Sunder","Hologram+1","Capacitor","BasicCrystalCard","Skim","Impatience","Meteor Strike","Barrage+1","Darkness","Hello World+1"],"relics":["Cracked Core","REME:ComplimentaryCards","Juzu Bracelet","Strange Spoon","Omamori","Replay:Towering Pillar of Hats","Mango","Incense Burner","ReplayTheSpireMod:CursedCoin","infinitespire:Lucky Rock","Replay:Baseball","infinitespire:PuzzleCube","Bag of Marbles","reliquary:BrokenClock","ReplayTheSpireMod:TigerMarble","SlaversCollar","Guide Book","Replay:Rubber Ducky","Bottled Tornado","Onion Ring","infinitespire:EvilPickle","Ring of Chaos","Pear","Calipers","reliquary:ShortFuse","Prayer Wheel"],"acts_visited":["Exordium","TheCity","TheBeyond"],"potions_floor_usage":[42,42],"damage_taken":[{"damage":8.0,"enemies":"Small Slimes","floor":1.0,"turns":3.0},{"damage":0.0,"enemies":"Cultist","floor":2.0,"turns":4.0},{"damage":33.0,"enemies":"3 Sentries","floor":6.0,"turns":9.0},{"damage":6.0,"enemies":"Replay:BlueRogue","floor":8.0,"turns":8.0},{"damage":3.0,"enemies":"3 Sentries","floor":10.0,"turns":6.0},{"damage":6.0,"enemies":"Replay:BlueRogue","floor":13.0,"turns":4.0},{"damage":0.0,"enemies":"Jaw Worm","floor":14.0,"turns":2.0},{"damage":17.0,"enemies":"Fading Forest","floor":16.0,"turns":11.0},{"damage":12.0,"enemies":"Shell Parasite","floor":18.0,"turns":5.0},{"damage":0.0,"enemies":"Chosen","floor":21.0,"turns":3.0},{"damage":13.0,"enemies":"Nightmare","floor":24.0,"turns":7.0},{"damage":30.0,"enemies":"Slavers","floor":27.0,"turns":4.0},{"damage":31.0,"enemies":"Pondfish","floor":33.0,"turns":16.0},{"damage":0,"enemies":"Orb Walker","floor":35,"turns":2},{"damage":51,"enemies":"3 Darklings","floor":36,"turns":6},{"damage":0,"enemies":"R_Hoarder","floor":40,"turns":6},{"damage":59,"enemies":"Reptomancer","floor":42,"turns":6},{"damage":27,"enemies":"Spire Growth","floor":44,"turns":2}],"seed_played":"-6682435038905670740","potions_obtained":[{"floor":1.0,"key":"Dexterity Potion"},{"floor":10.0,"key":"Flashbang"},{"floor":13.0,"key":"Languid Potion"},{"floor":27.0,"key":"Explosive Potion"},{"floor":33.0,"key":"Weak Potion"},{"floor":36,"key":"Weak Potion"}],"is_trial":false,"path_per_floor":["M","M","?","$","?","E","R","E","T","E","$","?","E","M","R","B",null,"M","$","?","M","?","R","NM","R","T","E","?","R","$","?","R_BF","B",null,"M","M","$","$","?","E","R","E","T","M"],"character_chosen":"DEFECT","items_purchased":["Defragment","Juzu Bracelet","Strange Spoon","Omamori","Turbo","Incense Burner","ReplayTheSpireMod:CursedCoin","Apotheosis","reliquary:BrokenClock","Capacitor","Guide Book","Pear"],"campfire_rested":5,"item_purchase_floors":[0,0,0,0,0,0,4,4,11,19,19,37],"current_hp_per_floor":[34,34,34,34,34,1,27,21,21,18,18,18,12,12,38,39,89,77,77,77,77,77,77,64,89,89,59,59,85,85,67,89,58,89,89,38,48,48,48,48,77,18,18,0,0],"gold":218,"neow_bonus":"","is_daily":false,"chose_seed":false,"campfire_upgraded":1,"win_rate":0.0,"timestamp":1612899083,"path_taken":["M","M","?","$","?","E","R","E","T","E","$","?","E","M","R","BOSS","M","$","?","M","?","R","NM","R","T","E","?","R","$","?","R_BF","BOSS","M","M","?","$","?","E","R","E","T","M"],"items_purchased_type":["Card","Relic","Relic","Relic","Card","Relic","Relic","Card","Relic","Card","Relic","Relic"],"build_version":"2020-12-22","purchased_purges":0,"victory":false,"max_hp_per_floor":[89,89,89,89,89,89,89,89,89,89,89,89,89,89,89,89,89,89,89,89,89,89,89,89,89,89,89,89,89,89,89,89,89,89,89,89,99,99,99,99,99,99,99,99,99],"card_choices":[{"not_picked":["Rebound","Blizzard"],"picked":"Cold Snap","floor":1.0},{"not_picked":["Streamline","Redo"],"picked":"Defragment","floor":2.0},{"not_picked":["Hologram","Steam"],"picked":"Leap","floor":6.0},{"not_picked":["Amplify","White Noise"],"picked":"Tempest","floor":8.0},{"not_picked":["Barrage","ReplaySolidLightProjector"],"picked":"Sunder","floor":10.0},{"not_picked":["Ball Lightning","Streamline"],"picked":"Hologram","floor":13.0},{"not_picked":["Go for the Eyes","Hologram","Storm"],"picked":"SKIP","floor":14.0},{"not_picked":["Machine Learning","Reboot"],"picked":"All For One","floor":16.0},{"not_picked":["Cold Snap","Self Repair","Gash"],"picked":"SKIP","floor":18.0},{"not_picked":["Capacitor","Doom and Gloom"],"picked":"BasicCrystalCard","floor":21.0},{"not_picked":["ReplayGash","Blizzard","Sweeping Beam+1"],"picked":"SKIP","floor":24.0},{"not_picked":["Leap","Beam Cell"],"picked":"Skim","floor":27.0},{"not_picked":["Mirror Shield","Buffer"],"picked":"Meteor Strike","floor":33.0},{"not_picked":["Leap","Turbo+1"],"picked":"Barrage+1","floor":35},{"not_picked":["Steam Power","Ball Lightning"],"picked":"Darkness","floor":36},{"not_picked":["Beam Cell+1","Mirror Shield","All For One"],"picked":"SKIP","floor":40},{"not_picked":["Coolheaded+1","Go for the Eyes+1"],"picked":"Hello World+1","floor":42}],"player_experience":96793,"relics_obtained":[{"floor":6.0,"key":"infinitespire:Lucky Rock"},{"floor":8.0,"key":"Replay:Baseball"},{"floor":9.0,"key":"infinitespire:PuzzleCube"},{"floor":10.0,"key":"Bag of Marbles"},{"floor":13.0,"key":"ReplayTheSpireMod:TigerMarble"},{"floor":24.0,"key":"Replay:Rubber Ducky"},{"floor":26.0,"key":"Bottled Tornado"},{"floor":27.0,"key":"Onion Ring"},{"floor":40,"key":"Calipers"},{"floor":42,"key":"reliquary:ShortFuse"},{"floor":43,"key":"Prayer Wheel"}],"event_choices":[{"damage_healed":0.0,"max_hp_gain":0.0,"max_hp_loss":0.0,"gold_gain":0.0,"cards_transformed":["Amplify"],"event_name":"Transmorgrifier","player_choice":"Transformed","floor":3.0,"gold_loss":0.0,"damage_taken":0.0,"cards_obtained":["Hologram"]},{"cards_removed":["All For One"],"damage_healed":0.0,"max_hp_gain":0.0,"max_hp_loss":0.0,"gold_gain":0.0,"event_name":"Beggar","player_choice":"Gave Gold","floor":22.0,"gold_loss":75.0,"damage_taken":0.0},{"damage_healed":0.0,"max_hp_gain":0.0,"max_hp_loss":0.0,"gold_gain":90.0,"event_name":"Knowing Skull","player_choice":"GOLD CARD ","floor":31.0,"potions_obtained":[],"gold_loss":0.0,"damage_taken":18.0,"cards_obtained":["Impatience"]},{"damage_healed":0,"gold_gain":0,"player_choice":"Upgraded","damage_taken":0,"max_hp_gain":0,"max_hp_loss":0,"event_name":"Upgrade Shrine","floor":39,"gold_loss":0,"cards_upgraded":["Defragment"]}],"is_beta":false,"boss_relics":[{"not_picked":["Painkiller Herb","Replay:Wanted Poster"],"picked":"SlaversCollar"},{"not_picked":["ReplayTheSpireMod:SealedPack","Replay:Fungal Core"],"picked":"Ring of Chaos"}],"items_purged_floors":[],"is_endless":true,"potions_floor_spawned":[1,10,13,27,33,36],"killed_by":"Spire Growth","ascension_level":1}}