{"host":"rw1trt79hfpl7pom","time":1612863667,"event":{"mods":["BaseMod","Bestiary","Colored Map","Minty Spire (QoL Compilation)","Relic Stats","StSLib","SuperFastMode"],"gold_per_floor":[116,8,24,24,97,97,97,125,125,50,75,89,105,136,136,207,207,217,142,152,152,171,198,198,225,271,285,285,43,72,72,72,144,144,158,175,175,191,204,204,239,0,0,18,18,31,64,74,74,74,74,74,74,74,104,104],"floor_reached":57,"language":"ENG","playtime":3334,"items_purged":[],"score":2905,"play_id":"e15281e4-3705-436b-8e94-443c5c91613b","local_time":"20210209014107","is_ascension_mode":true,"campfire_choices":[{"data":"Inflame","floor":7.0,"key":"SMITH"},{"data":"True Grit","floor":15.0,"key":"SMITH"},{"data":"Shockwave","floor":24.0,"key":"SMITH"},{"data":"Spot Weakness","floor":32.0,"key":"SMITH"},{"data":"Limit Break","floor":40.0,"key":"SMITH"},{"floor":49,"key":"RECALL"},{"data":"Feel No Pain","floor":53,"key":"SMITH"}],"circlet_count":0,"master_deck":["AscendersBane","Strike_R+1","Defend_R+1","Defend_R+1","Defend_R+1","Defend_R+1","Bash","Sword Boomerang","Inflame+1","True Grit+1","Battle Trance+1","Dropkick","Feel No Pain+1","Warcry","Burning Pact","Spot Weakness+1","Shrug It Off","Offering","Shockwave+1","Rupture","Second Wind","Feed","Clothesline+1","Feel No Pain","Uppercut+1","Feel No Pain","Limit Break+1","Shrug It Off+1","Metallicize","Headbutt","Headbutt+1","Sentinel+1","Dark Embrace","Flame Barrier"],"relics":["Burning Blood","NeowsBlessing","Pantograph","Mummified Hand","War Paint","Pen Nib","Gremlin Horn","Snecko Eye","Red Skull","FossilizedHelix","Regal Pillow","PreservedInsect","Toy Ornithopter","Cursed Key","Bronze Scales","Red Mask","Dream Catcher","Whetstone"],"acts_visited":["Exordium","TheCity","TheBeyond","TheEnding"],"potions_floor_usage":[56,56],"damage_taken":[{"damage":0.0,"enemies":"Jaw Worm","floor":1.0,"turns":1.0},{"damage":0.0,"enemies":"Small Slimes","floor":3.0,"turns":1.0},{"damage":0.0,"enemies":"Lagavulin","floor":8.0,"turns":3.0},{"damage":21.0,"enemies":"3 Sentries","floor":11.0,"turns":10.0},{"damage":8.0,"enemies":"2 Louse","floor":12.0,"turns":3.0},{"damage":0.0,"enemies":"Blue Slaver","floor":13.0,"turns":3.0},{"damage":24.0,"enemies":"Lagavulin","floor":14.0,"turns":9.0},{"damage":9.0,"enemies":"The Guardian","floor":16.0,"turns":13.0},{"damage":6.0,"enemies":"Shell Parasite","floor":18.0,"turns":3.0},{"damage":19.0,"enemies":"2 Thieves","floor":20.0,"turns":4.0},{"damage":12.0,"enemies":"Centurion and Healer","floor":22.0,"turns":6.0},{"damage":46.0,"enemies":"Slavers","floor":23.0,"turns":6.0},{"damage":13.0,"enemies":"Book of Stabbing","floor":25.0,"turns":5.0},{"damage":0.0,"enemies":"Snecko","floor":27.0,"turns":3.0},{"damage":2.0,"enemies":"Gremlin Leader","floor":30.0,"turns":4.0},{"damage":8.0,"enemies":"Champ","floor":33.0,"turns":8.0},{"damage":0.0,"enemies":"Orb Walker","floor":35.0,"turns":4.0},{"damage":0.0,"enemies":"3 Shapes","floor":36.0,"turns":5.0},{"damage":6.0,"enemies":"Spire Growth","floor":38.0,"turns":4.0},{"damage":10.0,"enemies":"3 Darklings","floor":39.0,"turns":5.0},{"damage":55.0,"enemies":"Reptomancer","floor":41.0,"turns":6.0},{"damage":14.0,"enemies":"Writhing Mass","floor":44.0,"turns":7.0},{"damage":0.0,"enemies":"Jaw Worm Horde","floor":46.0,"turns":3.0},{"damage":0,"enemies":"Giant Head","floor":47,"turns":5},{"damage":21,"enemies":"Spire Growth","floor":48,"turns":5},{"damage":10,"enemies":"Donu and Deca","floor":50,"turns":8},{"damage":72,"enemies":"Awakened One","floor":51,"turns":7},{"damage":58,"enemies":"Shield and Spear","floor":55,"turns":6},{"damage":69,"enemies":"The Heart","floor":56,"turns":10}],"seed_played":"-7018404205410322093","potions_obtained":[{"floor":1.0,"key":"ElixirPotion"},{"floor":8.0,"key":"ColorlessPotion"},{"floor":12.0,"key":"PowerPotion"},{"floor":16.0,"key":"Block Potion"},{"floor":22.0,"key":"BloodPotion"},{"floor":23.0,"key":"PowerPotion"},{"floor":30.0,"key":"Energy Potion"},{"floor":33.0,"key":"DuplicationPotion"},{"floor":44.0,"key":"DistilledChaos"},{"floor":47,"key":"BloodPotion"}],"is_trial":false,"path_per_floor":["M","$","M","?","T","?","R","E","T","?","E","M","M","E","R","B",null,"M","?","M","?","M","E","R","E","T","M","?","$","E","?","R","B",null,"M","M","T","M","M","R","E","?","T","M","?","M","E","M","R","B","B",null,"R","$","E","B",null],"character_chosen":"IRONCLAD","items_purchased":["Inflame","True Grit","PreservedInsect","Uppercut"],"campfire_rested":0,"item_purchase_floors":[2,2,29,29],"current_hp_per_floor":[74,74,75,75,75,80,80,80,80,80,65,63,69,51,51,73,78,78,78,65,65,59,19,19,12,12,18,18,18,25,25,25,73,83,89,92,92,95,94,94,50,50,50,45,45,54,63,51,51,75,37,96,96,96,47,42],"gold":104,"neow_bonus":"THREE_ENEMY_KILL","is_daily":false,"chose_seed":false,"campfire_upgraded":6,"win_rate":0.0,"timestamp":1612863667,"path_taken":["M","$","M","?","?","?","R","E","T","?","E","M","?","E","R","BOSS","M","?","M","?","M","E","R","E","T","?","?","$","E","?","R","BOSS","M","M","?","M","M","R","E","?","T","M","?","M","E","M","R","BOSS","BOSS","R","$","E","BOSS"],"items_purchased_type":["Card","Card","Relic","Card"],"build_version":"2020-12-22","purchased_purges":0,"victory":true,"max_hp_per_floor":[75,75,75,75,75,80,80,80,80,80,80,80,80,80,80,80,80,80,80,80,80,80,80,80,80,80,80,80,80,83,83,83,86,86,89,92,92,95,98,98,98,98,98,101,101,104,107,110,110,113,116,116,116,116,119,119],"relic_stats":{"Regal Pillow":0,"Gremlin Horn":[22,26],"counters":[29,157],"Pen Nib":[19],"PreservedInsect":315,"Whetstone":["Clothesline","Uppercut"],"War Paint":["Battle Trance","Defend_R"],"Cursed Key":1,"Burning Blood":154,"Dream Catcher":0,"Mummified Hand":[194],"Pantograph":125,"Bronze Scales":[279],"Snecko Eye":[232,295,266,236],"obtain_stats":[{"Regal Pillow":26,"NeowsBlessing":0,"Gremlin Horn":14,"Pen Nib":11,"PreservedInsect":29,"Whetstone":55,"War Paint":9,"Cursed Key":34,"Burning Blood":0,"Dream Catcher":47,"Mummified Hand":8,"Pantograph":5,"Bronze Scales":41,"Snecko Eye":17,"Red Mask":42,"Red Skull":23,"FossilizedHelix":25,"Toy Ornithopter":30},{"Regal Pillow":13,"NeowsBlessing":0,"Gremlin Horn":7,"Pen Nib":4,"PreservedInsect":14,"Whetstone":28,"War Paint":3,"Cursed Key":16,"Burning Blood":0,"Dream Catcher":24,"Mummified Hand":3,"Pantograph":2,"Bronze Scales":21,"Snecko Eye":8,"Red Mask":21,"Red Skull":12,"FossilizedHelix":13,"Toy Ornithopter":15},{"Regal Pillow":67,"NeowsBlessing":0,"Gremlin Horn":30,"Pen Nib":15,"PreservedInsect":70,"Whetstone":147,"War Paint":5,"Cursed Key":82,"Burning Blood":0,"Dream Catcher":121,"Mummified Hand":5,"Pantograph":2,"Bronze Scales":106,"Snecko Eye":43,"Red Mask":106,"Red Skull":62,"FossilizedHelix":67,"Toy Ornithopter":74}],"Toy Ornithopter":20},"card_choices":[{"not_picked":["Armaments","Body Slam"],"picked":"Sword Boomerang","floor":1.0},{"not_picked":["Anger","Headbutt"],"picked":"Battle Trance","floor":3.0},{"not_picked":["Shrug It Off","Anger"],"picked":"Feel No Pain","floor":8.0},{"not_picked":["Reckless Charge","Ghostly Armor"],"picked":"Warcry","floor":11.0},{"not_picked":["Combust","Thunderclap"],"picked":"Burning Pact","floor":12.0},{"not_picked":["Clash","Armaments"],"picked":"Spot Weakness","floor":13.0},{"not_picked":["Seeing Red","Sentinel"],"picked":"Shrug It Off","floor":14.0},{"not_picked":["Demon Form","Juggernaut"],"picked":"Offering","floor":16.0},{"not_picked":["Pummel","Seeing Red+1","Perfected Strike+1"],"picked":"SKIP","floor":18.0},{"not_picked":["Twin Strike","Clash"],"picked":"Shockwave","floor":20.0},{"not_picked":["Wild Strike","Power Through"],"picked":"Second Wind","floor":22.0},{"not_picked":["Shrug It Off","Power Through"],"picked":"Feed","floor":23.0},{"not_picked":["Rampage","Sever Soul"],"picked":"Clothesline","floor":25.0},{"not_picked":["Clash","Armaments"],"picked":"Feel No Pain","floor":27.0},{"not_picked":["Clash","Perfected Strike","Sever Soul"],"picked":"SKIP","floor":30.0},{"not_picked":["Berserk","Juggernaut"],"picked":"Limit Break","floor":33.0},{"not_picked":["Pommel Strike","Seeing Red","Anger"],"picked":"SKIP","floor":35.0},{"not_picked":["Anger","Burning Pact"],"picked":"Shrug It Off+1","floor":36.0},{"not_picked":["Rage","Sword Boomerang"],"picked":"Metallicize","floor":38.0},{"not_picked":["Warcry","Headbutt","Flex+1"],"picked":"SKIP","floor":39.0},{"not_picked":["Warcry","Flex+1"],"picked":"Headbutt","floor":39.0},{"not_picked":["Uppercut","True Grit+1"],"picked":"Headbutt+1","floor":41.0},{"not_picked":["Twin Strike","Inflame+1"],"picked":"Sentinel+1","floor":44.0},{"not_picked":["Iron Wave","Impervious"],"picked":"Dark Embrace","floor":46.0},{"not_picked":["Clash","Sever Soul"],"picked":"Flame Barrier","floor":47},{"not_picked":["Armaments","Second Wind","Rampage"],"picked":"SKIP","floor":48},{"not_picked":["Body Slam","Wild Strike","Cleave"],"picked":"SKIP","floor":55}],"player_experience":2658566,"relics_obtained":[{"floor":5.0,"key":"Pantograph"},{"floor":8.0,"key":"Mummified Hand"},{"floor":9.0,"key":"War Paint"},{"floor":11.0,"key":"Pen Nib"},{"floor":14.0,"key":"Gremlin Horn"},{"floor":23.0,"key":"Red Skull"},{"floor":25.0,"key":"FossilizedHelix"},{"floor":26.0,"key":"Regal Pillow"},{"floor":30.0,"key":"Toy Ornithopter"},{"floor":41.0,"key":"Bronze Scales"},{"floor":47,"key":"Dream Catcher"},{"floor":55,"key":"Whetstone"}],"event_choices":[{"damage_healed":0.0,"max_hp_gain":0.0,"max_hp_loss":0.0,"gold_gain":0.0,"cards_transformed":["Strike_R"],"event_name":"Living Wall","player_choice":"Change","floor":4.0,"gold_loss":0.0,"damage_taken":0.0,"cards_obtained":["Dropkick"]},{"damage_healed":0.0,"max_hp_gain":5.0,"max_hp_loss":0.0,"gold_gain":0.0,"event_name":"Big Fish","player_choice":"Donut","floor":6.0,"gold_loss":0.0,"damage_taken":0.0},{"cards_removed":["Strike_R"],"damage_healed":0.0,"max_hp_gain":0.0,"max_hp_loss":0.0,"gold_gain":0.0,"event_name":"The Cleric","player_choice":"Card Removal","floor":10.0,"gold_loss":75.0,"damage_taken":0.0},{"cards_removed":["Strike_R"],"damage_healed":0.0,"max_hp_gain":0.0,"max_hp_loss":0.0,"gold_gain":0.0,"event_name":"Beggar","player_choice":"Gave Gold","floor":19.0,"gold_loss":75.0,"damage_taken":0.0},{"damage_healed":0.0,"max_hp_gain":0.0,"max_hp_loss":0.0,"gold_gain":0.0,"cards_transformed":["Strike_R"],"event_name":"Transmorgrifier","player_choice":"Transformed","floor":21.0,"gold_loss":0.0,"damage_taken":0.0,"cards_obtained":["Rupture"]},{"damage_healed":0.0,"max_hp_gain":0.0,"max_hp_loss":0.0,"gold_gain":0.0,"event_name":"Back to Basics","player_choice":"Simplicity","floor":28.0,"gold_loss":0.0,"damage_taken":0.0,"cards_upgraded":["Strike_R","Defend_R","Defend_R","Defend_R"]},{"damage_healed":0.0,"max_hp_gain":0.0,"max_hp_loss":0.0,"gold_gain":0.0,"event_name":"Duplicator","player_choice":"Copied","floor":31.0,"gold_loss":0.0,"damage_taken":0.0,"cards_obtained":["Feel No Pain"]},{"damage_healed":0.0,"max_hp_gain":0.0,"max_hp_loss":0.0,"gold_gain":0.0,"event_name":"Tomb of Lord Red Mask","player_choice":"Paid","floor":42.0,"gold_loss":239.0,"damage_taken":0.0,"relics_obtained":["Red Mask"]},{"cards_removed":["Doubt"],"damage_healed":0.0,"max_hp_gain":0.0,"max_hp_loss":0.0,"gold_gain":0.0,"event_name":"Purifier","player_choice":"Purged","floor":45.0,"gold_loss":0.0,"damage_taken":0.0}],"is_beta":false,"boss_relics":[{"not_picked":["Pandora\u0027s Box","Empty Cage"],"picked":"Snecko Eye"},{"not_picked":["Mark of Pain","Runic Pyramid"],"picked":"Cursed Key"}],"items_purged_floors":[],"is_endless":false,"potions_floor_spawned":[1,8,12,16,22,23,30,33,35,38,44,46,47],"ascension_level":20}}