{"host":"h4lp0eeso8a0ssq0","time":1612912011,"event":{"mods":["2.2 Compatiblity","AchievementEnabler","BaseMod","CapriCore","Colored Map","Minty Spire (QoL Compilation)","StSLib","SuperFastMode"],"gold_per_floor":[114,39,39,56,56,56,85,85,85,99,99,133,133],"floor_reached":12,"language":"KOR","playtime":200,"items_purged":[],"score":205,"play_id":"56ca0d1b-286f-425e-8391-137a7978876d","local_time":"20210210080651","is_ascension_mode":true,"campfire_choices":[{"data":"Cloak And Dagger","floor":6,"key":"SMITH"},{"data":"Prepared","floor":8,"key":"SMITH"},{"data":"Catalyst","floor":11,"key":"SMITH"}],"circlet_count":0,"master_deck":["AscendersBane","Strike_G","Strike_G","Strike_G","Strike_G","Defend_G","Defend_G","Defend_G","Defend_G","Defend_G","Survivor","Neutralize","Cloak And Dagger+1","Prepared+1","Underhanded Strike","Catalyst+1"],"relics":["Ring of the Snake","NeowsBlessing","Anchor","Matryoshka","Calipers"],"acts_visited":["Exordium"],"potions_floor_usage":[12],"damage_taken":[{"damage":0,"enemies":"Cultist","floor":1,"turns":1},{"damage":0,"enemies":"Jaw Worm","floor":4,"turns":1},{"damage":0,"enemies":"Gremlin Nob","floor":7,"turns":1},{"damage":3,"enemies":"Small Slimes","floor":10,"turns":3},{"damage":26,"enemies":"Lagavulin","floor":12,"turns":8}],"seed_played":"5618523812549053019","potions_obtained":[{"floor":10,"key":"Strength Potion"}],"is_trial":false,"path_per_floor":["M","?","T","M","$","R","E","R","T","M","R","E"],"character_chosen":"THE_SILENT","items_purchased":[],"campfire_rested":0,"item_purchase_floors":[],"current_hp_per_floor":[59,59,59,59,59,59,59,59,59,56,56,30,30],"gold":133,"neow_bonus":"THREE_ENEMY_KILL","is_daily":false,"chose_seed":false,"campfire_upgraded":3,"win_rate":0.0,"timestamp":1612912011,"path_taken":["M","?","?","M","$","R","E","R","T","M","R","E"],"items_purchased_type":[],"build_version":"2020-12-22","purchased_purges":0,"victory":false,"max_hp_per_floor":[66,66,66,66,66,66,66,66,66,66,66,66,66],"card_choices":[{"not_picked":["Slice","Dagger Throw"],"picked":"Cloak And Dagger","floor":1},{"not_picked":["Dodge and Roll","Deflect"],"picked":"Prepared","floor":4},{"not_picked":["Bane","Outmaneuver"],"picked":"Underhanded Strike","floor":7},{"not_picked":["Sucker Punch","Backstab"],"picked":"Catalyst","floor":10}],"player_experience":195969,"relics_obtained":[{"floor":7,"key":"Anchor"},{"floor":9,"key":"Matryoshka"},{"floor":12,"key":"Calipers"}],"event_choices":[{"cards_removed":["Strike_G"],"damage_healed":0,"gold_gain":0,"player_choice":"Card Removal","damage_taken":0,"max_hp_gain":0,"max_hp_loss":0,"event_name":"The Cleric","floor":2,"gold_loss":75}],"is_beta":false,"boss_relics":[],"items_purged_floors":[],"is_endless":false,"potions_floor_spawned":[10],"killed_by":"Lagavulin","ascension_level":17}}