{"host":"2qv44oxt58ptq59r","time":1612902467,"event":{"mods":["AchievementEnabler","BaseMod","Colored Powertips","Highlight Path","Minty Spire (QoL Compilation)","Permanent Neow","StSLib"],"gold_per_floor":[116,37,54,73,92,122,122,7,7,7,25,25,25,25,25,124,124,142,142,10,22,22,22,40,40,40,40,139,139,64,80,80,80,80],"floor_reached":33,"language":"ENG","playtime":3389,"items_purged":["Strike_R"],"score":362,"play_id":"cfa941ba-2b8f-4850-8656-cb307c0c1376","local_time":"20210209202747","is_ascension_mode":true,"campfire_choices":[{"floor":7.0,"key":"REST"},{"data":"Demon Form","floor":10.0,"key":"SMITH"},{"floor":15.0,"key":"REST"},{"floor":23.0,"key":"REST"},{"data":"Limit Break","floor":25.0,"key":"SMITH"},{"data":"Shockwave","floor":27.0,"key":"SMITH"},{"data":"Heavy Blade","floor":29.0,"key":"SMITH"},{"floor":32.0,"key":"REST"}],"circlet_count":0,"master_deck":["Strike_R","Strike_R","Defend_R","Defend_R","Defend_R","Defend_R","Bash","Headbutt","Metallicize","Feel No Pain","Demon Form+1","Cleave","Shrug It Off","Shockwave+1","Clothesline","Limit Break+1","CurseOfTheBell","Disarm+1","Heavy Blade+1","Shrug It Off+1","Heavy Blade+1","Carnage"],"relics":["Burning Blood","Bottled Flame","Shuriken","White Beast Statue","Calling Bell","Tiny Chest","Letter Opener","Charon\u0027s Ashes"],"acts_visited":["Exordium","TheCity"],"potions_floor_usage":[33,33],"damage_taken":[{"damage":1.0,"enemies":"Cultist","floor":1.0,"turns":3.0},{"damage":5.0,"enemies":"Small Slimes","floor":3.0,"turns":4.0},{"damage":9.0,"enemies":"2 Louse","floor":4.0,"turns":3.0},{"damage":12.0,"enemies":"2 Fungi Beasts","floor":5.0,"turns":4.0},{"damage":37.0,"enemies":"Lagavulin","floor":6.0,"turns":7.0},{"damage":11.0,"enemies":"3 Louse","floor":11.0,"turns":3.0},{"damage":37.0,"enemies":"Hexaghost","floor":16.0,"turns":12.0},{"damage":30.0,"enemies":"Shell Parasite","floor":18.0,"turns":7.0},{"damage":22.0,"enemies":"Chosen","floor":21.0,"turns":8.0},{"damage":20.0,"enemies":"Centurion and Healer","floor":24.0,"turns":7.0},{"damage":37.0,"enemies":"3 Cultists","floor":31.0,"turns":6.0},{"damage":52,"enemies":"Champ","floor":33,"turns":7}],"seed_played":"-3437723810772530975","potions_obtained":[{"floor":4.0,"key":"PowerPotion"},{"floor":6.0,"key":"Weak Potion"},{"floor":11.0,"key":"SkillPotion"},{"floor":16.0,"key":"ElixirPotion"},{"floor":18.0,"key":"Regen Potion"},{"floor":21.0,"key":"LiquidBronze"},{"floor":24.0,"key":"Explosive Potion"},{"floor":31.0,"key":"SneckoOil"}],"is_trial":false,"path_per_floor":["M","$","M","M","M","E","R","$","T","R","M","?","$","?","R","B",null,"M","?","$","M","$","R","M","R","T","R","?","R","?","M","R","B"],"character_chosen":"IRONCLAD","items_purchased":["Metallicize","Shockwave","Heavy Blade","LiquidBronze"],"campfire_rested":4,"item_purchase_floors":[2,8,20,20],"current_hp_per_floor":[77,77,78,75,69,38,62,62,62,62,57,57,57,39,63,32,68,44,44,44,28,28,52,53,53,53,53,53,53,53,22,46,0,0],"gold":80,"neow_bonus":"THREE_CARDS","is_daily":false,"chose_seed":false,"campfire_upgraded":4,"win_rate":0.0,"timestamp":1612902467,"path_taken":["M","$","M","?","?","E","R","$","T","R","M","?","?","?","R","BOSS","M","?","$","M","$","R","M","R","T","R","?","R","?","M","R","BOSS"],"items_purchased_type":["Card","Card","Card","Potion"],"build_version":"2020-12-22","purchased_purges":1,"victory":false,"max_hp_per_floor":[80,80,80,80,80,80,80,80,80,80,80,80,80,80,80,80,80,80,80,80,80,80,80,80,80,80,80,80,80,80,80,80,80,80],"card_choices":[{"not_picked":["Perfected Strike","Sword Boomerang"],"picked":"Headbutt","floor":0.0},{"not_picked":["Anger","Armaments","Sever Soul"],"picked":"SKIP","floor":1.0},{"not_picked":["Sword Boomerang","Rampage"],"picked":"Feel No Pain","floor":3.0},{"not_picked":["Heavy Blade","Perfected Strike"],"picked":"Demon Form","floor":4.0},{"not_picked":["Havoc","Dual Wield"],"picked":"Cleave","floor":5.0},{"not_picked":["Clash","Clothesline"],"picked":"Shrug It Off","floor":6.0},{"not_picked":["Havoc","Flex"],"picked":"Clothesline","floor":11.0},{"not_picked":["Exhume","Barricade"],"picked":"Limit Break","floor":16.0},{"not_picked":["Perfected Strike","True Grit"],"picked":"Disarm+1","floor":18.0},{"not_picked":["Armaments+1","Cleave"],"picked":"Shrug It Off+1","floor":21.0},{"not_picked":["Entrench","Iron Wave"],"picked":"Heavy Blade+1","floor":24.0},{"not_picked":["Second Wind","Havoc+1"],"picked":"Carnage","floor":31.0}],"player_experience":5646944,"relics_obtained":[{"floor":6.0,"key":"Bottled Flame"},{"floor":9.0,"key":"Shuriken"},{"floor":17.0,"key":"Tiny Chest"},{"floor":17.0,"key":"Letter Opener"},{"floor":17.0,"key":"Charon\u0027s Ashes"}],"event_choices":[{"cards_removed":["Strike_R"],"damage_healed":0.0,"max_hp_gain":0.0,"max_hp_loss":0.0,"gold_gain":0.0,"event_name":"Wheel of Change","player_choice":"Card Removal","floor":12.0,"gold_loss":0.0,"damage_taken":0.0},{"damage_healed":0.0,"max_hp_gain":0.0,"max_hp_loss":0.0,"gold_gain":0.0,"event_name":"Scrap Ooze","player_choice":"Success","floor":14.0,"gold_loss":0.0,"damage_taken":18.0,"relics_obtained":["White Beast Statue"]},{"damage_healed":0.0,"max_hp_gain":0.0,"max_hp_loss":0.0,"gold_gain":0.0,"event_name":"Vampires","player_choice":"Ignored","floor":19.0,"gold_loss":0.0,"damage_taken":0.0},{"damage_healed":0.0,"max_hp_gain":0.0,"max_hp_loss":0.0,"gold_gain":99.0,"event_name":"Nest","player_choice":"Stole From Cult","floor":28.0,"gold_loss":0.0,"damage_taken":0.0},{"cards_removed":["Strike_R"],"damage_healed":0.0,"max_hp_gain":0.0,"max_hp_loss":0.0,"gold_gain":0.0,"event_name":"Beggar","player_choice":"Gave Gold","floor":30.0,"gold_loss":75.0,"damage_taken":0.0}],"is_beta":false,"boss_relics":[{"not_picked":["Black Blood","Snecko Eye"],"picked":"Calling Bell"}],"items_purged_floors":[8],"is_endless":false,"potions_floor_spawned":[4,6,11,16,18,21,24,31],"killed_by":"Champ","ascension_level":7}}