{"host":"2fgwwnzqc97k7iys","time":1612894745,"event":{"mods":["BaseMod","Colored Map","Minty Spire (QoL Compilation)","Quick Restart","Relic Stats"],"gold_per_floor":[111,127,143,162,172,172,201,201,201,213,213,224,224,18,18,117,117,130,142,157,157,31,59,59,59,84,84,99,39,39,71,71,173,173,189,205,220,240,289,289,316,316,316,348,348,348,382,89,89,89,89,89,31,63,63],"floor_reached":56,"language":"ENG","playtime":3445,"items_purged":["Decay","Defend_P"],"score":1870,"play_id":"dca5d15b-0818-4dcb-ad06-1e92ef1ad759","local_time":"20210209121905","is_ascension_mode":true,"campfire_choices":[{"data":"Eruption","floor":6.0,"key":"SMITH"},{"data":"EmptyFist","floor":8.0,"key":"SMITH"},{"data":"TalkToTheHand","floor":13.0,"key":"SMITH"},{"data":"CrushJoints","floor":15.0,"key":"SMITH"},{"data":"FlurryOfBlows","floor":24.0,"key":"SMITH"},{"data":"CutThroughFate","floor":27.0,"key":"SMITH"},{"data":"Halt","floor":30.0,"key":"SMITH"},{"data":"ClearTheMind","floor":32,"key":"SMITH"},{"data":"MentalFortress","floor":40,"key":"SMITH"},{"data":"TalkToTheHand","floor":42,"key":"SMITH"},{"data":"FlurryOfBlows","floor":46,"key":"SMITH"},{"floor":49,"key":"RECALL"},{"data":"Vengeance","floor":52,"key":"SMITH"}],"circlet_count":0,"master_deck":["Strike_P","Strike_P","Strike_P","Defend_P","Eruption+1","Vigilance","EmptyFist+1","ClearTheMind+1","FlurryOfBlows+1","Vengeance+1","Halt+1","TalkToTheHand+1","CrushJoints+1","WaveOfTheHand+1","CutThroughFate+1","Wallop+1","Prostrate+1","ForeignInfluence+1","Vault+1","TalkToTheHand+1","EmptyMind+1","MentalFortress+1","FlurryOfBlows+1","Prostrate+1","Vault","Study"],"relics":["PureWater","Pen Nib","The Courier","Pantograph","Shuriken","Coffee Dripper","Bag of Marbles","Oddly Smooth Stone","Lantern","Matryoshka","VioletLotus","Turnip","Bronze Scales","Mercury Hourglass","Kunai","Du-Vu Doll","Membership Card","War Paint","Sling","Nunchaku"],"acts_visited":["Exordium","TheCity","TheBeyond","TheEnding"],"potions_floor_usage":[31,38,39,55,55],"damage_taken":[{"damage":0.0,"enemies":"Cultist","floor":1.0,"turns":2.0},{"damage":1.0,"enemies":"Small Slimes","floor":2.0,"turns":3.0},{"damage":4.0,"enemies":"Jaw Worm","floor":3.0,"turns":4.0},{"damage":11.0,"enemies":"Looter","floor":4.0,"turns":4.0},{"damage":5.0,"enemies":"Blue Slaver","floor":5.0,"turns":2.0},{"damage":16.0,"enemies":"Gremlin Nob","floor":7.0,"turns":3.0},{"damage":3.0,"enemies":"3 Louse","floor":10.0,"turns":3.0},{"damage":11.0,"enemies":"Red Slaver","floor":12.0,"turns":2.0},{"damage":5.0,"enemies":"Hexaghost","floor":16.0,"turns":4.0},{"damage":0.0,"enemies":"Chosen","floor":18.0,"turns":3.0},{"damage":17.0,"enemies":"2 Thieves","floor":19.0,"turns":3.0},{"damage":5.0,"enemies":"Sentry and Sphere","floor":20.0,"turns":3.0},{"damage":20.0,"enemies":"Book of Stabbing","floor":23.0,"turns":4.0},{"damage":0.0,"enemies":"Centurion and Healer","floor":28.0,"turns":4.0},{"damage":0,"enemies":"Gremlin Leader","floor":31,"turns":3},{"damage":0,"enemies":"Automaton","floor":33,"turns":8},{"damage":7,"enemies":"Orb Walker","floor":35,"turns":3},{"damage":14,"enemies":"3 Shapes","floor":36,"turns":5},{"damage":0,"enemies":"Spire Growth","floor":37,"turns":2},{"damage":10,"enemies":"Jaw Worm Horde","floor":38,"turns":4},{"damage":13,"enemies":"2 Orb Walkers","floor":39,"turns":6},{"damage":0,"enemies":"Nemesis","floor":41,"turns":5},{"damage":0,"enemies":"Giant Head","floor":44,"turns":6},{"damage":0,"enemies":"Nemesis","floor":47,"turns":5},{"damage":17,"enemies":"Awakened One","floor":50,"turns":10},{"damage":18,"enemies":"Shield and Spear","floor":54,"turns":4},{"damage":9,"enemies":"The Heart","floor":55,"turns":8}],"seed_played":"808452228107620818","potions_obtained":[{"floor":3.0,"key":"DuplicationPotion"},{"floor":5.0,"key":"SpeedPotion"},{"floor":19.0,"key":"Block Potion"},{"floor":31,"key":"SkillPotion"},{"floor":33,"key":"Block Potion"},{"floor":41,"key":"GamblersBrew"},{"floor":47,"key":"EntropicBrew"}],"is_trial":false,"path_per_floor":["M","M","M","M","M","R","E","R","T","M","T","M","R","$","R","B",null,"M","M","M","?","$","E","R","?","T","R","M","$","R","E","R","B",null,"M","M","M","M","?","R","E","R","T","E","?","R","E","$","R","B",null,"R","$","E","B",null],"character_chosen":"WATCHER","items_purchased":["Shuriken","Bag of Marbles","Membership Card","Study","War Paint","Sling"],"campfire_rested":0,"item_purchase_floors":[14,22,48,48,48,53],"current_hp_per_floor":[65,64,60,49,44,44,28,28,28,25,25,14,14,14,14,34,57,57,40,35,35,35,15,15,15,15,15,15,15,15,15,15,40,59,52,38,38,28,15,15,15,15,15,15,15,15,15,15,15,23,52,52,52,34,50],"gold":63,"neow_bonus":"REMOVE_TWO","is_daily":false,"chose_seed":false,"campfire_upgraded":12,"win_rate":0.0,"timestamp":1612894745,"path_taken":["M","M","M","M","M","R","E","R","T","M","?","M","R","$","R","BOSS","M","M","M","?","?","E","R","?","T","R","M","$","R","E","R","BOSS","M","M","M","M","?","R","E","R","T","E","?","R","E","$","R","BOSS","R","$","E","BOSS"],"items_purchased_type":["Relic","Relic","Relic","Card","Relic","Relic"],"build_version":"2020-12-22","purchased_purges":2,"victory":true,"max_hp_per_floor":[65,65,65,65,65,65,65,65,65,65,65,65,65,65,65,65,65,65,65,65,65,65,65,65,65,65,65,65,65,65,65,65,65,65,65,65,65,65,65,65,65,65,65,65,62,62,62,62,62,62,62,62,62,62,62],"relic_stats":{"Nunchaku":[3],"counters":[27,113],"Shuriken":[60],"Pantograph":100,"Bronze Scales":[165],"Pen Nib":[29],"VioletLotus":[16],"Turnip":[2],"Kunai":[21],"War Paint":["EmptyMind","Vault"],"obtain_stats":[{"Lantern":26,"Oddly Smooth Stone":23,"Pen Nib":7,"The Courier":9,"War Paint":48,"Sling":53,"Mercury Hourglass":43,"Du-Vu Doll":47,"Nunchaku":54,"Matryoshka":31,"Shuriken":14,"Pantograph":11,"Bronze Scales":41,"VioletLotus":34,"Turnip":39,"Coffee Dripper":17,"Bag of Marbles":22,"Kunai":44,"Membership Card":48,"PureWater":0},{"Lantern":13,"Oddly Smooth Stone":13,"Pen Nib":6,"The Courier":6,"War Paint":24,"Sling":25,"Mercury Hourglass":22,"Du-Vu Doll":24,"Nunchaku":26,"Matryoshka":15,"Shuriken":8,"Pantograph":7,"Bronze Scales":22,"VioletLotus":16,"Turnip":21,"Coffee Dripper":9,"Bag of Marbles":12,"Kunai":23,"Membership Card":24,"PureWater":0},{"Lantern":40,"Oddly Smooth Stone":40,"Pen Nib":18,"The Courier":18,"War Paint":91,"Sling":101,"Mercury Hourglass":80,"Du-Vu Doll":91,"Nunchaku":105,"Matryoshka":47,"Shuriken":23,"Pantograph":21,"Bronze Scales":80,"VioletLotus":55,"Turnip":75,"Coffee Dripper":27,"Bag of Marbles":36,"Kunai":86,"Membership Card":91,"PureWater":0}],"Mercury Hourglass":[118]},"card_choices":[{"not_picked":["LikeWater","Wireheading"],"picked":"EmptyFist","floor":1.0},{"not_picked":["Prostrate","Halt"],"picked":"ClearTheMind","floor":2.0},{"not_picked":["EmptyBody","EmptyFist","JustLucky"],"picked":"SKIP","floor":3.0},{"not_picked":["EmptyFist","CrushJoints"],"picked":"FlurryOfBlows","floor":4.0},{"not_picked":["ThirdEye","Protect"],"picked":"Vengeance","floor":5.0},{"not_picked":["EmptyBody","SandsOfTime"],"picked":"Halt","floor":7.0},{"not_picked":["Pray","Crescendo"],"picked":"TalkToTheHand","floor":10.0},{"not_picked":["Crescendo","EmptyBody"],"picked":"CrushJoints","floor":12.0},{"not_picked":["EmptyBody+1","Consecrate","EmptyFist+1"],"picked":"SKIP","floor":18.0},{"not_picked":["EmptyBody+1","Consecrate","EmptyFist+1"],"picked":"SKIP","floor":18.0},{"not_picked":["WheelKick+1","Evaluate"],"picked":"WaveOfTheHand+1","floor":19.0},{"not_picked":["Devotion","BowlingBash"],"picked":"CutThroughFate","floor":20.0},{"not_picked":["Meditate","Vengeance"],"picked":"Wallop+1","floor":23.0},{"not_picked":["Halt","Protect"],"picked":"Prostrate+1","floor":28.0},{"not_picked":["CrushJoints","FollowUp"],"picked":"ForeignInfluence+1","floor":31},{"not_picked":["Brilliance","DevaForm"],"picked":"Vault","floor":33},{"not_picked":["Protect","Meditate"],"picked":"TalkToTheHand","floor":35},{"not_picked":["ClearTheMind+1","BowlingBash"],"picked":"EmptyMind","floor":36},{"not_picked":["FearNoEvil","EmptyMind"],"picked":"MentalFortress","floor":37},{"not_picked":["ClearTheMind+1","Weave"],"picked":"FlurryOfBlows","floor":38},{"not_picked":["EmptyBody+1","PathToVictory+1"],"picked":"Prostrate+1","floor":41},{"not_picked":["BowlingBash","CrushJoints"],"picked":"Vault","floor":44},{"not_picked":["Prostrate","Perseverance","ForeignInfluence+1"],"picked":"SKIP","floor":47},{"not_picked":["Consecrate","Wireheading","FollowUp"],"picked":"SKIP","floor":54}],"player_experience":552593,"relics_obtained":[{"floor":7.0,"key":"Pen Nib"},{"floor":9.0,"key":"The Courier"},{"floor":11.0,"key":"Pantograph"},{"floor":23.0,"key":"Oddly Smooth Stone"},{"floor":26.0,"key":"Lantern"},{"floor":31,"key":"Matryoshka"},{"floor":39,"key":"Turnip"},{"floor":41,"key":"Bronze Scales"},{"floor":43,"key":"Mercury Hourglass"},{"floor":44,"key":"Kunai"},{"floor":47,"key":"Du-Vu Doll"},{"floor":54,"key":"Nunchaku"}],"event_choices":[{"cards_removed":["Strike_P"],"damage_healed":0.0,"max_hp_gain":0.0,"max_hp_loss":0.0,"gold_gain":0.0,"event_name":"Bonfire Elementals","player_choice":"Offered Basic","floor":21.0,"gold_loss":0.0,"damage_taken":0.0},{"damage_healed":0.0,"max_hp_gain":0.0,"max_hp_loss":0.0,"gold_gain":0.0,"event_name":"Forgotten Altar","player_choice":"Smashed Altar","floor":25.0,"gold_loss":0.0,"damage_taken":0.0,"cards_obtained":["Decay"]},{"damage_healed":0,"gold_gain":0,"player_choice":"Fight","damage_taken":0,"max_hp_gain":0,"max_hp_loss":0,"event_name":"Mysterious Sphere","floor":39,"gold_loss":0},{"damage_healed":0,"gold_gain":0,"player_choice":"Max HP","damage_taken":0,"max_hp_gain":0,"max_hp_loss":3,"event_name":"Winding Halls","floor":45,"gold_loss":0}],"is_beta":false,"boss_relics":[{"not_picked":["Calling Bell","Sozu"],"picked":"Coffee Dripper"},{"not_picked":["Pandora\u0027s Box","Runic Pyramid"],"picked":"VioletLotus"}],"items_purged_floors":[29,48],"is_endless":false,"potions_floor_spawned":[3,5,19,31,33,35,41,47],"ascension_level":9}}