{"host":"718qlz3dt7mutpmt","time":1612872063,"event":{"mods":["AchievementEnabler","BaseMod","BetterRewards","Colored Powertips","Downfall","Hermit","Highlight Path","Hubris","Infinite Spire","Minty Spire (QoL Compilation)","Quick Restart","Replay The Spire","Shop Mod","StSLib","SuperFastMode","The Cursed","The Disciple","The Jungle","The Runesmith","The Servant 0.9.4"],"gold_per_floor":[114,126,139,139,21,21,21,34,61,13,45,45,60,76,76,76,76],"floor_reached":16,"language":"FRA","playtime":691,"items_purged":[],"score":102,"play_id":"c97aebc4-c66d-432b-bcad-ec147949c501","local_time":"20210209130103","is_ascension_mode":false,"campfire_choices":[{"data":"Perfected Strike","floor":6,"key":"SMITH"},{"floor":12,"key":"REST"},{"floor":15,"key":"REST"}],"circlet_count":0,"master_deck":["Strike_R","Strike_R","Strike_R","Strike_R","Defend_R","Defend_R","Defend_R","Defend_R","Bash","Perfected Strike+1","Heavy Blade","Pommel Strike","Strike_R","Eclipse+1","downfall:Haunted","downfall:Haunted","Clothesline","Armaments","Heavy Blade","Dark Embrace","Rupture"],"relics":["Burning Blood","Darkstone Periapt","ReplayFunnel","Unceasing Top"],"acts_visited":["Exordium"],"potions_floor_usage":[16],"damage_taken":[{"damage":1,"enemies":"2 Louse","floor":1,"turns":4},{"damage":1,"enemies":"Cultist","floor":2,"turns":4},{"damage":8,"enemies":"Jaw Worm","floor":3,"turns":3},{"damage":42,"enemies":"Exordium Thugs","floor":8,"turns":6},{"damage":23,"enemies":"Gremlin Nob","floor":11,"turns":4},{"damage":8,"enemies":"2 Fungi Beasts","floor":13,"turns":3},{"damage":14,"enemies":"Blue Slaver","floor":14,"turns":3},{"damage":63,"enemies":"Hexaghost","floor":16,"turns":11}],"seed_played":"-2582041582274315574","potions_obtained":[{"floor":1,"key":"Reflective Coating"},{"floor":2,"key":"Swift Potion"},{"floor":13,"key":"Ancient Potion"}],"is_trial":false,"path_per_floor":["M","M","M","?","$","R","?","M","T","$","E","R","M","M","R","B"],"character_chosen":"IRONCLAD","items_purchased":["Eclipse+1","Armaments"],"campfire_rested":2,"item_purchase_floors":[5,10],"current_hp_per_floor":[80,80,78,78,78,78,90,54,54,54,37,64,62,54,81,18,18],"gold":76,"neow_bonus":"TRANSFORM_CARD","is_daily":false,"chose_seed":false,"campfire_upgraded":1,"win_rate":0.0,"timestamp":1612872063,"path_taken":["M","M","M","?","?","R","?","M","T","$","E","R","M","M","R","BOSS"],"items_purchased_type":["Card","Card"],"build_version":"2020-12-22","purchased_purges":0,"victory":false,"max_hp_per_floor":[80,80,80,80,80,80,92,92,92,92,92,92,92,92,92,92,92],"card_choices":[{"not_picked":["Sword Boomerang","Armaments"],"picked":"Perfected Strike","floor":1},{"not_picked":["Flex","Warcry"],"picked":"Heavy Blade","floor":2},{"not_picked":["hubris:StunningStrike","Life Link"],"picked":"Pommel Strike","floor":3},{"not_picked":["Anger","Armaments"],"picked":"Clothesline","floor":8},{"not_picked":["Flex","Replay:Undeath\u0027s Touch"],"picked":"Heavy Blade","floor":11},{"not_picked":["Warcry","Anger"],"picked":"Dark Embrace","floor":13},{"not_picked":["Headbutt","hubris:SharpeningStone"],"picked":"Rupture","floor":14}],"player_experience":8081,"relics_obtained":[{"floor":9,"key":"ReplayFunnel"},{"floor":11,"key":"Unceasing Top"}],"event_choices":[{"cards_removed":["Reaper"],"damage_healed":0,"gold_gain":0,"player_choice":"Took Card","damage_taken":0,"max_hp_gain":0,"max_hp_loss":0,"event_name":"NoteForYourself","floor":4,"gold_loss":0,"cards_obtained":["Strike_R"]}],"is_beta":false,"boss_relics":[],"items_purged_floors":[],"is_endless":false,"potions_floor_spawned":[1,2,13,14],"killed_by":"Hexaghost","ascension_level":0}}