{"host":"jfbo3eu2ui08ej1u","time":1612843894,"event":{"mods":["2.2 Compatiblity","AchievementEnabler","Act Like it!","Aspiration","BaseMod","Better Altar","Better Match","Better Note","Better Sensory Stone","Better Skull","Better Third Choice","Block Reminder","Colored Map","Colored Powertips","Conspire","DeckTracker","Displayed Cursed Tome","Energized Spire","Fox Events","GifTheSpireLib","Hermit","Hubris","Infinite Spire","Marked Mod","Minty Spire (QoL Compilation)","Monster B Gone","Pale of the Ancients","Poor People Problems","Quick Restart","Relic Filter","Reliquary","Reorder Act Four","Replay The Spire","Shop Mod","Spicy Shops","Spire Arcade","StSLib","Stuff the Spire","The Blue Laboratory","The Disciple","The Forsaken","The Hierophant","The Marked","Uncapped","Unceasing Turn Reminder","Wandering Minibosses"],"gold_per_floor":[117,197,49,74,106,135,135,102,102,102,172,172,56,84,84,189,189,224,39,39,39,69,81,108,108,168,168,168,200,200,229,255,255,255,427,427,547,676,688,657,216,216,242,267,267,301,301,145,262,262,262,262,276,287,287,124,124,135,135,135,135,135],"floor_reached":63,"language":"ENG","playtime":4090,"items_purged":["hermit:BigShot","hermit:Snapshot","hermit:Dive","hermit:Adapt","hermit:DeadOrAlive"],"score":1617,"play_id":"8dafed33-64f0-4e2e-8b6e-d2daefecf9a4","local_time":"20210208231134","is_ascension_mode":true,"campfire_choices":[{"floor":7.0,"key":"REST"},{"floor":10.0,"key":"REST"},{"data":"hermit:Maintenance","floor":12.0,"key":"SMITH"},{"data":"hermit:Maintenance","floor":15.0,"key":"SMITH"},{"data":"hermit:WideOpen","floor":25.0,"key":"SMITH"},{"floor":30.0,"key":"REST"},{"floor":34.0,"key":"REST"},{"data":"hermit:HighNoon","floor":42.0,"key":"SMITH"},{"data":"hermit:Showdown","floor":42.0,"key":"SMITH"},{"floor":47.0,"key":"REST"},{"data":"hermit:FlashPowder","floor":47.0,"key":"SMITH"},{"data":"hermit:Glare","floor":47.0,"key":"SMITH"},{"floor":51.0,"key":"REST"},{"data":"Thinking Ahead","floor":51.0,"key":"SMITH"},{"data":"Madness","floor":51.0,"key":"SMITH"},{"data":"1","floor":57,"key":"LIFT"},{"data":"hermit:Gambit","floor":59,"key":"SMITH"},{"data":"hermit:BodyArmor","floor":59,"key":"SMITH"}],"circlet_count":0,"master_deck":["hermit:Strike_Hermit","hermit:Strike_Hermit","hermit:Strike_Hermit","hermit:Strike_Hermit","hermit:Defend_Hermit","hermit:Defend_Hermit","hermit:Defend_Hermit","hermit:Defend_Hermit","hermit:Covet","hermit:BodyArmor","hermit:Maintenance+1","hermit:BodyArmor+1","hermit:Shortfuse","hermit:FlashPowder+1","hermit:Maintenance+1","hermit:WideOpen+1","hermit:Maintenance+1","hermit:HighCaliber","hermit:Glare+1","hermit:HighNoon+1","hermit:Showdown+1","hermit:Gambit+1","hermit:LuckOfTheDraw+1","hermit:Showdown+1","hermit:HighCaliber+1","Thinking Ahead+1","hermit:Maintenance+1","Madness+1","Madness","hermit:LuckOfTheDraw+1"],"relics":["hermit:Momento","Orrery","Garlic","Meat on the Bone","Girya","Painkiller Herb","Membership Card","DollysMirror","infinitespire:Bottled Soul","StuffTheSpire:Gunfinga","Replay:Arrowhead","infinitespire:Eraser","hubris:Icosahedron","hubris:VirtuousBlindfold","Lee\u0027s Waffle","infinitespire:WardingShard","Oddly Smooth Stone","infinitespire:Magic Flask","theForsaken:Lifeblossom","hubris:ToyBattleship","paleoftheancients:Timepiece","Gremlin Horn","CultistMask","paleoftheancients:SoulOfTheWatcher","ReplayTheSpireMod:Ring of Collecting","ReplayTheSpireMod:Ring of Exchange","Ring of Panic","theForsaken:HumbleEgg"],"acts_visited":["Exordium","TheCity","TheBeyond","paleoftheancients:PaleOfTheAncients"],"potions_floor_usage":[54,62],"damage_taken":[{"damage":7.0,"enemies":"Small Slimes","floor":1.0,"turns":4.0},{"damage":0.0,"enemies":"Jaw Worm","floor":4.0,"turns":1.0},{"damage":1.0,"enemies":"2 Louse","floor":5.0,"turns":3.0},{"damage":53.0,"enemies":"Gremlin Nob","floor":6.0,"turns":6.0},{"damage":11.0,"enemies":"3 Sentries","floor":11.0,"turns":13.0},{"damage":5.0,"enemies":"Large Slime","floor":14.0,"turns":6.0},{"damage":18.0,"enemies":"The Guardian","floor":16.0,"turns":14.0},{"damage":14.0,"enemies":"2 Thieves","floor":18.0,"turns":4.0},{"damage":7.0,"enemies":"3 Byrds","floor":22.0,"turns":10.0},{"damage":11.0,"enemies":"Sentry and Sphere","floor":23.0,"turns":10.0},{"damage":11.0,"enemies":"Snecko","floor":24.0,"turns":14.0},{"damage":22.0,"enemies":"Slavers","floor":26.0,"turns":7.0},{"damage":16.0,"enemies":"Book of Stabbing","floor":29.0,"turns":6.0},{"damage":16.0,"enemies":"Centurion and Healer","floor":31.0,"turns":6.0},{"damage":27.0,"enemies":"conspire:Head Lice","floor":32.0,"turns":20.0},{"damage":32.0,"enemies":"Collector","floor":35.0,"turns":16.0},{"damage":20.0,"enemies":"Orb Walker","floor":37.0,"turns":4.0},{"damage":2.0,"enemies":"3 Shapes","floor":38.0,"turns":6.0},{"damage":14.0,"enemies":"3 Darklings","floor":39.0,"turns":9.0},{"damage":37.0,"enemies":"Writhing Mass","floor":40.0,"turns":9.0},{"damage":54.0,"enemies":"Giant Head","floor":43.0,"turns":9.0},{"damage":29.0,"enemies":"4 Shapes","floor":44.0,"turns":9.0},{"damage":77.0,"enemies":"Nightmare","floor":46.0,"turns":9.0},{"damage":25.0,"enemies":"Jaw Worm Horde","floor":49.0,"turns":5.0},{"damage":16.0,"enemies":"infinitespire:MassOfShapes","floor":52.0,"turns":14.0},{"damage":11.0,"enemies":"infinitespire:MassOfShapes","floor":53.0,"turns":11.0},{"damage":36,"enemies":"infinitespire:MassOfShapes","floor":54,"turns":8},{"damage":0,"enemies":"infinitespire:MassOfShapes","floor":58,"turns":4},{"damage":100,"enemies":"paleoftheancients:N","floor":62,"turns":6}],"seed_played":"-7508248812852637206","potions_obtained":[{"floor":1.0,"key":"Energy Potion"},{"floor":11.0,"key":"Energy Potion"},{"floor":14.0,"key":"Toxic Potion"},{"floor":23.0,"key":"blueLaboratory:HorrorPotion"},{"floor":24.0,"key":"FairyPotion"},{"floor":31.0,"key":"blueLaboratory:FrostheartPotion"},{"floor":37.0,"key":"Energy Potion"},{"floor":40.0,"key":"blueLaboratory:LouseDecoction"},{"floor":44.0,"key":"blueLaboratory:Moonshine"},{"floor":49.0,"key":"DistilledChaos"},{"floor":53.0,"key":"Weak Potion"},{"floor":58,"key":"Fire Potion"}],"is_trial":false,"path_per_floor":["M","?","$","M","M","E","R","?","T","R","E","R","$","M","R","B",null,"?","T","PTL","PTL","?","?","?","T","E","?","T","E","T","?","E","?","T","B",null,"?","?","?","?","T","T","E","?","T","NM","T","T","?","?","T","B","?","?","?","T","T","?","T","T","?","B",null],"character_chosen":"HERMIT","items_purchased":["Orrery","hermit:WideOpen","Membership Card","DollysMirror","Lee\u0027s Waffle","hermit:Showdown","infinitespire:WardingShard","Oddly Smooth Stone","hermit:Gambit","Thinking Ahead"],"campfire_rested":6,"item_purchase_floors":[3,13,19,19,41,41,41,41,41,48],"current_hp_per_floor":[68,68,68,68,67,14,36,36,36,58,47,47,47,42,42,36,75,61,61,61,61,54,43,44,44,34,34,34,30,52,48,33,33,55,35,75,55,59,51,32,82,82,40,29,35,18,48,54,53,49,79,82,71,47,53,59,65,77,82,82,82,44],"gold":135,"neow_bonus":"THREE_CARDS","is_daily":false,"chose_seed":false,"campfire_upgraded":11,"win_rate":0.0,"timestamp":1612843894,"path_taken":["M","?","$","M","M","E","R","?","T","R","E","R","$","M","R","BOSS","?","T","PTL","PTL","?","?","?","T","E","?","T","E","T","?","E","?","T","BOSS","?","?","?","?","T","T","E","?","T","NM","T","T","?","?","T","BOSS","?","?","?","T","T","?","T","T","?","BOSS"],"items_purchased_type":["Relic","Card","Relic","Relic","Relic","Card","Relic","Relic","Card","Card"],"build_version":"2020-12-22","purchased_purges":5,"victory":true,"max_hp_per_floor":[75,75,75,75,75,75,75,75,75,75,75,75,75,75,75,75,75,75,75,75,75,75,75,75,75,75,75,75,75,75,75,75,75,75,75,75,75,75,75,75,82,82,82,82,82,82,82,82,82,82,82,82,82,82,82,82,82,82,82,82,82,82],"card_choices":[{"not_picked":["hermit:ItchyTrigger","hermit:CalledShot"],"picked":"hermit:Dive","floor":1.0},{"not_picked":["hermit:TrackingShot","hermit:Desperado"],"picked":"hermit:DeadOrAlive","floor":3.0},{"not_picked":["hermit:Quickdraw","hermit:Feint"],"picked":"hermit:BodyArmor","floor":3.0},{"not_picked":["hermit:Cheat","hermit:Glare"],"picked":"hermit:Maintenance","floor":3.0},{"not_picked":["hermit:Roulette","hermit:Determination"],"picked":"hermit:BodyArmor","floor":3.0},{"not_picked":["hermit:FatalDesire","hermit:Glare"],"picked":"hermit:Shortfuse","floor":3.0},{"not_picked":["hermit:Misfire","hermit:RoundhouseKick"],"picked":"hermit:FlashPowder","floor":4.0},{"not_picked":["hermit:Roulette","hermit:Cheat","hermit:CalledShot"],"picked":"SKIP","floor":5.0},{"not_picked":["hermit:Midnight","hermit:CursedWeapon"],"picked":"hermit:Maintenance","floor":6.0},{"not_picked":["hermit:OverwhelmingPower","hermit:Grudge","hermit:ShadowCloak"],"picked":"SKIP","floor":11.0},{"not_picked":["hermit:Quickdraw","hermit:Snipe","hermit:Horror"],"picked":"SKIP","floor":14.0},{"not_picked":["hermit:Dissolve","hermit:Purgatory"],"picked":"hermit:Adapt","floor":16.0},{"not_picked":["hermit:CalledShot","hermit:ItchyTrigger","hermit:Roulette+1"],"picked":"SKIP","floor":18.0},{"not_picked":["hermit:Misfire","hermit:GoldenBullet","hermit:Desperado"],"picked":"SKIP","floor":22.0},{"not_picked":["hermit:Misfire","hermit:GoldenBullet","hermit:Desperado"],"picked":"SKIP","floor":22.0},{"not_picked":["hermit:LowProfile","hermit:Ricochet","hermit:HoleUp"],"picked":"SKIP","floor":23.0},{"not_picked":["hermit:CalledShot","hermit:Quickdraw+1"],"picked":"hermit:HighCaliber","floor":24.0},{"not_picked":["hermit:SprayPray","hermit:OverwhelmingPower","hermit:Feint+1"],"picked":"SKIP","floor":26.0},{"not_picked":["hermit:HoleUp","hermit:BodyArmor","hermit:Feint"],"picked":"SKIP","floor":29.0},{"not_picked":["hermit:Coalescence","hermit:SprayPray+1"],"picked":"hermit:Glare","floor":31.0},{"not_picked":["hermit:Maintenance","hermit:Quickdraw+1","hermit:BodyArmor"],"picked":"SKIP","floor":32.0},{"not_picked":["hermit:Adapt","hermit:EternalForm"],"picked":"hermit:HighNoon","floor":35.0},{"not_picked":["hermit:Grudge","hermit:Snipe","hermit:Headshot+1"],"picked":"SKIP","floor":37.0},{"not_picked":["hermit:Snipe","hermit:Enervate+1","hermit:BodyArmor+1"],"picked":"SKIP","floor":38.0},{"not_picked":["hermit:Snipe","hermit:WideOpen","hermit:Dive"],"picked":"SKIP","floor":39.0},{"not_picked":["hermit:TakeAim+1","hermit:TrackingShot","hermit:Feint"],"picked":"SKIP","floor":40.0},{"not_picked":["hermit:FlashPowder","hermit:HoleUp"],"picked":"hermit:LuckOfTheDraw+1","floor":43.0},{"not_picked":["hermit:WideOpen+1","hermit:CalledShot+1"],"picked":"hermit:Showdown+1","floor":44.0},{"not_picked":["hermit:Snipe","hermit:Manifest+1"],"picked":"hermit:HighCaliber+1","floor":46.0},{"not_picked":["hermit:Horror","hermit:BigShot+1"],"picked":"hermit:Maintenance+1","floor":49.0},{"not_picked":["hermit:Quickdraw","hermit:Desperado+1"],"picked":"hermit:LuckOfTheDraw+1","floor":53.0},{"not_picked":["hermit:ShadowCloak","hermit:Ricochet+1","hermit:Gestalt+1"],"picked":"SKIP","floor":54},{"not_picked":["hermit:ItchyTrigger","hermit:Desperado","hermit:Coalescence"],"picked":"SKIP","floor":58}],"player_experience":1306419,"relics_obtained":[{"floor":6.0,"key":"Garlic"},{"floor":9.0,"key":"Meat on the Bone"},{"floor":11.0,"key":"Girya"},{"floor":26.0,"key":"infinitespire:Bottled Soul"},{"floor":28.0,"key":"StuffTheSpire:Gunfinga"},{"floor":29.0,"key":"Replay:Arrowhead"},{"floor":32.0,"key":"infinitespire:Eraser"},{"floor":43.0,"key":"infinitespire:Magic Flask"},{"floor":45.0,"key":"theForsaken:Lifeblossom"},{"floor":46.0,"key":"hubris:ToyBattleship"},{"floor":53.0,"key":"paleoftheancients:SoulOfTheWatcher"},{"floor":55,"key":"ReplayTheSpireMod:Ring of Collecting"},{"floor":55,"key":"ReplayTheSpireMod:Ring of Exchange"},{"floor":60,"key":"Ring of Panic"},{"floor":60,"key":"theForsaken:HumbleEgg"}],"event_choices":[{"damage_healed":0.0,"max_hp_gain":0.0,"max_hp_loss":0.0,"gold_gain":0.0,"event_name":"betterThird:BetterGoop","player_choice":"Left","floor":8.0,"gold_loss":33.0,"damage_taken":0.0},{"damage_healed":0.0,"max_hp_gain":0.0,"max_hp_loss":0.0,"gold_gain":0.0,"event_name":"conspire:Investor","player_choice":"Leave","floor":27.0,"gold_loss":0.0,"damage_taken":0.0},{"damage_healed":0.0,"max_hp_gain":0.0,"max_hp_loss":0.0,"gold_gain":0.0,"event_name":"Winding Halls","player_choice":"Embrace Madness","floor":50.0,"gold_loss":0.0,"damage_taken":10.0,"cards_obtained":["Madness","Madness"]}],"is_beta":false,"boss_relics":[{"not_picked":["reliquary:KinkedSpring","hubris:RunicObelisk"],"picked":"Painkiller Herb"},{"not_picked":["hubris:BlackHole","energizedSpire:NeverEndingSparkler"],"picked":"hubris:VirtuousBlindfold"}],"items_purged_floors":[13,41,48,56,56],"is_endless":false,"potions_floor_spawned":[1,11,14,23,24,31,37,40,44,49,53,58],"ascension_level":3}}