{"host":"ajxvnmsjfcleb5r5","time":1612898088,"event":{"mods":["2.2 Compatiblity","AchievementEnabler","BaseMod","Beaked The Cultist","Better Note","BetterRewards","Card Forge","Colored Powertips","Friendly Minions","Hermit","Minty Spire (QoL Compilation)","Quick Restart","Shop Mod","StSLib","SuperFastMode"],"gold_per_floor":[110,185,42,53,53,53,81,97,97,47,47,65,65,65,65,165,165,177,177,102,102,117,151,426,426,453,481,481,495,495,124,124,124,124],"floor_reached":33,"language":"KOR","playtime":601,"items_purged":["Regret"],"score":304,"play_id":"67d02f24-7fbb-440e-8646-aa0bce3890b0","local_time":"20210210041448","is_ascension_mode":false,"campfire_choices":[{"data":"Doom and Gloom","floor":6,"key":"SMITH"},{"data":"Zap","floor":11,"key":"SMITH"},{"data":"Darkness","floor":15,"key":"SMITH"},{"floor":25,"key":"REST"},{"floor":28,"key":"REST"},{"data":"Redo","floor":30,"key":"SMITH"},{"floor":32,"key":"REST"}],"circlet_count":0,"master_deck":["Defend_B","Defend_B","Defend_B","Defend_B","Zap+1","Dualcast+1","Doom and Gloom+1","Beam Cell","Cold Snap+1","Darkness+1","Machine Learning","Ball Lightning+1","Compile Driver+1","Capacitor+1","FTL+1","Recycle","Self Repair+1","Redo+1","Fission"],"relics":["Cracked Core","Hammer of Thor","Seething Fire","Anvil of the Gods","NeowsBlessing","Blood Vial","Molten Egg 2","Symbiotic Virus","Astrolabe","Centennial Puzzle","Omamori","Ancient Tea Set","Orichalcum"],"acts_visited":["Exordium","TheCity"],"potions_floor_usage":[23],"damage_taken":[{"damage":0,"enemies":"Jaw Worm","floor":1,"turns":1},{"damage":0,"enemies":"2 Louse","floor":4,"turns":1},{"damage":0,"enemies":"Gremlin Nob","floor":7,"turns":1},{"damage":0,"enemies":"Small Slimes","floor":8,"turns":2},{"damage":2,"enemies":"Blue Slaver","floor":12,"turns":2},{"damage":39,"enemies":"Hexaghost","floor":16,"turns":7},{"damage":20,"enemies":"2 Thieves","floor":18,"turns":2},{"damage":5,"enemies":"Chosen","floor":22,"turns":3},{"damage":52,"enemies":"Book of Stabbing","floor":23,"turns":5},{"damage":21,"enemies":"Gremlin Leader","floor":27,"turns":4},{"damage":19,"enemies":"Snake Plant","floor":29,"turns":3},{"damage":50,"enemies":"Collector","floor":33,"turns":6}],"seed_played":"-6404883361410671638","potions_obtained":[{"floor":4,"key":"Swift Potion"},{"floor":7,"key":"SmokeBomb"},{"floor":18,"key":"PowerPotion"},{"floor":27,"key":"Fire Potion"}],"is_trial":false,"path_per_floor":["M","?","$","M","$","R","E","M","T","?","R","M","$","?","R","B",null,"M","?","?","?","M","E","?","R","T","E","R","M","R","$","R","B"],"character_chosen":"DEFECT","items_purchased":["Blood Vial","Orichalcum","Fission"],"campfire_rested":3,"item_purchase_floors":[3,31,31],"current_hp_per_floor":[75,64,64,66,66,66,68,70,70,70,70,70,70,70,70,33,75,55,55,55,55,52,2,2,24,24,5,27,20,20,20,42,0,0],"gold":124,"neow_bonus":"THREE_ENEMY_KILL","is_daily":false,"chose_seed":false,"campfire_upgraded":4,"win_rate":0.0,"timestamp":1612898088,"path_taken":["M","?","$","M","$","R","E","M","T","?","R","M","$","?","R","BOSS","M","?","?","?","?","E","?","R","T","E","R","M","R","$","R","BOSS"],"items_purchased_type":["Relic","Relic","Card"],"build_version":"2020-12-22","purchased_purges":1,"victory":false,"max_hp_per_floor":[75,75,75,75,75,75,75,75,75,75,75,75,75,75,75,75,75,75,75,75,75,75,75,75,75,75,75,75,75,75,75,75,75,75],"card_choices":[{"not_picked":["Ball Lightning","Redo"],"picked":"Doom and Gloom","floor":1},{"not_picked":["Tempest","Go for the Eyes"],"picked":"Beam Cell","floor":4},{"not_picked":["Creative AI","Heatsinks","Stack"],"picked":"SKIP","floor":7},{"not_picked":["Ball Lightning+1","Sunder+1"],"picked":"Cold Snap+1","floor":8},{"not_picked":["Heatsinks","Hologram"],"picked":"Darkness","floor":12},{"not_picked":["All For One+1","Hyperbeam+1"],"picked":"Machine Learning","floor":16},{"not_picked":["Coolheaded","Leap"],"picked":"Capacitor+1","floor":18},{"not_picked":["Sweeping Beam+1","Cold Snap+1"],"picked":"FTL+1","floor":22},{"not_picked":["Sweeping Beam+1","Aggregate"],"picked":"Recycle","floor":23},{"not_picked":["Ball Lightning+1","Streamline+1"],"picked":"Self Repair+1","floor":27},{"not_picked":["Auto Shields","Go for the Eyes+1"],"picked":"Redo","floor":29}],"player_experience":220451,"relics_obtained":[{"floor":7,"key":"Molten Egg 2"},{"floor":9,"key":"Symbiotic Virus"},{"floor":23,"key":"Centennial Puzzle"},{"floor":26,"key":"Omamori"},{"floor":27,"key":"Ancient Tea Set"}],"event_choices":[{"damage_healed":0,"gold_gain":75,"player_choice":"Gather Gold","damage_taken":11,"max_hp_gain":0,"max_hp_loss":0,"event_name":"World of Goop","floor":2,"gold_loss":0},{"cards_removed":["Strike_B"],"damage_healed":0,"gold_gain":0,"player_choice":"Card Removal","damage_taken":0,"max_hp_gain":0,"max_hp_loss":0,"event_name":"The Cleric","floor":10,"gold_loss":50},{"damage_healed":0,"gold_gain":0,"player_choice":"Grow","damage_taken":0,"max_hp_gain":0,"max_hp_loss":0,"event_name":"Living Wall","floor":14,"gold_loss":0,"cards_upgraded":["Dualcast"]},{"cards_removed":["Capacitor"],"damage_healed":0,"gold_gain":0,"player_choice":"Give","damage_taken":0,"max_hp_gain":0,"max_hp_loss":0,"event_name":"betterNote:BetterNote","floor":19,"gold_loss":0,"cards_obtained":["None"]},{"cards_removed":["Force Field"],"damage_healed":0,"gold_gain":0,"player_choice":"Gave Gold","damage_taken":0,"max_hp_gain":0,"max_hp_loss":0,"event_name":"Beggar","floor":20,"gold_loss":75},{"damage_healed":0,"gold_gain":0,"player_choice":"Ignored","damage_taken":0,"max_hp_gain":0,"max_hp_loss":0,"event_name":"Ghosts","floor":21,"gold_loss":0},{"damage_healed":0,"gold_gain":275,"player_choice":"Desecrate","damage_taken":0,"max_hp_gain":0,"max_hp_loss":0,"event_name":"Golden Shrine","floor":24,"gold_loss":0,"cards_obtained":["Regret"]}],"is_beta":false,"boss_relics":[{"not_picked":["Coffee Dripper","Runic Pyramid"],"picked":"Astrolabe"}],"items_purged_floors":[31],"is_endless":false,"potions_floor_spawned":[4,7,18,27,29],"killed_by":"Collector","ascension_level":0}}