{"host":"3jjxuhjpio8e4zkv","time":1612911619,"event":{"mods":["BaseMod","Colored Map","Highlight Path","Minty Spire (QoL Compilation)","Permanent Neow","Relic Stats","StSLib"],"gold_per_floor":[114,114,124,124,147,181,181,181,231,1,35,55,55,55,55,55,55],"floor_reached":16,"language":"ENG","playtime":380,"items_purged":["Strike_G"],"score":216,"play_id":"107b2dd0-437b-46d7-b5b0-7b39f52b829a","local_time":"20210209180019","is_ascension_mode":true,"campfire_choices":[{"data":"Dagger Spray","floor":7,"key":"SMITH"},{"data":"Bouncing Flask","floor":13,"key":"SMITH"},{"data":"Venomology","floor":15,"key":"SMITH"}],"circlet_count":0,"master_deck":["AscendersBane","Strike_G","Strike_G","Defend_G","Defend_G","Defend_G+1","Defend_G","Defend_G","Survivor","Neutralize+1","Venomology+1","PiercingWail","Dagger Spray+1","Bouncing Flask+1","Prepared+1","Deflect+1","Catalyst+1","Deadly Poison+1","Blur+1"],"relics":["Ring of the Snake","Golden Idol","Toxic Egg 2","Lantern","Membership Card","Odd Mushroom"],"acts_visited":["Exordium"],"potions_floor_usage":[1,5,6,6,8,8,11,16,16,16],"damage_taken":[{"damage":3,"enemies":"Cultist","floor":1,"turns":5},{"damage":0,"enemies":"2 Louse","floor":3,"turns":4},{"damage":0,"enemies":"Jaw Worm","floor":5,"turns":4},{"damage":18,"enemies":"Gremlin Nob","floor":6,"turns":4},{"damage":0,"enemies":"Lagavulin","floor":8,"turns":1},{"damage":1,"enemies":"The Mushroom Lair","floor":11,"turns":3},{"damage":0,"enemies":"3 Louse","floor":12,"turns":3},{"damage":30,"enemies":"Slime Boss","floor":16,"turns":5}],"seed_played":"1333150396584975288","potions_obtained":[{"floor":1,"key":"Ancient Potion"},{"floor":6,"key":"DuplicationPotion"}],"is_trial":false,"path_per_floor":["M","?","M","?","M","E","R","E","T","$","?","M","R","?","R","B"],"character_chosen":"THE_SILENT","items_purchased":["Membership Card","Deflect+1"],"campfire_rested":0,"item_purchase_floors":[10,10],"current_hp_per_floor":[56,36,36,36,36,18,18,18,18,18,17,17,17,17,17,0,0],"gold":55,"neow_bonus":"TRANSFORM_CARD","is_daily":false,"chose_seed":false,"campfire_upgraded":3,"win_rate":0.0,"timestamp":1612911619,"path_taken":["M","?","M","?","M","E","R","E","T","$","?","M","R","?","R","BOSS"],"items_purchased_type":["Relic","Card"],"build_version":"2020-12-22","purchased_purges":1,"victory":false,"max_hp_per_floor":[66,66,66,60,60,60,60,60,60,60,60,60,60,60,60,60,60],"relic_stats":{"counters":[8,29],"Golden Idol":31,"obtain_stats":[{"Lantern":9,"Golden Idol":4,"Membership Card":10,"Toxic Egg 2":6,"Odd Mushroom":11,"Ring of the Snake":0},{"Lantern":5,"Golden Idol":2,"Membership Card":5,"Toxic Egg 2":4,"Odd Mushroom":6,"Ring of the Snake":0},{"Lantern":18,"Golden Idol":9,"Membership Card":18,"Toxic Egg 2":17,"Odd Mushroom":21,"Ring of the Snake":0}],"Ring of the Snake":[16]},"card_choices":[{"not_picked":["Cloak And Dagger","Distraction"],"picked":"PiercingWail","floor":1},{"not_picked":["Reflex","Setup"],"picked":"Dagger Spray","floor":3},{"not_picked":["Quick Slash","Blade Dance"],"picked":"Bouncing Flask","floor":5},{"not_picked":["Quick Slash","Eviscerate"],"picked":"Prepared+1","floor":6},{"not_picked":["Backflip+1","Footwork"],"picked":"Catalyst+1","floor":11},{"not_picked":["Dagger Spray","Blur+1"],"picked":"Deadly Poison+1","floor":12}],"player_experience":1267917,"relics_obtained":[{"floor":6,"key":"Toxic Egg 2"},{"floor":9,"key":"Lantern"},{"floor":11,"key":"Odd Mushroom"}],"event_choices":[{"damage_healed":0,"gold_gain":0,"player_choice":"Entered Light","damage_taken":20,"max_hp_gain":0,"max_hp_loss":0,"event_name":"Shining Light","floor":2,"gold_loss":0,"cards_upgraded":["Neutralize","Defend_G"]},{"damage_healed":0,"gold_gain":0,"player_choice":"Lose Max HP","damage_taken":0,"relics_obtained":["Golden Idol"],"max_hp_gain":0,"max_hp_loss":6,"event_name":"Golden Idol","floor":4,"gold_loss":0},{"damage_healed":0,"gold_gain":0,"player_choice":"Fought Mushrooms","damage_taken":0,"max_hp_gain":0,"max_hp_loss":0,"event_name":"Mushrooms","floor":11,"gold_loss":0},{"damage_healed":0,"gold_gain":0,"cards_transformed":["Strike_G"],"player_choice":"Change","damage_taken":0,"max_hp_gain":0,"max_hp_loss":0,"event_name":"Living Wall","floor":14,"gold_loss":0,"cards_obtained":["Blur"]}],"is_beta":false,"boss_relics":[],"items_purged_floors":[10],"is_endless":false,"potions_floor_spawned":[1,6,12],"killed_by":"Slime Boss","ascension_level":20}}