{"host":"0cm5wy4nhuju7tij","time":1612900915,"event":{"mods":["100% Spire Juice","2.2 Compatiblity","AchievementEnabler","Aspiration","BaseMod","Better Third Choice","BetterRewards","CCEM2","CapriCore","Colored Powertips","Curses Come First","Displayed Cursed Tome","Downfall","Energized Spire","Evolution","Filter the Spire","Highlight Path","Jess\u0027s Bottle","Minty Spire (QoL Compilation)","Permanent Neow","Poor People Problems","Relic Filter Mod","Relic Stats","Shop Mod","Spicy Shops","StSLib","The Cursed","TheSurvivalist","TheVacant","Weighted Paths"],"gold_per_floor":[113,126,137,151,170,170,189,224,273,273,273,273,11,11,11,130,130,144,159,9,34,57,97,110,141,141,141,66,66,84,84,84],"floor_reached":31,"language":"ENG","playtime":2666,"items_purged":["theVacant:VacantStarterStrike"],"score":279,"play_id":"2a186d1b-b716-4cd3-8c04-a81b042b4ace","local_time":"20210209150155","is_ascension_mode":false,"campfire_choices":[{"data":"theVacant:Recover","floor":6.0,"key":"SMITH"},{"floor":10.0,"key":"REST"},{"floor":12.0,"key":"REST"},{"data":"theVacant:VoidForm","floor":15.0,"key":"SMITH"},{"floor":27,"key":"REST"},{"floor":29,"key":"RECALL"}],"circlet_count":0,"master_deck":["theVacant:VacantStarterStrike","theVacant:VacantStarterStrike","theVacant:VacantStarterStrike","theVacant:VacantStarterDefend","theVacant:VacantStarterDefend","theVacant:VacantStarterDefend","theVacant:Release","theVacant:Crunch","theVacant:Rejection","theVacant:SpiritOrb","theVacant:VoidEmbrace","theVacant:ShriekingBlast","theVacant:Spinshield","theVacant:Recover+1","theVacant:Spinshield","theVacant:VoidForm+1","theVacant:CleanseSoul","theVacant:Snowball","theVacant:Voidstone","theVacant:Soothe","theVacant:Acceptance","theVacant:Barrage","theVacant:Necromancy+1","theVacant:TimeSkip","theVacant:Whip","theVacant:VoidEmbrace+1","theVacant:GraveWave+1","theVacant:Recover+1"],"relics":["theVacant:BrassGoblet","EVO:Axolotl","Dream Catcher","Smiling Mask","Omamori","PreservedInsect","Golden Idol","Calling Bell","CCEMRelics:SoftDrink","CCEMRelics:HeirloomTomato","CaptainsWheel","Sling","Bag of Preparation","aspiration:StickyExplosives_weak","Bronze Scales"],"acts_visited":["Exordium","TheCity"],"potions_floor_usage":[31,31],"damage_taken":[{"damage":4.0,"enemies":"2 Louse","floor":1.0,"turns":4.0},{"damage":0.0,"enemies":"Small Slimes","floor":2.0,"turns":3.0},{"damage":6.0,"enemies":"Cultist","floor":3.0,"turns":3.0},{"damage":0.0,"enemies":"Exordium Thugs","floor":4.0,"turns":2.0},{"damage":0.0,"enemies":"Lots of Slimes","floor":5.0,"turns":2.0},{"damage":7.0,"enemies":"Blue Slaver","floor":7.0,"turns":4.0},{"damage":49.0,"enemies":"Gremlin Nob","floor":8.0,"turns":5.0},{"damage":19.0,"enemies":"The Guardian","floor":16.0,"turns":13.0},{"damage":16.0,"enemies":"Shell Parasite","floor":18.0,"turns":6.0},{"damage":5.0,"enemies":"Chosen","floor":19.0,"turns":5.0},{"damage":10.0,"enemies":"Centurion and Healer","floor":21.0,"turns":12.0},{"damage":12.0,"enemies":"Snecko","floor":22.0,"turns":8.0},{"damage":38.0,"enemies":"Slavers","floor":23.0,"turns":11.0},{"damage":41.0,"enemies":"Snake Plant","floor":24.0,"turns":6.0},{"damage":8,"enemies":"Gremlin Leader","floor":25,"turns":7},{"damage":11,"enemies":"Shelled Parasite and Fungi","floor":30,"turns":7},{"damage":78,"enemies":"Slavers","floor":31,"turns":4}],"seed_played":"-1128621263506285701","potions_obtained":[{"floor":2.0,"key":"Energy Potion"},{"floor":5.0,"key":"Block Potion"},{"floor":7.0,"key":"Dexterity Potion"},{"floor":21.0,"key":"AttackPotion"}],"is_trial":false,"path_per_floor":["M","M","M","M","M","R","M","E","T","R","?","R","$","?","R","B",null,"M","M","$","M","M","E","M","E","T","R","?","R","M","E"],"character_chosen":"THE_VACANT","items_purchased":["Omamori","PreservedInsect","Sling"],"campfire_rested":3,"item_purchase_floors":[13,13,20],"current_hp_per_floor":[52,52,46,46,46,46,48,9,9,33,33,57,57,57,57,73,79,69,66,66,79,74,48,30,28,28,51,51,51,52,0,0],"gold":84,"neow_bonus":"THREE_RARE_CARDS","is_daily":false,"chose_seed":false,"campfire_upgraded":2,"win_rate":0.0,"timestamp":1612900915,"path_taken":["M","M","M","M","M","R","M","E","T","R","?","R","$","?","R","BOSS","M","M","$","M","M","E","M","E","T","R","?","R","M","E"],"items_purchased_type":["Relic","Relic","Relic"],"build_version":"2020-12-22","purchased_purges":1,"victory":false,"max_hp_per_floor":[80,80,80,80,80,80,80,80,80,80,80,80,80,74,74,74,79,79,79,79,79,79,79,79,79,79,79,79,79,79,79,79],"relic_stats":{"Dream Catcher":3,"counters":[17,102],"Golden Idol":61,"Bronze Scales":[54],"PreservedInsect":134,"Bag of Preparation":[8],"Smiling Mask":25,"obtain_stats":[{"theVacant:BrassGoblet":0,"Golden Idol":14,"CCEMRelics:SoftDrink":17,"PreservedInsect":13,"Omamori":13,"Bag of Preparation":23,"EVO:Axolotl":0,"Smiling Mask":9,"Sling":20,"aspiration:StickyExplosives_weak":25,"Calling Bell":17,"Dream Catcher":8,"CaptainsWheel":17,"Bronze Scales":26,"CCEMRelics:HeirloomTomato":17},{"theVacant:BrassGoblet":0,"Golden Idol":7,"CCEMRelics:SoftDrink":8,"PreservedInsect":7,"Omamori":7,"Bag of Preparation":13,"EVO:Axolotl":0,"Smiling Mask":7,"Sling":10,"aspiration:StickyExplosives_weak":15,"Calling Bell":8,"Dream Catcher":7,"CaptainsWheel":8,"Bronze Scales":15,"CCEMRelics:HeirloomTomato":8},{"theVacant:BrassGoblet":0,"Golden Idol":23,"CCEMRelics:SoftDrink":36,"PreservedInsect":23,"Omamori":23,"Bag of Preparation":78,"EVO:Axolotl":0,"Smiling Mask":23,"Sling":47,"aspiration:StickyExplosives_weak":91,"Calling Bell":36,"Dream Catcher":23,"CaptainsWheel":36,"Bronze Scales":91,"CCEMRelics:HeirloomTomato":36}]},"card_choices":[{"not_picked":["theVacant:TimeSkip","theVacant:TheAnvil"],"picked":"theVacant:Rejection","floor":0.0},{"not_picked":["theVacant:BattleScars","theVacant:Fling"],"picked":"theVacant:SpiritOrb","floor":1.0},{"not_picked":["theVacant:EmptyShield","theVacant:Return"],"picked":"theVacant:VoidEmbrace","floor":2.0},{"not_picked":["theVacant:FranticBlow","theVacant:Thoughtseize"],"picked":"theVacant:ShriekingBlast","floor":3.0},{"not_picked":["theVacant:Whip","theVacant:Anguish"],"picked":"theVacant:Spinshield","floor":4.0},{"not_picked":["theVacant:PitOfDespair","theVacant:Expand"],"picked":"theVacant:Recover","floor":5.0},{"not_picked":["theVacant:BrassMagnet","theVacant:GraveDigger"],"picked":"theVacant:Spinshield","floor":7.0},{"not_picked":["theVacant:Carve","theVacant:IntoTheAbyss"],"picked":"theVacant:VoidForm","floor":8.0},{"not_picked":["theVacant:Anguish","theVacant:Dig"],"picked":"theVacant:CleanseSoul","floor":10.0},{"not_picked":["theVacant:Expand","theVacant:SurpriseAttack"],"picked":"theVacant:Snowball","floor":12.0},{"not_picked":["theVacant:VoidForm","theVacant:MindBreak"],"picked":"theVacant:Voidstone","floor":16.0},{"not_picked":["theVacant:HolyWater","theVacant:IntoTheAbyss"],"picked":"theVacant:Soothe","floor":18.0},{"not_picked":["theVacant:BattleScars+1","theVacant:Return"],"picked":"theVacant:Acceptance","floor":19.0},{"not_picked":["theVacant:Thoughtseize","theVacant:BrassMagnet"],"picked":"theVacant:Barrage","floor":21.0},{"not_picked":["theVacant:Snowball","theVacant:OnSecondThought"],"picked":"theVacant:Necromancy+1","floor":22.0},{"not_picked":["theVacant:Reconnect","theVacant:Soothe"],"picked":"theVacant:TimeSkip","floor":23.0},{"not_picked":["theVacant:Soothe","theVacant:LashOut"],"picked":"theVacant:Whip","floor":24.0},{"not_picked":["theVacant:GraveDigger","theVacant:Jab"],"picked":"theVacant:VoidEmbrace+1","floor":25},{"not_picked":["theVacant:BrassMagnet","theVacant:Soothe"],"picked":"theVacant:GraveWave+1","floor":27},{"not_picked":["theVacant:Acceptance+1","theVacant:FromNothing"],"picked":"theVacant:Recover+1","floor":30}],"player_experience":295879,"relics_obtained":[{"floor":8.0,"key":"Dream Catcher"},{"floor":9.0,"key":"Smiling Mask"},{"floor":17.0,"key":"CCEMRelics:SoftDrink"},{"floor":17.0,"key":"CCEMRelics:HeirloomTomato"},{"floor":17.0,"key":"CaptainsWheel"},{"floor":23.0,"key":"Bag of Preparation"},{"floor":25,"key":"aspiration:StickyExplosives_weak"},{"floor":26,"key":"Bronze Scales"}],"event_choices":[{"damage_healed":33.0,"max_hp_gain":0.0,"max_hp_loss":80.0,"gold_gain":0.0,"event_name":"betterThird:BetterShining","player_choice":"Leave","floor":11.0,"gold_loss":1.0,"damage_taken":0.0},{"damage_healed":0.0,"max_hp_gain":0.0,"max_hp_loss":6.0,"gold_gain":0.0,"event_name":"Golden Idol","player_choice":"Lose Max HP","floor":14.0,"gold_loss":0.0,"damage_taken":0.0,"relics_obtained":["Golden Idol"]},{"cards_removed":["theVacant:VacantStarterDefend"],"damage_healed":0,"gold_gain":0,"player_choice":"Gave Gold","damage_taken":0,"max_hp_gain":0,"max_hp_loss":0,"event_name":"Beggar","floor":28,"gold_loss":75}],"is_beta":false,"boss_relics":[{"not_picked":["Fusion Hammer","Empty Cage"],"picked":"Calling Bell"}],"items_purged_floors":[13],"is_endless":false,"potions_floor_spawned":[2,5,7,8,21,22,25,30],"killed_by":"Slavers","ascension_level":0}}