{"host":"c0rqchpxu0yjpthq","time":1612860044,"event":{"mods":["100% Spire Juice","BaseMod","Challenge The Spire","Conspire","Downfall","HololiveMod","Minty Spire (QoL Compilation)","Reimu（博丽灵梦）","Relic Stats","Reliquary","Spicy Shops","StSLib","Wide Potions","[GremlinLeader]The Maniac"],"gold_per_floor":[111,111,128,53,63,63,88,107,180,196,213,288,288,313,313,413,413,422,422,422],"floor_reached":19,"language":"ZHS","playtime":1437,"items_purged":["Poor:ReiMu"],"score":179,"play_id":"6d320e35-73b9-42b1-8500-49610fd6ebfa","local_time":"20210209164044","is_ascension_mode":false,"campfire_choices":[{"data":"InherentArray:ReiMu","floor":6.0,"key":"SMITH"},{"floor":13.0,"key":"REST"},{"floor":15.0,"key":"REST"}],"circlet_count":0,"master_deck":["Strike_Lin:ReiMu","Strike_Lin:ReiMu","Strike_Lin:ReiMu","Strike_Lin:ReiMu","Defend_Lin:ReiMu","Defend_Lin:ReiMu","Defend_Lin:ReiMu","Defend_Lin:ReiMu","NB:ReiMu","Stagnation:ReiMu","LovePray:ReiMu","InherentArray:ReiMu+1","Gathering:ReiMu","Revelation:ReiMu","RainPray2:ReiMu","PrayRite:ReiMu"],"relics":["FlyPower:ReiMu","NeowsBlessing","YidongShenshe:ReiMu","PureWhite:ReiMu","White Beast Statue","Tiny Chest","reliquary:WritOfMandamus"],"acts_visited":["Exordium","TheCity"],"potions_floor_usage":[],"damage_taken":[{"damage":0.0,"enemies":"Jaw Worm","floor":1.0,"turns":1.0},{"damage":0.0,"enemies":"2 Louse","floor":3.0,"turns":1.0},{"damage":2.0,"enemies":"conspire:RoseBush","floor":5.0,"turns":1.0},{"damage":8.0,"enemies":"3 Sentries","floor":7.0,"turns":10.0},{"damage":13.0,"enemies":"conspire:2 RoseBushes","floor":8.0,"turns":8.0},{"damage":7.0,"enemies":"2 Fungi Beasts","floor":10.0,"turns":6.0},{"damage":3.0,"enemies":"3 Louse","floor":11.0,"turns":5.0},{"damage":12.0,"enemies":"Lagavulin","floor":14.0,"turns":9.0},{"damage":19.0,"enemies":"The Guardian","floor":16.0,"turns":9.0},{"damage":0.0,"enemies":"3 Byrds","floor":18.0,"turns":7.0},{"damage":0,"enemies":"2 Thieves","floor":19,"turns":1}],"seed_played":"2125417372902634255","potions_obtained":[{"floor":1.0,"key":"LiquidBronze"},{"floor":3.0,"key":"SpeedPotion"},{"floor":10.0,"key":"SpeedPotion"},{"floor":11.0,"key":"ZuzhouPotion:ReiMu"},{"floor":14.0,"key":"ColorlessPotion"},{"floor":16.0,"key":"Block Potion"},{"floor":18.0,"key":"FearPotion"}],"is_trial":false,"path_per_floor":["M","?","M","$","M","R","E","M","T","M","M","?","R","E","R","B",null,"M","M"],"character_chosen":"REIMU","items_purchased":[],"campfire_rested":2,"item_purchase_floors":[],"current_hp_per_floor":[65,65,65,65,63,63,55,42,42,35,32,21,40,28,47,28,65,65,65,65],"gold":422,"neow_bonus":"THREE_ENEMY_KILL","is_daily":false,"chose_seed":false,"campfire_upgraded":1,"win_rate":0.0,"timestamp":1612860044,"path_taken":["M","?","M","$","M","R","E","M","T","M","M","?","R","E","R","BOSS","M","M"],"items_purchased_type":[],"build_version":"2020-12-22","purchased_purges":1,"victory":false,"max_hp_per_floor":[65,65,65,65,65,65,65,65,65,65,65,65,65,65,65,65,65,65,65,65],"relic_stats":{"counters":[11,58],"Tiny Chest":0,"obtain_stats":[{"PureWhite:ReiMu":7,"NeowsBlessing":0,"Tiny Chest":14,"YidongShenshe:ReiMu":2,"reliquary:WritOfMandamus":17,"FlyPower:ReiMu":0,"White Beast Statue":9},{"PureWhite:ReiMu":4,"NeowsBlessing":0,"Tiny Chest":8,"YidongShenshe:ReiMu":1,"reliquary:WritOfMandamus":9,"FlyPower:ReiMu":0,"White Beast Statue":5},{"PureWhite:ReiMu":13,"NeowsBlessing":0,"Tiny Chest":41,"YidongShenshe:ReiMu":1,"reliquary:WritOfMandamus":50,"FlyPower:ReiMu":0,"White Beast Statue":21}]},"card_choices":[{"not_picked":["OrbThrow:ReiMu","AirStrike:ReiMu"],"picked":"LovePray:ReiMu","floor":1.0},{"not_picked":["PassingAway:ReiMu","WonderfulDomain:ReiMu"],"picked":"InherentArray:ReiMu","floor":3.0},{"not_picked":["PayForSelf:ReiMu","Enchanting:ReiMu"],"picked":"Gathering:ReiMu","floor":5.0},{"not_picked":["Enchanting:ReiMu","SafetyPray:ReiMu"],"picked":"Revelation:ReiMu","floor":7.0},{"not_picked":["FantasyBorder:ReiMu","SubcavityInstant:ReiMu","ForcedLanding:ReiMu"],"picked":"SKIP","floor":8.0},{"not_picked":["FoulBorder2:ReiMu","OrbThrow:ReiMu","AirStrike:ReiMu"],"picked":"SKIP","floor":10.0},{"not_picked":["LearningPray:ReiMu","EmergencyTakeOff:ReiMu"],"picked":"RainPray2:ReiMu","floor":11.0},{"not_picked":["KamiSacrifice:ReiMu","Gathering:ReiMu","SpiritualOutbreak2:ReiMu"],"picked":"SKIP","floor":14.0},{"not_picked":["HakureiPhantom:ReiMu","CleanRite:ReiMu"],"picked":"PrayRite:ReiMu","floor":16.0},{"not_picked":["SpringWay:ReiMu","AirStrike:ReiMu","SubcavityInstant:ReiMu"],"picked":"SKIP","floor":18.0}],"player_experience":46414,"relics_obtained":[{"floor":7.0,"key":"PureWhite:ReiMu"},{"floor":9.0,"key":"White Beast Statue"},{"floor":14.0,"key":"Tiny Chest"}],"event_choices":[{"damage_healed":0.0,"max_hp_gain":0.0,"max_hp_loss":0.0,"gold_gain":0.0,"event_name":"yidonshenshe","player_choice":"带走神社","floor":2.0,"gold_loss":0.0,"damage_taken":0.0,"relics_obtained":["YidongShenshe:ReiMu"],"cards_obtained":["Poor:ReiMu"]},{"damage_healed":0.0,"max_hp_gain":0.0,"max_hp_loss":0.0,"gold_gain":75.0,"event_name":"World of Goop","player_choice":"Gather Gold","floor":12.0,"gold_loss":0.0,"damage_taken":11.0}],"is_beta":false,"boss_relics":[{"not_picked":["Fusion Hammer","conspire:RunicOctahedron"],"picked":"reliquary:WritOfMandamus"}],"items_purged_floors":[4],"is_endless":false,"potions_floor_spawned":[1,3,10,11,14,16,18],"killed_by":"2 Thieves","ascension_level":0}}