{"host":"aapp7ew3jk5k1bvd","time":1612857877,"event":{"mods":["AchievementEnabler","BaseMod","Colored Map","Custom Start","Minty Spire (QoL Compilation)","Permanent Neow","StSLib","SuperFastMode"],"gold_per_floor":[11,28,45,62,62,62,95,113,166,166,186,186,204,44,44,123,123,140,140,157,175,175,175,175,175,175,190,18,44,44,94,94,94,94],"floor_reached":33,"language":"KOR","playtime":967,"items_purged":["Strike_B"],"score":481,"play_id":"84c8cf6a-87ff-4899-88ba-273a4b912721","local_time":"20210209170437","is_ascension_mode":true,"campfire_choices":[{"data":"Zap","floor":6.0,"key":"SMITH"},{"floor":10.0,"key":"REST"},{"floor":15.0,"key":"REST"},{"data":"Hologram","floor":23.0,"key":"SMITH"},{"floor":25.0,"key":"REST"},{"data":"Gash","floor":30.0,"key":"SMITH"},{"data":"Gash","floor":32,"key":"SMITH"}],"circlet_count":0,"master_deck":["AscendersBane","Strike_B","Strike_B","Strike_B","Defend_B","Defend_B","Defend_B","Defend_B","Zap+1","Dualcast+1","Gash+1","Beam Cell","Gash+1","Skim","Chill","Steam","Steam","Go for the Eyes","Machine Learning+1","Hologram+1","Steam"],"relics":["Cracked Core","Thread and Needle","Regal Pillow","Pen Nib","MutagenicStrength","Pantograph","Gambling Chip","Vajra","Nunchaku"],"acts_visited":["Exordium","TheCity"],"potions_floor_usage":[],"damage_taken":[{"damage":2.0,"enemies":"Cultist","floor":1.0,"turns":4.0},{"damage":3.0,"enemies":"Jaw Worm","floor":2.0,"turns":4.0},{"damage":0.0,"enemies":"Small Slimes","floor":3.0,"turns":3.0},{"damage":0.0,"enemies":"Red Slaver","floor":4.0,"turns":4.0},{"damage":41.0,"enemies":"Gremlin Nob","floor":7.0,"turns":5.0},{"damage":8.0,"enemies":"3 Louse","floor":8.0,"turns":3.0},{"damage":10.0,"enemies":"Exordium Thugs","floor":11.0,"turns":5.0},{"damage":1.0,"enemies":"Blue Slaver","floor":13.0,"turns":4.0},{"damage":55.0,"enemies":"Slime Boss","floor":16.0,"turns":16.0},{"damage":12.0,"enemies":"Chosen","floor":18.0,"turns":6.0},{"damage":7.0,"enemies":"Spheric Guardian","floor":20.0,"turns":4.0},{"damage":3.0,"enemies":"Centurion and Healer","floor":21.0,"turns":8.0},{"damage":8.0,"enemies":"Shelled Parasite and Fungi","floor":27.0,"turns":5.0},{"damage":29.0,"enemies":"Slavers","floor":29.0,"turns":7.0},{"damage":28,"enemies":"Collector","floor":33,"turns":5}],"seed_played":"662171764585711301","potions_obtained":[{"floor":7.0,"key":"DuplicationPotion"},{"floor":8.0,"key":"PowerPotion"},{"floor":18.0,"key":"DistilledChaos"},{"floor":29.0,"key":"Fire Potion"}],"is_trial":false,"path_per_floor":["M","M","M","M","$","R","E","M","T","R","M","?","M","$","R","B",null,"M","?","M","M","?","R","?","R","T","M","$","E","R","?","R","B"],"character_chosen":"DEFECT","items_purchased":["Steam","Go for the Eyes","Vajra"],"campfire_rested":3,"item_purchase_floors":[14,14,28],"current_hp_per_floor":[62,59,59,59,59,59,18,10,10,46,36,36,35,35,71,16,57,45,45,38,35,35,35,35,71,71,63,63,34,34,34,34,31,31],"gold":94,"neow_bonus":"ONE_RARE_RELIC","is_daily":false,"chose_seed":false,"campfire_upgraded":4,"win_rate":0.0,"timestamp":1612857877,"path_taken":["M","M","M","M","$","R","E","M","T","R","M","?","M","$","R","BOSS","M","?","?","M","?","R","?","R","T","?","$","E","R","?","R","BOSS"],"items_purchased_type":["Card","Card","Relic"],"build_version":"2020-12-22","purchased_purges":1,"victory":false,"max_hp_per_floor":[71,71,71,71,71,71,71,71,71,71,71,71,71,71,71,71,71,71,71,71,71,71,71,71,71,71,71,71,71,71,71,71,71,71],"card_choices":[{"not_picked":["Streamline","Compile Driver"],"picked":"Gash","floor":1.0},{"not_picked":["Recycle","Barrage"],"picked":"Beam Cell","floor":2.0},{"not_picked":["Loop","Turbo","Coolheaded"],"picked":"SKIP","floor":3.0},{"not_picked":["Undo","Doom and Gloom"],"picked":"Gash","floor":4.0},{"not_picked":["Coolheaded","Cold Snap"],"picked":"Skim","floor":7.0},{"not_picked":["Creative AI","White Noise"],"picked":"Chill","floor":8.0},{"not_picked":["Melter","Streamline"],"picked":"Steam","floor":11.0},{"not_picked":["Cold Snap","Beam Cell","Compile Driver"],"picked":"SKIP","floor":13.0},{"not_picked":["Reboot","Rainbow"],"picked":"Machine Learning","floor":16.0},{"not_picked":["Chaos","Barrage","Cold Snap"],"picked":"SKIP","floor":18.0},{"not_picked":["Redo","Blizzard"],"picked":"Hologram","floor":20.0},{"not_picked":["Redo","Sweeping Beam","Beam Cell"],"picked":"SKIP","floor":21.0},{"not_picked":["Storm","Ball Lightning","Compile Driver"],"picked":"SKIP","floor":27.0},{"not_picked":["Force Field","Seek"],"picked":"Steam","floor":29.0}],"player_experience":1348581,"relics_obtained":[{"floor":7.0,"key":"Regal Pillow"},{"floor":9.0,"key":"Pen Nib"},{"floor":24.0,"key":"Pantograph"},{"floor":26.0,"key":"Gambling Chip"},{"floor":29.0,"key":"Nunchaku"}],"event_choices":[{"damage_healed":0.0,"max_hp_gain":0.0,"max_hp_loss":0.0,"gold_gain":0.0,"event_name":"Living Wall","player_choice":"Grow","floor":12.0,"gold_loss":0.0,"damage_taken":0.0,"cards_upgraded":["Dualcast"]},{"damage_healed":0.0,"max_hp_gain":0.0,"max_hp_loss":0.0,"gold_gain":0.0,"event_name":"Upgrade Shrine","player_choice":"Upgraded","floor":19.0,"gold_loss":0.0,"damage_taken":0.0,"cards_upgraded":["Machine Learning"]},{"damage_healed":0.0,"max_hp_gain":0.0,"max_hp_loss":0.0,"gold_gain":0.0,"event_name":"Drug Dealer","player_choice":"Inject Mutagens","floor":22.0,"gold_loss":0.0,"damage_taken":0.0,"relics_obtained":["MutagenicStrength"]},{"damage_healed":0.0,"max_hp_gain":0.0,"max_hp_loss":0.0,"gold_gain":0.0,"event_name":"Wheel of Change","player_choice":"Relic","floor":24.0,"gold_loss":0.0,"damage_taken":0.0},{"damage_healed":0.0,"max_hp_gain":0.0,"max_hp_loss":0.0,"gold_gain":50.0,"event_name":"Golden Shrine","player_choice":"Pray","floor":31.0,"gold_loss":0.0,"damage_taken":0.0}],"is_beta":false,"boss_relics":[{"not_picked":["Velvet Choker","Runic Dome","Sozu"]}],"items_purged_floors":[14],"is_endless":false,"potions_floor_spawned":[7,8,11,13,18,29],"killed_by":"Collector","ascension_level":16}}