{"host":"qy1e0kd24tpj3i2m","time":1612910706,"event":{"mods":["Act Like it!","BaseMod","Better Skull","Better Vampires","Colored Map","Colored Powertips","Custom Start","Displayed Cursed Tome","Faster Ascension Climbing","Friendly Minions","GifTheSpireLib","Gremlin Skip","Highlight Path","Minty Spire (QoL Compilation)","Permanent Neow","Poor People Problems","Quick Restart","Red Circlet Mod","Relic Filter Mod","Relic Sorter","Reorder Act Four","SacredBarkPlus","Shop Mod","StSLib","SuperFastMode","Transform Curses","没有小屋子和绿帽子啦"],"gold_per_floor":[10,30,30,30,43,43,69,69,96,123,123,139,162,189,201,285,297,309,321,350,389,401,413,435,447,528,540,571,583,595,607,607],"floor_reached":31,"language":"ZHS","playtime":951,"items_purged":[],"score":486,"play_id":"0dec40a6-41f8-4416-8b47-85a836ed095d","local_time":"20210210074506","is_ascension_mode":true,"campfire_choices":[{"data":"Feed","floor":6.0,"key":"SMITH"},{"data":"Flex","floor":8.0,"key":"SMITH"},{"data":"Entrench","floor":15.0,"key":"SMITH"},{"data":"Ghostly","floor":23.0,"key":"SMITH"},{"data":"Ghostly","floor":27.0,"key":"SMITH"},{"data":"True Grit","floor":30,"key":"SMITH"}],"circlet_count":0,"master_deck":["AscendersBane","Strike_R","Strike_R","Strike_R","Strike_R","Strike_R","Defend_R","Defend_R","Defend_R","Headbutt","Feed+1","Rage","Flex+1","Spot Weakness","Berserk","Entrench+1","Impervious","Evolve+1","Metallicize+1","Ghostly+1","Ghostly+1","Ghostly","Burning Pact","Writhe","True Grit+1","Decay"],"relics":["Burning Blood","Strawberry","Blood Vial","Bag of Marbles","FossilizedHelix","Frozen Egg 2","MawBank","Sozu","Red Mask","Ancient Tea Set"],"acts_visited":["Exordium","TheCity"],"potions_floor_usage":[],"damage_taken":[{"damage":15.0,"enemies":"Small Slimes","floor":1.0,"turns":4.0},{"damage":2.0,"enemies":"Cultist","floor":2.0,"turns":4.0},{"damage":0.0,"enemies":"2 Louse","floor":5.0,"turns":2.0},{"damage":8.0,"enemies":"3 Sentries","floor":7.0,"turns":4.0},{"damage":11.0,"enemies":"Gremlin Nob","floor":10.0,"turns":3.0},{"damage":0.0,"enemies":"Exordium Wildlife","floor":12.0,"turns":3.0},{"damage":0.0,"enemies":"Gremlin Gang","floor":14.0,"turns":4.0},{"damage":43.0,"enemies":"The Guardian","floor":16.0,"turns":14.0},{"damage":0.0,"enemies":"2 Thieves","floor":18.0,"turns":1.0},{"damage":29.0,"enemies":"Spheric Guardian","floor":20.0,"turns":6.0},{"damage":47.0,"enemies":"Masked Bandits","floor":21.0,"turns":6.0},{"damage":47.0,"enemies":"3 Cultists","floor":24.0,"turns":9.0},{"damage":10,"enemies":"Centurion and Healer","floor":28,"turns":9},{"damage":4,"enemies":"Gremlin Leader","floor":31,"turns":5}],"seed_played":"8922338571695849072","potions_obtained":[{"floor":1.0,"key":"PowerPotion"},{"floor":2.0,"key":"Explosive Potion"},{"floor":7.0,"key":"SmokeBomb"},{"floor":16.0,"key":"FairyPotion"}],"is_trial":false,"path_per_floor":["M","M","?","$","M","R","E","R","T","E","?","M","T","M","R","B",null,"M","$","M","?","?","R","M","?","T","R","M","?","R","E"],"character_chosen":"IRONCLAD","items_purchased":[],"campfire_rested":0,"item_purchase_floors":[],"current_hp_per_floor":[62,69,76,76,85,85,87,87,87,84,84,96,96,103,103,70,98,106,106,88,53,53,53,18,18,18,18,20,20,20,18,18],"gold":607,"neow_bonus":"TRANSFORM_TWO_CARDS","is_daily":false,"chose_seed":false,"campfire_upgraded":6,"win_rate":0.0,"timestamp":1612910706,"path_taken":["M","M","?","$","?","R","E","R","T","E","?","M","?","?","R","BOSS","M","$","M","?","?","R","M","?","T","R","M","?","R","E"],"items_purchased_type":[],"build_version":"2020-12-22","purchased_purges":0,"victory":false,"max_hp_per_floor":[78,81,88,88,91,91,95,95,95,95,95,99,99,103,103,107,107,107,107,111,115,57,57,61,61,61,61,65,65,65,65,65],"card_choices":[{"not_picked":["Battle Trance","Anger","Sever Soul"],"picked":"SKIP","floor":1.0},{"not_picked":["True Grit","Sentinel"],"picked":"Rage","floor":2.0},{"not_picked":["Heavy Blade","Disarm"],"picked":"Flex","floor":5.0},{"not_picked":["Wild Strike","Cleave"],"picked":"Spot Weakness","floor":7.0},{"not_picked":["Dual Wield","Flex"],"picked":"Berserk","floor":10.0},{"not_picked":["Headbutt","Anger","Hemokinesis"],"picked":"SKIP","floor":12.0},{"not_picked":["Anger","Body Slam"],"picked":"Entrench","floor":14.0},{"not_picked":["Corruption+1","Reaper"],"picked":"Impervious","floor":16.0},{"not_picked":["Ghostly Armor+1","Carnage"],"picked":"Evolve+1","floor":20.0},{"not_picked":["Seeing Red","Clash"],"picked":"Metallicize+1","floor":21.0},{"not_picked":["Metallicize+1","Armaments"],"picked":"Burning Pact","floor":24.0},{"not_picked":["Body Slam","Headbutt"],"picked":"True Grit","floor":28}],"player_experience":1008404,"relics_obtained":[{"floor":3.0,"key":"Strawberry"},{"floor":7.0,"key":"Blood Vial"},{"floor":9.0,"key":"Bag of Marbles"},{"floor":10.0,"key":"FossilizedHelix"},{"floor":13.0,"key":"MawBank"},{"floor":21.0,"key":"Red Mask"}],"event_choices":[{"damage_healed":0.0,"max_hp_gain":0.0,"max_hp_loss":0.0,"gold_gain":0.0,"event_name":"Wheel of Change","player_choice":"Relic","floor":3.0,"gold_loss":0.0,"damage_taken":0.0},{"damage_healed":0.0,"max_hp_gain":0.0,"max_hp_loss":0.0,"gold_gain":0.0,"event_name":"Dead Adventurer","player_choice":"Searched \u00271\u0027 times","floor":11.0,"gold_loss":0.0,"damage_taken":0.0,"relics_obtained":["Frozen Egg 2"]},{"damage_healed":0.0,"max_hp_gain":0.0,"max_hp_loss":0.0,"gold_gain":0.0,"event_name":"Masked Bandits","player_choice":"Fought Bandits","floor":21.0,"gold_loss":0.0,"damage_taken":0.0},{"damage_healed":0.0,"max_hp_gain":0.0,"max_hp_loss":58.0,"gold_gain":0.0,"event_name":"Ghosts","player_choice":"Became a Ghost","floor":22.0,"gold_loss":0.0,"damage_taken":0.0,"cards_obtained":["Ghostly","Ghostly","Ghostly"]},{"damage_healed":0.0,"max_hp_gain":0.0,"max_hp_loss":0.0,"gold_gain":0.0,"event_name":"The Mausoleum","player_choice":"Opened","floor":25.0,"gold_loss":0.0,"damage_taken":0.0,"relics_obtained":["Ancient Tea Set"],"cards_obtained":["Writhe"]},{"damage_healed":0,"gold_gain":0,"player_choice":"Smashed Altar","damage_taken":0,"max_hp_gain":0,"max_hp_loss":0,"event_name":"Forgotten Altar","floor":29,"gold_loss":0,"cards_obtained":["Decay"]}],"is_beta":false,"boss_relics":[{"not_picked":["Calling Bell","Astrolabe"],"picked":"Sozu"}],"items_purged_floors":[],"is_endless":false,"potions_floor_spawned":[1,2,7,16,18,20],"killed_by":"Gremlin Leader","ascension_level":20}}