{"host":"vrsxkkch9ccrec7k","time":1612912223,"event":{"mods":["Act Like it!","BaseMod","Bestiary","Better Altar","Better Match","Better Note","Better Sensory Stone","Better Skull","Better Third Choice","Better Vampires","Downfall","Minty Spire (QoL Compilation)","Permanent Neow","Relic Stats","Spicy Shops","StSLib"],"gold_per_floor":[300,310,310,327,342,342,342,442,8,28,42,61,61,61,61],"floor_reached":13,"language":"ENG","playtime":593,"items_purged":["champ:Strike","champ:Strike"],"score":131,"play_id":"63f52bae-8803-47c7-a080-915969b52b10","local_time":"20210209181023","is_ascension_mode":true,"campfire_choices":[{"data":"champ:Execute","floor":1,"key":"SMITH"},{"floor":6,"key":"REST"}],"circlet_count":0,"master_deck":["AscendersBane","champ:Strike+1","champ:Strike","champ:Defend","champ:Defend","champ:Defend","champ:Defend","champ:Execute+1","champ:Taunt","champ:PreciseThrust","champ:GutPunch","champ:DefensiveStyle","champ:FanOfKnives","champ:IronFortress","champ:FancyFootwork"],"relics":["champ:ChampionCrown","Old Coin","hexamod:Sixitude","champ:SpectersHand"],"acts_visited":["Exordium"],"potions_floor_usage":[12,13],"damage_taken":[{"damage":17,"enemies":"2 Louse","floor":2,"turns":2},{"damage":3,"enemies":"Cultist","floor":4,"turns":4},{"damage":20,"enemies":"Small Slimes","floor":5,"turns":3},{"damage":10,"enemies":"downfall:FleeingMerchant","floor":9,"turns":4},{"damage":36,"enemies":"Exordium Thugs","floor":10,"turns":5},{"damage":6,"enemies":"2 Fungi Beasts","floor":11,"turns":3},{"damage":10,"enemies":"Lots of Slimes","floor":12,"turns":3},{"damage":43,"enemies":"Gremlin Nob","floor":13,"turns":3}],"seed_played":"7056498932028897722","potions_obtained":[{"floor":4,"key":"Swift Potion"},{"floor":10,"key":"FearPotion"}],"is_trial":false,"path_per_floor":["R","M","?","M","M","R","T","?","$","M","M","M","E"],"character_chosen":"THE_CHAMP","items_purchased":["champ:SpectersHand"],"campfire_rested":1,"item_purchase_floors":[9],"current_hp_per_floor":[73,66,54,51,41,65,65,65,65,44,43,43,0,0,0],"gold":61,"neow_bonus":"ONE_RARE_RELIC","is_daily":false,"chose_seed":false,"campfire_upgraded":1,"win_rate":0.0,"timestamp":1612912223,"path_taken":["R","M","?","?","M","R","T","?","?","M","M","M","E"],"items_purchased_type":["Relic"],"build_version":"2020-12-22","purchased_purges":2,"victory":false,"max_hp_per_floor":[81,81,81,81,81,81,81,81,81,81,81,81,81,81,81],"relic_stats":{"counters":[8,27],"obtain_stats":[{"hexamod:Sixitude":7,"champ:ChampionCrown":0,"champ:SpectersHand":9,"Old Coin":0},{"hexamod:Sixitude":3,"champ:ChampionCrown":0,"champ:SpectersHand":4,"Old Coin":0},{"hexamod:Sixitude":9,"champ:ChampionCrown":0,"champ:SpectersHand":13,"Old Coin":0}]},"card_choices":[{"not_picked":["champ:AdrenalArmor","champ:ShieldSigil"],"picked":"champ:PreciseThrust","floor":2},{"not_picked":["champ:EnGarde","champ:PerfectedStrike"],"picked":"champ:GutPunch","floor":4},{"not_picked":["champ:HeartStrike","champ:DefensiveShout"],"picked":"champ:DefensiveStyle","floor":5},{"not_picked":["champ:PerfectedStrike","champ:RisingSlash"],"picked":"champ:FanOfKnives","floor":9},{"not_picked":["champ:CalledShot","champ:CheapShot"],"picked":"champ:IronFortress","floor":10},{"not_picked":["champ:BladeFlurry","champ:TornadoPunch","champ:Shatter"],"picked":"SKIP","floor":11},{"not_picked":["champ:BladeFlurry","champ:TornadoPunch","champ:Shatter"],"picked":"SKIP","floor":11},{"not_picked":["champ:PreciseThrust","champ:Shatter"],"picked":"champ:FancyFootwork","floor":12}],"player_experience":1881730,"relics_obtained":[{"floor":7,"key":"hexamod:Sixitude"}],"event_choices":[{"damage_healed":0,"gold_gain":0,"player_choice":"UP ","damage_taken":14,"relics_obtained":[],"max_hp_gain":0,"max_hp_loss":0,"event_name":"betterSkull:BetterSkull","floor":3,"gold_loss":0,"cards_upgraded":["champ:Strike"]}],"is_beta":false,"boss_relics":[],"items_purged_floors":[9,9],"is_endless":false,"potions_floor_spawned":[4,10,11],"killed_by":"Gremlin Nob","ascension_level":14}}