{"host":"uhnh33uh34qot0et","time":1612829000,"event":{"mods":["BaseMod","Colored Map","Downfall","Hermit","Marisa????????","Minty Spire (QoL Compilation)","StSLib","The Bug Knight","The Cursed","The Servant 0.9.4"],"gold_per_floor":[110,124,124,149,149,192,192,223,304,304,304,379,554,416,416,541,541,556,105,105,105,204,204,245,102,178,178,203,224,243,256,256,256,256],"floor_reached":33,"language":"ENG","playtime":698,"items_purged":[],"score":271,"play_id":"af1747b1-6de8-42e5-a298-2019bbfa47bf","local_time":"20210209010320","is_ascension_mode":false,"campfire_choices":[{"floor":7,"key":"REST"},{"floor":10,"key":"REST"},{"data":"Gash","floor":11,"key":"SMITH"},{"data":"Gash","floor":15,"key":"SMITH"},{"data":"Gash","floor":23,"key":"SMITH"},{"data":"Hyperbeam","floor":27,"key":"SMITH"},{"floor":32,"key":"REST"}],"circlet_count":0,"master_deck":["Strike_B","Strike_B","Strike_B","Strike_B","Defend_B","Defend_B","Defend_B","Defend_B","Zap","Dualcast","Gash+1","Sweeping Beam","Gash+1","Echo Form","Streamline","Doubt","Gash+1","Dramatic Entrance","Echo Form","Leap","downfall:Bewildered","Sunder","Hyperbeam+1","Hologram","Ball Lightning","Sweeping Beam"],"relics":["Cracked Core","NeowsBlessing","Golden Idol","WingedGreaves","Guardian:PocketSentry","Bottled Tornado","Black Star","Lee\u0027s Waffle","champ:DeflectingBracers","sneckomod:BabySnecko","White Beast Statue","PreservedInsect","HandDrill","Darkstone Periapt"],"acts_visited":["Exordium","TheCity"],"potions_floor_usage":[6,16,29,33,33,33],"damage_taken":[{"damage":0,"enemies":"Jaw Worm","floor":1,"turns":1},{"damage":0,"enemies":"2 Louse","floor":2,"turns":1},{"damage":0,"enemies":"Small Slimes","floor":4,"turns":1},{"damage":18,"enemies":"Gremlin Nob","floor":6,"turns":4},{"damage":30,"enemies":"3 Sentries","floor":8,"turns":6},{"damage":35,"enemies":"Hexaghost","floor":16,"turns":6},{"damage":26,"enemies":"3 Byrds","floor":18,"turns":5},{"damage":31,"enemies":"Book of Stabbing","floor":24,"turns":5},{"damage":9,"enemies":"Centurion and Healer","floor":28,"turns":2},{"damage":0,"enemies":"3 Cultists","floor":29,"turns":2},{"damage":12,"enemies":"Shelled Parasite and Fungi","floor":30,"turns":4},{"damage":6,"enemies":"Chosen and Byrds","floor":31,"turns":2},{"damage":68,"enemies":"Automaton","floor":33,"turns":6}],"seed_played":"7488003361352171870","potions_obtained":[{"floor":4,"key":"Swift Potion"},{"floor":8,"key":"EssenceOfDarkness"},{"floor":24,"key":"DistilledChaos"},{"floor":28,"key":"hexamod:SoulburnPotion"},{"floor":29,"key":"EssenceOfDarkness"},{"floor":30,"key":"DistilledChaos"}],"is_trial":false,"path_per_floor":["M","M","?","M","?","E","R","E","T","R","R","?","?","$","R","B",null,"M","$","?","?","?","R","E","$","T","R","M","M","M","M","R","B"],"character_chosen":"DEFECT","items_purchased":["Gash","Dramatic Entrance","Lee\u0027s Waffle","champ:DeflectingBracers","HandDrill"],"campfire_rested":3,"item_purchase_floors":[14,14,19,19,25],"current_hp_per_floor":[75,75,57,57,57,39,61,31,31,53,53,42,42,42,42,7,75,49,82,82,82,82,82,51,51,51,51,42,42,30,24,48,0,0],"gold":256,"neow_bonus":"THREE_ENEMY_KILL","is_daily":false,"chose_seed":false,"campfire_upgraded":4,"win_rate":0.0,"timestamp":1612829000,"path_taken":["M","M","?","M","?","E","R","E","T","R","R","?","?","?","R","BOSS","M","$","?","?","?","R","E","$","T","R","M","?","M","M","R","BOSS"],"items_purchased_type":["Card","Card","Relic","Relic","Relic"],"build_version":"2020-12-22","purchased_purges":0,"victory":false,"max_hp_per_floor":[75,75,75,75,75,75,75,75,75,75,75,75,75,75,75,75,75,75,82,82,82,82,82,82,82,82,82,82,82,82,82,82,82,82],"card_choices":[{"not_picked":["Cold Snap","Compile Driver"],"picked":"Gash","floor":1},{"not_picked":["Steam","Skim"],"picked":"Sweeping Beam","floor":2},{"not_picked":["Redo","Leap"],"picked":"Gash","floor":4},{"not_picked":["Heatsinks","BootSequence"],"picked":"Echo Form","floor":6},{"not_picked":["Ball Lightning","Blizzard"],"picked":"Streamline","floor":8},{"not_picked":["Fission","Biased Cognition"],"picked":"Echo Form","floor":16},{"not_picked":["Rebound+1","Auto Shields+1"],"picked":"Leap","floor":18},{"not_picked":["Steam","BootSequence"],"picked":"Hyperbeam","floor":24},{"not_picked":["Force Field","Consume+1","Barrage+1"],"picked":"SKIP","floor":28},{"not_picked":["Redo","Skim"],"picked":"Hologram","floor":29},{"not_picked":["Turbo","Lockon"],"picked":"Ball Lightning","floor":30},{"not_picked":["Compile Driver+1","Ball Lightning"],"picked":"Sweeping Beam","floor":31}],"player_experience":37469,"relics_obtained":[{"floor":6,"key":"WingedGreaves"},{"floor":8,"key":"Guardian:PocketSentry"},{"floor":9,"key":"Bottled Tornado"},{"floor":24,"key":"White Beast Statue"},{"floor":24,"key":"PreservedInsect"},{"floor":26,"key":"Darkstone Periapt"}],"event_choices":[{"damage_healed":0,"gold_gain":0,"player_choice":"Take Damage","damage_taken":18,"relics_obtained":["Golden Idol"],"max_hp_gain":0,"max_hp_loss":0,"event_name":"Golden Idol","floor":3,"gold_loss":0},{"damage_healed":0,"gold_gain":0,"player_choice":"Ignored","damage_taken":0,"max_hp_gain":0,"max_hp_loss":0,"event_name":"Golden Wing","floor":5,"gold_loss":0},{"damage_healed":0,"gold_gain":75,"player_choice":"Gather Gold","damage_taken":11,"max_hp_gain":0,"max_hp_loss":0,"event_name":"World of Goop","floor":12,"gold_loss":0},{"damage_healed":0,"gold_gain":175,"player_choice":"AGREE","damage_taken":0,"max_hp_gain":0,"max_hp_loss":0,"event_name":"Liars Game","floor":13,"gold_loss":0,"cards_obtained":["Doubt"]},{"damage_healed":0,"gold_gain":0,"player_choice":"Read","damage_taken":0,"max_hp_gain":0,"max_hp_loss":0,"event_name":"The Library","floor":21,"gold_loss":0,"cards_obtained":["Sunder"]},{"damage_healed":0,"gold_gain":99,"player_choice":"Stole From Cult","damage_taken":0,"max_hp_gain":0,"max_hp_loss":0,"event_name":"Nest","floor":22,"gold_loss":0}],"is_beta":false,"boss_relics":[{"not_picked":["Philosopher\u0027s Stone","Coffee Dripper"],"picked":"Black Star"}],"items_purged_floors":[],"is_endless":false,"potions_floor_spawned":[4,8,24,28,29,30,31],"killed_by":"Automaton","ascension_level":0}}