{"host":"815dqs41i1y8uxms","time":1612896528,"event":{"mods":["A Penny For Your Troubles","Act Like it!","BaseMod","Elementarium","GungeonMod","Minty Spire (QoL Compilation)","Rare Cards Sparkle","Shop Mod","Spire Arcade","StSLib"],"gold_per_floor":[115,125,141,141,3,3,33,53,79,99,99,119,162,14,14,115,115,127,177,50,77,127,127,186,79,79,107,107,143,143,252,252,354,354,371,414,544,544,570,616,616,666,690,63,63,63],"floor_reached":45,"language":"ENG","playtime":2860,"items_purged":[],"score":573,"play_id":"c289642d-21a3-4ce6-9b38-5c956b2343bd","local_time":"20210209194848","is_ascension_mode":false,"campfire_choices":[{"data":"DemoMod:TableSutra","floor":6,"key":"SMITH"},{"floor":15,"key":"REST"},{"floor":23,"key":"RECALL"},{"floor":28,"key":"REST"},{"floor":30,"key":"REST"},{"data":"DemoMod:PotionOfGunFriendShip","floor":32,"key":"SMITH"},{"floor":41,"key":"REST"}],"circlet_count":0,"master_deck":["DemoMod:Strike_Huntress","DemoMod:Strike_Huntress","DemoMod:Strike_Huntress","DemoMod:Defend_Huntress","DemoMod:Defend_Huntress","DemoMod:Defend_Huntress","DemoMod:Defend_Huntress","DemoMod:Roll","DemoMod:ManualReload","DemoMod:RustySidearm","DemoMod:CrossBow","DemoMod:Casey","DemoMod:TableSutra+1","DemoMod:DirectionalPad","DemoMod:Casey","DemoMod:MachoBrace","DemoMod:Evolver","DemoMod:DarkMarker","DemoMod:JK47","DemoMod:StickyCrossBow","DemoMod:BattleInHaste","DemoMod:BSG","DemoMod:TeaPot","DemoMod:GunShield","DemoMod:MegaHand","Jack Of All Trades","DemoMod:Unity","DemoMod:HardPowerCard+1","DemoMod:FastSwitch","DemoMod:FinishedGun","DemoMod:BattleInHaste","DemoMod:TeaPot+1","DemoMod:PotionOfGunFriendShip+1","DemoMod:FinishedGun+1","DemoMod:Unity+1","DemoMod:DirectionalPad+1","DemoMod:ProbeStrike+1","DemoMod:ConditionalReflex+1","DemoMod:Invincible","DemoMod:StickyCrossBow+1","DemoMod:ShadowBullets+1","DemoMod:Camera+1","DemoMod:SAA+1","DemoMod:JK47+1","DemoMod:Ejector"],"relics":["DemoMod:Dog","FaceOfCleric","DemoMod:GnawedKey","Oddly Smooth Stone","Vajra","DemoMod:ClearGuonStone","DemoMod:PoisonVial","DemoMod:GundromedaStrain","MerchantsRug","Black Star","Shuriken","Molten Egg 2","Lantern","Ornamental Fan","Elementarium:ElementariumTrophy","DemoMod:RiddleOfLead","Pantograph","DemoMod:MeltedRock","Bag of Marbles","CeramicFish","DemoMod:CrisisStone","Nunchaku","Sling"],"acts_visited":["Exordium","Elementarium:Elementarium","TheBeyond"],"potions_floor_usage":[7,13,31,39],"damage_taken":[{"damage":1,"enemies":"Cultist","floor":1,"turns":3},{"damage":0,"enemies":"Small Slimes","floor":2,"turns":2},{"damage":5,"enemies":"Jaw Worm","floor":3,"turns":5},{"damage":29,"enemies":"Gremlin Nob","floor":7,"turns":5},{"damage":11,"enemies":"Gremlin Gang","floor":8,"turns":6},{"damage":0,"enemies":"2 Fungi Beasts","floor":10,"turns":3},{"damage":5,"enemies":"Exordium Wildlife","floor":12,"turns":3},{"damage":18,"enemies":"Lagavulin","floor":13,"turns":5},{"damage":3,"enemies":"Slime Boss","floor":16,"turns":7},{"damage":0,"enemies":"Elementarium:VoidCorruption","floor":18,"turns":5},{"damage":4,"enemies":"Elementarium:2_ELEMENTALS","floor":21,"turns":2},{"damage":0,"enemies":"Elementarium:RubyGolem","floor":22,"turns":2},{"damage":13,"enemies":"Elementarium:Hydrostalker","floor":24,"turns":3},{"damage":27,"enemies":"Elementarium:CYCLONE_AND_LIVING_STORMCLOUD","floor":27,"turns":6},{"damage":4,"enemies":"Elementarium:FIRE_NOBILITY","floor":29,"turns":7},{"damage":9,"enemies":"Elementarium:FIRE_SANCTUM_HERALD","floor":31,"turns":5},{"damage":1,"enemies":"Elementarium:FIRE_SANCTUM_FIRELORD","floor":31,"turns":2},{"damage":12,"enemies":"Elementarium:GolemEmperor","floor":33,"turns":10},{"damage":13,"enemies":"Orb Walker","floor":35,"turns":3},{"damage":0,"enemies":"3 Darklings","floor":36,"turns":5},{"damage":43,"enemies":"Maw","floor":39,"turns":7},{"damage":37,"enemies":"Reptomancer","floor":40,"turns":6},{"damage":49,"enemies":"Spire Growth","floor":45,"turns":3}],"seed_played":"8078649024404006533","potions_obtained":[{"floor":1,"key":"LiquidBronze"},{"floor":8,"key":"Fire Potion"},{"floor":12,"key":"FairyPotion"},{"floor":13,"key":"Block Potion"},{"floor":22,"key":"Strength Potion"},{"floor":24,"key":"Energy Potion"},{"floor":27,"key":"PowerPotion"},{"floor":36,"key":"Energy Potion"}],"is_trial":false,"path_per_floor":["M","M","M","?","$","R","E","M","T","M","?","M","E","$","R","B",null,"M","?","$","M","M","R","M","$","T","M","R","E","R","?","R","B",null,"M","M","?","?","M","E","R","T","T","$","M"],"character_chosen":"HUNTRESS","items_purchased":["DemoMod:GnawedKey","DemoMod:Casey","MerchantsRug","DemoMod:BattleInHaste","DemoMod:MegaHand","Jack Of All Trades","DemoMod:FinishedGun","DemoMod:SAA+1","DemoMod:CrisisStone","Nunchaku","Sling","Dexterity Potion","DemoMod:JK47+1","DemoMod:Ejector"],"campfire_rested":4,"item_purchase_floors":[5,5,14,14,20,20,25,44,44,44,44,44,44,44],"current_hp_per_floor":[76,76,71,71,71,71,43,33,33,34,34,30,13,13,36,34,78,79,79,79,76,77,77,65,65,65,39,63,60,84,76,76,65,97,85,86,86,86,44,8,38,38,38,38,0,0],"gold":63,"neow_bonus":"TEN_PERCENT_HP_BONUS","is_daily":false,"chose_seed":false,"campfire_upgraded":2,"win_rate":0.0,"timestamp":1612896528,"path_taken":["M","M","M","?","?","R","E","?","T","M","?","M","E","$","R","BOSS","M","?","$","M","?","R","M","$","T","M","R","E","R","?","R","BOSS","M","M","?","?","M","E","R","?","T","$","M"],"items_purchased_type":["Relic","Card","Relic","Card","Card","Card","Card","Card","Relic","Relic","Relic","Potion","Card","Card"],"build_version":"2020-12-22","purchased_purges":0,"victory":false,"max_hp_per_floor":[77,77,77,77,77,77,78,79,79,80,75,76,77,77,77,78,78,79,79,79,80,81,81,82,82,82,83,83,84,84,86,86,87,97,98,99,99,99,100,101,101,101,101,101,101,101],"card_choices":[{"not_picked":["DemoMod:JK47","DemoMod:StickyCrossBow"],"picked":"DemoMod:Casey","floor":1},{"not_picked":["DemoMod:Replace","DemoMod:Ejector"],"picked":"DemoMod:TableSutra","floor":2},{"not_picked":["DemoMod:FortunesFavor","DemoMod:CombinedRifle"],"picked":"DemoMod:DirectionalPad","floor":3},{"not_picked":["DemoMod:HighKaliber","DemoMod:SkilledReload"],"picked":"DemoMod:MachoBrace","floor":7},{"not_picked":["DemoMod:TeaPot","DemoMod:DoubleSwitch"],"picked":"DemoMod:Evolver","floor":8},{"not_picked":["DemoMod:Unity","DemoMod:Ejector"],"picked":"DemoMod:DarkMarker","floor":10},{"not_picked":["DemoMod:FastSwitch","DemoMod:ConditionalReflex"],"picked":"DemoMod:JK47","floor":12},{"not_picked":["DemoMod:Unmoved","DemoMod:HuntsMan"],"picked":"DemoMod:StickyCrossBow","floor":13},{"not_picked":["DemoMod:Elimentaler","DemoMod:FightSabre"],"picked":"DemoMod:BSG","floor":16},{"not_picked":["DemoMod:FortunesFavor","DemoMod:CursedBullets+1"],"picked":"DemoMod:TeaPot","floor":18},{"not_picked":["DemoMod:FastSwitch","DemoMod:DirectionalPad"],"picked":"DemoMod:GunShield","floor":18},{"not_picked":["DemoMod:Replace","DemoMod:FortunesFavor"],"picked":"DemoMod:Unity","floor":21},{"not_picked":["DemoMod:TeaPot","DemoMod:ConditionalReflex"],"picked":"DemoMod:HardPowerCard+1","floor":22},{"not_picked":["DemoMod:BattleInHaste","DemoMod:Purify"],"picked":"DemoMod:FastSwitch","floor":24},{"not_picked":["DemoMod:DoubleSwitch","DemoMod:HuntsMan"],"picked":"DemoMod:BattleInHaste","floor":27},{"not_picked":["DemoMod:JK47+1","DemoMod:Casey+1"],"picked":"DemoMod:TeaPot+1","floor":29},{"not_picked":["DemoMod:FastSwitch","DemoMod:TableSutra+1"],"picked":"DemoMod:PotionOfGunFriendShip","floor":31},{"not_picked":["DemoMod:Slinger","DemoMod:Behold!"],"picked":"DemoMod:FinishedGun+1","floor":33},{"not_picked":["DemoMod:HighKaliber+1","DemoMod:MachoBrace"],"picked":"DemoMod:Unity+1","floor":35},{"not_picked":["DemoMod:HardPowerCard+1","DemoMod:AC15+1"],"picked":"DemoMod:DirectionalPad+1","floor":35},{"not_picked":["DemoMod:JK47+1","DemoMod:Purify+1"],"picked":"DemoMod:ProbeStrike+1","floor":36},{"not_picked":["DemoMod:DoubleSwitch","DemoMod:ProbeStrike+1"],"picked":"DemoMod:ConditionalReflex+1","floor":36},{"not_picked":["Bandage Up","Metamorphosis"],"picked":"DemoMod:Invincible","floor":38},{"not_picked":["DemoMod:Casey+1","DemoMod:HardPowerCard"],"picked":"DemoMod:StickyCrossBow+1","floor":39},{"not_picked":["DemoMod:GunstockTap+1","DemoMod:JK47+1"],"picked":"DemoMod:ShadowBullets+1","floor":39},{"not_picked":["DemoMod:HuntsMan+1","DemoMod:AC15+1"],"picked":"DemoMod:Camera+1","floor":40}],"player_experience":3765247,"relics_obtained":[{"floor":7,"key":"Oddly Smooth Stone"},{"floor":8,"key":"Vajra"},{"floor":9,"key":"DemoMod:ClearGuonStone"},{"floor":13,"key":"DemoMod:GundromedaStrain"},{"floor":26,"key":"Shuriken"},{"floor":29,"key":"Molten Egg 2"},{"floor":29,"key":"Lantern"},{"floor":31,"key":"Prayer Wheel"},{"floor":31,"key":"Ornamental Fan"},{"floor":39,"key":"Pantograph"},{"floor":40,"key":"DemoMod:MeltedRock"},{"floor":40,"key":"Bag of Marbles"},{"floor":43,"key":"CeramicFish"}],"event_choices":[{"damage_healed":0,"gold_gain":0,"player_choice":"Trade","damage_taken":0,"relics_obtained":["FaceOfCleric"],"max_hp_gain":0,"max_hp_loss":0,"event_name":"FaceTrader","floor":4,"gold_loss":0},{"damage_healed":0,"gold_gain":50,"player_choice":"Take","damage_taken":0,"max_hp_gain":0,"max_hp_loss":0,"event_name":"Elementarium:StickySituation","floor":19,"gold_loss":0},{"damage_healed":0,"gold_gain":0,"player_choice":"Fight","damage_taken":0,"max_hp_gain":0,"max_hp_loss":0,"event_name":"Elementarium:FireSanctum","floor":31,"gold_loss":0},{"damage_healed":0,"gold_gain":0,"player_choice":"Confrontation","damage_taken":0,"max_hp_gain":0,"max_hp_loss":0,"event_name":"Elementarium:FireSanctum","floor":31,"gold_loss":0},{"damage_healed":0,"gold_gain":0,"player_choice":"Memory 1","damage_taken":0,"max_hp_gain":0,"max_hp_loss":0,"event_name":"SensoryStone","floor":38,"gold_loss":0}],"is_beta":false,"boss_relics":[{"not_picked":["Astrolabe","Pandora\u0027s Box"],"picked":"Black Star"},{"not_picked":["SacredBark","DemoMod:ElasticCartridgeClip"],"picked":"DemoMod:RiddleOfLead"}],"items_purged_floors":[],"is_endless":false,"potions_floor_spawned":[1,8,12,13,22,24,27,31,31,36],"killed_by":"Spire Growth","ascension_level":0}}