{"host":"q349ucdsdrgdzjwk","time":1612888038,"event":{"mods":["2.2 Compatiblity","A Penny For Your Troubles","AchievementEnabler","BaseMod","Beaked The Cultist","Better Altar","Better Match","Better Note","Better Skull","Better Third Choice","BetterRewards","Displayed Cursed Tome","Downfall","Friendly Minions","Googly Eyes","Gremlin Mod","Hermit","Hubris","Infinite Spire","Marisa????????","Minty Spire (QoL Compilation)","Permanent Neow","Relic Filter Mod","Reliquary","Replay The Spire","Robot Space Explorer","Shop Mod","Spire Arcade","StSLib","The Construct","The Cursed","The Disciple","The Marked","The Necromancer","The Servant 0.9.4","TheVacant","Transform Curses"],"gold_per_floor":[119,132,182,193,193,225,242,276,299,150,160,160,177,30,30,129,129,149,162,10,10,10],"floor_reached":21,"language":"ENG","playtime":1477,"items_purged":[],"score":325,"play_id":"4f07271a-f70b-4653-bc65-26fbd76ad5e8","local_time":"20210209162718","is_ascension_mode":true,"campfire_choices":[{"data":"ReplayTheSpireMod:Brewmster","floor":12,"key":"SMITH"},{"data":"Armaments","floor":15,"key":"SMITH"}],"circlet_count":0,"master_deck":["Strike_R+1","Strike_R","Strike_R","Strike_R","Strike_R+1","Defend_R","Defend_R","Defend_R","Defend_R","Bash","ReplayTheSpireMod:Brewmster+1","Armaments+1","Disarm","Dark Embrace","Shame","ReplayTheSpireMod:Strike From Hell","Barricade+1","downfall:Aged","Body Slam"],"relics":["Burning Blood","Ring of Panic","Ring of Greed","Golden Egg","Replay:Wax Seal","reliquary:Stiletto","infinitespire:Lucky Rock","ReplayTheSpireMod:TigerMarble","Toolbox","hubris:HerbalPaste","Black Star","reliquary:Buckler"],"acts_visited":["Exordium","TheCity"],"potions_floor_usage":[4,6,6,6,6,6,7,7,7,7,7,8,8,8,8,8,8,13,16,16,16,16,16,16,18,19,19,19,19,21,21,21,21,21],"damage_taken":[{"damage":1,"enemies":"Cultist","floor":1,"turns":4},{"damage":8,"enemies":"Small Slimes","floor":2,"turns":4},{"damage":16,"enemies":"Jaw Worm","floor":4,"turns":5},{"damage":10,"enemies":"3 Sentries","floor":6,"turns":6},{"damage":9,"enemies":"Exordium Wildlife","floor":7,"turns":8},{"damage":8,"enemies":"Gremlin Nob","floor":8,"turns":4},{"damage":6,"enemies":"Exordium Thugs","floor":11,"turns":3},{"damage":4,"enemies":"Red Slaver","floor":13,"turns":4},{"damage":0,"enemies":"Slime Boss","floor":16,"turns":5},{"damage":24,"enemies":"2 Thieves","floor":18,"turns":4},{"damage":33,"enemies":"3 Byrds","floor":19,"turns":9},{"damage":52,"enemies":"Snake Plant","floor":21,"turns":6}],"seed_played":"1045117083852690850","potions_obtained":[{"floor":4,"key":"AttackPotion"},{"floor":8,"key":"Elixir"},{"floor":11,"key":"SpeedPotion"},{"floor":13,"key":"infinitespire:BlackPotion"},{"floor":19,"key":"Strength Potion"}],"is_trial":false,"path_per_floor":["M","M","?","M","?","E","M","E","T","$","M","R","M","$","R","B",null,"M","M","$","M"],"character_chosen":"IRONCLAD","items_purchased":["Toolbox","hubris:HerbalPaste","reliquary:Buckler"],"campfire_rested":0,"item_purchase_floors":[10,14,20],"current_hp_per_floor":[56,54,54,60,53,64,61,59,59,59,59,59,61,61,61,73,78,65,44,44,0,0],"gold":10,"neow_bonus":"RANDOM_COLORLESS_2","is_daily":false,"chose_seed":false,"campfire_upgraded":2,"win_rate":0.0,"timestamp":1612888038,"path_taken":["M","?","?","M","?","E","M","E","T","?","?","R","M","$","R","BOSS","M","M","$","M"],"items_purchased_type":["Relic","Relic","Relic"],"build_version":"2020-12-22","purchased_purges":0,"victory":false,"max_hp_per_floor":[80,80,80,80,80,80,80,80,80,80,80,80,80,80,80,80,80,80,80,80,80,80],"card_choices":[{"not_picked":["Crow Ritual","ReplayTheSpireMod:Necrogeddon"],"picked":"ReplayTheSpireMod:Brewmster","floor":0},{"not_picked":["Flex","Wild Strike"],"picked":"Armaments","floor":1},{"not_picked":["hubris:CleavingFinish","Anger","Flex"],"picked":"SKIP","floor":2},{"not_picked":["Havoc","Cleave","Perfected Strike"],"picked":"SKIP","floor":4},{"not_picked":["Warcry","Intimidate"],"picked":"Disarm","floor":6},{"not_picked":["Reckless Charge","Havoc"],"picked":"Dark Embrace","floor":7},{"not_picked":["ReplayTheSpireMod:Muscle Training","Sword Boomerang","Body Slam"],"picked":"SKIP","floor":8},{"not_picked":["Body Slam","Anger","Headbutt"],"picked":"SKIP","floor":11},{"not_picked":["Clash","Anger"],"picked":"ReplayTheSpireMod:Strike From Hell","floor":13},{"not_picked":["Eclipse","Feed"],"picked":"Barricade","floor":16},{"not_picked":["Twin Strike+1","Cleave","Thunderclap"],"picked":"SKIP","floor":18},{"not_picked":["Run Through","Twin Strike"],"picked":"Body Slam","floor":19}],"player_experience":456075,"relics_obtained":[{"floor":3,"key":"Ring of Panic"},{"floor":3,"key":"Ring of Greed"},{"floor":3,"key":"Golden Egg"},{"floor":3,"key":"Replay:Wax Seal"},{"floor":6,"key":"reliquary:Stiletto"},{"floor":8,"key":"infinitespire:Lucky Rock"},{"floor":9,"key":"ReplayTheSpireMod:TigerMarble"}],"event_choices":[{"cards_removed":["Spreading Infection"],"damage_healed":0,"gold_gain":0,"player_choice":"Card Removal","damage_taken":7,"max_hp_gain":0,"max_hp_loss":0,"event_name":"Golden Wing","floor":5,"gold_loss":0}],"is_beta":false,"boss_relics":[{"not_picked":["infinitespire:Cupcake","reliquary:Craggleroot"],"picked":"Black Star"}],"items_purged_floors":[],"is_endless":false,"potions_floor_spawned":[4,7,8,11,13,19],"killed_by":"Snake Plant","ascension_level":7}}