{"host":"d8cz15m779bv9isj","time":1612829388,"event":{"mods":["Aspiration","BaseMod","Colored Map","Colored Powertips","DeckTracker","Downfall","Hermit","Highlight Path","Hubris","Infinite Spire","Minty Spire (QoL Compilation)","Quick Restart","Random Character Button","Relic Sorter","Replay The Spire","StSLib","SuperFastMode","Synergy Search","The Cursed","The Disciple","The Jungle","The Runesmith"],"gold_per_floor":[17,17,17,17,31,57,57,77,126,401,421,451,451,477,477,578,578,594,693,724,741,299,326,345,345,345,345,362,373,43,63,63,158,158,169,169,169,38,38,73,92,125,125,172,172,189,204,217,217,217],"floor_reached":51,"language":"ENG","playtime":1635,"items_purged":["Regret","Regret"],"score":670,"play_id":"570325bb-d2d8-422f-9ae8-b5a28591ea23","local_time":"20210209010948","is_ascension_mode":false,"campfire_choices":[{"data":"Hemogenesis","floor":7,"key":"SMITH"},{"floor":13,"key":"REST"},{"data":"Hemokinesis","floor":15,"key":"SMITH"},{"data":"Brutality","floor":27,"key":"SMITH"},{"floor":32,"key":"REST"},{"floor":49,"key":"DIG"}],"circlet_count":0,"master_deck":["Strike_R","Strike_R","Strike_R","Strike_R","Strike_R","Defend_R","Defend_R","Defend_R","Defend_R","Bash","Pommel Strike","Hemogenesis+1","Hemokinesis+1","Spot Weakness","Headbutt","Burning Pact","Brutality+1","Shrug It Off","Bludgeon+1","Sword Boomerang","Inflame","Twin Strike","Limit Break","Heavy Blade+1","ReplayTheSpireMod:Limb From Limb","Blood for Blood","Demon Form","Mind Blast+1","Heavy Blade","ReplayTheSpireMod:Muscle Training","downfall:Icky","Inflame","Fiend Fire","Sword Boomerang+1","Heavy Blade","Warcry","Perfected Strike+1"],"relics":["Burning Blood","hubris:Towel","hubris:Icosahedron","Torii","hubris:FunFungus","infinitespire:ShieldingShard","Anchor","Red Skull","hubris:GlazedTorus","infinitespire:Burning Sword","Red Mask","Question Card","MealTicket","Shuriken","infinitespire:Beetle Shell","infinitespire:Satchel","Replay:Fungal Core","Ring of Chaos","Ring of Searing","Whetstone","ReplayTheSpireMod:Ninjato","aspiration:HatOfInfinitePower","Mango","Orichalcum"],"acts_visited":["Exordium","TheCity","TheBeyond"],"potions_floor_usage":[16,16,16,16,16,16,16,23,23,24,31,48],"damage_taken":[{"damage":2,"enemies":"Small Slimes","floor":1,"turns":4},{"damage":4,"enemies":"Cultist","floor":5,"turns":4},{"damage":30,"enemies":"Gremlin Nob","floor":6,"turns":5},{"damage":1,"enemies":"2 Louse","floor":8,"turns":3},{"damage":36,"enemies":"Exordium Thugs","floor":11,"turns":5},{"damage":34,"enemies":"3 Sentries","floor":12,"turns":9},{"damage":13,"enemies":"Replay:BlueRogue","floor":14,"turns":5},{"damage":65,"enemies":"The Guardian","floor":16,"turns":10},{"damage":0,"enemies":"Spheric Guardian","floor":18,"turns":2},{"damage":26,"enemies":"Masked Bandits","floor":20,"turns":4},{"damage":35,"enemies":"3 Byrds","floor":21,"turns":5},{"damage":25,"enemies":"Gremlin Leader","floor":23,"turns":5},{"damage":1,"enemies":"Snake Plant","floor":24,"turns":2},{"damage":17,"enemies":"Centurion and Healer","floor":28,"turns":3},{"damage":15,"enemies":"3 Cultists","floor":29,"turns":3},{"damage":14,"enemies":"Shelled Parasite and Fungi","floor":31,"turns":3},{"damage":37,"enemies":"hubris:MusketHawk","floor":33,"turns":6},{"damage":0,"enemies":"Orb Walker","floor":35,"turns":2},{"damage":65,"enemies":"Giant Head","floor":40,"turns":7},{"damage":5,"enemies":"3 Darklings","floor":41,"turns":2},{"damage":30,"enemies":"R_Hoarder","floor":42,"turns":3},{"damage":2,"enemies":"2 Orb Walkers","floor":44,"turns":3},{"damage":15,"enemies":"Jaw Worm Horde","floor":46,"turns":3},{"damage":0,"enemies":"Spire Growth","floor":47,"turns":2},{"damage":0,"enemies":"Writhing Mass","floor":48,"turns":2},{"damage":26,"enemies":"Replay:Hell Engine","floor":50,"turns":4}],"seed_played":"-6331091683601280554","potions_obtained":[{"floor":5,"key":"ColorlessPotion"},{"floor":11,"key":"PowerPotion"},{"floor":14,"key":"Dexterity Potion"},{"floor":21,"key":"Adrenaline Potion"},{"floor":23,"key":"Adrenaline Potion"},{"floor":24,"key":"SpeedPotion"},{"floor":28,"key":"SkillPotion"},{"floor":35,"key":"hexamod:SoulburnPotion"},{"floor":44,"key":"sneckomod:MuddlingPotion"}],"is_trial":false,"path_per_floor":["M","$","?","?","M","E","R","M","T","?","M","E","R","E","R","B",null,"M","?","?","M","$","E","M","T","T","R","M","M","$","M","R","B",null,"M","?","?","$","?","E","M","E","T","?","?","M","M","M","R_BF","B",null],"character_chosen":"IRONCLAD","items_purchased":["Inflame","Twin Strike","Question Card","ReplayTheSpireMod:Limb From Limb","infinitespire:Satchel","Heavy Blade","ReplayTheSpireMod:Muscle Training"],"campfire_rested":2,"item_purchase_floors":[22,22,22,30,30,38,38],"current_hp_per_floor":[80,80,80,80,80,58,58,71,71,71,41,23,47,48,48,7,80,80,80,71,53,53,34,47,47,47,47,36,27,42,34,58,28,80,80,80,80,80,80,62,64,42,42,74,74,66,72,78,78,58],"gold":217,"neow_bonus":"ONE_RARE_RELIC","is_daily":false,"chose_seed":false,"campfire_upgraded":3,"win_rate":0.0,"timestamp":1612829388,"path_taken":["M","$","?","?","M","E","R","?","T","?","M","E","R","E","R","BOSS","M","?","?","M","$","E","M","?","T","R","M","M","$","M","R","BOSS","M","?","?","$","?","E","M","E","T","?","?","?","M","M","R_BF","BOSS"],"items_purchased_type":["Card","Card","Relic","Card","Relic","Card","Card"],"build_version":"2020-12-22","purchased_purges":2,"victory":true,"max_hp_per_floor":[80,80,80,80,80,80,80,80,80,80,80,80,80,80,80,80,80,80,80,80,80,80,80,80,80,80,80,80,80,80,80,80,80,80,80,80,80,80,80,80,80,80,80,94,94,94,94,94,94,94],"card_choices":[{"not_picked":["Entrench","Flex"],"picked":"Pommel Strike","floor":1},{"not_picked":["Reckless Charge","Havoc","Evolve"],"picked":"SKIP","floor":5},{"not_picked":["Armaments","Pommel Strike"],"picked":"Hemogenesis","floor":6},{"not_picked":["Battle Trance","Massacre"],"picked":"Hemokinesis","floor":8},{"not_picked":["Armaments","Body Slam"],"picked":"Spot Weakness","floor":11},{"not_picked":["Wild Strike","Massacre"],"picked":"Headbutt","floor":12},{"not_picked":["Juggernaut","Armaments"],"picked":"Burning Pact","floor":14},{"not_picked":["Double Tap","Juggernaut"],"picked":"Brutality","floor":16},{"not_picked":["ReplayTheSpireMod:Strike From Hell","Replay:Undeath\u0027s Touch"],"picked":"Shrug It Off","floor":18},{"not_picked":["Run Through","Thunderclap"],"picked":"Bludgeon","floor":20},{"not_picked":["Headbutt","Iron Wave"],"picked":"Sword Boomerang","floor":21},{"not_picked":["Headbutt","Disarm","Abandon","hubris:CleavingFinish"],"picked":"SKIP","floor":23},{"not_picked":["Iron Wave","Disarm+1","Shrug It Off","Thunderclap+1"],"picked":"SKIP","floor":24},{"not_picked":["Warcry+1","Body Slam+1","Sword Boomerang"],"picked":"Limit Break","floor":28},{"not_picked":["Clash","Double Tap","Dark Embrace"],"picked":"Heavy Blade+1","floor":29},{"not_picked":["Power Through","Replay:Undeath\u0027s Touch","Sever Soul"],"picked":"Blood for Blood","floor":31},{"not_picked":["Juggernaut","Feed","Impervious"],"picked":"Demon Form","floor":33},{"not_picked":["ReplayTheSpireMod:Stacked+1","Wild Strike","Run Through","Carnage"],"picked":"SKIP","floor":35},{"not_picked":["ReplayUltimateDefense","Panacea","Sadistic Nature"],"picked":"Mind Blast","floor":37},{"not_picked":["Headbutt","Abandon","infinitespire:OneForAll"],"picked":"Inflame","floor":40},{"not_picked":["Entrench","Armaments+1","Anger+1","Fire Breathing+1"],"picked":"SKIP","floor":41},{"not_picked":["Wild Strike+1","Shrug It Off+1","ReplayTheSpireMod:Corrosion Curse"],"picked":"Fiend Fire","floor":42},{"not_picked":["Abandon+1","Pommel Strike","Iron Wave+1"],"picked":"Sword Boomerang+1","floor":44},{"not_picked":["Corruption","Armaments+1","Thunderclap"],"picked":"Heavy Blade","floor":46},{"not_picked":["Carnage","Anger+1","Spot Weakness"],"picked":"Warcry","floor":47},{"not_picked":["Dual Wield","Rage+1","Headbutt"],"picked":"Perfected Strike+1","floor":48}],"player_experience":235813,"relics_obtained":[{"floor":6,"key":"infinitespire:ShieldingShard"},{"floor":9,"key":"Anchor"},{"floor":12,"key":"Red Skull"},{"floor":14,"key":"hubris:GlazedTorus"},{"floor":20,"key":"Red Mask"},{"floor":23,"key":"MealTicket"},{"floor":25,"key":"Shuriken"},{"floor":26,"key":"infinitespire:Beetle Shell"},{"floor":39,"key":"Ring of Chaos"},{"floor":39,"key":"Ring of Searing"},{"floor":40,"key":"Whetstone"},{"floor":42,"key":"ReplayTheSpireMod:Ninjato"},{"floor":43,"key":"aspiration:HatOfInfinitePower"},{"floor":44,"key":"Mango"},{"floor":49,"key":"Orichalcum"}],"event_choices":[{"damage_healed":0,"gold_gain":0,"player_choice":"Box","damage_taken":0,"relics_obtained":["hubris:FunFungus"],"max_hp_gain":0,"max_hp_loss":0,"event_name":"Big Fish","floor":3,"gold_loss":0,"cards_obtained":["Regret"]},{"damage_healed":0,"gold_gain":0,"player_choice":"Ignored","damage_taken":0,"max_hp_gain":0,"max_hp_loss":0,"event_name":"NoteForYourself","floor":4,"gold_loss":0},{"damage_healed":0,"gold_gain":275,"player_choice":"Desecrate","damage_taken":0,"max_hp_gain":0,"max_hp_loss":0,"event_name":"Golden Shrine","floor":10,"gold_loss":0,"cards_obtained":["Regret"]},{"damage_healed":0,"gold_gain":99,"player_choice":"Stole From Cult","damage_taken":0,"max_hp_gain":0,"max_hp_loss":0,"event_name":"Nest","floor":19,"gold_loss":0},{"damage_healed":0,"gold_gain":0,"player_choice":"Fought Bandits","damage_taken":0,"max_hp_gain":0,"max_hp_loss":0,"event_name":"Masked Bandits","floor":20,"gold_loss":0},{"damage_healed":0,"gold_gain":0,"player_choice":"Memory 1","damage_taken":0,"max_hp_gain":0,"max_hp_loss":0,"event_name":"SensoryStone","floor":37,"gold_loss":0},{"damage_healed":0,"gold_gain":0,"player_choice":"Fight","damage_taken":0,"max_hp_gain":0,"max_hp_loss":0,"event_name":"Mysterious Sphere","floor":44,"gold_loss":0}],"is_beta":false,"boss_relics":[{"not_picked":["aspiration:FutureDiary","Honey Jar"],"picked":"infinitespire:Burning Sword"},{"not_picked":["Tiny House","SacredBark"],"picked":"Replay:Fungal Core"}],"items_purged_floors":[22,30],"is_endless":false,"potions_floor_spawned":[5,11,14,21,23,24,28,35,44,46],"ascension_level":0}}