{"host":"y7b1p9nkx4idorr2","time":1612896144,"event":{"mods":["AchievementEnabler","Act Like it!","BaseMod","Colored Map","Downfall","GifTheSpireLib","Googly Eyes","Highlight Path","Mimic Mod","Minty Spire (QoL Compilation)","Shop Mod","Spicy Shops","StSLib","Unceasing Turn Reminder"],"gold_per_floor":[99,99,99,99,417,426,472,272,15,15,38,63,104,113,137,247,247,247,247,247,347,373,400,400,426,426,511,537,25,25,40,65,65,65,65],"floor_reached":33,"language":"ENG","playtime":1342,"items_purged":[],"score":294,"play_id":"f59cf1b4-ab39-44f2-91cf-6ff211615885","local_time":"20210209124224","is_ascension_mode":true,"campfire_choices":[{"floor":1,"key":"RECALL"},{"data":"champ:Lariat","floor":8,"key":"SMITH"},{"data":"champ:GladiatorStyle","floor":10,"key":"SMITH"},{"data":"champ:ShieldWall","floor":18,"key":"SMITH"},{"data":"champ:DefensiveStyle","floor":26,"key":"SMITH"},{"floor":30,"key":"REST"}],"circlet_count":0,"master_deck":["champ:Strike+1","champ:Strike","champ:Strike","champ:Strike+1","champ:Defend","champ:Defend","champ:Defend","champ:Defend","champ:Execute","champ:Taunt","champ:BringItOn+1","champ:Lariat+1","downfall:Icky","downfall:Icky","champ:GutPunch","champ:GladiatorStyle+1","champ:EnGarde","champ:TornadoPunch+1","champ:ShieldWall+1","champ:BringItOn+1","downfall:Malfunctioning","champ:DefensiveShout","champ:ShieldThrow+1","champ:DefensiveStyle+1","champ:TornadoPunch+1","champ:Circumvent+1","champ:RapidStrikes+1","champ:SetATrap","champ:DefensiveStyle","champ:ViciousMockery","champ:Endure"],"relics":["champ:ChampionCrown","downfall:HeartsMalice","CeramicFish","downfall:HeartBlessingRed","downfall:HeartBlessingBlue","Molten Egg 2","champ:DefensiveTrainingManual","bronze:MakeshiftBattery","Mercury Hourglass","ClockworkSouvenir","champ:Barbells"],"acts_visited":["Exordium","TheCity"],"potions_floor_usage":[16,19,29,31],"damage_taken":[{"damage":0,"enemies":"2 Louse","floor":2,"turns":1},{"damage":0,"enemies":"Cultist","floor":3,"turns":1},{"damage":0,"enemies":"Jaw Worm","floor":6,"turns":1},{"damage":32,"enemies":"Exordium Thugs","floor":7,"turns":10},{"damage":35,"enemies":"downfall:FleeingMerchant","floor":9,"turns":4},{"damage":15,"enemies":"Exordium Thugs","floor":11,"turns":4},{"damage":28,"enemies":"Exordium Wildlife","floor":12,"turns":4},{"damage":52,"enemies":"Gremlin Nob","floor":13,"turns":6},{"damage":0,"enemies":"Blue Slaver","floor":15,"turns":5},{"damage":82,"enemies":"WA_ARCHETYPE_RETAIN","floor":16,"turns":10},{"damage":10,"enemies":"Spheric Guardian","floor":19,"turns":3},{"damage":12,"enemies":"Chosen","floor":22,"turns":4},{"damage":51,"enemies":"Snecko","floor":23,"turns":5},{"damage":11,"enemies":"Snake Plant","floor":25,"turns":4},{"damage":22,"enemies":"Chosen and Byrds","floor":28,"turns":5},{"damage":0,"enemies":"downfall:FleeingMerchant","floor":29,"turns":4},{"damage":7,"enemies":"Cultist and Chosen","floor":31,"turns":4},{"damage":22,"enemies":"Sentry and Sphere","floor":32,"turns":4},{"damage":17,"enemies":"DF_ARCHETYPE_CLAW","floor":33,"turns":3}],"seed_played":"-555880470884786901","potions_obtained":[{"floor":11,"key":"Swift Potion"},{"floor":12,"key":"SmokeBomb"},{"floor":13,"key":"SmokeBomb"},{"floor":16,"key":"FearPotion"},{"floor":22,"key":"Fire Potion"}],"is_trial":false,"path_per_floor":["R","M","M","?","?","M","MIM","R","$","R","M","M","E","?","M","B",null,"R","M","?","?","M","M","T","M","R","?","M","$","R","M","M","B"],"character_chosen":"THE_CHAMP","items_purchased":["Molten Egg 2","ClockworkSouvenir","champ:Barbells","champ:DefensiveStyle","champ:ViciousMockery"],"campfire_rested":1,"item_purchase_floors":[9,29,29,29,29],"current_hp_per_floor":[90,90,90,87,87,87,80,90,85,85,85,77,45,45,45,6,100,100,100,100,100,88,47,47,41,41,23,14,14,44,37,15,0,0,0],"gold":65,"neow_bonus":"THREE_ENEMY_KILL","is_daily":false,"chose_seed":false,"campfire_upgraded":4,"win_rate":0.0,"timestamp":1612896144,"path_taken":["R","M","M","?","?","M","MIM","R","$","R","M","?","E","?","M","BOSS","R","M","?","?","M","?","T","M","R","?","M","$","R","M","M","BOSS"],"items_purchased_type":["Relic","Relic","Relic","Card","Card"],"build_version":"2020-12-22","purchased_purges":0,"victory":false,"max_hp_per_floor":[90,90,90,90,90,90,90,100,100,100,100,100,100,100,100,100,100,100,100,100,100,100,100,100,100,100,100,100,100,100,100,100,100,100,100],"card_choices":[{"not_picked":["champ:FalseCounter","champ:Haymaker"],"picked":"champ:BringItOn","floor":2},{"not_picked":["champ:EndlessRage","champ:BerserkersShout"],"picked":"champ:Lariat","floor":3},{"not_picked":["champ:EndlessRage","champ:Lariat"],"picked":"champ:GutPunch","floor":6},{"not_picked":["champ:PerfectedStrike","champ:PreciseThrust"],"picked":"champ:GladiatorStyle","floor":7},{"not_picked":["champ:Haymaker","champ:CrownThrow"],"picked":"champ:EnGarde","floor":9},{"not_picked":["champ:FalseCounter","champ:Circumvent"],"picked":"champ:TornadoPunch+1","floor":11},{"not_picked":["champ:BerserkersShout","champ:SteelEdge+1"],"picked":"champ:ShieldWall","floor":12},{"not_picked":["champ:SetATrap","champ:IronFortress"],"picked":"champ:BringItOn","floor":13},{"not_picked":["champ:AdrenalArmor","champ:PreciseThrust+1"],"picked":"champ:DefensiveShout","floor":15},{"not_picked":["champ:LastStand","champ:HeavySlash+1"],"picked":"champ:ShieldThrow+1","floor":16},{"not_picked":["champ:BerserkersShout","champ:GladiatorStyle"],"picked":"champ:DefensiveStyle","floor":22},{"not_picked":["champ:PerfectedStrike+1","champ:Haymaker+1"],"picked":"champ:TornadoPunch+1","floor":23},{"not_picked":["champ:DefensiveShout","champ:BringItOn"],"picked":"champ:Circumvent+1","floor":25},{"not_picked":["champ:BerserkersShout","champ:SwordThrow+1"],"picked":"champ:RapidStrikes+1","floor":28},{"not_picked":["champ:AdrenalArmor","champ:RisingSlash+1"],"picked":"champ:SetATrap","floor":29},{"not_picked":["champ:TornadoPunch+1","champ:BerserkersShout+1","champ:Encircle+1"],"picked":"SKIP","floor":31},{"not_picked":["champ:EnragedBash+1","champ:Haymaker+1"],"picked":"champ:Endure","floor":32}],"player_experience":2330327,"relics_obtained":[{"floor":13,"key":"champ:DefensiveTrainingManual"},{"floor":24,"key":"Mercury Hourglass"}],"event_choices":[{"damage_healed":0,"gold_gain":0,"player_choice":"Success","damage_taken":3,"relics_obtained":["CeramicFish"],"max_hp_gain":0,"max_hp_loss":0,"event_name":"Scrap Ooze","floor":4,"gold_loss":0}],"is_beta":false,"boss_relics":[{"not_picked":["Empty Cage","Snecko Eye"],"picked":"bronze:MakeshiftBattery"}],"items_purged_floors":[],"is_endless":false,"potions_floor_spawned":[11,12,13,16,22,28],"killed_by":"DF_ARCHETYPE_CLAW","ascension_level":4}}