{"host":"o9lehcdjc4u6j9un","time":1612869330,"event":{"mods":["BaseMod","Better-Laid Plans","Colored Map","Downfall","Hermit","Koishi","Marisa£®ÏF”Í°°ƒß¿Ì…≥£©","Minty Spire (QoL Compilation)","Reimu£®≤©¿ˆ¡È√Œ£©","Remilia£®¿Ÿ√◊¿Ú—«£©","StSLib","The Alterego","The Runesmith","The Senshi","Youmu£®ªÍ∆«—˝√Œ£©"],"gold_per_floor":[116,130,147,47,47,75,87,119,119,119,150,209,229,243,243,346,346,363,380,93,103,103,103,134,151,151,151,163,176,188,218,218,316,316,336,351,51,70,84,112,129,145,145,145,173,187,199,210,210,210,210],"floor_reached":50,"language":"ZHS","playtime":5046,"items_purged":["Strike_P","Strike_P","Defend_P"],"score":774,"play_id":"d826abd0-0276-4b81-8958-473dba057c33","local_time":"20210209191530","is_ascension_mode":false,"campfire_choices":[{"floor":10,"key":"REST"},{"data":"Eruption","floor":15,"key":"SMITH"},{"floor":23,"key":"REST"},{"data":"Strike_P","floor":27,"key":"PURGE"},{"floor":32,"key":"REST"},{"floor":44,"key":"RECALL"},{"floor":49,"key":"REST"}],"circlet_count":0,"master_deck":["Defend_P","Defend_P","Defend_P","Eruption+1","Vigilance+1","CrushJoints","CarveReality+1","FlurryOfBlows","EmptyBody+1","BowlingBash+1","Crescendo","FollowUp","Sanctity","InnerPeace+1","CarveReality","FlurryOfBlows","LessonLearned","ClearTheMind+1","FollowUp+1","Vengeance","CutThroughFate+1","FlurryOfBlows+1","Consecrate+1","DeusExMachina","CutThroughFate+1","CutThroughFate","Vault","Crescendo+1","Consecrate+1","FollowUp","FollowUp","Crescendo+1","Tantrum","FlurryOfBlows","ClearTheMind+1"],"relics":["PureWater","Bronze Scales","Ornamental Fan","Letter Opener","Question Card","Peace Pipe","Potion Belt","Philosopher\u0027s Stone","Bag of Marbles","Enchiridion","Orichalcum","Sundial","Bottled Lightning","RedLine:ReiMu","Whetstone","Oddly Smooth Stone","Incense Burner"],"acts_visited":["Exordium","TheCity","TheBeyond"],"potions_floor_usage":[8,11,12,29,30,33,38,45,46,50,50,50,50],"damage_taken":[{"damage":0,"enemies":"Cultist","floor":1,"turns":2},{"damage":0,"enemies":"Jaw Worm","floor":2,"turns":4},{"damage":2,"enemies":"2 Louse","floor":3,"turns":3},{"damage":0,"enemies":"Gremlin Nob","floor":6,"turns":2},{"damage":0,"enemies":"Blue Slaver","floor":7,"turns":2},{"damage":6,"enemies":"Lagavulin","floor":8,"turns":3},{"damage":8,"enemies":"3 Sentries","floor":11,"turns":4},{"damage":5,"enemies":"3 Sentries","floor":12,"turns":4},{"damage":0,"enemies":"Lots of Slimes","floor":13,"turns":2},{"damage":0,"enemies":"Gremlin Gang","floor":14,"turns":2},{"damage":0,"enemies":"Slime Boss","floor":16,"turns":3},{"damage":0,"enemies":"Spheric Guardian","floor":18,"turns":2},{"damage":2,"enemies":"3 Byrds","floor":19,"turns":3},{"damage":4,"enemies":"Snake Plant","floor":21,"turns":3},{"damage":7,"enemies":"Gremlin Leader","floor":24,"turns":3},{"damage":2,"enemies":"Centurion and Healer","floor":25,"turns":4},{"damage":0,"enemies":"Cultist and Chosen","floor":28,"turns":3},{"damage":0,"enemies":"Shelled Parasite and Fungi","floor":29,"turns":2},{"damage":12,"enemies":"Snake Plant","floor":30,"turns":2},{"damage":15,"enemies":"Book of Stabbing","floor":31,"turns":4},{"damage":5,"enemies":"Collector","floor":33,"turns":5},{"damage":0,"enemies":"3 Shapes","floor":35,"turns":2},{"damage":0,"enemies":"Orb Walker","floor":36,"turns":2},{"damage":0,"enemies":"Transient","floor":38,"turns":6},{"damage":0,"enemies":"Spire Growth","floor":39,"turns":2},{"damage":0,"enemies":"Giant Head","floor":40,"turns":2},{"damage":9,"enemies":"Sphere and 2 Shapes","floor":41,"turns":2},{"damage":0,"enemies":"4 Shapes","floor":42,"turns":2},{"damage":30,"enemies":"Reptomancer","floor":45,"turns":3},{"damage":26,"enemies":"Spire Growth","floor":46,"turns":2},{"damage":0,"enemies":"Maw","floor":47,"turns":3},{"damage":0,"enemies":"Writhing Mass","floor":48,"turns":3},{"damage":44,"enemies":"Donu and Deca","floor":50,"turns":3}],"seed_played":"-6358736269461290243","potions_obtained":[{"floor":3,"key":"ColorlessPotion"},{"floor":7,"key":"Strength Potion"},{"floor":8,"key":"PowerPotion"},{"floor":12,"key":"PowerPotion"},{"floor":13,"key":"EssenceOfSteel"},{"floor":21,"key":"Energy Potion"},{"floor":28,"key":"Ancient Potion"},{"floor":29,"key":"Regen Potion"},{"floor":33,"key":"Swift Potion"},{"floor":35,"key":"Ancient Potion"},{"floor":38,"key":"AttackPotion"},{"floor":39,"key":"BottledMiracle"},{"floor":40,"key":"Dexterity Potion"},{"floor":45,"key":"CultistPotion"}],"is_trial":false,"path_per_floor":["M","M","M","$","?","E","M","E","T","R","E","?","M","M","R","B",null,"M","M","$","M","?","R","E","M","T","R","M","M","M","E","R","B",null,"M","M","$","M","M","E","M","M","T","R","E","M","M","M","R","B"],"character_chosen":"WATCHER","items_purchased":["EmptyBody","Bag of Marbles","Vengeance","FollowUp","Whetstone"],"campfire_rested":4,"item_purchase_floors":[4,20,20,37,37],"current_hp_per_floor":[72,72,70,70,45,45,45,39,39,60,52,47,47,47,47,47,72,72,70,70,66,50,71,64,62,62,62,62,62,50,35,56,51,72,72,72,72,72,72,72,63,63,63,63,33,12,12,12,33,0,0],"gold":210,"neow_bonus":"REMOVE_CARD","is_daily":false,"chose_seed":false,"campfire_upgraded":1,"win_rate":0.0,"timestamp":1612869330,"path_taken":["M","M","M","$","?","E","M","E","T","R","E","?","M","M","R","BOSS","M","M","$","M","?","R","E","M","T","R","M","M","M","E","R","BOSS","M","M","$","M","M","E","M","M","T","R","E","M","M","M","R","BOSS"],"items_purchased_type":["Card","Relic","Card","Card","Relic"],"build_version":"2020-12-22","purchased_purges":3,"victory":false,"max_hp_per_floor":[72,72,72,72,72,72,72,72,72,72,72,72,72,72,72,72,72,72,72,72,72,72,72,72,72,72,72,72,72,72,72,72,72,72,72,72,72,72,72,72,72,72,72,72,72,72,72,72,72,72,72],"card_choices":[{"not_picked":["ThirdEye","Meditate"],"picked":"CrushJoints","floor":1},{"not_picked":["Halt","ClearTheMind"],"picked":"CarveReality","floor":2},{"not_picked":["ForeignInfluence","Perseverance"],"picked":"FlurryOfBlows","floor":3},{"not_picked":["PathToVictory","Vault"],"picked":"BowlingBash","floor":6},{"not_picked":["ThirdEye","Halt"],"picked":"Crescendo","floor":7},{"not_picked":["Evaluate","Scrawl"],"picked":"FollowUp","floor":8},{"not_picked":["PathToVictory","Weave","Worship"],"picked":"Sanctity","floor":11},{"not_picked":["Consecrate","CrushJoints","EmptyBody"],"picked":"InnerPeace","floor":12},{"not_picked":["WheelKick","Study","Prostrate"],"picked":"CarveReality","floor":13},{"not_picked":["EmptyBody","CutThroughFate","FollowUp"],"picked":"FlurryOfBlows","floor":14},{"not_picked":["Blasphemy","Brilliance","Judgement"],"picked":"LessonLearned","floor":16},{"not_picked":["TalkToTheHand","Evaluate","WaveOfTheHand"],"picked":"ClearTheMind+1","floor":18},{"not_picked":["ThirdEye","Halt+1","EmptyBody"],"picked":"FollowUp+1","floor":19},{"not_picked":["TalkToTheHand","WreathOfFlame","Pray"],"picked":"CutThroughFate+1","floor":21},{"not_picked":["DevaForm","Swivel","ConjureBlade","CrushJoints"],"picked":"SKIP","floor":24},{"not_picked":["FlyingSleeves","BowlingBash","ThirdEye"],"picked":"FlurryOfBlows","floor":25},{"not_picked":["Worship","CrushJoints","BowlingBash"],"picked":"Consecrate","floor":28},{"not_picked":["CarveReality","Evaluate+1","PathToVictory"],"picked":"DeusExMachina","floor":29},{"not_picked":["DeceiveReality","Pray","LikeWater"],"picked":"CutThroughFate+1","floor":30},{"not_picked":["FlyingSleeves+1","CrushJoints","EmptyBody"],"picked":"CutThroughFate","floor":31},{"not_picked":["Omniscience","Judgement","Blasphemy"],"picked":"Vault","floor":33},{"not_picked":["ThirdEye","FlurryOfBlows","EmptyBody+1"],"picked":"Crescendo+1","floor":35},{"not_picked":["Halt","SignatureMove","Fasting2"],"picked":"Consecrate","floor":36},{"not_picked":["EmptyMind","EmptyFist","Halt+1"],"picked":"FollowUp","floor":38},{"not_picked":["Meditate+1","Blasphemy","Evaluate","Protect+1"],"picked":"SKIP","floor":39},{"not_picked":["Perseverance","PathToVictory","MasterReality"],"picked":"Crescendo+1","floor":40},{"not_picked":["Evaluate","Meditate+1","WreathOfFlame+1","Perseverance+1"],"picked":"SKIP","floor":41},{"not_picked":["ClearTheMind","ReachHeaven+1","BattleHymn"],"picked":"Tantrum","floor":42},{"not_picked":["Perseverance+1","EmptyFist","Evaluate","Devotion"],"picked":"SKIP","floor":45},{"not_picked":["FollowUp","Crescendo","BowlingBash"],"picked":"FlurryOfBlows","floor":46},{"not_picked":["Consecrate","Prostrate+1","ClearTheMind","Vengeance"],"picked":"SKIP","floor":47},{"not_picked":["Brilliance","Vengeance","Prostrate+1"],"picked":"ClearTheMind+1","floor":48}],"player_experience":181892,"relics_obtained":[{"floor":6,"key":"Ornamental Fan"},{"floor":8,"key":"Letter Opener"},{"floor":9,"key":"Question Card"},{"floor":11,"key":"Peace Pipe"},{"floor":22,"key":"Enchiridion"},{"floor":24,"key":"Orichalcum"},{"floor":26,"key":"Sundial"},{"floor":31,"key":"Bottled Lightning"},{"floor":40,"key":"Oddly Smooth Stone"},{"floor":45,"key":"Incense Burner"}],"event_choices":[{"damage_healed":0,"gold_gain":0,"player_choice":"Success","damage_taken":25,"relics_obtained":["Bronze Scales"],"max_hp_gain":0,"max_hp_loss":0,"event_name":"Scrap Ooze","floor":5,"gold_loss":0},{"damage_healed":0,"gold_gain":0,"player_choice":"Searched \u00272\u0027 times","damage_taken":0,"relics_obtained":["Potion Belt"],"max_hp_gain":0,"max_hp_loss":0,"event_name":"Dead Adventurer","floor":12,"gold_loss":0},{"damage_healed":0,"gold_gain":0,"player_choice":"Obtained Book","damage_taken":16,"max_hp_gain":0,"max_hp_loss":0,"event_name":"Cursed Tome","floor":22,"gold_loss":0}],"is_beta":false,"boss_relics":[{"not_picked":["Busted Crown","Snecko Eye"],"picked":"Philosopher\u0027s Stone"},{"not_picked":["Runic Dome","Runic Pyramid"],"picked":"RedLine:ReiMu"}],"items_purged_floors":[4,20,37],"is_endless":false,"potions_floor_spawned":[3,7,8,12,13,21,28,29,33,35,38,39,40,45],"killed_by":"Donu and Deca","ascension_level":0}}