{"host":"s41rn2jhghpwfrvz","time":1612893721,"event":{"mods":["BaseMod","Minty Spire (QoL Compilation)","Quick Restart","Relic Stats","SuperFastMode"],"gold_per_floor":[147,177,225,225,255,255,342,342,342,441,486,513,513,513],"floor_reached":13,"language":"ENG","playtime":297,"items_purged":[],"score":315,"play_id":"7164ba66-3b87-49a4-a3db-cd3611dd4471","local_time":"20210209200201","daily_mods":["Insanity","Hoarder","Midas"],"is_ascension_mode":true,"campfire_choices":[{"floor":6,"key":"RECALL"},{"floor":8,"key":"REST"}],"circlet_count":0,"master_deck":["AscendersBane","Battle Trance","Spot Weakness","Infernal Blade","Cleave","Havoc","Iron Wave","Twin Strike","Shrug It Off","Clash","Feel No Pain","Pommel Strike","Uppercut","Ghostly Armor","Cleave","Cleave","Seeing Red","Thunderclap","Heavy Blade","Headbutt","Body Slam","Iron Wave","Spot Weakness","Body Slam","Clothesline","Clothesline","Dropkick","Wild Strike","Flex","True Grit","Warcry","Twin Strike","Warcry","Shrug It Off","Combust","Infernal Blade","Warcry","Warcry","Flex","Body Slam","Wild Strike","Hemokinesis","Flex","Fire Breathing","Uppercut","Havoc","Shrug It Off","Cleave","Clash","Twin Strike","Shrug It Off","Barricade","Barricade","Barricade"],"relics":["Burning Blood","Matryoshka","Kunai","Shovel","Letter Opener","Anchor","PreservedInsect"],"acts_visited":["Exordium"],"potions_floor_usage":[],"damage_taken":[{"damage":3,"enemies":"Cultist","floor":1,"turns":3},{"damage":4,"enemies":"Jaw Worm","floor":2,"turns":2},{"damage":6,"enemies":"Small Slimes","floor":3,"turns":2},{"damage":13,"enemies":"Looter","floor":5,"turns":3},{"damage":19,"enemies":"3 Sentries","floor":7,"turns":6},{"damage":58,"enemies":"Lagavulin","floor":10,"turns":9},{"damage":15,"enemies":"Exordium Wildlife","floor":11,"turns":3},{"damage":17,"enemies":"3 Sentries","floor":13,"turns":2}],"seed_played":"5758518568641350017","potions_obtained":[{"floor":1,"key":"Dexterity Potion"},{"floor":10,"key":"Energy Potion"}],"is_trial":true,"path_per_floor":["M","M","M","?","M","R","E","R","T","E","M","T","E"],"character_chosen":"IRONCLAD","items_purchased":[],"campfire_rested":1,"item_purchase_floors":[],"current_hp_per_floor":[71,73,73,73,66,66,53,75,75,23,14,14,0,0],"gold":513,"neow_bonus":"","is_daily":false,"chose_seed":false,"campfire_upgraded":0,"win_rate":0.0,"timestamp":1612893721,"path_taken":["M","M","M","?","?","R","E","R","T","E","M","?","E"],"items_purchased_type":[],"build_version":"2020-12-22","purchased_purges":0,"victory":false,"max_hp_per_floor":[75,75,75,75,75,75,75,75,75,75,75,75,75,75],"relic_stats":{"Shovel":0,"counters":[8,30],"PreservedInsect":31,"Kunai":[1],"Letter Opener":[10],"obtain_stats":[{"Anchor":12,"Matryoshka":7,"Shovel":9,"PreservedInsect":12,"Kunai":9,"Letter Opener":10,"Burning Blood":0},{"Anchor":7,"Matryoshka":5,"Shovel":5,"PreservedInsect":7,"Kunai":5,"Letter Opener":6,"Burning Blood":0},{"Anchor":28,"Matryoshka":16,"Shovel":16,"PreservedInsect":28,"Kunai":16,"Letter Opener":25,"Burning Blood":0}],"Burning Blood":42},"card_choices":[{"not_picked":["Flame Barrier","Havoc","Anger"],"picked":"SKIP","floor":1},{"not_picked":["Pommel Strike","Battle Trance","Shrug It Off"],"picked":"SKIP","floor":2},{"not_picked":["Sentinel","Second Wind"],"picked":"Barricade","floor":3},{"not_picked":["True Grit","Dropkick","Body Slam"],"picked":"SKIP","floor":5},{"not_picked":["Clash","Warcry","Headbutt"],"picked":"SKIP","floor":7},{"not_picked":["Evolve","Bloodletting","Twin Strike"],"picked":"SKIP","floor":10},{"not_picked":["Perfected Strike","Body Slam","Sword Boomerang"],"picked":"SKIP","floor":11}],"player_experience":1905697,"relics_obtained":[{"floor":7,"key":"Matryoshka"},{"floor":9,"key":"Kunai"},{"floor":9,"key":"Shovel"},{"floor":10,"key":"Letter Opener"},{"floor":12,"key":"Anchor"},{"floor":12,"key":"PreservedInsect"}],"event_choices":[{"damage_healed":0,"gold_gain":0,"player_choice":"0 cards matched","damage_taken":0,"max_hp_gain":0,"max_hp_loss":0,"event_name":"Match and Keep!","floor":4,"gold_loss":0,"cards_obtained":[]}],"is_beta":false,"boss_relics":[],"items_purged_floors":[],"is_endless":false,"potions_floor_spawned":[1,10,11],"killed_by":"3 Sentries","ascension_level":20}}