{"host":"rm0ctv8qd8mnbkg1","time":1612868491,"event":{"mods":["BaseMod","Beaked The Cultist","BetterRewards","Bossed Relics","Colored Map","DNKmod","Dark Map","Defuse TimeMaze Blight","Downfall","Friendly Minions","Halation","Hubris","Marisa????????","Minty Spire (QoL Compilation)","MostiFishMod","Permanent Neow","Quarter Circle Forward PUNCH!","RRrroohrrRGHHhhh!!","Rare Cards Sparkle","Relic Sorter","Reliquary","Replay The Spire","RumiaBox-????????","Shade Mod","Shop Mod","Spicy Shops","Spire Arcade","StS++","StSLib","The Construct","The Poker Player","The Servant 0.9.4","TheVacant","Wandering Minibosses","??????REMEMod"],"gold_per_floor":[10000,10020,10039,9797,9797,9697,9697,9140,9242,9260,9283,9283,7285,7735,7749,7851,7851,7851,7875,7875,7875,7467,7467,7517,7664,7092,7143,6576,6576,5374,5405,5454,5603,5603,5603,5632,5089,5153,5153,5193,5270,5366,5366,5432,5464,5540,5440,5281,5303,5393],"floor_reached":51,"language":"ENG","playtime":2108,"items_purged":["Amnesia","Pride"],"score":1261,"play_id":"af7258d3-90df-452b-90fd-1cfc42df9084","local_time":"20210209110131","is_ascension_mode":true,"campfire_choices":[{"floor":1,"key":"RECALL"},{"data":"champ:Taunt","floor":6,"key":"SMITH"},{"data":"champ:ShieldSigil","floor":12,"key":"SMITH"},{"data":"Ragnarok","floor":18,"key":"SMITH"},{"data":"champ:IronFortress","floor":23,"key":"SMITH"},{"data":"champ:ShieldSigil","floor":35,"key":"SMITH"},{"data":"downfall:Icky","floor":47,"key":"SMITH"}],"circlet_count":0,"master_deck":["champ:Strike","champ:Strike","champ:Strike","champ:Defend","champ:Defend","champ:Defend","champ:Execute","champ:Taunt+1","Ragnarok+1","champ:MurderStrike","champ:DeathBlow","champ:BerserkerStyle+1","champ:Encircle","champ:HeavySlash","Replay:SS_fish_1+1","champ:DefensiveStyle","Poisoned Strike","champ:RageSigil","champ:ShieldSigil+1","champ:Encircle","champ:ShieldWall","champ:IronFortress+1","Replay:SS_forest_2","downfall:Icky","downfall:Icky","champ:EnragedBash","champ:SwordThrow","champ:DefensiveShout+1","champ:ShieldSigil+1","champ:EndlessRage","champ:DefensiveStyle","champ:FanOfKnives+1","champ:CheapShot","champ:RapidStrikes","hubris:EnhanceAbility","champ:StanceDance","champ:PreciseThrust","champ:FanOfKnives+1","champ:AdrenalArmor+1","champ:ViciousMockery","champ:EnGarde+1","champ:ShieldWall","champ:ShieldSigil+1","champ:ShieldSigil+1","champ:Lariat+1","champ:EndlessRage","Panacea"],"relics":["champ:ChampionCrown","downfall:HeartBlessingGreen","downfall:HeartBlessingRed","rorgmod:The Boot","REME_ComplimentaryCards","DaveBox","CombinedTypeHook","halation:IllGainedPizza","reliquary:NewFriend","Happy Flower","TheAbacus","hubris:GlazedTorus","BirthdayGift-Tetrahedron","Blue Doll","Bottled Tornado","halation:Prosthetics","PreservedInsect","Ring of Misfortune","Ring of Peace","ClockworkSouvenir","Happy Flower","Replay:Bandana","wanderingMiniBosses:AbyssPearl","Sling","Replay:Wax Seal","hubris:TinFlute","Frozen Eye","hubris:SphereOfDissonance","StSpp:SailingBoat","Medical Kit","champ:DefensiveTrainingManual","Lantern","BirthdayGift-Icosahedron","Du-Vu Doll","reliquary:RedCape","Orrery","hubris:PeanutButter","Pondfish Scales","halation:PrussianBluePaint","Kunai"],"acts_visited":["Exordium","TheCity","TheBeyond"],"potions_floor_usage":[],"damage_taken":[{"damage":0,"enemies":"Jaw Worm","floor":2,"turns":2},{"damage":0,"enemies":"2 Louse","floor":3,"turns":1},{"damage":0,"enemies":"downfall:FleeingMerchant","floor":4,"turns":2},{"damage":10,"enemies":"downfall:Heads","floor":9,"turns":2},{"damage":5,"enemies":"Small Slimes","floor":10,"turns":2},{"damage":21,"enemies":"Blue Slaver","floor":11,"turns":1},{"damage":18,"enemies":"Exordium Thugs","floor":15,"turns":2},{"damage":29,"enemies":"SI_SHIV_ARCHETYPE","floor":16,"turns":1},{"damage":4,"enemies":"3 Byrds","floor":19,"turns":2},{"damage":26,"enemies":"Spheric Guardian","floor":25,"turns":4},{"damage":2,"enemies":"Gremlin Leader","floor":27,"turns":2},{"damage":20,"enemies":"Snecko","floor":31,"turns":1},{"damage":0,"enemies":"Centurion and Healer","floor":32,"turns":1},{"damage":7,"enemies":"DF_ARCHETYPE_CLAW","floor":33,"turns":1},{"damage":14,"enemies":"3 Shapes","floor":36,"turns":1},{"damage":0,"enemies":"3 Darklings","floor":38,"turns":1},{"damage":2,"enemies":"Writhing Mass","floor":40,"turns":2},{"damage":0,"enemies":"2 Orb Walkers","floor":42,"turns":1},{"damage":7,"enemies":"Nemesis","floor":44,"turns":1},{"damage":16,"enemies":"Maw","floor":45,"turns":2},{"damage":0,"enemies":"Reptomancer","floor":46,"turns":1},{"damage":0,"enemies":"4 Shapes","floor":49,"turns":1},{"damage":8,"enemies":"WA_ARCHETYPE_DIVINITY","floor":50,"turns":1}],"seed_played":"-3526182325953736827","potions_obtained":[{"floor":3,"key":"Adrenaline Potion"},{"floor":10,"key":"Regen Potion"},{"floor":15,"key":"LiquidBronze"},{"floor":16,"key":"AttackPotion"}],"is_trial":false,"path_per_floor":["R","M","M","$","?","R","T","$","?","M","M","R","$","?","M","B",null,"R","M","?","?","$","R","T","M","$","E","$","?","$","M","M","B",null,"R","M","$","M","?","M","T","?","?","E","M","E","R","$","M","B",null],"character_chosen":"THE_CHAMP","items_purchased":["halation:IllGainedPizza","rorgmod:The Boot","champ:HeavySlash","Replay:SS_fish_1","champ:DefensiveStyle","Poisoned Strike","Happy Flower","TheAbacus","hubris:GlazedTorus","BirthdayGift-Tetrahedron","champ:IronFortress","Blue Doll","Bottled Tornado","Replay:SS_forest_2","ClockworkSouvenir","reliquary:SculptingSteel","Sling","Replay:Wax Seal","hubris:TinFlute","champ:EndlessRage","Frozen Eye","StSpp:SailingBoat","Medical Kit","Lantern","BirthdayGift-Icosahedron","Du-Vu Doll","hubris:EnhanceAbility","champ:StanceDance","Orrery","champ:ShieldWall","champ:EndlessRage","Panacea"],"campfire_rested":0,"item_purchase_floors":[4,4,4,4,8,8,8,8,13,13,13,13,13,13,22,22,26,26,26,26,26,28,28,30,30,30,37,37,37,37,48,48],"current_hp_per_floor":[1000,1000,1000,1000,1000,1000,1000,1000,990,985,985,985,985,985,974,973,965,965,961,961,961,961,961,961,965,965,963,963,963,963,965,965,965,965,965,965,965,965,965,965,965,965,965,965,965,965,965,965,965,965],"gold":5393,"neow_bonus":"ONE_RANDOM_RARE_CARD","is_daily":false,"chose_seed":false,"campfire_upgraded":6,"win_rate":0.0,"timestamp":1612868491,"path_taken":["R","M","M","$","?","R","T","$","?","M","M","R","$","?","M","BOSS","R","M","?","?","$","R","T","M","$","E","$","?","?","?","M","BOSS","R","M","$","?","?","M","T","?","?","E","M","E","R","$","M","BOSS"],"items_purchased_type":["Relic","Relic","Card","Card","Card","Card","Relic","Relic","Relic","Relic","Card","Relic","Relic","Card","Relic","Relic","Relic","Relic","Relic","Card","Relic","Relic","Relic","Relic","Relic","Relic","Card","Card","Relic","Card","Card","Card"],"build_version":"2020-12-22","purchased_purges":2,"victory":true,"max_hp_per_floor":[1000,1000,1000,1000,1000,1000,1000,1000,1000,1000,1000,1000,1000,1000,1000,1000,965,965,965,965,965,965,965,965,965,965,965,965,965,965,965,965,965,965,965,965,965,965,965,965,965,965,965,965,965,965,965,965,965,965],"card_choices":[{"not_picked":["champ:DefensiveShout","champ:PerfectedStrike"],"picked":"champ:DeathBlow","floor":2},{"not_picked":["champ:RapidStrikes","champ:EndlessRage"],"picked":"champ:BerserkerStyle","floor":3},{"not_picked":["champ:UltimateStance","champ:CrookedStrike"],"picked":"champ:Encircle","floor":4},{"not_picked":["champ:Circumvent","champ:IronFortress"],"picked":"champ:ShieldSigil","floor":9},{"not_picked":["champ:PerfectedStrike","champ:Haymaker"],"picked":"champ:Encircle","floor":10},{"not_picked":["champ:EnGarde","champ:RapidStrikes"],"picked":"champ:ShieldWall","floor":11},{"not_picked":["champ:Circumvent","champ:RageSigil"],"picked":"champ:EnragedBash","floor":15},{"not_picked":["champ:HoldFirm","champ:MurderStrike"],"picked":"champ:SwordThrow","floor":16},{"not_picked":["champ:Backstep","champ:TornadoPunch"],"picked":"champ:DefensiveShout+1","floor":19},{"not_picked":["champ:TornadoPunch","champ:Shatter"],"picked":"champ:ShieldSigil","floor":25},{"not_picked":["champ:TornadoPunch+1","champ:BringItOn+1"],"picked":"champ:DefensiveStyle","floor":27},{"not_picked":["champ:PerfectedStrike","champ:Parry"],"picked":"champ:FanOfKnives","floor":31},{"not_picked":["champ:FancyFootwork","champ:DefensiveShout","champ:DeathBlow+1"],"picked":"SKIP","floor":32},{"not_picked":["champ:MurderStrike","champ:UltimateStance"],"picked":"champ:CheapShot","floor":33},{"not_picked":["champ:GladiatorStyle","champ:ViciousMockery"],"picked":"champ:RapidStrikes","floor":36},{"not_picked":["champ:BladeFlurry","champ:StrikeOfGenius"],"picked":"champ:PreciseThrust","floor":37},{"not_picked":["champ:DefensiveShout+1","champ:PerfectedStrike"],"picked":"champ:FanOfKnives+1","floor":37},{"not_picked":["champ:Haymaker+1","champ:RecklessLeap+1"],"picked":"champ:AdrenalArmor+1","floor":37},{"not_picked":["champ:Circumvent","champ:CheapShot"],"picked":"champ:ViciousMockery","floor":37},{"not_picked":["champ:SkillfulDodge","champ:ShieldSlam"],"picked":"champ:EnGarde+1","floor":37},{"not_picked":["champ:Lariat","champ:Haymaker","champ:Shatter+1"],"picked":"SKIP","floor":38},{"not_picked":["champ:SkillfulDodge+1","champ:RageSigil+1"],"picked":"champ:ShieldSigil+1","floor":40},{"not_picked":["champ:BringItOn+1","champ:HeartStrike+1"],"picked":"champ:ShieldSigil+1","floor":42},{"not_picked":["champ:Haymaker+1","champ:CrookedStrike"],"picked":"champ:Lariat+1","floor":44},{"not_picked":["champ:Devastate","champ:Encircle","champ:FalseCounter+1"],"picked":"SKIP","floor":45},{"not_picked":["champ:ShieldSlam+1","champ:FlashCut+1","champ:PreciseThrust"],"picked":"SKIP","floor":46},{"not_picked":["champ:CrookedStrike","champ:Lariat+1","champ:BringItOn"],"picked":"SKIP","floor":49}],"player_experience":328836,"relics_obtained":[{"floor":7,"key":"reliquary:NewFriend"},{"floor":21,"key":"Ring of Misfortune"},{"floor":21,"key":"Ring of Peace"},{"floor":24,"key":"Replay:Bandana"},{"floor":25,"key":"wanderingMiniBosses:AbyssPearl"},{"floor":27,"key":"hubris:SphereOfDissonance"},{"floor":41,"key":"hubris:PeanutButter"},{"floor":42,"key":"Pondfish Scales"},{"floor":44,"key":"halation:PrussianBluePaint"},{"floor":46,"key":"Kunai"}],"event_choices":[{"damage_healed":0,"gold_gain":0,"player_choice":"Stole Relic","damage_taken":0,"relics_obtained":["PreservedInsect"],"max_hp_gain":0,"max_hp_loss":0,"event_name":"Addict","floor":20,"gold_loss":0,"cards_obtained":["Pride"]},{"damage_healed":0,"gold_gain":0,"player_choice":"Fight","damage_taken":0,"max_hp_gain":0,"max_hp_loss":0,"event_name":"Mysterious Sphere","floor":42,"gold_loss":0}],"is_beta":false,"boss_relics":[{"not_picked":["StSpp:Balance","Coffee Dripper"],"picked":"halation:Prosthetics"},{"not_picked":["hubris:VirtuousBlindfold","JellyFishMachine"],"picked":"reliquary:RedCape"}],"items_purged_floors":[28,28],"is_endless":false,"potions_floor_spawned":[2,3,10,15,16,25,27,33,36,38,40,49],"ascension_level":1}}