{"host":"d76q0rb9a0s9bgr5","time":1612902214,"event":{"mods":["BaseMod","Downfall","Hubris","Minty Spire (QoL Compilation)","StSLib"],"gold_per_floor":[99,112,142,142,156,156,156,356,375,10,30,41,26,26,26,26],"floor_reached":14,"language":"ENG","playtime":1161,"items_purged":[],"score":80,"play_id":"02a0e1f0-0737-41b0-bdc0-76b1540f5cdb","local_time":"20210209212334","is_ascension_mode":false,"campfire_choices":[{"data":"bronze:Replicate","floor":1,"key":"SMITH"}],"circlet_count":0,"master_deck":["bronze:Strike","bronze:Strike","bronze:Strike","bronze:Defend+1","bronze:Defend","bronze:Defend","bronze:Replicate+1","bronze:Goto","bronze:Iterate+1","bronze:Break+1","bronze:Repulsor","hubris:NaturalOne","bronze:Terminator+1","bronze:CutThrough+1","bronze:FineTuning","bronze:Mutator"],"relics":["bronze:BronzeCore","Strawberry","hubris:Icosahedron","Molten Egg 2","TheAbacus","War Paint"],"acts_visited":["Exordium"],"potions_floor_usage":[8],"damage_taken":[{"damage":1,"enemies":"Cultist","floor":2,"turns":3},{"damage":6,"enemies":"Jaw Worm","floor":5,"turns":3},{"damage":51,"enemies":"downfall:Heads","floor":8,"turns":8},{"damage":1,"enemies":"2 Louse","floor":9,"turns":2},{"damage":0,"enemies":"downfall:FleeingMerchant","floor":10,"turns":4},{"damage":5,"enemies":"Exordium Wildlife","floor":11,"turns":3},{"damage":8,"enemies":"Red Slaver","floor":12,"turns":3},{"damage":17,"enemies":"downfall:FleeingMerchant","floor":13,"turns":4},{"damage":16,"enemies":"Gremlin Nob","floor":14,"turns":2}],"seed_played":"2356128577644712241","potions_obtained":[{"floor":5,"key":"Slimebound:ThreeZeroPotion"},{"floor":8,"key":"FairyPotion"}],"is_trial":false,"path_per_floor":["R","M","?","?","M","?","T","?","M","$","M","M","$","E"],"character_chosen":"THE_AUTOMATON","items_purchased":["TheAbacus","War Paint","bronze:CutThrough+1"],"campfire_rested":0,"item_purchase_floors":[10,10,10],"current_hp_per_floor":[70,69,76,76,70,70,70,19,18,18,13,5,12,0,0,0],"gold":26,"neow_bonus":"THREE_CARDS","is_daily":false,"chose_seed":false,"campfire_upgraded":1,"win_rate":0.0,"timestamp":1612902214,"path_taken":["R","M","?","?","M","?","T","?","M","$","M","?","?","E"],"items_purchased_type":["Relic","Relic","Card"],"build_version":"2020-12-22","purchased_purges":0,"victory":false,"max_hp_per_floor":[70,70,77,77,77,77,77,77,77,77,77,77,77,77,77,77],"card_choices":[{"not_picked":["bronze:Repair","bronze:Shield"],"picked":"bronze:Iterate","floor":0},{"not_picked":["bronze:BuggyMess","bronze:Deprecate","bronze:Repair"],"picked":"SKIP","floor":2},{"not_picked":["bronze:Deprecate","bronze:CutThrough","bronze:Safeguard"],"picked":"SKIP","floor":5},{"not_picked":["bronze:DelayedGuard","bronze:BitShift"],"picked":"bronze:Repulsor","floor":8},{"not_picked":["bronze:Deprecate","bronze:Turbo","bronze:HyperBeam+1"],"picked":"SKIP","floor":9},{"not_picked":["bronze:Frontload","bronze:Allocate"],"picked":"bronze:Terminator","floor":10},{"not_picked":["bronze:MaxOutput","bronze:WildBeam+1","bronze:Turbo"],"picked":"SKIP","floor":11},{"not_picked":["bronze:Frontload","bronze:DelayedGuard"],"picked":"bronze:FineTuning","floor":12},{"not_picked":["bronze:WhirlingStrike+1","bronze:CloningBeam+1"],"picked":"bronze:Mutator","floor":13}],"player_experience":124402,"relics_obtained":[{"floor":7,"key":"Molten Egg 2"}],"event_choices":[],"is_beta":false,"boss_relics":[],"items_purged_floors":[],"is_endless":false,"potions_floor_spawned":[5,8],"killed_by":"Gremlin Nob","ascension_level":0}}