{"host":"3i0tc1zs9k2bo7un","time":1612857722,"event":{"mods":["Act Like it!","Aspiration","BaseMod","Gensokyo","Minty Spire (QoL Compilation)","MostiFishMod","Quick Restart","Reliquary","Replay The Spire","StSLib","TestMod","Wide Potions","[IsaacMod]以撒尖塔","【遗物卡牌】REMEMod"],"gold_per_floor":[113,113,113,120,120,120,148,148,148,205,278,409,189,281,281,359,373,413,413,452,159,237,237,22,104,104,145,185,274,339,42,42,419,437,452,129,129,129,129,173,193,225,251,285,285,154,154,154,176,92,0,15,15,48,73,73,73,73,85,134,134,146,152,152,152,152,152,183,219],"floor_reached":56,"language":"ZHS","playtime":2627,"items_purged":["Strike_G","Strike_G","Defend_G","Defend_G","Defend_G","Defend_G","Bouncing Flask","Neutralize+1","PiercingWail+1"],"score":2935,"play_id":"a33ccf17-c834-4e3c-818f-8f93013e7726","local_time":"20210209160202","is_ascension_mode":true,"campfire_choices":[{"data":"MostiFishMod:Moonprays","floor":6.0,"key":"SMITH"},{"data":"Neutralize","floor":8.0,"key":"SMITH"},{"data":"Reflex","floor":15.0,"key":"SMITH"},{"data":"Grand Finale","floor":23.0,"key":"SMITH"},{"data":"MostiFishMod:Dislodge","floor":32,"key":"SMITH"},{"data":"Pain","floor":45,"key":"PURGE"},{"data":"MostiFishMod:Moonprays+1","floor":42,"key":"PURGE"},{"floor":44,"key":"RECALL"},{"floor":52,"key":"REST"}],"circlet_count":0,"master_deck":["AscendersBane","Acrobatics+1","Acrobatics+1","Grand Finale+1","Reflex+1","Backflip+1","Calculated Gamble","Tools of the Trade+1","Prepared","MostiFishMod:Dislodge+1"],"relics":["Ring of the Snake","DaveBox","testmod-TestBox","HushsDoor","REME_ComplimentaryCards","SalivaCoin","testmod-BalancedPeriapt","HollowDreamFlower","NeowsBlessing","SynthV:TestCard","Ornamental Fan","Gensokyo:CelestialsFlawlessClothing","Gensokyo:LunaticRedEyes","SatanicBible","BFFS","Blue Candle","MawBank","PillsDrop","Orrery","Replay:Bottled Eggs","testmod-TurbochargingSystem","Astrolabe","MegaBlast","SteamSale","testmod-Charity","testmod-IndustrialRevolution","reliquary:BoilingFlask","Bottled Tornado","Replay:Baseball","Shuriken","Unceasing Top","BelialBook","ReplayTheSpireMod:ShopPack","Tingsha","Runic Pyramid","DeathBook","GuppysHairball","Peace Pipe","PrismaticShard","Lizard Tail","BookofShadows","Potion Belt","Replay:Wax Seal","DiscerningMonocle","reliquary:HotPoker","Blue Doll","Red Mask","Dream Catcher","reliquary:PrincelyHelmet","reliquary:IridiumChain","Sling","AnarchistCookbook","aspiration:Lifesprig"],"acts_visited":["Gensokyo:Gensokyo","Gensokyo:Gensokyoer","Gensokyo:Gensokyoest","TheEnding"],"potions_floor_usage":[42,55],"damage_taken":[{"damage":0.0,"enemies":"Gensokyo:3_Fairies","floor":1.0,"turns":1.0},{"damage":0.0,"enemies":"Gensokyo:Aya","floor":7.0,"turns":2.0},{"damage":0.0,"enemies":"Hiden Room Battle","floor":10.0,"turns":1.0},{"damage":10.0,"enemies":"Gensokyo:Python","floor":11.0,"turns":4.0},{"damage":16.0,"enemies":"Gensokyo:Cirno","floor":12.0,"turns":7.0},{"damage":13.0,"enemies":"Hiden Room Battle","floor":14.0,"turns":4.0},{"damage":1.0,"enemies":"Gensokyo:Reimu","floor":16.0,"turns":3.0},{"damage":3.0,"enemies":"Gensokyo:CosmicMonolith","floor":18.0,"turns":2.0},{"damage":13.0,"enemies":"Gensokyo:AngelMirror","floor":20.0,"turns":3.0},{"damage":21.0,"enemies":"Gensokyo:Chomper_and_Gloop","floor":22.0,"turns":4.0},{"damage":28.0,"enemies":"Gensokyo:Reisen","floor":25.0,"turns":6.0},{"damage":13.0,"enemies":"Gensokyo:Wraith","floor":27.0,"turns":3.0},{"damage":1,"enemies":"Gensokyo:Koishi","floor":28,"turns":2},{"damage":46,"enemies":"Gensokyo:Monolith_and_Dog","floor":29,"turns":4},{"damage":25,"enemies":"Gensokyo:Reisen","floor":30,"turns":5},{"damage":1,"enemies":"Gensokyo:Eiki","floor":33,"turns":2},{"damage":1,"enemies":"Gensokyo:3_Boulders","floor":35,"turns":1},{"damage":2,"enemies":"Gensokyo:Kasen","floor":40,"turns":2},{"damage":1,"enemies":"Gensokyo:3_Bats","floor":41,"turns":2},{"damage":1,"enemies":"Gensokyo:Marisa","floor":42,"turns":2},{"damage":1,"enemies":"Gensokyo:Doremy","floor":44,"turns":2},{"damage":7,"enemies":"3 Shapes","floor":35,"turns":1},{"damage":0,"enemies":"Orb Walker","floor":38,"turns":1},{"damage":1,"enemies":"R_Hoarder","floor":40,"turns":2},{"damage":1,"enemies":"Jaw Worm Horde","floor":41,"turns":1},{"damage":0,"enemies":"3 Darklings","floor":45,"turns":1},{"damage":0,"enemies":"Spire Growth","floor":48,"turns":1},{"damage":0,"enemies":"Awakened One","floor":50,"turns":2},{"damage":0,"enemies":"Shield and Spear","floor":54,"turns":1},{"damage":11,"enemies":"The Heart","floor":55,"turns":5}],"seed_played":"-3312225100922853776","potions_obtained":[{"floor":7.0,"key":"Milkshake"},{"floor":11.0,"key":"Strength Potion"},{"floor":14.0,"key":"Weak Potion"},{"floor":22.0,"key":"CunningPotion"},{"floor":40,"key":"SkillPotion"},{"floor":45,"key":"Fire Potion"}],"is_trial":false,"path_per_floor":["M","T","T","?","?","R","E","R","T","?","M","E","$","?","R","B",null,"M","?","M","COS","M","R","$","E","T","M","E","M","E","$","R","B",null,"M","$","?","?","?","E","M","E","T","E","R","$","?","?","M","$","?","M","?","E","M","R","T","R","M","?","?","M","R","B",null,"R","$","E","B",null],"character_chosen":"THE_SILENT","items_purchased":["Orrery","MegaBlast","testmod-Charity","testmod-IndustrialRevolution","ReplayTheSpireMod:ShopPack","Tingsha","DeathBook","GuppysHairball","Peace Pipe","PrismaticShard","Replay:Wax Seal","DiscerningMonocle","reliquary:HotPoker","Blue Doll","reliquary:IridiumChain","Sling","AnarchistCookbook"],"campfire_rested":1,"item_purchase_floors":[13,17,24,24,31,31,34,34,36,36,46,36,36,36,53,53,53],"current_hp_per_floor":[63,63,63,44,44,44,48,48,48,58,59,50,50,45,45,65,52,60,60,50,50,49,49,49,49,49,57,61,49,45,45,45,61,54,58,58,58,58,58,58,58,58,58,58,58,58,58,58,54,54,54,58,58,58,56,56,56,56,57,57,57,57,54,56,56,56,56,56,54],"gold":219,"neow_bonus":"THREE_ENEMY_KILL","is_daily":false,"chose_seed":false,"campfire_upgraded":5,"win_rate":0.0,"timestamp":1612857722,"path_taken":["M","?","?","?","?","R","E","R","T","?","?","E","$","?","R","BOSS","M","?","M","COS","?","R","?","E","T","?","E","?","E","?","R","BOSS","M","$","?","?","?","E","M","E","T","E","R","$","?","?","M","$","?","M","?","E","M","R","T","R","?","?","?","M","R","BOSS","R","$","E","BOSS"],"items_purchased_type":["Relic","Relic","Relic","Relic","Relic","Relic","Relic","Relic","Relic","Relic","Relic","Relic","Relic","Relic","Relic","Relic","Relic"],"build_version":"2020-12-22","purchased_purges":9,"victory":true,"max_hp_per_floor":[66,66,66,66,66,66,66,66,66,66,66,66,66,65,65,65,63,63,63,63,63,62,62,62,61,61,61,61,61,61,61,61,61,58,58,58,58,58,58,58,58,58,58,58,58,58,58,58,58,58,58,58,58,58,57,57,57,57,57,57,57,57,56,56,56,56,56,56,56],"card_choices":[{"not_picked":["Deadly Poison","Quick Slash","Heel Hook"],"picked":"SKIP","floor":1.0},{"not_picked":["Slice","Deadly Poison","Underhanded Strike","Hidden Blade"],"picked":"MostiFishMod:FullyArmed","floor":7.0},{"not_picked":["Tools of the Trade","Outmaneuver","Dodge and Roll","Deadly Poison"],"picked":"Bouncing Flask","floor":11.0},{"not_picked":["Quick Slash","Outmaneuver","All Out Attack","REME_ShadowStrike"],"picked":"Acrobatics","floor":12.0},{"not_picked":["Flying Knee","Unload","Blade Dance","Sucker Punch"],"picked":"Acrobatics","floor":13.0},{"not_picked":["Flechettes","Blur","MostiFishMod:PoisonShield","PiercingWail"],"picked":"Grand Finale","floor":13.0},{"not_picked":["Blade Dance","Sneak Up","REME_GreenPollution","Prepared"],"picked":"Reflex","floor":13.0},{"not_picked":["Noxious Fumes","Acrobatics","Deflect","ReplayTheSpireMod:Necrosis"],"picked":"Backflip","floor":13.0},{"not_picked":["Reflex","Setup","Bane","Sucker Punch"],"picked":"Calculated Gamble","floor":14.0},{"not_picked":["Quick Slash+1","Deadly Poison","ReplayTheSpireMod:Speed Training","Backflip"],"picked":"Prepared","floor":18.0},{"not_picked":["Bouncing Flask+1","Terror","Prepared","Eviscerate+1","MostiFishMod:PerfectParry+1"],"picked":"SKIP","floor":20.0},{"not_picked":["Blur","ReplayTheSpireMod:Speed Training+1","Bane","Hidden Blade","ReplayTheSpireMod:The Works"],"picked":"SKIP","floor":22.0},{"not_picked":["Prepared","Slice","Dash","REME_ShadowStrike","Sucker Punch"],"picked":"SKIP","floor":25.0},{"not_picked":["Escape Plan","Quick Slash","PiercingWail","Catalyst","Blade Dance+1"],"picked":"SKIP","floor":27.0},{"not_picked":["Blade Dance","Accuracy","Infinite Blades","Cloak And Dagger","After Image"],"picked":"SKIP","floor":28},{"not_picked":["ReplayTheSpireMod:Speed Training","Expertise","Hidden Blade","Finisher","Poisoned Stab"],"picked":"SKIP","floor":29},{"not_picked":["Concentrate+1","Flying Knee","MostiFishMod:PerfectParry+1","Quick Slash"],"picked":"MostiFishMod:Dislodge","floor":30},{"not_picked":["Quick Slash","Acrobatics","Reflex","Poisoned Stab","ReplayTheSpireMod:The Works"],"picked":"SKIP","floor":35},{"not_picked":["Aggregate","Slice","MostiFishMod:Hijack","Finisher+1","InnerPeace"],"picked":"SKIP","floor":40},{"not_picked":["Coolheaded","Replay:BasicMightCard","Body Slam","Steam+1","MostiFishMod:InvigoratingSolution"],"picked":"SKIP","floor":41},{"not_picked":["Catalyst+1","MostiFishMod:FluxCapactior","Conserve Battery+1","Perfected Strike","ReplayTheSpireMod:Tripwire"],"picked":"SKIP","floor":42},{"not_picked":["Hemokinesis","ReplayTheSpireMod:Scrap Shanks","Heatsinks","Infinite Blades","Gash"],"picked":"SKIP","floor":44},{"not_picked":["Wireheading+1","Gensokyo:BrilliantDragonBullet","Barrage","Consecrate","Prostrate"],"picked":"SKIP","floor":35},{"not_picked":["Anger+1","Heavy Blade","BasicCrystalCard","Reinforced Body","Wild Strike"],"picked":"SKIP","floor":38},{"not_picked":["Replay:ManipulateFuture","REME_ForAll","Iron Wave","Havoc","Sweeping Beam"],"picked":"SKIP","floor":40},{"not_picked":["Deep Breath+1","True Grit","Sucker Punch+1","Shockwave","Pommel Strike"],"picked":"SKIP","floor":41},{"not_picked":["ReplayTheSpireMod:Uncanny Aura+1","Replay:ManipulateFuture","Flex","Sword Boomerang+1","Seeing Red"],"picked":"SKIP","floor":45},{"not_picked":["Dagger Spray+1","ClearTheMind","Shrug It Off","REME_Repentance","Flex"],"picked":"SKIP","floor":48},{"not_picked":["Clash","Acrobatics","All Out Attack","MostiFishMod:GatherIntelligence","Redo"],"picked":"SKIP","floor":54}],"player_experience":709230,"relics_obtained":[{"floor":1.0,"key":"SynthV:TestCard"},{"floor":2.0,"key":"Ornamental Fan"},{"floor":7.0,"key":"SatanicBible"},{"floor":9.0,"key":"BFFS"},{"floor":10.0,"key":"Blue Candle"},{"floor":10.0,"key":"MawBank"},{"floor":12.0,"key":"PillsDrop"},{"floor":14.0,"key":"Replay:Bottled Eggs"},{"floor":14.0,"key":"testmod-TurbochargingSystem"},{"floor":25.0,"key":"reliquary:BoilingFlask"},{"floor":26.0,"key":"Bottled Tornado"},{"floor":28,"key":"Shuriken"},{"floor":30,"key":"BelialBook"},{"floor":40,"key":"Lizard Tail"},{"floor":42,"key":"BookofShadows"},{"floor":43,"key":"Potion Belt"},{"floor":44,"key":"ForgetMeNow"},{"floor":40,"key":"Dream Catcher"},{"floor":43,"key":"reliquary:PrincelyHelmet"},{"floor":54,"key":"aspiration:Lifesprig"}],"event_choices":[{"damage_healed":0.0,"max_hp_gain":0.0,"max_hp_loss":0.0,"gold_gain":0.0,"event_name":"HidenRoomEvent","player_choice":"Fight","floor":10.0,"gold_loss":0.0,"damage_taken":0.0},{"damage_healed":0.0,"max_hp_gain":0.0,"max_hp_loss":0.0,"gold_gain":0.0,"event_name":"HidenRoomEvent","player_choice":"Fight","floor":14.0,"gold_loss":0.0,"damage_taken":0.0},{"damage_healed":0,"gold_gain":0,"player_choice":"Paid","damage_taken":0,"relics_obtained":["Red Mask"],"max_hp_gain":0,"max_hp_loss":0,"event_name":"Tomb of Lord Red Mask","floor":37,"gold_loss":92},{"damage_healed":0,"gold_gain":0,"player_choice":"Swap Relic","damage_taken":0,"relics_obtained":["Mango"],"max_hp_gain":0,"max_hp_loss":0,"event_name":"给自己的盒子","floor":39,"relics_lost":["Mango"],"gold_loss":0},{"damage_healed":0,"gold_gain":50,"player_choice":"Pray","damage_taken":0,"max_hp_gain":0,"max_hp_loss":0,"event_name":"Golden Shrine","floor":46,"gold_loss":0},{"damage_healed":0,"gold_gain":0,"player_choice":"Max HP","damage_taken":0,"max_hp_gain":0,"max_hp_loss":3,"event_name":"Winding Halls","floor":49,"gold_loss":0}],"is_beta":false,"boss_relics":[{"not_picked":["Replay:Grab Bag","Tiny House"],"picked":"Astrolabe"},{"not_picked":[]},{"not_picked":["RhineFirstAidKit","reliquary:WritOfMandamus"],"picked":"Runic Pyramid"},{"not_picked":[]}],"items_purged_floors":[13,17,24,31,34,36,46,36,53],"is_endless":false,"potions_floor_spawned":[7,11,14,16,22,25,28,30,40,41,40,45],"ascension_level":19}}