{"host":"ecuvtzmejf7hhjpv","time":1612885971,"event":{"mods":["AchievementEnabler","Act Like it!","Aspiration","BaseMod","Better Altar","Better Match","Better Note","Better Sensory Stone","Better Skull","Better Third Choice","BetterRewards","Conspire","Custom Start","Downfall","Gensokyo","GifTheSpireLib","Hallownest","Hermit","Hubris","Kratos Character Expansion","Luminous","Marisa????????","Minty Spire (QoL Compilation)","Prisma Mod","Remilia??????","Replay The Spire","Robot Space Explorer","Spicy Shops","StSLib","The Animator","The Blackbeard","The Bug Knight","The Construct","The Cursed","The Disciple","The Dragon Tamer","The Forsaken","The Hierophant","The Jungle","The Marked","The Necromancer","The Poker Player","The Wild Card","TheSwordswoman"],"gold_per_floor":[162,204,240,306,342,371,371,402,402,31,42,42,73,73,73,199,199,269,269,269,305,305,335,372,414,414,453,225,313,324,350,350,456,456,478,14,28,135,150,85,103,136,160,118,143,143,143,107,107,107,107,107,67,106,6],"floor_reached":56,"language":"ENG","playtime":2604,"items_purged":[],"score":2257,"play_id":"2ad7a166-4319-4280-9d10-7cfa19cb0349","local_time":"20210209095251","is_ascension_mode":true,"campfire_choices":[{"floor":12,"key":"REST"},{"data":"Apotheosis","floor":15,"key":"SMITH"},{"floor":32,"key":"RECALL"},{"data":"expansioncontent:DashGenerateEvil","floor":47,"key":"SMITH"},{"data":"blackbeard:BoostMorale","floor":49,"key":"SMITH"},{"data":"ReplayTheSpireMod:Brewmster","floor":52,"key":"SMITH"}],"circlet_count":0,"master_deck":["HandOfGreed+1","PrismaMod:ChloeCommonAttack+1","PrismaMod:ChloeCommonAttack+1","PrismaMod:ChloeCommonAttack+1","PrismaMod:ChloeCommonAttack+1","PrismaMod:ChloeCommonAttack+1","PrismaMod:ChloeCommonDefend+1","PrismaMod:ChloeCommonDefend+1","PrismaMod:ChloeCommonDefend+1","PrismaMod:ChloeCommonDefend+1","PrismaMod:ChloeCommonDefend+1","PrismaMod:ChloeCheapAttack","PrismaMod:ChloeCheapDefend","Apotheosis+1","PrismaMod:ChloeMordred","PrismaMod:ChloeBetterTracePools","PrismaMod:ChloeExhaustOne","PrismaMod:ChloeExhaustOne","PrismaMod:ChloeDemonicTutor+1","PrismaMod:ChloeDiscardRecovery","PrismaMod:ChloeExhaustThree","PrismaMod:ChloeAnyPowerTrace","PrismaMod:ChloeRitsuka+1","blackbeard:PiratesWill","theWildCard:Odin","animator:IzunaHatsuse+1","blackbeard:BoostMorale+1","Purity","expansioncontent:DashGenerateEvil+1","MastersStateliness","PrismaMod:ChloeMordred","PrismaMod:ChloeAnySkillTrace","PrismaMod:ChloeCarnivalAttack","ReplayTheSpireMod:Brewmster+1","PrismaMod:ChloeRitsuka","animator:Tatsumaki+1","Finesse","theForsaken:DefensiveStance+1"],"relics":["PrismaMod:PrismaTraceOn","Replay:Rubber Ducky","Counterbalance","Bag of Marbles","Boot","hubris:EmptyBottle","Membership Card","conspire:DecoderRing","Potion Belt","Bird Faced Urn","aspiration:FrozenJewel","PrismaticShard","KratosMod:minohorn","conspire:TopHat","Ring of Chaos","Mummified Hand","Replay:Wax Seal","War Paint","CeramicFish","Sling","Oddly Smooth Stone","Bag of Preparation","hubris:CrystalStatue","SlaversCollar","DollysMirror","hubris:PeanutButter","Blood Vial","Strange Spoon","Shuriken","Toy Ornithopter","Orichalcum","HandDrill","ReplayFunnel","aspiration:Lifesprig"],"acts_visited":["Exordium","TheCity","TheBeyond","TheEnding"],"potions_floor_usage":[5,6,6,6,8,8,8,8,11,13,16,23,23,29,29,29,29,31,31,31,35,39,41,45,50,50,50,50,50,50,55,55,55,55,55,55,55,55],"damage_taken":[{"damage":0,"enemies":"Small Slimes","floor":1,"turns":6},{"damage":0,"enemies":"Jaw Worm","floor":2,"turns":1},{"damage":2,"enemies":"conspire:RoseBush","floor":3,"turns":1},{"damage":2,"enemies":"conspire:2 RoseBushes","floor":4,"turns":5},{"damage":5,"enemies":"Exordium Wildlife","floor":5,"turns":5},{"damage":0,"enemies":"Replay:BlueRogue","floor":6,"turns":3},{"damage":6,"enemies":"HollowMod:MossKnight","floor":8,"turns":5},{"damage":0,"enemies":"Exordium Thugs","floor":11,"turns":2},{"damage":0,"enemies":"Lagavulin","floor":13,"turns":5},{"damage":17,"enemies":"The Guardian","floor":16,"turns":8},{"damage":24,"enemies":"conspire:FuzzyDice","floor":18,"turns":7},{"damage":2,"enemies":"3 Byrds","floor":21,"turns":5},{"damage":0,"enemies":"conspire:Head Lice","floor":23,"turns":6},{"damage":8,"enemies":"3 Cultists","floor":24,"turns":5},{"damage":4,"enemies":"Snake Plant","floor":25,"turns":5},{"damage":0,"enemies":"Shelled Parasite and Fungi","floor":27,"turns":4},{"damage":16,"enemies":"Slavers","floor":29,"turns":3},{"damage":1,"enemies":"conspire:HollyBat","floor":30,"turns":10},{"damage":12,"enemies":"Gremlin Leader","floor":31,"turns":4},{"damage":6,"enemies":"Pondfish","floor":33,"turns":7},{"damage":13,"enemies":"3 Darklings","floor":35,"turns":7},{"damage":0,"enemies":"3 Shapes","floor":37,"turns":3},{"damage":0,"enemies":"Transient","floor":39,"turns":5},{"damage":37,"enemies":"HollowMod:StalkingDevout","floor":40,"turns":5},{"damage":12,"enemies":"Maw","floor":41,"turns":8},{"damage":0,"enemies":"Giant Head","floor":42,"turns":2},{"damage":0,"enemies":"Reptomancer","floor":44,"turns":5},{"damage":0,"enemies":"Writhing Mass","floor":45,"turns":8},{"damage":26,"enemies":"Time Eater","floor":50,"turns":5},{"damage":13,"enemies":"Shield and Spear","floor":54,"turns":3},{"damage":33,"enemies":"The Heart","floor":55,"turns":8}],"seed_played":"-5961283797670542873","potions_obtained":[{"floor":6,"key":"ColorlessPotion"},{"floor":11,"key":"Explosive Potion"},{"floor":21,"key":"sneckomod:MuddlingPotion"},{"floor":24,"key":"Explosive Potion"},{"floor":25,"key":"Fire Potion"},{"floor":29,"key":"Venom Potion"},{"floor":31,"key":"AttackPotion"},{"floor":39,"key":"Strength Potion"}],"is_trial":false,"path_per_floor":["M","M","M","M","M","E","?","E","T","$","M","R","E","?","R","B",null,"M","?","?","M","T","E","M","M","T","M","$","E","M","E","R","B",null,"M","$","M","$","M","E","M","E","T","E","M","?","R","$","R","B",null,"R","$","E","B",null],"character_chosen":"CHLOE","items_purchased":["Apotheosis","Replay:Rubber Ducky","Counterbalance","Bag of Marbles","Boot","hubris:EmptyBottle","Toxic Potion","Venom Potion","PrismaMod:ChloeMordred","PrismaMod:ChloeBetterTracePools","Membership Card","PrismaMod:ChloeExhaustOne","Block Potion","PrismaMod:ChloeRitsuka","aspiration:FrozenJewel","PrismaticShard","KratosMod:minohorn","PowerPotion","Fire Potion","CeramicFish","Sling","Oddly Smooth Stone","DollysMirror","hubris:PeanutButter","Blood Vial","Strange Spoon","PrismaMod:ChloeAnySkillTrace","PrismaMod:ChloeCarnivalAttack","ReplayTheSpireMod:Brewmster","PrismaMod:ChloeRitsuka","HandDrill","ReplayFunnel","Finesse"],"campfire_rested":1,"item_purchase_floors":[0,0,0,0,0,0,0,0,0,0,0,0,0,10,10,10,10,10,10,28,28,28,36,36,36,36,36,36,38,38,48,48,53],"current_hp_per_floor":[27,27,25,23,18,18,18,12,12,12,16,38,44,44,44,33,75,53,53,53,51,51,51,43,41,41,49,49,33,40,28,28,26,75,74,74,75,75,75,38,30,44,44,54,69,69,69,69,69,68,72,72,72,59,68],"gold":6,"neow_bonus":"","is_daily":false,"chose_seed":false,"campfire_upgraded":4,"win_rate":0.0,"timestamp":1612885971,"path_taken":["M","M","M","M","M","E","?","E","T","$","M","R","E","?","R","BOSS","M","?","?","M","?","E","M","M","T","M","$","E","?","E","R","BOSS","M","$","M","$","M","E","M","E","T","E","M","?","R","?","R","BOSS","R","$","E","BOSS"],"items_purchased_type":["Card","Relic","Relic","Relic","Relic","Relic","Potion","Potion","Card","Card","Relic","Card","Potion","Card","Relic","Relic","Relic","Potion","Potion","Relic","Relic","Relic","Relic","Relic","Relic","Relic","Card","Card","Card","Card","Relic","Relic","Card"],"build_version":"2020-12-22","purchased_purges":0,"victory":true,"max_hp_per_floor":[75,75,75,75,75,75,75,75,75,75,75,75,75,75,75,75,75,75,75,75,75,75,75,75,75,75,75,75,75,75,75,75,75,75,75,75,75,75,75,75,75,75,75,75,75,72,72,72,72,72,72,72,72,72,72],"card_choices":[{"not_picked":["PrismaMod:ChloeCaladbolg","PrismaMod:ChloeCheapDefend"],"picked":"PrismaMod:ChloeDemonicTutor","floor":1},{"not_picked":["PrismaMod:ChloeCheapAttack","PrismaMod:ChloeCheapAttackTwo","PrismaMod:ChloeDiscardRecovery"],"picked":"SKIP","floor":2},{"not_picked":["PrismaMod:ChloeCheapAttackTwo","PrismaMod:ChloeChristmas","PrismaMod:ChloeRuleBreaker"],"picked":"SKIP","floor":3},{"not_picked":["PrismaMod:ChloeCheapAttack","PrismaMod:ChloeCheapAttackTwo"],"picked":"PrismaMod:ChloeDiscardRecovery","floor":4},{"not_picked":["PrismaMod:ChloeCheapDefend","PrismaMod:ChloeDemonicTutor"],"picked":"PrismaMod:ChloeExhaustThree","floor":5},{"not_picked":["PrismaMod:ChloeDiscardRecovery","PrismaMod:ChloeCheapDefendTwo","PrismaMod:ChloeExhaustOne"],"picked":"SKIP","floor":6},{"not_picked":["PrismaMod:ChloeCarnivalAOEAttack","PrismaMod:ChloeBetterTracePools"],"picked":"PrismaMod:ChloeAnyPowerTrace","floor":8},{"not_picked":["HollowMod:SoulStrike","hermit:ItchyTrigger"],"picked":"blackbeard:PiratesWill","floor":11},{"not_picked":["construct:VentSteam","Flesh_Made_Foul","RobotSpaceExplorer:Jetpack"],"picked":"SKIP","floor":13},{"not_picked":["HollowMod:Grubsong","blazmod:UnderPurifyingWaters+1","sneckomod:UnknownDraw"],"picked":"SKIP","floor":18},{"not_picked":["UnderTheZenith","champ:ShieldSigil"],"picked":"theWildCard:Odin","floor":21},{"not_picked":["DTMod:ComboAttack","HollowMod:DescendingDark"],"picked":"animator:IzunaHatsuse+1","floor":23},{"not_picked":["TheCursedMod:SurpriseAttack","theMarked:TakeCover"],"picked":"blackbeard:BoostMorale","floor":24},{"not_picked":["Static Discharge","champ:FlashCut","PokerPlayerMod:RiskyBet"],"picked":"SKIP","floor":25},{"not_picked":["TheCursedMod:SmokeScreen","PrismaMod:MiyuDefenseRemoval+1","Bone_Armor"],"picked":"SKIP","floor":27},{"not_picked":["hermit:Reprieve","TheCursedMod:SurpriseAttack"],"picked":"Purity","floor":29},{"not_picked":["DC","theForsaken:Devotion+1","construct:Reinforce"],"picked":"SKIP","floor":30},{"not_picked":["Occultation","OpenUniverse","construct:ElectricArmor"],"picked":"SKIP","floor":31},{"not_picked":["Gensokyo:RisingWorld","hermit:Adapt"],"picked":"expansioncontent:DashGenerateEvil","floor":33},{"not_picked":["TheCursedMod:Obscuration+1","blazmod:BoulderFlash+1"],"picked":"MastersStateliness","floor":35},{"not_picked":["animator:LimeBell","animator:Melzalgald","sneckomod:UnknownClassCHLOE_RED+1"],"picked":"SKIP","floor":37},{"not_picked":["animator:Azekura+1","theWildCard:UnderLockAndKey+1","PrismaMod:ChloeCheapDefend+1"],"picked":"SKIP","floor":39},{"not_picked":["TheCursedMod:FuryStrike","hermit:Malice+1"],"picked":"animator:Tatsumaki+1","floor":40},{"not_picked":["theMarked:Overcharge+1","GalacticHalo+1","TheCursedMod:AshesToAshes"],"picked":"SKIP","floor":41},{"not_picked":["ThirdEye+1","animator:UneriGinkaku","blazmod:Crosscut+1"],"picked":"SKIP","floor":42},{"not_picked":["PrismaMod:IllyaCheapChannelPoison+1","blackbeard:Fencing+1","HollowMod:PerfectDash+1"],"picked":"SKIP","floor":44},{"not_picked":["theWildCard:Scathach","Shackles_Of_Pain","Guardian:TemporalShield+1"],"picked":"SKIP","floor":45},{"not_picked":["PrismaMod:IllyaAssassinRevenge","animator:Azekura+1"],"picked":"theForsaken:DefensiveStance+1","floor":54}],"player_experience":1188714,"relics_obtained":[{"floor":6,"key":"conspire:DecoderRing"},{"floor":8,"key":"Potion Belt"},{"floor":9,"key":"Bird Faced Urn"},{"floor":13,"key":"conspire:TopHat"},{"floor":22,"key":"Mummified Hand"},{"floor":23,"key":"Replay:Wax Seal"},{"floor":26,"key":"War Paint"},{"floor":29,"key":"Bag of Preparation"},{"floor":31,"key":"hubris:CrystalStatue"},{"floor":40,"key":"Shuriken"},{"floor":42,"key":"Toy Ornithopter"},{"floor":44,"key":"Orichalcum"},{"floor":54,"key":"aspiration:Lifesprig"}],"event_choices":[{"damage_healed":0,"gold_gain":0,"player_choice":"Leave","damage_taken":0,"max_hp_gain":0,"max_hp_loss":0,"event_name":"The Cleric","floor":14,"gold_loss":0},{"damage_healed":0,"gold_gain":0,"player_choice":"Ignored","damage_taken":0,"max_hp_gain":0,"max_hp_loss":0,"event_name":"betterNote:BetterNote","floor":19,"gold_loss":0,"cards_obtained":["Strike_G"]},{"damage_healed":0,"gold_gain":0,"player_choice":"Simplicity","damage_taken":0,"max_hp_gain":0,"max_hp_loss":10,"event_name":"betterThird:BetterWriting","floor":20,"gold_loss":0},{"cards_removed":["Parasite"],"damage_healed":0,"gold_gain":0,"player_choice":"Removed Curses","damage_taken":0,"max_hp_gain":0,"max_hp_loss":0,"event_name":"Fountain of Cleansing","floor":46,"gold_loss":0}],"is_beta":false,"boss_relics":[{"not_picked":["bronze:MakeshiftBattery","hubris:BlackHole"],"picked":"Ring of Chaos"},{"not_picked":["hubris:VirtuousBlindfold","aspiration:FutureDiary"],"picked":"SlaversCollar"}],"items_purged_floors":[],"is_endless":false,"potions_floor_spawned":[3,4,5,6,11,21,24,25,29,31,39,42,45],"ascension_level":1}}