{"host":"0ueeacaatm8t6jyh","time":1612880217,"event":{"mods":["AchievementEnabler","BaseMod","Colored Powertips","Minty Spire (QoL Compilation)","Quick Restart","Rare Cards Sparkle","Shop Mod","StSLib"],"gold_per_floor":[12,12,30,50,50,50,84,84,109,27,27,27,41,41,41,136,136,149,184,99,99,112,112,152,168,168,168,192,211,136,160,160,160,160],"floor_reached":33,"language":"ZHS","playtime":1604,"items_purged":["Strike_B"],"score":561,"play_id":"5942ff20-207e-4ccf-b7d1-46c1f8422c43","local_time":"20210209221657","is_ascension_mode":true,"campfire_choices":[{"data":"Creative AI","floor":6.0,"key":"SMITH"},{"data":"Hyperbeam","floor":12.0,"key":"SMITH"},{"floor":15.0,"key":"RECALL"},{"floor":23.0,"key":"REST"},{"floor":32.0,"key":"REST"}],"circlet_count":0,"master_deck":["AscendersBane","Defend_B","Defend_B","Defend_B","Defend_B","Zap","Dualcast","Creative AI+1","Hologram","Hyperbeam+1","Biased Cognition","Meteor Strike","Turbo+1","Heatsinks","Coolheaded","Recycle"],"relics":["Cracked Core","Boot","Golden Idol","Nuclear Battery","Red Mask","PreservedInsect","WingedGreaves","Pocketwatch"],"acts_visited":["Exordium","TheCity"],"potions_floor_usage":[],"damage_taken":[{"damage":10.0,"enemies":"Small Slimes","floor":1.0,"turns":3.0},{"damage":1.0,"enemies":"Cultist","floor":3.0,"turns":4.0},{"damage":7.0,"enemies":"2 Louse","floor":4.0,"turns":3.0},{"damage":22.0,"enemies":"3 Sentries","floor":7.0,"turns":6.0},{"damage":0.0,"enemies":"Large Slime","floor":13.0,"turns":3.0},{"damage":0.0,"enemies":"Slime Boss","floor":16.0,"turns":8.0},{"damage":3.0,"enemies":"Chosen","floor":18.0,"turns":6.0},{"damage":26.0,"enemies":"Masked Bandits","floor":19.0,"turns":3.0},{"damage":16.0,"enemies":"3 Byrds","floor":22.0,"turns":4.0},{"damage":0.0,"enemies":"Slavers","floor":24.0,"turns":2.0},{"damage":0.0,"enemies":"Snecko","floor":25.0,"turns":3.0},{"damage":26.0,"enemies":"Shelled Parasite and Fungi","floor":28.0,"turns":5.0},{"damage":0.0,"enemies":"Chosen and Byrds","floor":29.0,"turns":3.0},{"damage":3.0,"enemies":"Centurion and Healer","floor":31.0,"turns":4.0},{"damage":61,"enemies":"Automaton","floor":33,"turns":6}],"seed_played":"2573212157279892017","potions_obtained":[{"floor":1.0,"key":"LiquidMemories"},{"floor":4.0,"key":"SneckoOil"},{"floor":18.0,"key":"SkillPotion"},{"floor":19.0,"key":"BlessingOfTheForge"},{"floor":25.0,"key":"Swift Potion"},{"floor":28.0,"key":"Swift Potion"}],"is_trial":false,"path_per_floor":["M","?","M","M","$","R","E","?","T","$","?","R","M","?","R","B",null,"M","?","?","?","M","R","E","M","T","?","M","M","$","M","R","B"],"character_chosen":"DEFECT","items_purchased":["Hyperbeam"],"campfire_rested":2,"item_purchase_floors":[10],"current_hp_per_floor":[58,58,57,50,50,50,28,21,21,21,21,21,21,21,21,21,57,54,28,28,28,12,32,32,32,32,32,6,6,6,3,23,0,0],"gold":160,"neow_bonus":"THREE_RARE_CARDS","is_daily":false,"chose_seed":false,"campfire_upgraded":2,"win_rate":0.0,"timestamp":1612880217,"path_taken":["M","?","?","M","$","R","E","?","T","$","?","R","M","?","R","BOSS","M","?","?","?","M","R","E","M","T","?","M","?","$","?","R","BOSS"],"items_purchased_type":["Card"],"build_version":"2020-12-22","purchased_purges":1,"victory":false,"max_hp_per_floor":[75,75,75,75,75,75,75,75,75,75,75,75,75,69,69,69,69,69,69,69,69,69,69,69,69,69,69,69,69,69,69,69,69,69],"card_choices":[{"not_picked":["Biased Cognition","Seek"],"picked":"Creative AI","floor":0.0},{"not_picked":["Redo","Glacier"],"picked":"Hologram","floor":1.0},{"not_picked":["Streamline","Compile Driver","Steam"],"picked":"SKIP","floor":3.0},{"not_picked":["Redo","Stack","Leap"],"picked":"SKIP","floor":4.0},{"not_picked":["Redo","FTL","Hologram"],"picked":"SKIP","floor":7.0},{"not_picked":["Conserve Battery","Steam"],"picked":"Biased Cognition","floor":13.0},{"not_picked":["Hyperbeam","Buffer"],"picked":"Meteor Strike","floor":16.0},{"not_picked":["Streamline","Tempest"],"picked":"Turbo","floor":18.0},{"not_picked":["Stack","Streamline"],"picked":"Heatsinks","floor":19.0},{"not_picked":["Conserve Battery","Darkness","Heatsinks"],"picked":"SKIP","floor":22.0},{"not_picked":["Aggregate","Beam Cell","Redo"],"picked":"SKIP","floor":24.0},{"not_picked":["Turbo","White Noise"],"picked":"Coolheaded","floor":25.0},{"not_picked":["Sweeping Beam","Undo","Leap"],"picked":"SKIP","floor":28.0},{"not_picked":["FTL","Gash","Streamline"],"picked":"SKIP","floor":29.0},{"not_picked":["Biased Cognition","Coolheaded"],"picked":"Recycle","floor":31.0}],"player_experience":522972,"relics_obtained":[{"floor":7.0,"key":"Boot"},{"floor":19.0,"key":"Red Mask"},{"floor":24.0,"key":"WingedGreaves"},{"floor":26.0,"key":"Pocketwatch"}],"event_choices":[{"damage_healed":0.0,"max_hp_gain":0.0,"max_hp_loss":0.0,"gold_gain":0.0,"event_name":"WeMeetAgain","player_choice":"Ignored","floor":2.0,"gold_loss":0.0,"damage_taken":0.0},{"cards_removed":["Strike_B"],"damage_healed":0.0,"max_hp_gain":0.0,"max_hp_loss":0.0,"gold_gain":0.0,"event_name":"Golden Wing","player_choice":"Card Removal","floor":8.0,"gold_loss":0.0,"damage_taken":7.0},{"cards_removed":["Strike_B"],"damage_healed":0.0,"max_hp_gain":0.0,"max_hp_loss":0.0,"gold_gain":0.0,"event_name":"Living Wall","player_choice":"Forget","floor":11.0,"gold_loss":0.0,"damage_taken":0.0},{"damage_healed":0.0,"max_hp_gain":0.0,"max_hp_loss":6.0,"gold_gain":0.0,"event_name":"Golden Idol","player_choice":"Lose Max HP","floor":14.0,"gold_loss":0.0,"damage_taken":0.0,"relics_obtained":["Golden Idol"]},{"damage_healed":0.0,"max_hp_gain":0.0,"max_hp_loss":0.0,"gold_gain":0.0,"event_name":"Masked Bandits","player_choice":"Fought Bandits","floor":19.0,"gold_loss":0.0,"damage_taken":0.0},{"damage_healed":0.0,"max_hp_gain":0.0,"max_hp_loss":0.0,"gold_gain":0.0,"event_name":"Addict","player_choice":"Obtained Relic","floor":20.0,"gold_loss":85.0,"damage_taken":0.0,"relics_obtained":["PreservedInsect"]},{"cards_removed":["Strike_B"],"damage_healed":0.0,"max_hp_gain":0.0,"max_hp_loss":0.0,"gold_gain":0.0,"event_name":"Back to Basics","player_choice":"Elegance","floor":21.0,"gold_loss":0.0,"damage_taken":0.0},{"damage_healed":0.0,"max_hp_gain":0.0,"max_hp_loss":0.0,"gold_gain":0.0,"event_name":"Accursed Blacksmith","player_choice":"Forge","floor":27.0,"gold_loss":0.0,"damage_taken":0.0,"cards_upgraded":["Turbo"]}],"is_beta":false,"boss_relics":[{"not_picked":["Ectoplasm","FrozenCore"],"picked":"Nuclear Battery"}],"items_purged_floors":[30],"is_endless":false,"potions_floor_spawned":[1,4,18,19,25,28],"killed_by":"Automaton","ascension_level":13}}