{"host":"684z1xpuwaoqmmh1","time":1612885001,"event":{"mods":["A Magickal Journey","BaseMod","Downfall","Hermit","Jorbs\u0027s Wanderer Trilogy","Marisa????????","Minty Spire (QoL Compilation)","Robot Space Explorer","Shade Mod","StSLib","The Bug Knight","The Dragon Tamer","The Elementalist","The Hayseed","The Hierophant","The Marked","The Mystic","The Runesmith","The Saiyan","The Senshi","The Spell Scribe","The Vixen","TheBandit","TheFirefly"],"gold_per_floor":[109,119,136,147,147,176,176,205,205,223,250,265,265,265,265,363,363,373,383,433,433,451,476,488,535,574,586,614,626,36,70,70,177,177,196,196,224,234,87,129,147,147,147,180,207,207,249,249,249,249,249,249,8,48,48],"floor_reached":56,"language":"ENG","playtime":5167,"items_purged":["Runesmith:Strike_RS+1"],"score":1762,"play_id":"3dd740ba-7247-455a-a057-46cfaeadc39b","local_time":"20210209173641","is_ascension_mode":true,"campfire_choices":[{"data":"Runesmith:CraftMedicinae","floor":7,"key":"SMITH"},{"data":"Runesmith:Firestorm","floor":13,"key":"SMITH"},{"data":"Runesmith:CraftFirestone","floor":15,"key":"SMITH"},{"data":"Runesmith:LightningRod","floor":24,"key":"SMITH"},{"floor":27,"key":"REST"},{"data":"Runesmith:MetallurgicalResearch","floor":32,"key":"SMITH"},{"floor":42,"key":"REST"},{"floor":46,"key":"RECALL"},{"data":"Runesmith:CraftPrismatica","floor":49,"key":"SMITH"},{"data":"Runesmith:CraftObretio","floor":52,"key":"SMITH"}],"circlet_count":0,"master_deck":["Runesmith:Strike_RS+1","Runesmith:Strike_RS+1","Runesmith:Strike_RS+1","Runesmith:Defend_RS+1","Runesmith:Defend_RS+1","Runesmith:Defend_RS+1","Runesmith:Defend_RS+1","Runesmith:CraftFirestone+1","Runesmith:Fortify","Runesmith:Firestorm+1","Runesmith:Reinforce","Runesmith:DoubleUp","Runesmith:NanitesCloud","Runesmith:CraftMedicinae+1","Runesmith:HammerThrow+1","Runesmith:HeatedChisel","Runesmith:EarthShield","Runesmith:LightningRod+1","Runesmith:EnergizedChisel+1","Runesmith:Augment+1","Runesmith:RuneHurl","Runesmith:CraftObretio+1","Runesmith:MetallurgicalResearch+1","Runesmith:Permafrost+1","Runesmith:CraftProtectio","Runesmith:CraftObretio+1","Runesmith:Supernova+1","Runesmith:OneForEveryone+1","Runesmith:PoweredAnvil+1","Runesmith:CraftPrismatica+1","Runesmith:CreatorForm+1","Runesmith:GoWithTheFlow","Runesmith:PoweredAnvil+1","Runesmith:EnergizedChisel+1"],"relics":["Runesmith:BrokenRuby","theSenshi:SpiralHeartMoonRodRelic","theSenshi:SailorFukuRelic","HollowMod:StagPassRelic","Bottled Tornado","Frozen Egg 2","Odd Mushroom","SlaversCollar","MawBank","Guardian:PocketSentry","Darkstone Periapt","Blood Vial","Medical Kit","CeramicFish","Akabeko","sneckomod:SneckoTalon","champ:Barbells","Question Card","Runesmith:Locket","Art of War","hexamod:CandleOfCauterizing","Membership Card","Runesmith:MiniCore","Guardian:GemstoneGun"],"acts_visited":["Exordium","TheCity","TheBeyond","TheEnding"],"potions_floor_usage":[8,11,12,23,25,25,31,31,41,54,55],"damage_taken":[{"damage":0,"enemies":"Small Slimes","floor":1,"turns":4},{"damage":7,"enemies":"Jaw Worm","floor":2,"turns":4},{"damage":0,"enemies":"Cultist","floor":3,"turns":4},{"damage":8,"enemies":"Looter","floor":4,"turns":3},{"damage":9,"enemies":"Lagavulin","floor":6,"turns":9},{"damage":29,"enemies":"3 Sentries","floor":8,"turns":10},{"damage":0,"enemies":"Blue Slaver","floor":10,"turns":7},{"damage":2,"enemies":"The Mushroom Lair","floor":11,"turns":7},{"damage":11,"enemies":"Lots of Slimes","floor":12,"turns":6},{"damage":20,"enemies":"Hexaghost","floor":16,"turns":11},{"damage":4,"enemies":"Shell Parasite","floor":18,"turns":12},{"damage":2,"enemies":"Spheric Guardian","floor":19,"turns":7},{"damage":4,"enemies":"Snecko","floor":22,"turns":9},{"damage":41,"enemies":"Slavers","floor":23,"turns":11},{"damage":31,"enemies":"Gremlin Leader","floor":25,"turns":14},{"damage":4,"enemies":"Centurion and Healer","floor":28,"turns":10},{"damage":3,"enemies":"Book of Stabbing","floor":31,"turns":6},{"damage":27,"enemies":"Collector","floor":33,"turns":17},{"damage":0,"enemies":"3 Darklings","floor":35,"turns":8},{"damage":12,"enemies":"3 Shapes","floor":37,"turns":5},{"damage":0,"enemies":"Maw","floor":38,"turns":10},{"damage":5,"enemies":"Giant Head","floor":40,"turns":12},{"damage":53,"enemies":"Jaw Worm Horde","floor":41,"turns":8},{"damage":20,"enemies":"Nemesis","floor":44,"turns":11},{"damage":2,"enemies":"3 Darklings","floor":45,"turns":6},{"damage":0,"enemies":"Reptomancer","floor":47,"turns":9},{"damage":0,"enemies":"Time Eater","floor":50,"turns":13},{"damage":39,"enemies":"Shield and Spear","floor":54,"turns":11},{"damage":35,"enemies":"The Heart","floor":55,"turns":9}],"seed_played":"1431987239717537367","potions_obtained":[{"floor":2,"key":"Strength Potion"},{"floor":4,"key":"PowerPotion"},{"floor":8,"key":"FairyPotion"},{"floor":10,"key":"BlessingOfTheForge"},{"floor":16,"key":"hexamod:SoulburnPotion"},{"floor":18,"key":"SpeedPotion"},{"floor":19,"key":"Regen Potion"},{"floor":25,"key":"EntropicBrew"},{"floor":38,"key":"Energy Potion"},{"floor":44,"key":"Block Potion"}],"is_trial":false,"path_per_floor":["M","M","M","M","?","E","R","E","T","M","?","M","R","?","R","B",null,"M","M","?","?","M","E","R","E","T","R","M","T","$","E","R","B",null,"M","?","M","M","$","E","M","R","T","E","M","R","E","?","R","B",null,"R","$","E","B",null],"character_chosen":"RUNESMITH_CLASS","items_purchased":["Runesmith:Permafrost+1","Blood Vial","Medical Kit","CeramicFish","Runesmith:CraftProtectio","champ:Barbells","Membership Card","Runesmith:PoweredAnvil+1","Runesmith:MiniCore"],"campfire_rested":2,"item_purchase_floors":[30,30,30,30,30,39,53,53,53],"current_hp_per_floor":[63,58,60,54,47,40,40,15,15,19,28,29,29,16,16,24,53,53,53,53,53,54,30,30,7,7,25,33,33,33,38,38,19,52,63,60,60,60,60,60,13,31,31,25,35,35,49,49,49,60,60,60,60,35,4],"gold":48,"neow_bonus":"ONE_RARE_RELIC","is_daily":false,"chose_seed":false,"campfire_upgraded":7,"win_rate":0.0,"timestamp":1612885001,"path_taken":["M","M","M","M","?","E","R","E","T","M","?","M","R","?","R","BOSS","M","M","?","?","M","E","R","E","T","R","M","?","?","E","R","BOSS","M","?","M","M","$","E","M","R","T","E","M","R","E","?","R","BOSS","R","$","E","BOSS"],"items_purchased_type":["Card","Relic","Relic","Relic","Card","Relic","Relic","Card","Relic"],"build_version":"2020-12-22","purchased_purges":1,"victory":true,"max_hp_per_floor":[63,63,63,63,63,63,63,63,63,63,63,63,63,63,63,63,63,63,63,63,63,63,63,63,63,63,63,63,63,63,63,63,63,63,63,60,60,60,60,60,60,60,60,60,60,60,60,60,60,60,60,60,60,60,60],"card_choices":[{"not_picked":["Runesmith:HammerThrow","Runesmith:CraftProtectio"],"picked":"Runesmith:Firestorm","floor":1},{"not_picked":["Runesmith:MakeshiftArmor","Runesmith:HeatExchange"],"picked":"Runesmith:Reinforce","floor":2},{"not_picked":["Runesmith:HeatedChisel","Runesmith:MakeshiftArmor"],"picked":"Runesmith:DoubleUp","floor":3},{"not_picked":["Runesmith:ChiselStab","Runesmith:EnergizedChisel"],"picked":"Runesmith:NanitesCloud","floor":4},{"not_picked":["Runesmith:RunicBlueprint","Runesmith:EarthShield"],"picked":"Runesmith:CraftMedicinae","floor":6},{"not_picked":["Runesmith:HeatExchange","Runesmith:Grindstone"],"picked":"Runesmith:HammerThrow","floor":8},{"not_picked":["Runesmith:ChiselStab","Runesmith:CraftReservo"],"picked":"Runesmith:HeatedChisel","floor":10},{"not_picked":["Runesmith:ShiftingStrike","Runesmith:Grindstone"],"picked":"Runesmith:EarthShield","floor":11},{"not_picked":["Runesmith:Discharge","Runesmith:StaticCage","Runesmith:EarthShield"],"picked":"SKIP","floor":12},{"not_picked":["Runesmith:CreatorForm+1","Runesmith:GrandSlam"],"picked":"Runesmith:LightningRod","floor":16},{"not_picked":["Runesmith:ElementalConversion+1","Runesmith:CraftProtectio"],"picked":"Runesmith:EnergizedChisel","floor":18},{"not_picked":["Runesmith:CraftProtectio","Runesmith:Repurpose"],"picked":"Runesmith:Augment","floor":19},{"not_picked":["Runesmith:EarthShield","Runesmith:EnergizedChisel+1"],"picked":"Runesmith:RuneHurl","floor":22},{"not_picked":["Runesmith:UnstableHammer+1","Runesmith:DoubleUp+1"],"picked":"Runesmith:CraftObretio","floor":23},{"not_picked":["Runesmith:Grindstone","Runesmith:HeatedChisel+1"],"picked":"Runesmith:MetallurgicalResearch","floor":25},{"not_picked":["Runesmith:HeatExchange+1","Runesmith:ElementalConversion","Runesmith:FrozenChisel"],"picked":"SKIP","floor":28},{"not_picked":["Runesmith:ShiftingStrike","Runesmith:MakeshiftArmor+1"],"picked":"Runesmith:CraftObretio","floor":31},{"not_picked":["Runesmith:Duplicate","Runesmith:LightningRod"],"picked":"Runesmith:Supernova","floor":33},{"not_picked":["Runesmith:ElementalConversion","Runesmith:RuneHurl"],"picked":"Runesmith:OneForEveryone+1","floor":35},{"not_picked":["Runesmith:StaticCage","Runesmith:ChaoticBlast"],"picked":"Runesmith:PoweredAnvil+1","floor":37},{"not_picked":["Runesmith:ChiselStab","Runesmith:HeatedChisel+1","Runesmith:StaticCage"],"picked":"SKIP","floor":38},{"not_picked":["Runesmith:ChiselStab","Runesmith:HeatExchange+1"],"picked":"Runesmith:CraftPrismatica","floor":40},{"not_picked":["Runesmith:Overpower+1","Runesmith:HeatedChisel+1","Runesmith:Reinforce+1","Runesmith:Grindstone+1"],"picked":"SKIP","floor":41},{"not_picked":["Runesmith:EarthShield","Runesmith:ShiftingStrike","Runesmith:OneForEveryone+1","Runesmith:WhiteBalance+1"],"picked":"SKIP","floor":44},{"not_picked":["Runesmith:Electrocute+1","Runesmith:CraftMagma","Runesmith:MakeshiftArmor+1"],"picked":"Runesmith:CreatorForm+1","floor":45},{"not_picked":["Runesmith:Overpower+1","Runesmith:CreatorForm+1","Runesmith:ElementalConversion+1"],"picked":"Runesmith:GoWithTheFlow","floor":47},{"not_picked":["Runesmith:HeatExchange","Runesmith:Prism","Runesmith:BackupBattery+1"],"picked":"Runesmith:EnergizedChisel+1","floor":54}],"player_experience":3223403,"relics_obtained":[{"floor":6,"key":"HollowMod:StagPassRelic"},{"floor":8,"key":"Bottled Tornado"},{"floor":9,"key":"Frozen Egg 2"},{"floor":11,"key":"Odd Mushroom"},{"floor":23,"key":"MawBank"},{"floor":25,"key":"Guardian:PocketSentry"},{"floor":29,"key":"Darkstone Periapt"},{"floor":31,"key":"Akabeko"},{"floor":40,"key":"Question Card"},{"floor":43,"key":"Runesmith:Locket"},{"floor":44,"key":"Art of War"},{"floor":47,"key":"hexamod:CandleOfCauterizing"},{"floor":54,"key":"Guardian:GemstoneGun"}],"event_choices":[{"damage_healed":0,"gold_gain":0,"player_choice":"Success","damage_taken":7,"relics_obtained":["theSenshi:SailorFukuRelic"],"max_hp_gain":0,"max_hp_loss":0,"event_name":"Scrap Ooze","floor":5,"gold_loss":0},{"damage_healed":0,"gold_gain":0,"player_choice":"Fought Mushrooms","damage_taken":0,"max_hp_gain":0,"max_hp_loss":0,"event_name":"Mushrooms","floor":11,"gold_loss":0},{"damage_healed":0,"gold_gain":0,"player_choice":"Entered Light","damage_taken":13,"max_hp_gain":0,"max_hp_loss":0,"event_name":"Shining Light","floor":14,"gold_loss":0,"cards_upgraded":["Runesmith:HammerThrow","Runesmith:Defend_RS"]},{"damage_healed":0,"gold_gain":0,"player_choice":"Simplicity","damage_taken":0,"max_hp_gain":0,"max_hp_loss":0,"event_name":"Back to Basics","floor":21,"gold_loss":0,"cards_upgraded":["Runesmith:Strike_RS","Runesmith:Strike_RS","Runesmith:Strike_RS","Runesmith:Strike_RS","Runesmith:Defend_RS","Runesmith:Defend_RS","Runesmith:Defend_RS"]},{"damage_healed":0,"gold_gain":0,"player_choice":"Max HP","damage_taken":0,"max_hp_gain":0,"max_hp_loss":3,"event_name":"Winding Halls","floor":36,"gold_loss":0},{"damage_healed":0,"gold_gain":0,"player_choice":"Bought 0 Potions","damage_taken":0,"max_hp_gain":0,"max_hp_loss":0,"event_name":"The Woman in Blue","floor":48,"gold_loss":0}],"is_beta":false,"boss_relics":[{"not_picked":["bronze:MakeshiftBattery","Black Star"],"picked":"SlaversCollar"},{"not_picked":["Tiny House","SacredBark"],"picked":"sneckomod:SneckoTalon"}],"items_purged_floors":[30],"is_endless":false,"potions_floor_spawned":[2,4,8,10,16,18,19,25,38,40,44,47],"ascension_level":8}}