{"host":"f5gffvlv6a66yqkd","time":1612853149,"event":{"mods":["2.2 Compatiblity","BaseMod","Colored Map","Custom Start","DeckTracker","Keyboard Shortcuts","Minty Spire (QoL Compilation)","Permanent Neow","Quick Restart","Relic Stats","StSLib","SuperFastMode"],"gold_per_floor":[112,187,258,4,16,16,16,56,148,160,197,222,50,74,74,167,167,181,106,106,106,126,126,2,2,2,2,2,2,27,47,47,47,47],"floor_reached":33,"language":"KOR","playtime":813,"items_purged":["Strike_B","Defend_B"],"score":486,"play_id":"c969b563-3f2b-40db-b256-dec6a3b6502f","local_time":"20210209154549","is_ascension_mode":true,"campfire_choices":[{"data":"Defragment","floor":6.0,"key":"SMITH"},{"floor":10.0,"key":"REST"},{"floor":15.0,"key":"REST"},{"data":"Apotheosis","floor":23.0,"key":"SMITH"},{"data":"Creative AI","floor":25,"key":"SMITH"},{"data":"Shame","floor":32,"key":"PURGE"}],"circlet_count":0,"master_deck":["AscendersBane","Defend_B","Defend_B","Zap","Dualcast","Sweeping Beam+1","Doom and Gloom+1","Defragment+1","Genetic Algorithm+1","Ball Lightning","Recycle","Coolheaded","FTL+1","Apotheosis+1","Cold Snap+1","Creative AI+1","CurseOfTheBell","Rip and Tear+1","Amplify+1","Go for the Eyes+1","Ghostly","Ghostly","Ghostly","BootSequence","Turbo"],"relics":["Cracked Core","Golden Idol","MawBank","Molten Egg 2","Calling Bell","Pocketwatch","Matryoshka","Art of War","War Paint","Question Card","Whetstone","Peace Pipe"],"acts_visited":["Exordium","TheCity"],"potions_floor_usage":[33],"damage_taken":[{"damage":1.0,"enemies":"Cultist","floor":1.0,"turns":3.0},{"damage":5.0,"enemies":"Small Slimes","floor":5.0,"turns":3.0},{"damage":30.0,"enemies":"Lagavulin","floor":8.0,"turns":5.0},{"damage":10.0,"enemies":"2 Louse","floor":11.0,"turns":3.0},{"damage":29.0,"enemies":"Exordium Thugs","floor":12.0,"turns":5.0},{"damage":0.0,"enemies":"Red Slaver","floor":14.0,"turns":3.0},{"damage":10.0,"enemies":"The Guardian","floor":16.0,"turns":8.0},{"damage":8.0,"enemies":"3 Byrds","floor":18.0,"turns":5.0},{"damage":0.0,"enemies":"Chosen","floor":22.0,"turns":4.0},{"damage":10,"enemies":"Centurion and Healer","floor":30,"turns":9},{"damage":4,"enemies":"Cultist and Chosen","floor":31,"turns":5},{"damage":20,"enemies":"Automaton","floor":33,"turns":8}],"seed_played":"-226972061161744176","potions_obtained":[{"floor":1.0,"key":"Fire Potion"},{"floor":8.0,"key":"Fruit Juice"},{"floor":11.0,"key":"SkillPotion"},{"floor":16.0,"key":"PotionOfCapacity"},{"floor":18.0,"key":"SkillPotion"}],"is_trial":false,"path_per_floor":["M","?","?","$","M","R","?","E","T","R","M","M","$","M","R","B",null,"M","?","?","?","M","R","$","R","T","?","T","?","M","M","R","B"],"character_chosen":"DEFECT","items_purchased":["Defragment","Genetic Algorithm","Ball Lightning","Apotheosis","Go for the Eyes+1"],"campfire_rested":2,"item_purchase_floors":[4,4,4,13,24],"current_hp_per_floor":[63,52,52,52,47,47,47,17,17,36,31,2,2,2,22,12,55,47,47,47,47,47,47,47,47,47,47,47,34,24,20,20,0,0],"gold":47,"neow_bonus":"TRANSFORM_CARD","is_daily":false,"chose_seed":false,"campfire_upgraded":3,"win_rate":0.0,"timestamp":1612853149,"path_taken":["M","?","?","$","M","R","?","E","T","R","M","?","?","M","R","BOSS","M","?","?","?","M","R","$","R","T","?","?","?","M","?","R","BOSS"],"items_purchased_type":["Card","Card","Card","Card","Card"],"build_version":"2020-12-22","purchased_purges":2,"victory":false,"max_hp_per_floor":[71,71,71,71,71,71,64,64,64,64,69,69,69,69,69,69,69,69,69,69,69,69,69,69,69,69,69,69,34,34,34,34,34,34],"relic_stats":{"Peace Pipe":1,"counters":[12,61],"Golden Idol":56,"Art of War":[2],"Whetstone":["Sweeping Beam","Doom and Gloom"],"War Paint":["Amplify","Genetic Algorithm"],"MawBank":60,"Question Card":2,"obtain_stats":[{"Calling Bell":17,"Peace Pipe":28,"Matryoshka":17,"Golden Idol":7,"Molten Egg 2":9,"Art of War":17,"Whetstone":28,"War Paint":26,"Cracked Core":0,"MawBank":8,"Question Card":27,"Pocketwatch":17},{"Calling Bell":7,"Peace Pipe":9,"Matryoshka":7,"Golden Idol":2,"Molten Egg 2":3,"Art of War":7,"Whetstone":9,"War Paint":9,"Cracked Core":0,"MawBank":3,"Question Card":9,"Pocketwatch":7},{"Calling Bell":30,"Peace Pipe":39,"Matryoshka":30,"Golden Idol":6,"Molten Egg 2":11,"Art of War":30,"Whetstone":39,"War Paint":39,"Cracked Core":0,"MawBank":11,"Question Card":39,"Pocketwatch":30}],"Pocketwatch":[39]},"card_choices":[{"not_picked":["Static Discharge","Skim"],"picked":"Doom and Gloom","floor":1.0},{"not_picked":["Sweeping Beam","Barrage","Ball Lightning"],"picked":"SKIP","floor":5.0},{"not_picked":["Scrape","Static Discharge"],"picked":"Recycle","floor":8.0},{"not_picked":["Stack","Sweeping Beam+1"],"picked":"Coolheaded","floor":11.0},{"not_picked":["Compile Driver+1","Blizzard+1"],"picked":"FTL+1","floor":12.0},{"not_picked":["Redo","Steam"],"picked":"Cold Snap+1","floor":14.0},{"not_picked":["Echo Form","Meteor Strike+1"],"picked":"Creative AI","floor":16.0},{"not_picked":["Beam Cell+1","Gash+1","Sweeping Beam+1"],"picked":"SKIP","floor":18.0},{"not_picked":["Beam Cell+1","Leap","Sweeping Beam+1"],"picked":"SKIP","floor":22.0},{"not_picked":["Machine Learning","White Noise","Aggregate"],"picked":"BootSequence","floor":30},{"not_picked":["Streamline+1","Coolheaded","Conserve Battery"],"picked":"Turbo","floor":31}],"player_experience":1712367,"relics_obtained":[{"floor":8.0,"key":"MawBank"},{"floor":9.0,"key":"Molten Egg 2"},{"floor":17.0,"key":"Pocketwatch"},{"floor":17.0,"key":"Matryoshka"},{"floor":17.0,"key":"Art of War"},{"floor":26,"key":"War Paint"},{"floor":28,"key":"Whetstone"},{"floor":28,"key":"Peace Pipe"}],"event_choices":[{"damage_healed":0.0,"max_hp_gain":0.0,"max_hp_loss":0.0,"gold_gain":75.0,"event_name":"World of Goop","player_choice":"Gather Gold","floor":2.0,"gold_loss":0.0,"damage_taken":11.0},{"damage_healed":0.0,"max_hp_gain":0.0,"max_hp_loss":0.0,"gold_gain":71.0,"event_name":"Golden Wing","player_choice":"Gained Gold","floor":3.0,"gold_loss":0.0,"damage_taken":0.0},{"damage_healed":0.0,"max_hp_gain":0.0,"max_hp_loss":7.0,"gold_gain":0.0,"event_name":"Golden Idol","player_choice":"Lose Max HP","floor":7.0,"gold_loss":0.0,"damage_taken":0.0,"relics_obtained":["Golden Idol"]},{"cards_removed":["Strike_B"],"damage_healed":0.0,"max_hp_gain":0.0,"max_hp_loss":0.0,"gold_gain":0.0,"event_name":"Beggar","player_choice":"Gave Gold","floor":19.0,"gold_loss":75.0,"damage_taken":0.0},{"damage_healed":0.0,"max_hp_gain":0.0,"max_hp_loss":0.0,"gold_gain":0.0,"event_name":"The Mausoleum","player_choice":"Ignored","floor":20.0,"gold_loss":0.0,"damage_taken":0.0},{"damage_healed":0.0,"max_hp_gain":0.0,"max_hp_loss":0.0,"gold_gain":0.0,"cards_transformed":["Defend_B","Strike_B"],"event_name":"Drug Dealer","player_choice":"Became Test Subject","floor":21.0,"gold_loss":0.0,"damage_taken":0.0,"cards_obtained":["Rip and Tear","Amplify"]},{"damage_healed":0,"gold_gain":0,"player_choice":"Stole Relic","damage_taken":0,"relics_obtained":["Question Card"],"max_hp_gain":0,"max_hp_loss":0,"event_name":"Addict","floor":27,"gold_loss":0,"cards_obtained":["Shame"]},{"damage_healed":0,"gold_gain":0,"player_choice":"Became a Ghost","damage_taken":0,"max_hp_gain":0,"max_hp_loss":35,"event_name":"Ghosts","floor":29,"gold_loss":0,"cards_obtained":["Ghostly","Ghostly","Ghostly"]}],"is_beta":false,"boss_relics":[{"not_picked":["SlaversCollar","FrozenCore"],"picked":"Calling Bell"}],"items_purged_floors":[4,24],"is_endless":false,"potions_floor_spawned":[1,8,11,12,16,18,22],"killed_by":"Automaton","ascension_level":20}}