{"host":"xp27heuvanyklt0b","time":1612864151,"event":{"mods":["100% Spire Juice","BaseMod","CapriCore","Koishi","Lobotomy","Minty Spire (QoL Compilation)","Prisma Mod","StSLib","The Immortal"],"gold_per_floor":[109,109,34,59,74,74,97,141,70,85,85,85,98,98,98,224,104,122,136,16,16,16,59,59,77,77,2,13,13,24,35,35,139,69,85,135,135,0,20,20,20,20],"floor_reached":41,"language":"KOR","playtime":5671,"items_purged":["Injury"],"score":413,"play_id":"e359064c-1a9c-409c-ab83-9c2988e06ce0","local_time":"20210209184911","is_ascension_mode":false,"campfire_choices":[{"data":"Moonworks:OutOfAmmo","floor":6,"key":"SMITH"},{"data":"Moonworks:IndiscriminateFireSupport","floor":12,"key":"SMITH"},{"floor":15,"key":"REST"},{"data":"Moonworks:CookingTime","floor":29,"key":"SMITH"},{"floor":32,"key":"RECALL"},{"data":"Moonworks:DeployBits","floor":40,"key":"SMITH"}],"circlet_count":0,"master_deck":["Moonworks:Strike","Moonworks:Strike","Moonworks:Strike","Moonworks:Defend","Moonworks:Defend+1","Moonworks:Defend","Moonworks:Defend","Moonworks:Ambush","Moonworks:LongDistanceShot","Moonworks:OutOfAmmo+1","Moonworks:Flamethrower","Moonworks:DeployBits+1","Moonworks:ForcedRevival","Moonworks:MiracleRedBeanIceCream","Moonworks:IndiscriminateFireSupport+1","Moonworks:AngelHand","Moonworks:CookingTime+1","Moonworks:PlushieMaster","Moonworks:NicePresent","Moonworks:EvilSpyWorkPreparation","Moonworks:SakisCookie","Moonworks:SakisCookie+1","Moonworks:DevilHand","Moonworks:ScrambledEve","Moonworks:StiffCrystal+1","Moonworks:JonathanRush","Moonworks:MetallicMonocoque","Moonworks:AngelHand","Moonworks:Heat300Percent+1","Moonworks:SweetBattle","Moonworks:ImOnFire"],"relics":["Moonworks:BrokenBomb","Moonworks:Homemark","Bloody Idol","Bottled Tornado","Strawberry","Black Star","Toy Ornithopter","Dead Branch","Meat on the Bone","Tiny House","Torii","Red Mask"],"acts_visited":["Exordium","TheCity","TheBeyond"],"potions_floor_usage":[8,23,23,25,36,41,41],"damage_taken":[{"damage":0,"enemies":"Small Slimes","floor":1,"turns":4},{"damage":11,"enemies":"Jaw Worm","floor":4,"turns":2},{"damage":1,"enemies":"2 Louse","floor":5,"turns":2},{"damage":3,"enemies":"Red Slaver","floor":7,"turns":3},{"damage":31,"enemies":"Lagavulin","floor":8,"turns":6},{"damage":0,"enemies":"Looter","floor":10,"turns":2},{"damage":11,"enemies":"Exordium Wildlife","floor":13,"turns":4},{"damage":29,"enemies":"The Guardian","floor":16,"turns":18},{"damage":0,"enemies":"Spheric Guardian","floor":18,"turns":1},{"damage":23,"enemies":"2 Thieves","floor":19,"turns":4},{"damage":43,"enemies":"Book of Stabbing","floor":23,"turns":8},{"damage":28,"enemies":"Snecko","floor":25,"turns":5},{"damage":4,"enemies":"Centurion and Healer","floor":28,"turns":4},{"damage":0,"enemies":"Chosen and Byrds","floor":30,"turns":4},{"damage":14,"enemies":"Snake Plant","floor":31,"turns":3},{"damage":63,"enemies":"Champ","floor":33,"turns":13},{"damage":7,"enemies":"3 Shapes","floor":35,"turns":5},{"damage":11,"enemies":"Mind Bloom Boss Battle","floor":36,"turns":14},{"damage":35,"enemies":"3 Darklings","floor":39,"turns":11},{"damage":109,"enemies":"Giant Head","floor":41,"turns":7}],"seed_played":"1529155362858690087","potions_obtained":[{"floor":1,"key":"ColorlessPotion"},{"floor":4,"key":"LiquidMemories"},{"floor":8,"key":"Weak Potion"},{"floor":13,"key":"Explosive Potion"},{"floor":34,"key":"Moonworks:OneHundredPercentOrangeJuicePotion"},{"floor":35,"key":"PowerPotion"},{"floor":39,"key":"DistilledChaos"}],"is_trial":false,"path_per_floor":["M","?","$","M","M","R","M","E","T","M","$","R","M","?","R","B",null,"M","M","$","?","$","E","?","M","T","$","M","R","M","M","R","B",null,"M","?","?","?","M","R","E"],"character_chosen":"THE_STARBREAKER","items_purchased":["Moonworks:DevilHand"],"campfire_rested":1,"item_purchase_floors":[27],"current_hp_per_floor":[60,60,60,49,48,48,45,24,31,41,41,41,35,35,55,39,67,67,54,54,54,54,22,22,9,9,9,41,41,58,67,67,31,72,72,72,72,72,62,62,0,0],"gold":20,"neow_bonus":"ONE_RANDOM_RARE_CARD","is_daily":false,"chose_seed":false,"campfire_upgraded":4,"win_rate":0.0,"timestamp":1612864151,"path_taken":["M","?","?","M","M","R","M","E","T","M","$","R","M","?","R","BOSS","M","M","$","?","$","E","?","M","T","?","?","R","M","M","R","BOSS","M","?","?","?","M","R","E"],"items_purchased_type":["Card"],"build_version":"2020-12-22","purchased_purges":1,"victory":false,"max_hp_per_floor":[60,60,60,60,60,60,60,60,67,67,67,67,67,67,67,67,67,67,67,67,67,67,67,67,67,67,67,67,67,67,67,67,67,72,72,72,72,72,72,72,72,72],"card_choices":[{"not_picked":["Moonworks:BigMagnum","Moonworks:ImmovableObject"],"picked":"Moonworks:Flamethrower","floor":1},{"not_picked":["Moonworks:ForcedRevival","Moonworks:Flamethrower"],"picked":"Moonworks:DeployBits","floor":4},{"not_picked":["Moonworks:IndiscriminateFireSupport","Moonworks:LulusLuckyEgg"],"picked":"Moonworks:ForcedRevival","floor":5},{"not_picked":["Moonworks:UnluckyCharm","Moonworks:SelfDestruct"],"picked":"Moonworks:MiracleRedBeanIceCream","floor":7},{"not_picked":["Moonworks:x16BigRocket","Moonworks:Assault"],"picked":"Moonworks:BindingChains","floor":8},{"not_picked":["Moonworks:DeployBits","Moonworks:CastOff"],"picked":"Moonworks:IndiscriminateFireSupport","floor":10},{"not_picked":["Moonworks:JonathanRush","Moonworks:FinalSurgery"],"picked":"Moonworks:AngelHand","floor":13},{"not_picked":["Moonworks:Blazing","Moonworks:RocketCannon"],"picked":"Moonworks:PlushieMaster","floor":16},{"not_picked":["Moonworks:LulusLuckyEgg","Moonworks:Assault"],"picked":"Moonworks:NicePresent","floor":18},{"not_picked":["Moonworks:Bloodlust","Moonworks:MiracleRedBeanIceCream"],"picked":"Moonworks:EvilSpyWorkPreparation","floor":19},{"not_picked":["Moonworks:IndiscriminateFireSupport","Moonworks:NicePresent"],"picked":"Moonworks:SakisCookie","floor":23},{"not_picked":["Moonworks:BigBangBell","Moonworks:JonathanRush"],"picked":"Moonworks:SakisCookie+1","floor":25},{"not_picked":["Moonworks:DeployBits","Moonworks:CookingTime"],"picked":"Moonworks:ScrambledEve","floor":28},{"not_picked":["Moonworks:DeployBits","Moonworks:EvilSpyWorkPreparation"],"picked":"Moonworks:StiffCrystal+1","floor":30},{"not_picked":["Moonworks:CloudOfSeagulls","Moonworks:Assault+1"],"picked":"Moonworks:JonathanRush","floor":31},{"not_picked":["Moonworks:SubspaceTunnel","Moonworks:Blazing"],"picked":"Moonworks:MetallicMonocoque","floor":33},{"not_picked":["Moonworks:BeyondHell","Moonworks:NicePresent"],"picked":"Moonworks:AngelHand","floor":34},{"not_picked":["Moonworks:x16BigRocket","Moonworks:Dinner"],"picked":"Moonworks:Heat300Percent+1","floor":35},{"not_picked":["Moonworks:IndiscriminateFireSupport+1","Moonworks:Assault"],"picked":"Moonworks:SweetBattle","floor":36},{"not_picked":["Moonworks:NicePresent","Moonworks:BigMagnum"],"picked":"Moonworks:ImOnFire","floor":39}],"player_experience":190341,"relics_obtained":[{"floor":8,"key":"Bottled Tornado"},{"floor":9,"key":"Strawberry"},{"floor":23,"key":"Toy Ornithopter"},{"floor":23,"key":"Dead Branch"},{"floor":26,"key":"Meat on the Bone"},{"floor":36,"key":"Torii"}],"event_choices":[{"damage_healed":0,"gold_gain":0,"player_choice":"Take Wound","damage_taken":0,"relics_obtained":["Golden Idol"],"max_hp_gain":0,"max_hp_loss":0,"event_name":"Golden Idol","floor":2,"gold_loss":0,"cards_obtained":["Injury"]},{"damage_healed":0,"gold_gain":0,"cards_transformed":["Moonworks:BindingChains"],"player_choice":"Transformed","damage_taken":0,"max_hp_gain":0,"max_hp_loss":0,"event_name":"Transmorgrifier","floor":14,"gold_loss":0,"cards_obtained":["Moonworks:CookingTime"]},{"damage_healed":0,"gold_gain":0,"player_choice":"Ignored","damage_taken":0,"max_hp_gain":0,"max_hp_loss":0,"event_name":"The Mausoleum","floor":21,"gold_loss":0},{"damage_healed":0,"gold_gain":0,"player_choice":"Gave Idol","damage_taken":0,"relics_obtained":["Bloody Idol"],"max_hp_gain":0,"max_hp_loss":0,"event_name":"Forgotten Altar","floor":24,"relics_lost":["Golden Idol"],"gold_loss":0},{"damage_healed":0,"gold_gain":0,"player_choice":"Fight","damage_taken":0,"max_hp_gain":0,"max_hp_loss":0,"event_name":"MindBloom","floor":36,"gold_loss":0},{"cards_removed":["Moonworks:Strike"],"damage_healed":0,"gold_gain":0,"player_choice":"Removed Attack","damage_taken":0,"max_hp_gain":0,"max_hp_loss":0,"event_name":"Falling","floor":37,"gold_loss":0},{"damage_healed":0,"gold_gain":0,"player_choice":"Paid","damage_taken":0,"relics_obtained":["Red Mask"],"max_hp_gain":0,"max_hp_loss":0,"event_name":"Tomb of Lord Red Mask","floor":38,"gold_loss":15}],"is_beta":false,"boss_relics":[{"not_picked":["Sozu","Coffee Dripper"],"picked":"Black Star"},{"not_picked":["Empty Cage","Fusion Hammer"],"picked":"Tiny House"}],"items_purged_floors":[3],"is_endless":false,"potions_floor_spawned":[1,4,8,13,18,19,35,39],"killed_by":"Giant Head","ascension_level":0}}