{"host":"kx62hxkutszy5nb0","time":1612876754,"event":{"mods":["2.2 Compatiblity","AchievementEnabler","Aspiration","BaseMod","Better Altar","Better Match","Better Note","Better Sensory Stone","Better Skull","Better Third Choice","Better Vampires","CCEM2","Colored Map","Colored Powertips","Conspire","Custom Start","Dark Map","Defuse TimeMaze Blight","Displayed Cursed Tome","Downfall","Fiend Mod","Hermit","Hubris","Infinite Spire","Jorbs\u0027s Wanderer Trilogy","Koishi","Marked Mod","Minty Spire (QoL Compilation)","Prisma Mod","Relic Sorter","Relic Stats","Replay The Spire","Shade Mod","Shop Mod","Spikes Relics","StSLib","Td1madao Mod","The Alterego","The Construct","The Cursed","The Exalted","The Forsaken","The Judge","The Jungle","The Marked","TheSwordswoman","TheVacant","Uncapped","Virulent Crown","Yuri Mod","everything is the same but u backflip on backflip"],"gold_per_floor":[99,119,133,133,133,162,215,215,241,241,241,41,26,58,71,171,171,71,90,90,100,112,112,194,223,66,81,95,95,112,112,130,130,130,130],"floor_reached":33,"language":"ENG","playtime":1631,"items_purged":[],"score":327,"play_id":"e8e095ba-e252-412e-977d-4b9dfb3580aa","local_time":"20210209231914","is_ascension_mode":false,"campfire_choices":[{"floor":1,"key":"RECALL"},{"data":"bronze:GetLatest","floor":12,"key":"SMITH"},{"data":"bronze:ClassDefault","floor":18,"key":"SMITH"},{"data":"bronze:Goto","floor":29,"key":"SMITH"}],"circlet_count":0,"master_deck":["bronze:Strike","bronze:Strike","bronze:Strike","bronze:Strike","bronze:Defend","bronze:Defend","bronze:Defend","bronze:Defend","bronze:Replicate","bronze:Goto+1","Deep Breath","bronze:Separator","bronze:GetLatest+1","bronze:BurnOut","bronze:ChildClass","bronze:ClassDefault+1","bronze:Iterate","bronze:BugBarrage","bronze:DarkDash","bronze:BugBarrage","bronze:DelayedSlice","bronze:Separator+1","bronze:Flail+1","bronze:WhirlingStrike","expansioncontent:Hexaburn","bronze:BuggyMess","bronze:WhirlingStrike","bronze:Optimize","bronze:Separator","bronze:WhirlingStrike"],"relics":["bronze:BronzeCore","downfall:HeartBlessingBlue","downfall:HeartBlessingRed","downfall:HeartBlessingGreen","Guardian:PocketSentry","CCEMRelics:OverlyComfyChair","Bronze Scales","hubris:ToyBattleship","conspire:RoyalGoblet","Bromod:ArcaneBarrier","CCEMRelics:HeirloomTomato","CCEMRelics:HeliumBalloon","CCEMRelics:GrindingGear"],"acts_visited":["Exordium","TheCity"],"potions_floor_usage":[16,16,19,19,22,31,33],"damage_taken":[{"damage":5,"enemies":"Small Slimes","floor":2,"turns":4},{"damage":0,"enemies":"2 Louse","floor":3,"turns":3},{"damage":17,"enemies":"Gremlin Nob","floor":6,"turns":4},{"damage":0,"enemies":"Cultist","floor":10,"turns":1},{"damage":0,"enemies":"downfall:FleeingMerchant","floor":13,"turns":4},{"damage":1,"enemies":"3 Sentries","floor":14,"turns":3},{"damage":0,"enemies":"3 Louse","floor":15,"turns":2},{"damage":4,"enemies":"WA_ARCHETYPE_RETAIN","floor":16,"turns":6},{"damage":0,"enemies":"Shell Parasite","floor":19,"turns":2},{"damage":0,"enemies":"Chosen","floor":21,"turns":4},{"damage":8,"enemies":"Centurion and Healer","floor":22,"turns":5},{"damage":19,"enemies":"Book of Stabbing","floor":25,"turns":5},{"damage":2,"enemies":"downfall:FleeingMerchant","floor":26,"turns":4},{"damage":12,"enemies":"Snake Plant","floor":27,"turns":4},{"damage":10,"enemies":"Shelled Parasite and Fungi","floor":28,"turns":3},{"damage":0,"enemies":"Sentry and Sphere","floor":30,"turns":2},{"damage":0,"enemies":"Snake Plant","floor":31,"turns":1},{"damage":0,"enemies":"Chosen and Byrds","floor":32,"turns":3},{"damage":74,"enemies":"IC_MUSHROOM_ARCHETYPE","floor":33,"turns":8}],"seed_played":"-4851653074228537035","potions_obtained":[{"floor":14,"key":"Weak Potion"},{"floor":15,"key":"PowerPotion"},{"floor":16,"key":"EssenceOfSteel"},{"floor":19,"key":"Fruit Juice"},{"floor":21,"key":"FearPotion"},{"floor":27,"key":"bronze:FreeFunctionsPotion"},{"floor":30,"key":"SmokeBomb"}],"is_trial":false,"path_per_floor":["R","M","M","?","?","E","T","?","T","M","?","R","$","E","M","B",null,"R","M","?","M","M","AVR","T","E","$","M","M","R","M","M","M","B"],"character_chosen":"THE_AUTOMATON","items_purchased":["expansioncontent:Hexaburn","bronze:BuggyMess"],"campfire_rested":0,"item_purchase_floors":[26,26],"current_hp_per_floor":[70,65,65,65,65,48,48,48,48,48,48,58,61,60,60,57,80,80,85,95,95,87,92,92,77,78,69,63,63,65,67,69,0,0,0],"gold":130,"neow_bonus":"RANDOM_COLORLESS","is_daily":false,"chose_seed":false,"campfire_upgraded":3,"win_rate":0.0,"timestamp":1612876754,"path_taken":["R","M","M","?","?","E","T","?","?","M","?","R","$","E","M","BOSS","R","M","?","M","?","AVR","T","E","$","M","M","R","M","M","M","BOSS"],"items_purchased_type":["Card","Card"],"build_version":"2020-12-22","purchased_purges":0,"victory":false,"max_hp_per_floor":[70,70,70,70,70,70,70,70,70,70,70,80,80,80,80,80,80,80,85,95,95,95,100,100,100,100,100,100,100,100,100,100,100,100,100],"relic_stats":{"counters":[19,66],"Bronze Scales":[187],"obtain_stats":[{"bronze:BronzeCore":0,"CCEMRelics:HeliumBalloon":24,"downfall:HeartBlessingRed":12,"conspire:RoyalGoblet":17,"downfall:HeartBlessingGreen":18,"Guardian:PocketSentry":5,"downfall:BrokenWingStatue":4,"CCEMRelics:OverlyComfyChair":6,"downfall:HeartBlessingBlue":12,"Bronze Scales":7,"Bromod:ArcaneBarrier":23,"CCEMRelics:GrindingGear":25,"hubris:ToyBattleship":14,"CCEMRelics:HeirloomTomato":23},{"bronze:BronzeCore":0,"CCEMRelics:HeliumBalloon":11,"downfall:HeartBlessingRed":4,"conspire:RoyalGoblet":8,"downfall:HeartBlessingGreen":8,"Guardian:PocketSentry":2,"downfall:BrokenWingStatue":2,"CCEMRelics:OverlyComfyChair":3,"downfall:HeartBlessingBlue":4,"Bronze Scales":3,"Bromod:ArcaneBarrier":11,"CCEMRelics:GrindingGear":12,"hubris:ToyBattleship":6,"CCEMRelics:HeirloomTomato":11},{"bronze:BronzeCore":0,"CCEMRelics:HeliumBalloon":37,"downfall:HeartBlessingRed":12,"conspire:RoyalGoblet":27,"downfall:HeartBlessingGreen":27,"Guardian:PocketSentry":7,"downfall:BrokenWingStatue":7,"CCEMRelics:OverlyComfyChair":11,"downfall:HeartBlessingBlue":12,"Bronze Scales":11,"Bromod:ArcaneBarrier":37,"CCEMRelics:GrindingGear":41,"hubris:ToyBattleship":19,"CCEMRelics:HeirloomTomato":37}]},"card_choices":[{"not_picked":["Purity","Impatience"],"picked":"Deep Breath","floor":0},{"not_picked":["bronze:FineTuning","bronze:ItsAFeature"],"picked":"bronze:Separator","floor":2},{"not_picked":["bronze:Deprecate","bronze:FineTuning"],"picked":"bronze:GetLatest","floor":3},{"not_picked":["bronze:Fortify","bronze:WildBeam"],"picked":"bronze:BurnOut","floor":6},{"not_picked":["bronze:Philosophize","bronze:Separator"],"picked":"bronze:ChildClass","floor":10},{"not_picked":["bronze:Constructor","bronze:Overload"],"picked":"bronze:Iterate","floor":13},{"not_picked":["bronze:Constructor","bronze:Shield"],"picked":"bronze:BugBarrage","floor":14},{"not_picked":["bronze:Shield","bronze:BitShift"],"picked":"bronze:DarkDash","floor":15},{"not_picked":["bronze:ThunderWave","bronze:ShipIt"],"picked":"bronze:RecursiveStrike","floor":16},{"not_picked":["bronze:Deprecate","bronze:Backtrace"],"picked":"bronze:BugBarrage","floor":19},{"not_picked":["bronze:Branch","bronze:Frontload+1"],"picked":"bronze:DelayedSlice","floor":21},{"not_picked":["bronze:RecursiveStrike","bronze:Overheat"],"picked":"bronze:Separator+1","floor":22},{"not_picked":["bronze:Overheat","bronze:DelayedGuard"],"picked":"bronze:Flail+1","floor":25},{"not_picked":["bronze:Branch","bronze:FineTuning"],"picked":"bronze:WhirlingStrike","floor":26},{"not_picked":["bronze:Overload","bronze:DelayedGuard"],"picked":"bronze:WhirlingStrike","floor":27},{"not_picked":["bronze:WhirlingStrike","bronze:BitShift"],"picked":"bronze:Optimize","floor":28},{"not_picked":["bronze:DigitalCarnage+1","bronze:ChildClass"],"picked":"bronze:Separator","floor":30},{"not_picked":["bronze:Overload","bronze:Constructor"],"picked":"bronze:WhirlingStrike","floor":32}],"player_experience":749472,"relics_obtained":[{"floor":5,"key":"Guardian:PocketSentry"},{"floor":6,"key":"CCEMRelics:OverlyComfyChair"},{"floor":7,"key":"Bronze Scales"},{"floor":14,"key":"hubris:ToyBattleship"},{"floor":24,"key":"CCEMRelics:HeliumBalloon"},{"floor":25,"key":"CCEMRelics:GrindingGear"}],"event_choices":[{"cards_removed":["bronze:RecursiveStrike"],"damage_healed":0,"gold_gain":0,"player_choice":"Offered Rare","damage_taken":0,"max_hp_gain":10,"max_hp_loss":0,"event_name":"Bonfire Elementals","floor":20,"gold_loss":0}],"is_beta":false,"boss_relics":[{"not_picked":["conspire:SlowCooker","Ring of Chaos"],"picked":"conspire:RoyalGoblet"}],"items_purged_floors":[],"is_endless":false,"potions_floor_spawned":[14,15,16,19,21,27,30,31],"killed_by":"IC_MUSHROOM_ARCHETYPE","ascension_level":0}}