{"host":"bw00wb7p5bw58om7","time":1612881473,"event":{"mods":["100% Spire Juice","Act Like it!","BaseMod","Better Third Choice","CapriCore","Chen","Downfall","Gensokyo","Hermit","KinomotoSakuraMod(????)","Koishi","KomeijiMod","Mari Mod (Legacy)","Mari\u0027s V1 Patch","Marisa????????","Minty Spire (QoL Compilation)","MostiFishMod","Onozuka Komachi Mod","Permanent Neow","Prisma Mod","Railgun Mod","Reimu??????","Remilia_Scarlet Moed?????·?????3.3.5","Remilia??????","Replay The Spire","Spicy Shops","StSLib","The Administrix","The Alterego","The Death Knight","The Immortal","The Mystic","The Senshi","The Servant 0.9.4","TheSwordswoman","TheVelvet","WarShipGirlsR/????R mod","Yakumo Yukari mod","Youmu??????","Yuyuko"],"gold_per_floor":[19,32,32,52,71,102,102,120,120,140,175,191,191,41,41,144,144,144,144,144,144,144,144,144,144,144,144,144,144,144,144,144,144,144,144,144,144,144,144,144,144,144,144,144,144,144,144,144,144,144],"floor_reached":51,"language":"ENG","playtime":5648,"items_purged":["ReplayTheSpireMod:Restless Dread"],"score":838,"play_id":"06835bbf-bd3d-4ff3-b5fa-47557c2e7799","local_time":"20210209143753","is_ascension_mode":false,"campfire_choices":[{"floor":7.0,"key":"REST"},{"data":"alterego_mod:ClassAdvantage","floor":13.0,"key":"SMITH"},{"floor":24,"key":"REST"},{"data":"alterego_mod:STier","floor":27,"key":"SMITH"},{"data":"alterego_mod:Weigh","floor":32,"key":"SMITH"},{"data":"alterego_mod:Mirror","floor":46,"key":"SMITH"},{"data":"alterego_mod:GoddessCore","floor":49,"key":"SMITH"}],"circlet_count":0,"master_deck":["alterego_mod:Strike","alterego_mod:Strike","alterego_mod:Strike","alterego_mod:Strike","alterego_mod:Defend","alterego_mod:Defend","alterego_mod:Defend","alterego_mod:Defend+1","alterego_mod:BigMeatyClaws","alterego_mod:BrynhildrsRune+1","alterego_mod:BusterCard","alterego_mod:ClassAdvantage+1","alterego_mod:BiFurious","alterego_mod:Pet","alterego_mod:Mirror+1","alterego_mod:Nekomimi","alterego_mod:BusterCard","alterego_mod:BusterCard","alterego_mod:Cooking","alterego_mod:Weigh+1","alterego_mod:GoddessCore+1","alterego_mod:BiFurious","alterego_mod:Schoolgirl","alterego_mod:BiFurious+1","alterego_mod:STier+1","alterego_mod:Crossover","alterego_mod:MaintainEyeContact+1","alterego_mod:HighServant","alterego_mod:RidiculouslyBig+1","alterego_mod:Tantrum","alterego_mod:RidiculouslyBig+1","alterego_mod:Pet+1","alterego_mod:DiscoLights+1","alterego_mod:Punishment+1","alterego_mod:Clones+1","alterego_mod:Birthday","Gensokyo:LifeSpringInfinity+1","alterego_mod:Exercise+1","alterego_mod:PresenceConcealment+1","alterego_mod:PainIsPleasure+1"],"relics":["alterego_mod:MasochisticConstitution","DaveBox","FossilizedHelix","RhineSuit","SynthV:TestCard","HoshigumaDish","ShirouKen","ArrowTower","ReplayTheSpireMod:CursedCoin","War Paint","Gensokyo:CelestialsFlawlessClothing","Ectoplasm","WingedGreaves","Counterbalance","Mummified Hand","Frozen Egg 2","Letter Opener","Pen Nib","HereWithMe","Blue Doll","Replay:Baseball","DeathKnight:SindragosasSkull","Thread and Needle"],"acts_visited":["Gensokyo:Gensokyo","Gensokyo:Gensokyoer","Gensokyo:Gensokyoest"],"potions_floor_usage":[],"damage_taken":[{"damage":0.0,"enemies":"Gensokyo:2_Kodama","floor":1.0,"turns":3.0},{"damage":0.0,"enemies":"Gensokyo:Gryphon","floor":2.0,"turns":3.0},{"damage":0.0,"enemies":"Gensokyo:Python","floor":4.0,"turns":3.0},{"damage":0.0,"enemies":"Gensokyo:CorruptedTreant","floor":5.0,"turns":3.0},{"damage":33.0,"enemies":"Gensokyo:Cirno","floor":6.0,"turns":6.0},{"damage":1.0,"enemies":"Gensokyo:LivingMonolith","floor":8.0,"turns":4.0},{"damage":0.0,"enemies":"Gensokyo:3_Kodama","floor":10.0,"turns":4.0},{"damage":0.0,"enemies":"Gensokyo:Mamizou","floor":11.0,"turns":6.0},{"damage":0.0,"enemies":"Gensokyo:Python_and_Kodama","floor":12.0,"turns":3.0},{"damage":15.0,"enemies":"Gensokyo:Kokoro","floor":16.0,"turns":7.0},{"damage":15.0,"enemies":"Gensokyo:3_Dogs","floor":18.0,"turns":4.0},{"damage":0.0,"enemies":"Gensokyo:CosmicMonolith","floor":19.0,"turns":4.0},{"damage":30.0,"enemies":"Gensokyo:CosmicMonolith","floor":22.0,"turns":7.0},{"damage":57.0,"enemies":"Gensokyo:Tenshi","floor":23.0,"turns":5.0},{"damage":23,"enemies":"Gensokyo:Wraith","floor":25,"turns":4},{"damage":0,"enemies":"Gensokyo:Reisen","floor":29,"turns":4},{"damage":0,"enemies":"Gensokyo:Chomper_and_Gloop","floor":30,"turns":3},{"damage":0,"enemies":"Gensokyo:Swordslinger","floor":31,"turns":3},{"damage":12,"enemies":"Gensokyo:Eiki","floor":33,"turns":6},{"damage":21,"enemies":"Gensokyo:3_Boulders","floor":35,"turns":4},{"damage":0,"enemies":"Gensokyo:AncientGuardian","floor":37,"turns":3},{"damage":0,"enemies":"Gensokyo:Rafflesia","floor":38,"turns":5},{"damage":7,"enemies":"Gensokyo:4_Bats","floor":39,"turns":3},{"damage":7,"enemies":"Gensokyo:Kasen","floor":40,"turns":5},{"damage":27,"enemies":"Gensokyo:Marisa","floor":41,"turns":4},{"damage":0,"enemies":"Gensokyo:Marisa","floor":44,"turns":7},{"damage":0,"enemies":"Gensokyo:Dusk_and_Dawn","floor":45,"turns":4},{"damage":0,"enemies":"Gensokyo:AtlasGolem","floor":47,"turns":4},{"damage":10,"enemies":"Gensokyo:4_Bats","floor":48,"turns":3},{"damage":0,"enemies":"Gensokyo:Shinki","floor":50,"turns":8}],"seed_played":"1701278123191426957","potions_obtained":[{"floor":1.0,"key":"GamblersBrew"},{"floor":5.0,"key":"RedTea"},{"floor":6.0,"key":"JyouchiReiPotion"},{"floor":10.0,"key":"BlessingOfTheForge"}],"is_trial":false,"path_per_floor":["M","M","?","M","M","E","R","M","T","M","E","M","R","$","R","B",null,"M","M","?","?","?","E","R","M","T","R","T","E","M","M","R","B",null,"M","?","M","M","M","E","E","T","T","?","M","R","M","M","R","B",null],"character_chosen":"The_Alterego","items_purchased":["ReplayTheSpireMod:CursedCoin","War Paint","alterego_mod:PresenceConcealment"],"campfire_rested":2,"item_purchase_floors":[14,14,14],"current_hp_per_floor":[70,70,70,70,70,38,59,59,59,66,72,72,72,72,54,43,73,59,62,62,33,7,40,62,43,43,43,43,43,43,46,46,38,78,61,76,79,79,73,70,54,54,54,54,56,56,58,54,54,56],"gold":144,"neow_bonus":"ONE_RARE_RELIC","is_daily":false,"chose_seed":false,"campfire_upgraded":5,"win_rate":0.0,"timestamp":1612881473,"path_taken":["M","M","?","M","M","E","R","?","T","M","E","M","R","$","R","BOSS","M","M","?","?","?","E","R","M","T","R","?","E","?","M","R","BOSS","M","?","?","M","M","E","E","?","T","?","?","R","M","M","R","BOSS"],"items_purchased_type":["Relic","Relic","Card"],"build_version":"2020-12-22","purchased_purges":1,"victory":true,"max_hp_per_floor":[70,70,70,70,70,71,71,72,72,72,72,72,72,72,72,73,73,74,74,74,74,75,76,76,77,77,77,77,77,77,77,77,78,78,79,79,79,79,80,81,82,82,82,82,82,82,82,83,83,83],"card_choices":[{"not_picked":["alterego_mod:1TonWallop","alterego_mod:Birthday"],"picked":"alterego_mod:BusterCard","floor":1.0},{"not_picked":["alterego_mod:Mirror","alterego_mod:Bloomers","alterego_mod:Bounce","alterego_mod:DiscoLights"],"picked":"alterego_mod:ClassAdvantage","floor":2.0},{"not_picked":["alterego_mod:Cushion","alterego_mod:Undulate","alterego_mod:TrashNCrash","alterego_mod:Pet"],"picked":"alterego_mod:BiFurious","floor":4.0},{"not_picked":["alterego_mod:Skirt","alterego_mod:MagicResistance","alterego_mod:Smother","alterego_mod:Cooking"],"picked":"alterego_mod:Pet","floor":5.0},{"not_picked":["alterego_mod:Pet","alterego_mod:Lingerie","alterego_mod:1TonWallop","alterego_mod:Swimsuit"],"picked":"alterego_mod:Mirror","floor":6.0},{"not_picked":["alterego_mod:Schoolgirl","alterego_mod:Cooking","alterego_mod:BustOut","alterego_mod:Bounce"],"picked":"alterego_mod:Nekomimi","floor":8.0},{"not_picked":["alterego_mod:Punishment","alterego_mod:Skirt","alterego_mod:Complex","alterego_mod:Tantrum"],"picked":"alterego_mod:BusterCard","floor":10.0},{"not_picked":["alterego_mod:PerceptionDisorder","alterego_mod:DiscoLights","alterego_mod:SakuraLabyrinth","alterego_mod:Punishment"],"picked":"alterego_mod:BusterCard","floor":11.0},{"not_picked":["alterego_mod:Clap","alterego_mod:BustOut","alterego_mod:HighServant","alterego_mod:Pet"],"picked":"alterego_mod:Cooking","floor":12.0},{"not_picked":["alterego_mod:Palingenesis","alterego_mod:Rake","alterego_mod:Valkyrie","alterego_mod:Alter"],"picked":"alterego_mod:Weigh","floor":16.0},{"not_picked":["alterego_mod:Jiggle","alterego_mod:HighServant","alterego_mod:Mirror+1","alterego_mod:Smother"],"picked":"alterego_mod:GoddessCore","floor":18.0},{"not_picked":["alterego_mod:DeftHands","alterego_mod:TrashNCrash+1","alterego_mod:PurpleHair","alterego_mod:Rip+1"],"picked":"alterego_mod:BiFurious","floor":19.0},{"not_picked":["alterego_mod:SakuraLabyrinth+1","alterego_mod:Valentines","alterego_mod:Rip","alterego_mod:Antipathy"],"picked":"alterego_mod:Schoolgirl","floor":21.0},{"not_picked":["alterego_mod:Pet","alterego_mod:Bunnysuit","alterego_mod:Skirt","alterego_mod:Crossover"],"picked":"alterego_mod:BiFurious+1","floor":22.0},{"not_picked":["alterego_mod:IndependentAction+1","alterego_mod:Schoolgirl","alterego_mod:SakuraFive","alterego_mod:SakuraPetals"],"picked":"alterego_mod:STier","floor":23.0},{"not_picked":["alterego_mod:DiscoLights","alterego_mod:Complex","alterego_mod:Bloomers+1","alterego_mod:DestructionOfProperty"],"picked":"alterego_mod:Crossover","floor":25},{"not_picked":["alterego_mod:Maid+1","alterego_mod:Valentines","alterego_mod:Cushion","alterego_mod:PainIsPleasure+1"],"picked":"alterego_mod:MaintainEyeContact+1","floor":29},{"not_picked":["alterego_mod:Rip","alterego_mod:TrashNCrash","alterego_mod:Punishment+1","alterego_mod:Skirt"],"picked":"alterego_mod:HighServant","floor":30},{"not_picked":["alterego_mod:IndependentAction+1","alterego_mod:GoddessCore","alterego_mod:DeftHands","alterego_mod:SuperDuperMasochism"],"picked":"alterego_mod:RidiculouslyBig+1","floor":31},{"not_picked":["alterego_mod:Vow","alterego_mod:Alter","alterego_mod:Weigh","alterego_mod:BrynhildrRomantia"],"picked":"alterego_mod:Tantrum","floor":33},{"not_picked":["alterego_mod:GachaTicket+1","alterego_mod:DiscoLights+1","alterego_mod:Bounce+1","alterego_mod:HighServant+1"],"picked":"alterego_mod:RidiculouslyBig+1","floor":35},{"not_picked":["alterego_mod:Rip","alterego_mod:IndependentAction+1","alterego_mod:BoobPocket","alterego_mod:Complex+1"],"picked":"alterego_mod:Pet+1","floor":37},{"not_picked":["alterego_mod:DustData","alterego_mod:PurpleHair","alterego_mod:Bounce+1","alterego_mod:DeftHands+1"],"picked":"alterego_mod:DiscoLights+1","floor":38},{"not_picked":["alterego_mod:PresenceConcealment+1","alterego_mod:Cushion","alterego_mod:Complex+1","alterego_mod:Mirror+1"],"picked":"alterego_mod:Punishment+1","floor":39},{"not_picked":["alterego_mod:Maid+1","alterego_mod:BiFurious+1","alterego_mod:DiscoLights+1","alterego_mod:PurpleHair"],"picked":"alterego_mod:Clones+1","floor":40},{"not_picked":["alterego_mod:Undulate+1","alterego_mod:SakuraPetals","alterego_mod:Clap+1","alterego_mod:MaintainEyeContact"],"picked":"alterego_mod:Birthday","floor":41},{"not_picked":["Gensokyo:Dawn+1","Gensokyo:DreamlikeParadise+1"],"picked":"Gensokyo:LifeSpringInfinity+1","floor":44},{"not_picked":["alterego_mod:Complex+1","alterego_mod:PresenceConcealment+1","alterego_mod:Clap+1","alterego_mod:SakuraLabyrinth+1"],"picked":"alterego_mod:Exercise+1","floor":45},{"not_picked":["alterego_mod:Bounce+1","alterego_mod:DeftHands","alterego_mod:GoddessCore","alterego_mod:MagicResistance+1"],"picked":"alterego_mod:PresenceConcealment+1","floor":47},{"not_picked":["alterego_mod:MaintainEyeContact+1","alterego_mod:RocketPunch","alterego_mod:BreastValley+1","alterego_mod:Nekomimi+1"],"picked":"alterego_mod:PainIsPleasure+1","floor":48}],"player_experience":330081,"relics_obtained":[{"floor":1.0,"key":"SynthV:TestCard"},{"floor":6.0,"key":"HoshigumaDish"},{"floor":9.0,"key":"ShirouKen"},{"floor":11.0,"key":"ArrowTower"},{"floor":22.0,"key":"WingedGreaves"},{"floor":22.0,"key":"Counterbalance"},{"floor":23.0,"key":"Mummified Hand"},{"floor":26,"key":"Frozen Egg 2"},{"floor":28,"key":"Letter Opener"},{"floor":29,"key":"Pen Nib"},{"floor":40,"key":"Blue Doll"},{"floor":41,"key":"Replay:Baseball"},{"floor":42,"key":"DeathKnight:SindragosasSkull"},{"floor":43,"key":"Thread and Needle"}],"event_choices":[],"is_beta":false,"boss_relics":[{"not_picked":["Honey Jar","Coffee Dripper"],"picked":"Ectoplasm"},{"not_picked":["Replay:Bronze Core","Empty Cage"],"picked":"HereWithMe"}],"items_purged_floors":[14],"is_endless":false,"potions_floor_spawned":[1,5,6,10,16,19,25,29,30,33,35,37,39,47,48],"ascension_level":0}}