{"host":"4g8vayc9pwrwu92h","time":1612877648,"event":{"mods":["Aspiration","BaseMod","Conspire","Downfall","Marked Mod","Minty Spire (QoL Compilation)","Quick Restart","StSLib","The Jungle"],"gold_per_floor":[3016,3016,2981,2981,2998,2998,3016,3016,3016,3016,3032,3063,3074,2661,2661,2760,2760,2771,2771,2771,2787,2787,2820,2820,2820,2820],"floor_reached":25,"language":"ZHS","playtime":1070,"items_purged":[],"score":252,"play_id":"7ee05f57-8ff3-4aef-8173-cb31352fcfdb","local_time":"20210209213408","is_ascension_mode":true,"campfire_choices":[{"floor":6.0,"key":"RECALL"},{"floor":8.0,"key":"REST"},{"floor":10.0,"key":"REST"},{"data":"DevaForm","floor":15.0,"key":"SMITH"},{"data":"MarkedMod:SlowDance","floor":24,"key":"SMITH"}],"circlet_count":0,"master_deck":["Strike_P+1","Strike_P+1","Strike_P+1","Strike_P+1","Defend_P+1","Defend_P+1","Defend_P+1","Defend_P+1","Eruption+1","Vigilance+1","WindmillStrike+1","Prostrate","DevaForm+1","EmptyFist","Fasting2","Prostrate","MarkedMod:ChiBlock","Perseverance+1","MarkedMod:PinPointDefense","MarkedMod:SlowDance+1","Study+1"],"relics":["PureWater","Black Star","NeowsBlessing","conspire:TopHat","aspiration:HummingbirdHeart","conspire:TreasureMap","Orichalcum","Frozen Egg 2","conspire:Dentures"],"acts_visited":["TheCity"],"potions_floor_usage":[18,23],"damage_taken":[{"damage":0.0,"enemies":"Small Slimes","floor":1.0,"turns":1.0},{"damage":0.0,"enemies":"Cultist","floor":5.0,"turns":1.0},{"damage":0.0,"enemies":"Jaw Worm","floor":7.0,"turns":1.0},{"damage":1.0,"enemies":"Red Slaver","floor":11.0,"turns":3.0},{"damage":8.0,"enemies":"Gremlin Nob","floor":12.0,"turns":3.0},{"damage":0.0,"enemies":"Gremlin Gang","floor":13.0,"turns":2.0},{"damage":28.0,"enemies":"Slime Boss","floor":16.0,"turns":8.0},{"damage":10,"enemies":"3 Byrds","floor":18,"turns":6},{"damage":0,"enemies":"Spheric Guardian","floor":21,"turns":3},{"damage":21,"enemies":"Slavers","floor":23,"turns":10},{"damage":0,"enemies":"Centurion and Healer","floor":25,"turns":3}],"seed_played":"2253650120118884096","potions_obtained":[{"floor":1.0,"key":"Fire Potion"},{"floor":12.0,"key":"Swift Potion"},{"floor":13.0,"key":"Strength Potion"},{"floor":18,"key":"Fire Potion"},{"floor":23,"key":"BlessingOfTheForge"}],"is_trial":false,"path_per_floor":["M","?","?","?","M","R","M","R","T","R","M","E","M","$","R","B",null,"M","?","?","M","?","E","R","M"],"character_chosen":"WATCHER","items_purchased":["Fasting2","Prostrate","conspire:TreasureMap","Orichalcum"],"campfire_rested":2,"item_purchase_floors":[14,14,14,14],"current_hp_per_floor":[72,58,72,72,72,72,72,72,72,72,71,63,63,63,63,35,72,62,62,62,62,62,41,41,41,41],"gold":2820,"neow_bonus":"THREE_ENEMY_KILL","is_daily":false,"chose_seed":false,"campfire_upgraded":2,"win_rate":0.0,"timestamp":1612877648,"path_taken":["M","?","?","?","M","R","?","R","T","R","M","E","M","$","R","BOSS","M","?","?","M","?","E","R","M"],"items_purchased_type":["Card","Card","Relic","Relic"],"build_version":"2020-12-22","purchased_purges":0,"victory":false,"max_hp_per_floor":[72,72,72,72,72,72,72,72,72,72,72,72,72,72,72,72,72,72,72,72,72,72,72,72,72,72],"card_choices":[{"not_picked":["CutThroughFate","ThirdEye"],"picked":"WindmillStrike","floor":1.0},{"not_picked":["EmptyBody","InnerPeace","FollowUp"],"picked":"SKIP","floor":5.0},{"not_picked":["Evaluate","Weave","Tantrum"],"picked":"SKIP","floor":7.0},{"not_picked":["SandsOfTime","Weave"],"picked":"Prostrate","floor":11.0},{"not_picked":["Evaluate","EmptyMind"],"picked":"DevaForm","floor":12.0},{"not_picked":["EmptyBody","Perseverance"],"picked":"EmptyFist","floor":13.0},{"not_picked":["Blasphemy","MasterReality"],"picked":"MarkedMod:ChiBlock","floor":16.0},{"not_picked":["WaveOfTheHand+1","Consecrate"],"picked":"Perseverance+1","floor":18},{"not_picked":["JustLucky","DeceiveReality","MarkedMod:OneThousandNeedles"],"picked":"SKIP","floor":21},{"not_picked":["CrushJoints","Nirvana+1"],"picked":"Study+1","floor":23}],"player_experience":438506,"relics_obtained":[{"floor":12.0,"key":"conspire:TopHat"},{"floor":12.0,"key":"aspiration:HummingbirdHeart"},{"floor":23,"key":"Frozen Egg 2"},{"floor":23,"key":"conspire:Dentures"}],"event_choices":[{"damage_healed":0.0,"max_hp_gain":0.0,"max_hp_loss":0.0,"gold_gain":0.0,"event_name":"Shining Light","player_choice":"Entered Light","floor":2.0,"gold_loss":0.0,"damage_taken":14.0,"cards_upgraded":["WindmillStrike"]},{"damage_healed":18.0,"max_hp_gain":0.0,"max_hp_loss":0.0,"gold_gain":0.0,"event_name":"The Cleric","player_choice":"Healed","floor":3.0,"gold_loss":35.0,"damage_taken":0.0},{"damage_healed":0.0,"max_hp_gain":0.0,"max_hp_loss":0.0,"gold_gain":0.0,"event_name":"Match and Keep!","player_choice":"0 cards matched","floor":4.0,"gold_loss":0.0,"damage_taken":0.0,"cards_obtained":[]},{"damage_healed":0,"gold_gain":0,"player_choice":"Ignored","damage_taken":0,"max_hp_gain":0,"max_hp_loss":0,"event_name":"Cursed Tome","floor":19,"gold_loss":0},{"damage_healed":0,"gold_gain":0,"player_choice":"Read","damage_taken":0,"max_hp_gain":0,"max_hp_loss":0,"event_name":"The Library","floor":20,"gold_loss":0,"cards_obtained":["MarkedMod:PinPointDefense"]},{"damage_healed":0,"gold_gain":0,"player_choice":"1 cards matched","damage_taken":0,"max_hp_gain":0,"max_hp_loss":0,"event_name":"Match and Keep!","floor":22,"gold_loss":0,"cards_obtained":["MarkedMod:SlowDance"]}],"is_beta":false,"boss_relics":[{"not_picked":["Astrolabe","Philosopher\u0027s Stone","conspire:RunicOctahedron"]}],"items_purged_floors":[],"is_endless":false,"potions_floor_spawned":[1,12,13,18,23],"killed_by":"Centurion and Healer","ascension_level":3}}