{"host":"4rvakrj1idbgia3f","time":1612860088,"event":{"mods":["BaseMod","Colored Map","Colored Powertips","DeckTracker","Highlight Path","Minty Spire (QoL Compilation)","Random Character Button","StSLib"],"gold_per_floor":[13,13,26,26,39,39,71,71,94,121,133,158,170,201,213,225,225],"floor_reached":16,"language":"JPN","playtime":457,"items_purged":[],"score":204,"play_id":"95b3ad54-cd1f-4ef3-9a1f-6f71427bbb40","local_time":"20210209174128","is_ascension_mode":true,"campfire_choices":[{"data":"Sucker Punch","floor":6,"key":"SMITH"},{"data":"Predator","floor":8,"key":"SMITH"},{"data":"Neutralize","floor":11,"key":"SMITH"},{"data":"Dodge and Roll","floor":13,"key":"SMITH"},{"data":"Footwork","floor":15,"key":"SMITH"}],"circlet_count":0,"master_deck":["AscendersBane","Strike_G","Strike_G","Strike_G","Strike_G","Defend_G","Defend_G","Defend_G","Defend_G","Survivor","Neutralize+1","Poisoned Stab+1","Sucker Punch+1","Predator+1","Dodge and Roll+1","Footwork+1"],"relics":["Ring of the Snake","Juzu Bracelet","MawBank"],"acts_visited":["Exordium"],"potions_floor_usage":[7,16,16],"damage_taken":[{"damage":0,"enemies":"Small Slimes","floor":1,"turns":4},{"damage":0,"enemies":"2 Louse","floor":3,"turns":2},{"damage":0,"enemies":"Jaw Worm","floor":5,"turns":4},{"damage":30,"enemies":"Lagavulin","floor":7,"turns":7},{"damage":0,"enemies":"2 Fungi Beasts","floor":10,"turns":3},{"damage":0,"enemies":"Exordium Thugs","floor":12,"turns":3},{"damage":7,"enemies":"Exordium Wildlife","floor":14,"turns":3},{"damage":32,"enemies":"Slime Boss","floor":16,"turns":6}],"seed_played":"-1125502687567873280","potions_obtained":[{"floor":5,"key":"GamblersBrew"},{"floor":7,"key":"GamblersBrew"},{"floor":10,"key":"AttackPotion"},{"floor":12,"key":"EssenceOfSteel"}],"is_trial":false,"path_per_floor":["M","?","M","?","M","R","E","R","T","M","R","M","R","M","R","B"],"character_chosen":"THE_SILENT","items_purchased":[],"campfire_rested":0,"item_purchase_floors":[],"current_hp_per_floor":[59,59,59,64,64,64,34,34,34,34,34,34,34,27,27,0,0],"gold":225,"neow_bonus":"REMOVE_TWO","is_daily":false,"chose_seed":false,"campfire_upgraded":5,"win_rate":0.0,"timestamp":1612860088,"path_taken":["M","?","M","?","M","R","E","R","T","M","R","M","R","M","R","BOSS"],"items_purchased_type":[],"build_version":"2020-12-22","purchased_purges":0,"victory":false,"max_hp_per_floor":[66,66,66,71,71,71,71,71,71,71,71,71,71,71,71,71,71],"card_choices":[{"not_picked":["Deadly Poison","Distraction"],"picked":"Poisoned Stab","floor":1},{"not_picked":["Underhanded Strike","Dodge and Roll"],"picked":"Sucker Punch","floor":3},{"not_picked":["Underhanded Strike","Deflect","Eviscerate"],"picked":"SKIP","floor":5},{"not_picked":["Catalyst","Endless Agony"],"picked":"Predator","floor":7},{"not_picked":["Underhanded Strike","Poisoned Stab","Reflex"],"picked":"SKIP","floor":10},{"not_picked":["Prepared","Cloak And Dagger"],"picked":"Dodge and Roll","floor":12},{"not_picked":["Infinite Blades","Riddle With Holes"],"picked":"Footwork","floor":14}],"player_experience":2242186,"relics_obtained":[{"floor":7,"key":"Juzu Bracelet"},{"floor":9,"key":"MawBank"}],"event_choices":[{"damage_healed":0,"gold_gain":0,"player_choice":"Grow","damage_taken":0,"max_hp_gain":0,"max_hp_loss":0,"event_name":"Living Wall","floor":2,"gold_loss":0,"cards_upgraded":["Poisoned Stab"]},{"damage_healed":0,"gold_gain":0,"player_choice":"Donut","damage_taken":0,"max_hp_gain":5,"max_hp_loss":0,"event_name":"Big Fish","floor":4,"gold_loss":0}],"is_beta":false,"boss_relics":[],"items_purged_floors":[],"is_endless":false,"potions_floor_spawned":[5,7,10,12],"killed_by":"Slime Boss","ascension_level":20}}