{"host":"rygl6lff02urotq6","time":1612903760,"event":{"mods":["AchievementEnabler","BaseMod","Bestiary","Better Altar","Better Match","Better Note","Better Sensory Stone","Better Skull","Better Third Choice","BetterRewards","Colored Map","Colored Powertips","Curses Come First","DeckTracker","Minty Spire (QoL Compilation)","Quick Restart","Spicy Shops","StSLib","SuperFastMode","The Bug Knight","Transform Curses"],"gold_per_floor":[109,123,136,136,136,171,140,140,163,163,139,139,159,184,184,184,184],"floor_reached":16,"language":"ENG","playtime":1050,"items_purged":[],"score":150,"play_id":"8d31b8b5-7496-4fa3-ac5a-4d657cdef1d9","local_time":"20210209154920","is_ascension_mode":false,"campfire_choices":[{"floor":10,"key":"REST"},{"floor":12,"key":"REST"},{"floor":15,"key":"REST"}],"circlet_count":0,"master_deck":["HollowMod:NailStrikeStart","HollowMod:NailStrikeStart","HollowMod:NailStrikeStart","HollowMod:NailStrikeStart","HollowMod:QuickDashStart","HollowMod:QuickDashStart","HollowMod:QuickDashStart","HollowMod:QuickDashStart","HollowMod:FocusHealStart","HollowMod:PogoStrike","HollowMod:SoulEater","HollowMod:PureNailStrike","HollowMod:SoulStrike","Dramatic Entrance","HollowMod:GoodIntentions","HollowMod:HowlingWraiths","HollowMod:VengefulSpirit","HollowMod:HowlingWraiths"],"relics":["HollowMod:VesselMask","Matryoshka","InkBottle","HollowMod:KingsBrand","HollowMod:LifeEnderRelic","Mummified Hand","Lantern","CeramicFish","betterThird:SlimedRelic"],"acts_visited":["Exordium"],"potions_floor_usage":[3],"damage_taken":[{"damage":2,"enemies":"2 Louse","floor":1,"turns":2},{"damage":0,"enemies":"Small Slimes","floor":2,"turns":3},{"damage":3,"enemies":"Jaw Worm","floor":3,"turns":3},{"damage":62,"enemies":"Lagavulin","floor":6,"turns":7},{"damage":0,"enemies":"2 Fungi Beasts","floor":13,"turns":2},{"damage":2,"enemies":"Blue Slaver","floor":14,"turns":3},{"damage":78,"enemies":"Hexaghost","floor":16,"turns":18}],"seed_played":"7694641186106038968","potions_obtained":[{"floor":1,"key":"SpeedPotion"},{"floor":2,"key":"Weak Potion"},{"floor":13,"key":"SteroidPotion"}],"is_trial":false,"path_per_floor":["M","M","M","?","?","E","$","T","T","R","?","R","M","M","R","B"],"character_chosen":"THE_BUGKNIGHT","items_purchased":["Matryoshka","HollowMod:HowlingWraiths"],"campfire_rested":3,"item_purchase_floors":[0,7],"current_hp_per_floor":[65,65,62,59,59,7,7,7,7,29,18,40,40,44,66,0,0],"gold":184,"neow_bonus":"","is_daily":false,"chose_seed":false,"campfire_upgraded":0,"win_rate":0.0,"timestamp":1612903760,"path_taken":["M","M","M","?","?","E","$","?","T","R","?","R","?","M","R","BOSS"],"items_purchased_type":["Relic","Card"],"build_version":"2020-12-22","purchased_purges":0,"victory":false,"max_hp_per_floor":[75,75,75,75,75,75,75,75,75,75,75,75,75,75,75,75,75],"card_choices":[{"not_picked":["HollowMod:SoulStrike","HollowMod:LifebloodCocoon"],"picked":"HollowMod:SoulEater","floor":1},{"not_picked":["HollowMod:DashSlash","HollowMod:NewLittleFool"],"picked":"HollowMod:PureNailStrike","floor":2},{"not_picked":["HollowMod:InfectedAttack","HollowMod:DescendingDark"],"picked":"HollowMod:SoulStrike","floor":3},{"not_picked":["Good Instincts","Jack Of All Trades"],"picked":"Dramatic Entrance","floor":5},{"not_picked":["HollowMod:theNailsmith","HollowMod:ShapeofUnn"],"picked":"HollowMod:GoodIntentions","floor":6},{"not_picked":["HollowMod:MonarchWings","HollowMod:CornifersMapStart"],"picked":"HollowMod:VengefulSpirit","floor":13},{"not_picked":["HollowMod:WraithStrike","HollowMod:InfectedAttack"],"picked":"HollowMod:HowlingWraiths","floor":14}],"player_experience":330519,"relics_obtained":[{"floor":6,"key":"HollowMod:KingsBrand"},{"floor":8,"key":"HollowMod:LifeEnderRelic"},{"floor":8,"key":"Mummified Hand"},{"floor":9,"key":"Lantern"},{"floor":9,"key":"CeramicFish"}],"event_choices":[{"damage_healed":0,"gold_gain":0,"player_choice":"Relic ","damage_taken":3,"max_hp_gain":0,"max_hp_loss":0,"event_name":"betterThird:BetterScrap","floor":4,"gold_loss":0,"cards_obtained":["Collect"]},{"damage_healed":0,"gold_gain":1,"player_choice":"1","damage_taken":0,"max_hp_gain":0,"max_hp_loss":0,"event_name":"betterStone:BetterStone","floor":5,"gold_loss":0},{"damage_healed":0,"gold_gain":0,"player_choice":"Slimed","damage_taken":11,"max_hp_gain":0,"max_hp_loss":0,"event_name":"betterThird:BetterGoop","floor":11,"gold_loss":24}],"is_beta":false,"boss_relics":[],"items_purged_floors":[],"is_endless":false,"potions_floor_spawned":[1,2,13],"killed_by":"Hexaghost","ascension_level":0}}