{"host":"prxrhpgaxnj4om9r","time":1612875444,"event":{"mods":["AchievementEnabler","BaseMod","DeckTracker","Keyboard Shortcuts","Minty Spire (QoL Compilation)"],"gold_per_floor":[112,112,112,112,37,37,78,103,152,168,11,11,24,24,24,148,148,172,247,263,58,58,91,91,91,91,109,208,10,30,46,46,176,176,196,221,246,2,22,22,0,0,0,19,34,34,50,12,12,12,12],"floor_reached":50,"language":"KOR","playtime":2291,"items_purged":["Regret"],"score":487,"play_id":"fba686ed-2def-4d1f-91a7-664a9da8e2f0","local_time":"20210209215724","is_ascension_mode":false,"campfire_choices":[{"data":"Zap","floor":6,"key":"SMITH"},{"floor":12,"key":"REST"},{"data":"Defragment","floor":15,"key":"SMITH"},{"floor":24,"key":"REST"},{"floor":32,"key":"REST"},{"floor":40,"key":"REST"},{"floor":46,"key":"REST"},{"floor":49,"key":"REST"}],"circlet_count":0,"master_deck":["Strike_B+1","Strike_B+1","Defend_B","Defend_B","Zap+1","Dualcast","Defragment+1","Beam Cell+1","All For One","Core Surge","Machine Learning+1","Reinforced Body+1","Genetic Algorithm+1","Hologram","Lockon+1","Go for the Eyes","Scrape","Beam Cell+1","Gash+1","Conserve Battery","Barrage","Redo+1","Creative AI+1","Chill","Sweeping Beam+1","Beam Cell+1","Barrage+1","Undo+1","Skim+1","Rebound+1","Static Discharge+1"],"relics":["Cracked Core","NeowsBlessing","Juzu Bracelet","Golden Idol","Singing Bowl","Oddly Smooth Stone","Runic Capacitor","Astrolabe","Vajra","Whetstone","Frozen Egg 2","Mercury Hourglass","PreservedInsect","Philosopher\u0027s Stone","Gremlin Horn","Red Mask","Omamori","Shuriken"],"acts_visited":["Exordium","TheCity","TheBeyond"],"potions_floor_usage":[13,20,30,33,39,50],"damage_taken":[{"damage":0,"enemies":"Small Slimes","floor":1,"turns":1},{"damage":0,"enemies":"Gremlin Nob","floor":7,"turns":1},{"damage":0,"enemies":"2 Louse","floor":8,"turns":1},{"damage":5,"enemies":"Jaw Worm","floor":10,"turns":3},{"damage":12,"enemies":"Exordium Thugs","floor":13,"turns":3},{"damage":32,"enemies":"Hexaghost","floor":16,"turns":9},{"damage":18,"enemies":"Shell Parasite","floor":18,"turns":4},{"damage":14,"enemies":"Spheric Guardian","floor":20,"turns":4},{"damage":33,"enemies":"Gremlin Leader","floor":23,"turns":6},{"damage":4,"enemies":"Snake Plant","floor":27,"turns":3},{"damage":12,"enemies":"Centurion and Healer","floor":30,"turns":4},{"damage":9,"enemies":"3 Cultists","floor":31,"turns":4},{"damage":34,"enemies":"Automaton","floor":33,"turns":8},{"damage":31,"enemies":"3 Darklings","floor":35,"turns":5},{"damage":0,"enemies":"3 Shapes","floor":36,"turns":4},{"damage":12,"enemies":"Writhing Mass","floor":37,"turns":6},{"damage":0,"enemies":"Spire Growth","floor":39,"turns":4},{"damage":24,"enemies":"Jaw Worm Horde","floor":44,"turns":3},{"damage":0,"enemies":"Transient","floor":45,"turns":5},{"damage":2,"enemies":"Sphere and 2 Shapes","floor":47,"turns":3},{"damage":85,"enemies":"Time Eater","floor":50,"turns":4}],"seed_played":"5469786221010918719","potions_obtained":[{"floor":1,"key":"FairyPotion"},{"floor":8,"key":"DistilledChaos"},{"floor":18,"key":"Regen Potion"},{"floor":27,"key":"LiquidBronze"},{"floor":30,"key":"SkillPotion"},{"floor":36,"key":"LiquidBronze"},{"floor":44,"key":"FocusPotion"}],"is_trial":false,"path_per_floor":["M","?","?","?","$","R","E","M","T","M","$","R","M","?","R","B",null,"M","?","M","$","?","E","R","T","T","M","?","$","M","M","R","B",null,"M","M","M","$","M","R","?","T","T","M","M","R","M","$","R","B"],"character_chosen":"DEFECT","items_purchased":["Runic Capacitor","Vajra","Go for the Eyes","PreservedInsect","Barrage","Gremlin Horn","Static Discharge+1"],"campfire_rested":6,"item_purchase_floors":[11,21,21,29,29,38,48],"current_hp_per_floor":[75,75,57,42,42,42,42,42,42,37,37,59,49,49,49,17,77,59,52,43,43,43,10,33,33,33,29,29,29,17,10,33,23,79,48,48,36,36,36,59,59,59,59,35,35,58,56,56,79,0,0],"gold":12,"neow_bonus":"THREE_ENEMY_KILL","is_daily":false,"chose_seed":false,"campfire_upgraded":2,"win_rate":0.0,"timestamp":1612875444,"path_taken":["M","?","?","?","$","R","E","M","T","M","?","R","M","?","R","BOSS","M","?","M","?","?","E","R","?","T","M","?","$","M","M","R","BOSS","M","M","M","$","M","R","?","?","T","M","M","R","M","$","R","BOSS"],"items_purchased_type":["Relic","Relic","Card","Relic","Card","Relic","Card"],"build_version":"2020-12-22","purchased_purges":1,"victory":false,"max_hp_per_floor":[75,75,75,75,75,75,75,75,75,75,75,75,77,77,77,77,77,77,77,77,77,77,77,77,77,77,77,77,77,77,79,79,79,79,79,79,79,79,79,79,79,79,79,79,79,79,79,79,79,79,79],"card_choices":[{"not_picked":["Coolheaded","BootSequence"],"picked":"Defragment","floor":1},{"not_picked":["Cold Snap","Compile Driver"],"picked":"Beam Cell","floor":7},{"not_picked":["Capacitor","Coolheaded"],"picked":"Redo","floor":8},{"not_picked":["Recycle","Cold Snap"],"picked":"All For One","floor":10},{"not_picked":["Fusion","Ball Lightning","Coolheaded"],"picked":"Singing Bowl","floor":13},{"not_picked":["Fission","Thunder Strike"],"picked":"Core Surge","floor":16},{"not_picked":["Aggregate","Conserve Battery"],"picked":"Hologram","floor":18},{"not_picked":["Loop","Leap"],"picked":"Lockon+1","floor":20},{"not_picked":["Streamline","Beam Cell+1"],"picked":"Gash+1","floor":23},{"not_picked":["Hologram","Tempest"],"picked":"Conserve Battery","floor":27},{"not_picked":["Double Energy","Ball Lightning"],"picked":"Redo+1","floor":30},{"not_picked":["Hologram","Conserve Battery","Barrage"],"picked":"Singing Bowl","floor":31},{"not_picked":["Amplify","All For One"],"picked":"Creative AI+1","floor":33},{"not_picked":["Streamline","Sweeping Beam+1"],"picked":"Chill","floor":35},{"not_picked":["Lockon+1","Chill+1"],"picked":"Sweeping Beam+1","floor":36},{"not_picked":["Chaos+1","Coolheaded+1"],"picked":"Beam Cell+1","floor":37},{"not_picked":["Loop+1","Turbo"],"picked":"Barrage+1","floor":39},{"not_picked":["All For One","Steam"],"picked":"Undo+1","floor":44},{"not_picked":["Loop+1","Coolheaded+1"],"picked":"Skim+1","floor":45},{"not_picked":["Redo","Streamline"],"picked":"Rebound+1","floor":47}],"player_experience":339602,"relics_obtained":[{"floor":7,"key":"Singing Bowl"},{"floor":9,"key":"Oddly Smooth Stone"},{"floor":23,"key":"Whetstone"},{"floor":25,"key":"Frozen Egg 2"},{"floor":26,"key":"Mercury Hourglass"},{"floor":42,"key":"Omamori"},{"floor":43,"key":"Shuriken"}],"event_choices":[{"damage_healed":0,"gold_gain":0,"player_choice":"Box","damage_taken":0,"relics_obtained":["Juzu Bracelet"],"max_hp_gain":0,"max_hp_loss":0,"event_name":"Big Fish","floor":2,"gold_loss":0,"cards_obtained":["Regret"]},{"damage_healed":0,"gold_gain":0,"player_choice":"Take Damage","damage_taken":18,"relics_obtained":["Golden Idol"],"max_hp_gain":0,"max_hp_loss":0,"event_name":"Golden Idol","floor":3,"gold_loss":0},{"damage_healed":0,"gold_gain":0,"player_choice":"Entered Light","damage_taken":15,"max_hp_gain":0,"max_hp_loss":0,"event_name":"Shining Light","floor":4,"gold_loss":0,"cards_upgraded":["Strike_B","Strike_B"]},{"damage_healed":0,"gold_gain":0,"player_choice":"Ignored","damage_taken":0,"max_hp_gain":0,"max_hp_loss":0,"event_name":"Liars Game","floor":14,"gold_loss":0},{"damage_healed":0,"gold_gain":75,"player_choice":"Touch","damage_taken":7,"max_hp_gain":0,"max_hp_loss":0,"event_name":"FaceTrader","floor":19,"gold_loss":0},{"damage_healed":0,"gold_gain":0,"cards_transformed":["Defend_B","Redo"],"player_choice":"Became Test Subject","damage_taken":0,"max_hp_gain":0,"max_hp_loss":0,"event_name":"Drug Dealer","floor":22,"gold_loss":0,"cards_obtained":["Scrape","Beam Cell"]},{"damage_healed":0,"gold_gain":99,"player_choice":"Stole From Cult","damage_taken":0,"max_hp_gain":0,"max_hp_loss":0,"event_name":"Nest","floor":28,"gold_loss":0},{"damage_healed":0,"gold_gain":0,"player_choice":"Paid","damage_taken":0,"relics_obtained":["Red Mask"],"max_hp_gain":0,"max_hp_loss":0,"event_name":"Tomb of Lord Red Mask","floor":41,"gold_loss":22}],"is_beta":false,"boss_relics":[{"not_picked":["SlaversCollar","Busted Crown"],"picked":"Astrolabe"},{"not_picked":["Runic Dome","Empty Cage"],"picked":"Philosopher\u0027s Stone"}],"items_purged_floors":[5],"is_endless":false,"potions_floor_spawned":[1,8,18,27,30,36,44],"killed_by":"Time Eater","ascension_level":0}}