{"host":"za51qju8r56bcr85","time":1612874939,"event":{"mods":["Act Like it!","BaseMod","Block Reminder","Conspire","Googly Eyes","Minty Spire (QoL Compilation)","Quick Restart","Relic Sorter","Relic Stats","Shop Mod","StSLib","SuperFastMode"],"gold_per_floor":[117,117,131,145,45,73,73,83,134,134,166,79,79,107,107,184,184,195,195,195,212,212,212,231,258,258,270,300,300,338,167,167,240,240,259,284,29,54,63,94,105,136,136,165,165,174,188,198,198,198,198,198,198,121,150,150],"floor_reached":57,"language":"ZHS","playtime":1761,"items_purged":["conspire:Purge"],"score":3146,"play_id":"7791b443-f8b4-4a96-9179-70ea146cd4f7","local_time":"20210209204859","is_ascension_mode":true,"campfire_choices":[{"data":"Armaments","floor":7.0,"key":"SMITH"},{"data":"Evolve","floor":10.0,"key":"SMITH"},{"data":"Second Wind","floor":15.0,"key":"SMITH"},{"floor":23.0,"key":"REST"},{"data":"Limit Break","floor":29.0,"key":"SMITH"},{"data":"Offering","floor":32.0,"key":"SMITH"},{"data":"Shockwave","floor":45.0,"key":"SMITH"},{"floor":49.0,"key":"RECALL"},{"data":"Burning Pact","floor":53.0,"key":"SMITH"}],"circlet_count":0,"master_deck":["AscendersBane","Second Wind+1","Offering+1","Ghostly","Armaments+1","Evolve+1","Feel No Pain","Limit Break+1","Impervious","J.A.X.","Blood for Blood+1","Burning Pact+1","Battle Trance","Shockwave+1","Sword Boomerang+1","conspire:Banana","Flash of Steel+1"],"relics":["Burning Blood","Frozen Eye","Orichalcum","conspire:DecoderRing","CaptainsWheel","Mummified Hand","Regal Pillow","Philosopher\u0027s Stone","Nloth\u0027s Gift","conspire:TreasureMap","CeramicFish","conspire:BottledYoYo","Molten Egg 2","MealTicket","Anchor","SacredBark","Membership Card","Centennial Puzzle","Art of War","Whetstone","PreservedInsect","Pocketwatch"],"acts_visited":["Exordium","TheCity","TheBeyond","TheEnding"],"potions_floor_usage":[56],"damage_taken":[{"damage":21.0,"enemies":"Small Slimes","floor":1.0,"turns":5.0},{"damage":9.0,"enemies":"Jaw Worm","floor":3.0,"turns":2.0},{"damage":6.0,"enemies":"2 Louse","floor":4.0,"turns":4.0},{"damage":9.0,"enemies":"3 Sentries","floor":6.0,"turns":3.0},{"damage":12.0,"enemies":"Lots of Slimes","floor":8.0,"turns":8.0},{"damage":11.0,"enemies":"Gremlin Nob","floor":11.0,"turns":4.0},{"damage":5.0,"enemies":"Lagavulin","floor":14.0,"turns":1.0},{"damage":22.0,"enemies":"Hexaghost","floor":16.0,"turns":9.0},{"damage":26.0,"enemies":"Shell Parasite","floor":18.0,"turns":5.0},{"damage":5.0,"enemies":"Chosen","floor":21.0,"turns":5.0},{"damage":14.0,"enemies":"conspire:HollyBat","floor":24.0,"turns":4.0},{"damage":20.0,"enemies":"Book of Stabbing","floor":25.0,"turns":4.0},{"damage":9.0,"enemies":"Snake Plant","floor":27.0,"turns":4.0},{"damage":12.0,"enemies":"Gremlin Leader","floor":28.0,"turns":4.0},{"damage":12.0,"enemies":"conspire:MimicChest","floor":30.0,"turns":5.0},{"damage":26.0,"enemies":"conspire:MysteriousRune","floor":33.0,"turns":5.0},{"damage":0.0,"enemies":"3 Darklings","floor":35.0,"turns":1.0},{"damage":0.0,"enemies":"Orb Walker","floor":36.0,"turns":1.0},{"damage":3.0,"enemies":"3 Darklings","floor":38.0,"turns":4.0},{"damage":17.0,"enemies":"Nemesis","floor":40.0,"turns":3.0},{"damage":0.0,"enemies":"Writhing Mass","floor":41.0,"turns":1.0},{"damage":0.0,"enemies":"Reptomancer","floor":42.0,"turns":1.0},{"damage":0.0,"enemies":"Giant Head","floor":44.0,"turns":2.0},{"damage":9.0,"enemies":"Maw","floor":47.0,"turns":4.0},{"damage":17.0,"enemies":"Spire Growth","floor":48.0,"turns":3.0},{"damage":20.0,"enemies":"Awakened One","floor":50.0,"turns":6.0},{"damage":10.0,"enemies":"conspire:OrnateMirror","floor":51.0,"turns":4.0},{"damage":20,"enemies":"Shield and Spear","floor":55,"turns":3},{"damage":39,"enemies":"The Heart","floor":56,"turns":6}],"seed_played":"-7262611726798286641","potions_obtained":[{"floor":4.0,"key":"Energy Potion"},{"floor":8.0,"key":"DistilledChaos"},{"floor":14.0,"key":"AttackPotion"},{"floor":16.0,"key":"ElixirPotion"},{"floor":25.0,"key":"Fruit Juice"},{"floor":27.0,"key":"SteroidPotion"},{"floor":30.0,"key":"FearPotion"},{"floor":36.0,"key":"DistilledChaos"}],"is_trial":false,"path_per_floor":["M","?","M","M","?","E","R","M","T","R","E","$","?","E","R","B",null,"M","?","?","M","?","R","M","E","T","M","E","R","?","$","R","B",null,"M","M","$","M","?","E","M","E","T","E","R","?","M","M","R","B","B",null,"R","$","E","B",null],"character_chosen":"IRONCLAD","items_purchased":["Feel No Pain","Anchor","Membership Card","Centennial Puzzle","Flash of Steel+1"],"campfire_rested":1,"item_purchase_floors":[12,31,37,37,54],"current_hp_per_floor":[53,53,50,50,50,47,47,41,41,41,36,36,32,33,33,17,55,35,35,35,36,36,68,60,46,46,48,42,42,36,51,51,31,63,69,73,73,73,63,53,59,65,65,83,83,86,85,76,76,64,61,85,85,93,79,47],"gold":150,"neow_bonus":"THREE_RARE_CARDS","is_daily":false,"chose_seed":false,"campfire_upgraded":7,"win_rate":0.0,"timestamp":1612874939,"path_taken":["M","?","M","M","?","E","R","M","T","R","E","$","?","E","R","BOSS","M","?","?","?","?","R","?","E","T","M","E","R","?","$","R","BOSS","M","?","$","M","?","E","M","E","T","E","R","?","M","M","R","BOSS","BOSS","R","$","E","BOSS"],"items_purchased_type":["Card","Relic","Relic","Relic","Card"],"build_version":"2020-12-22","purchased_purges":1,"victory":true,"max_hp_per_floor":[68,68,68,68,68,68,68,68,68,68,68,68,68,68,68,68,68,68,68,68,68,68,68,68,68,68,73,73,73,73,73,73,73,73,73,73,73,73,73,74,74,74,74,86,86,86,88,90,90,92,93,93,93,93,93,94],"relic_stats":{"Regal Pillow":12,"counters":[29,110],"CeramicFish":63,"PreservedInsect":77,"Whetstone":["Carnage"],"Orichalcum":[114],"Burning Blood":169,"Centennial Puzzle":[24],"Mummified Hand":[47],"MealTicket":23,"Nloth\u0027s Gift":4,"Art of War":[7],"obtain_stats":[{"conspire:TreasureMap":1,"Regal Pillow":14,"CeramicFish":25,"SacredBark":34,"PreservedInsect":44,"Whetstone":42,"Orichalcum":2,"Burning Blood":0,"Frozen Eye":1,"CaptainsWheel":9,"Anchor":31,"Centennial Puzzle":37,"Mummified Hand":11,"conspire:DecoderRing":6,"Philosopher\u0027s Stone":17,"Molten Egg 2":28,"MealTicket":30,"Nloth\u0027s Gift":20,"conspire:BottledYoYo":26,"Art of War":40,"Membership Card":37,"Pocketwatch":55},{"conspire:TreasureMap":1,"Regal Pillow":7,"CeramicFish":12,"SacredBark":16,"PreservedInsect":23,"Whetstone":22,"Orichalcum":1,"Burning Blood":0,"Frozen Eye":1,"CaptainsWheel":5,"Anchor":15,"Centennial Puzzle":18,"Mummified Hand":6,"conspire:DecoderRing":4,"Philosopher\u0027s Stone":8,"Molten Egg 2":14,"MealTicket":15,"Nloth\u0027s Gift":9,"conspire:BottledYoYo":12,"Art of War":20,"Membership Card":18,"Pocketwatch":28},{"conspire:TreasureMap":1,"Regal Pillow":27,"CeramicFish":54,"SacredBark":72,"PreservedInsect":84,"Whetstone":83,"Orichalcum":5,"Burning Blood":0,"Frozen Eye":1,"CaptainsWheel":22,"Anchor":67,"Centennial Puzzle":74,"Mummified Hand":26,"conspire:DecoderRing":14,"Philosopher\u0027s Stone":36,"Molten Egg 2":62,"MealTicket":67,"Nloth\u0027s Gift":41,"conspire:BottledYoYo":54,"Art of War":81,"Membership Card":74,"Pocketwatch":104}],"Pocketwatch":[0]},"card_choices":[{"not_picked":["Barricade","Bludgeon"],"picked":"conspire:Purge","floor":0.0},{"not_picked":["True Grit","Havoc","Clash"],"picked":"SKIP","floor":1.0},{"not_picked":["Cleave","Clothesline"],"picked":"Second Wind","floor":3.0},{"not_picked":["Spot Weakness","Flame Barrier"],"picked":"Offering","floor":4.0},{"not_picked":["Second Wind","Wild Strike"],"picked":"Armaments","floor":6.0},{"not_picked":["Havoc","Pommel Strike"],"picked":"Evolve","floor":8.0},{"not_picked":["Sword Boomerang","conspire:ExplosiveBarrier"],"picked":"Carnage","floor":11.0},{"not_picked":["Sentinel","Shrug It Off"],"picked":"Limit Break","floor":14.0},{"not_picked":["Corruption","Brutality"],"picked":"Impervious","floor":16.0},{"not_picked":["Searing Blow+1","Burning Pact"],"picked":"Anger","floor":18.0},{"not_picked":["Fire Breathing+1","Iron Wave","Cleave"],"picked":"SKIP","floor":21.0},{"not_picked":["Headbutt","Entrench"],"picked":"Blood for Blood+1","floor":24.0},{"not_picked":["Rampage","Dark Embrace","Blood for Blood"],"picked":"SKIP","floor":25.0},{"not_picked":["Havoc","conspire:ExplosiveBarrier+1","Clash"],"picked":"SKIP","floor":27.0},{"not_picked":["Rupture","Thunderclap+1","Juggernaut"],"picked":"SKIP","floor":28.0},{"not_picked":["Clothesline+1","Immolate+1"],"picked":"Burning Pact","floor":30.0},{"not_picked":["Seeing Red+1","Twin Strike+1"],"picked":"Battle Trance","floor":35.0},{"not_picked":["Heavy Blade+1","Fire Breathing"],"picked":"Shockwave","floor":36.0},{"not_picked":["Metallicize","Flex"],"picked":"Sword Boomerang+1","floor":38.0},{"not_picked":["Madness","Bandage Up"],"picked":"conspire:Banana","floor":39.0},{"not_picked":["Dropkick+1","Pummel+1","Seeing Red"],"picked":"SKIP","floor":40.0},{"not_picked":["Dropkick+1","Pummel+1","Seeing Red"],"picked":"SKIP","floor":40.0},{"not_picked":["Flex+1","Shockwave","Carnage+1"],"picked":"SKIP","floor":41.0},{"not_picked":["Metallicize","Flex","Uppercut+1"],"picked":"SKIP","floor":42.0},{"not_picked":["Anger+1","Burning Pact","Immolate+1"],"picked":"SKIP","floor":44.0},{"not_picked":["Metallicize","Twin Strike+1","Flex"],"picked":"SKIP","floor":47.0},{"not_picked":["Metallicize","Twin Strike+1","Flex"],"picked":"SKIP","floor":47.0},{"not_picked":["True Grit","Clash+1","Clothesline+1"],"picked":"SKIP","floor":48.0},{"not_picked":["Impervious","Carnage+1","Second Wind"],"picked":"SKIP","floor":55}],"player_experience":1363188,"relics_obtained":[{"floor":6.0,"key":"conspire:DecoderRing"},{"floor":9.0,"key":"CaptainsWheel"},{"floor":11.0,"key":"Mummified Hand"},{"floor":14.0,"key":"Regal Pillow"},{"floor":25.0,"key":"CeramicFish"},{"floor":26.0,"key":"conspire:BottledYoYo"},{"floor":28.0,"key":"Molten Egg 2"},{"floor":30.0,"key":"MealTicket"},{"floor":40.0,"key":"Art of War"},{"floor":42.0,"key":"Whetstone"},{"floor":44.0,"key":"PreservedInsect"},{"floor":55,"key":"Pocketwatch"}],"event_choices":[{"damage_healed":0.0,"max_hp_gain":0.0,"max_hp_loss":0.0,"gold_gain":0.0,"event_name":"Big Fish","player_choice":"Box","floor":2.0,"gold_loss":0.0,"damage_taken":0.0,"relics_obtained":["Orichalcum"],"cards_obtained":["Regret"]},{"damage_healed":0.0,"max_hp_gain":0.0,"max_hp_loss":0.0,"gold_gain":0.0,"event_name":"conspire:LoneGhost","player_choice":"Argue","floor":5.0,"gold_loss":0.0,"damage_taken":0.0},{"damage_healed":0.0,"max_hp_gain":0.0,"max_hp_loss":0.0,"gold_gain":0.0,"event_name":"conspire:Investor","player_choice":"Leave","floor":13.0,"gold_loss":0.0,"damage_taken":0.0},{"damage_healed":0.0,"max_hp_gain":0.0,"max_hp_loss":0.0,"gold_gain":0.0,"event_name":"Drug Dealer","player_choice":"Obtain J.A.X.","floor":19.0,"gold_loss":0.0,"damage_taken":0.0,"cards_obtained":["J.A.X."]},{"damage_healed":0.0,"max_hp_gain":0.0,"max_hp_loss":0.0,"gold_gain":0.0,"event_name":"N\u0027loth","player_choice":"Traded Relic","floor":20.0,"relics_lost":["conspire:TreasureMap"],"gold_loss":0.0,"damage_taken":0.0,"relics_obtained":["Nloth\u0027s Gift"]},{"damage_healed":0.0,"max_hp_gain":0.0,"max_hp_loss":0.0,"gold_gain":0.0,"event_name":"Match and Keep!","player_choice":"0 cards matched","floor":22.0,"gold_loss":0.0,"damage_taken":0.0,"cards_obtained":[]},{"damage_healed":0.0,"max_hp_gain":0.0,"max_hp_loss":0.0,"gold_gain":0.0,"event_name":"SensoryStone","player_choice":"Memory 3","floor":39.0,"gold_loss":0.0,"damage_taken":10.0},{"damage_healed":17.0,"max_hp_gain":0.0,"max_hp_loss":0.0,"gold_gain":0.0,"event_name":"Winding Halls","player_choice":"Writhe","floor":46.0,"gold_loss":0.0,"damage_taken":0.0,"cards_obtained":["Writhe"]}],"is_beta":false,"boss_relics":[{"not_picked":["Mark of Pain","Ectoplasm"],"picked":"Philosopher\u0027s Stone"},{"not_picked":["Fusion Hammer","conspire:RunicOctahedron"],"picked":"SacredBark"}],"items_purged_floors":[54],"is_endless":false,"potions_floor_spawned":[4,8,14,16,25,27,30,36,42,48],"ascension_level":20}}