{"host":"c52z9ixzgdjttcmx","time":1612833772,"event":{"mods":["BaseMod","Colored Powertips","Downfall","Filter the Spire","Minty Spire (QoL Compilation)","Rare Cards Sparkle","Relic Stats","StSLib"],"gold_per_floor":[115,390,403,421,436,436,462,475,475,440,408,583,583,616,616,718,718,731,747,767,118,118,118,152,152,199,199,229,229,242,258,258,358,358,373,387,387,437,453,479,479,418,444,454,473,473,498,518,518,518],"floor_reached":51,"language":"ENG","playtime":2874,"items_purged":["Regret"],"score":811,"play_id":"8e2db510-8b8a-4677-b97c-b492ffd54eea","local_time":"20210208192252","is_ascension_mode":false,"campfire_choices":[{"data":"Noxious Fumes","floor":6,"key":"SMITH"},{"data":"Noxious Fumes","floor":15,"key":"SMITH"},{"data":"Terror","floor":23,"key":"SMITH"},{"data":"Survivor","floor":25,"key":"SMITH"},{"floor":32,"key":"REST"},{"floor":41,"key":"REST"},{"floor":46,"key":"REST"},{"floor":49,"key":"REST"}],"circlet_count":0,"master_deck":["Strike_G","Strike_G","Strike_G","Strike_G","Strike_G","Defend_G","Defend_G","Defend_G+1","Defend_G","Defend_G","Survivor+1","Neutralize+1","Poisoned Stab","Noxious Fumes+1","Dash","Poisoned Stab","Noxious Fumes+1","Cloak And Dagger+1","Terror+1","Doubt","Dagger Throw","Corpse Explosion","Footwork+1","PiercingWail","Reflex+1","Noxious Fumes","Adrenaline","Reflex+1","downfall:Bewildered","Deflect","Eviscerate","After Image","Blur","After Image","Cloak And Dagger+1","Crippling Poison","Madness","Madness","Concentrate+1","Deflect+1","Infinite Blades+1","Leg Sweep+1","Injury","Crippling Poison+1","Catalyst","Choke+1","Well Laid Plans"],"relics":["Ring of the Snake","Toy Ornithopter","Pantograph","War Paint","Cursed Key","TwistedFunnel","Bottled Tornado","Calipers","Dream Catcher","Enchiridion","Art of War","Fusion Hammer","Ice Cream","Kunai","Paper Crane","Vajra","Pen Nib"],"acts_visited":["Exordium","TheCity","TheBeyond"],"potions_floor_usage":[16,22,22,22,28,31,45,45,45,48],"damage_taken":[{"damage":2,"enemies":"2 Louse","floor":1,"turns":4},{"damage":0,"enemies":"Cultist","floor":3,"turns":4},{"damage":4,"enemies":"Small Slimes","floor":4,"turns":3},{"damage":3,"enemies":"2 Fungi Beasts","floor":5,"turns":4},{"damage":20,"enemies":"3 Sentries","floor":7,"turns":7},{"damage":4,"enemies":"Blue Slaver","floor":8,"turns":4},{"damage":15,"enemies":"Exordium Thugs","floor":11,"turns":5},{"damage":13,"enemies":"Lagavulin","floor":14,"turns":5},{"damage":29,"enemies":"Hexaghost","floor":16,"turns":7},{"damage":28,"enemies":"2 Thieves","floor":18,"turns":3},{"damage":3,"enemies":"Shell Parasite","floor":19,"turns":5},{"damage":5,"enemies":"Snecko","floor":20,"turns":5},{"damage":0,"enemies":"Snake Plant","floor":22,"turns":1},{"damage":10,"enemies":"Gremlin Leader","floor":24,"turns":7},{"damage":15,"enemies":"Slavers","floor":28,"turns":2},{"damage":0,"enemies":"Cultist and Chosen","floor":30,"turns":5},{"damage":0,"enemies":"Snecko","floor":31,"turns":5},{"damage":38,"enemies":"Automaton","floor":33,"turns":11},{"damage":3,"enemies":"3 Shapes","floor":35,"turns":6},{"damage":0,"enemies":"3 Darklings","floor":36,"turns":5},{"damage":5,"enemies":"Mind Bloom Boss Battle","floor":38,"turns":6},{"damage":0,"enemies":"Sphere and 2 Shapes","floor":39,"turns":5},{"damage":60,"enemies":"Giant Head","floor":40,"turns":9},{"damage":8,"enemies":"4 Shapes","floor":44,"turns":3},{"damage":29,"enemies":"Jaw Worm Horde","floor":45,"turns":4},{"damage":0,"enemies":"Reptomancer","floor":47,"turns":9},{"damage":1,"enemies":"Maw","floor":48,"turns":6},{"damage":62,"enemies":"Time Eater","floor":50,"turns":15}],"seed_played":"-7422018802545387593","potions_obtained":[{"floor":5,"key":"champ:CounterPotion"},{"floor":8,"key":"bronze:BurnAndBuffPotion"},{"floor":11,"key":"SmokeBomb"},{"floor":16,"key":"hexamod:SoulburnPotion"},{"floor":24,"key":"sneckomod:MuddlingPotion"},{"floor":28,"key":"AttackPotion"},{"floor":33,"key":"Energy Potion"},{"floor":36,"key":"LiquidBronze"},{"floor":44,"key":"Explosive Potion"},{"floor":47,"key":"hexamod:SoulburnPotion"}],"is_trial":false,"path_per_floor":["M","?","M","M","M","R","E","M","T","?","M","?","?","E","R","B",null,"M","M","M","$","M","R","E","R","T","?","E","?","M","M","R","B",null,"M","M","?","?","M","E","R","?","T","M","M","R","E","M","R","B",null],"character_chosen":"THE_SILENT","items_purchased":["TwistedFunnel","Bottled Tornado","Noxious Fumes","Adrenaline"],"campfire_rested":4,"item_purchase_floors":[21,21,21,21],"current_hp_per_floor":[68,68,68,64,61,61,41,37,37,54,39,39,62,49,49,41,70,42,39,34,34,49,49,39,39,39,23,13,7,7,12,33,20,70,67,67,58,65,65,5,26,26,26,18,4,25,25,29,50,8],"gold":518,"neow_bonus":"UPGRADE_CARD","is_daily":false,"chose_seed":false,"campfire_upgraded":4,"win_rate":0.0,"timestamp":1612833772,"path_taken":["M","?","M","?","M","R","E","M","T","?","M","?","?","E","R","BOSS","M","M","M","$","M","R","E","R","T","?","E","?","M","?","R","BOSS","M","M","?","?","M","E","R","?","T","?","M","R","E","M","R","BOSS"],"items_purchased_type":["Relic","Relic","Card","Card"],"build_version":"2020-12-22","purchased_purges":1,"victory":true,"max_hp_per_floor":[70,70,70,70,70,70,70,70,70,70,70,70,70,70,70,70,70,70,70,70,70,70,70,70,70,70,70,70,70,70,70,70,70,70,70,70,70,70,70,70,70,70,70,70,70,70,70,70,70,70],"relic_stats":{"Dream Catcher":4,"counters":[28,155],"Pantograph":78,"Pen Nib":[4],"Art of War":[15],"Kunai":[19],"War Paint":["Defend_G","Cloak And Dagger"],"Cursed Key":2,"obtain_stats":[{"TwistedFunnel":21,"Ice Cream":38,"Calipers":24,"Enchiridion":27,"Vajra":43,"Pen Nib":47,"War Paint":14,"Bottled Tornado":21,"Paper Crane":42,"Cursed Key":17,"Dream Catcher":26,"Pantograph":9,"Fusion Hammer":34,"Art of War":28,"Kunai":40,"Toy Ornithopter":7,"Ring of the Snake":0},{"TwistedFunnel":12,"Ice Cream":21,"Calipers":14,"Enchiridion":14,"Vajra":23,"Pen Nib":26,"War Paint":8,"Bottled Tornado":12,"Paper Crane":23,"Cursed Key":9,"Dream Catcher":14,"Pantograph":6,"Fusion Hammer":18,"Art of War":15,"Kunai":23,"Toy Ornithopter":5,"Ring of the Snake":0},{"TwistedFunnel":56,"Ice Cream":104,"Calipers":64,"Enchiridion":64,"Vajra":118,"Pen Nib":134,"War Paint":36,"Bottled Tornado":56,"Paper Crane":118,"Cursed Key":43,"Dream Catcher":64,"Pantograph":26,"Fusion Hammer":87,"Art of War":66,"Kunai":118,"Toy Ornithopter":22,"Ring of the Snake":0}],"Toy Ornithopter":45,"Ring of the Snake":[56]},"card_choices":[{"not_picked":["Outmaneuver","Flying Knee"],"picked":"Poisoned Stab","floor":1},{"not_picked":["Outmaneuver","Dagger Throw"],"picked":"Noxious Fumes","floor":3},{"not_picked":["Terror","Predator"],"picked":"Dash","floor":4},{"not_picked":["Dodge and Roll","Dagger Throw"],"picked":"Poisoned Stab","floor":5},{"not_picked":["Crippling Poison","Dagger Spray"],"picked":"Noxious Fumes","floor":7},{"not_picked":["Acrobatics","Skewer"],"picked":"Cloak And Dagger","floor":8},{"not_picked":["Outmaneuver","Skewer"],"picked":"Terror","floor":11},{"not_picked":["Terror","Phantasmal Killer"],"picked":"Dagger Throw","floor":14},{"not_picked":["Envenom","Burst"],"picked":"Corpse Explosion","floor":16},{"not_picked":["Sucker Punch","Tactician"],"picked":"Footwork+1","floor":18},{"not_picked":["Bane","Blade Dance"],"picked":"PiercingWail","floor":19},{"not_picked":["Infinite Blades+1","Backflip"],"picked":"Reflex+1","floor":20},{"not_picked":["Concentrate","Dodge and Roll"],"picked":"Reflex+1","floor":24},{"not_picked":["Finisher","Backflip"],"picked":"Deflect","floor":28},{"not_picked":["Dagger Throw","Bane"],"picked":"Eviscerate","floor":30},{"not_picked":["Infinite Blades","Skewer"],"picked":"After Image","floor":31},{"not_picked":["Reflex","Dagger Spray+1"],"picked":"Blur","floor":32},{"not_picked":["Burst","Tools of the Trade"],"picked":"After Image","floor":33},{"not_picked":["Bane+1","Setup"],"picked":"Cloak And Dagger+1","floor":35},{"not_picked":["All Out Attack+1","Dagger Throw+1"],"picked":"Crippling Poison","floor":36},{"not_picked":["Calculated Gamble","Acrobatics"],"picked":"Concentrate+1","floor":38},{"not_picked":["Dodge and Roll+1","Poisoned Stab"],"picked":"Deflect+1","floor":39},{"not_picked":["Cloak And Dagger","Predator"],"picked":"Infinite Blades+1","floor":40},{"not_picked":["Backflip","Acrobatics+1"],"picked":"Leg Sweep+1","floor":41},{"not_picked":["Deadly Poison","Dagger Throw"],"picked":"Crippling Poison+1","floor":44},{"not_picked":["Flying Knee+1","Slice+1","Deadly Poison+1"],"picked":"SKIP","floor":45},{"not_picked":["Well Laid Plans+1","Deadly Poison+1"],"picked":"Catalyst","floor":46},{"not_picked":["Flying Knee+1","Eviscerate+1"],"picked":"Choke+1","floor":47},{"not_picked":["Dagger Throw","Dagger Spray","Choke"],"picked":"SKIP","floor":48},{"not_picked":["Dagger Spray","Sucker Punch+1"],"picked":"Well Laid Plans","floor":49}],"player_experience":3602484,"relics_obtained":[{"floor":7,"key":"Toy Ornithopter"},{"floor":9,"key":"Pantograph"},{"floor":14,"key":"War Paint"},{"floor":24,"key":"Calipers"},{"floor":26,"key":"Dream Catcher"},{"floor":27,"key":"Enchiridion"},{"floor":28,"key":"Art of War"},{"floor":38,"key":"Ice Cream"},{"floor":40,"key":"Kunai"},{"floor":43,"key":"Vajra"},{"floor":47,"key":"Pen Nib"}],"event_choices":[{"damage_healed":0,"gold_gain":275,"player_choice":"Desecrate","damage_taken":0,"max_hp_gain":0,"max_hp_loss":0,"event_name":"Golden Shrine","floor":2,"gold_loss":0,"cards_obtained":["Regret"]},{"damage_healed":17,"gold_gain":0,"player_choice":"Healed","damage_taken":0,"max_hp_gain":0,"max_hp_loss":0,"event_name":"The Cleric","floor":10,"gold_loss":35},{"damage_healed":0,"gold_gain":175,"player_choice":"AGREE","damage_taken":0,"max_hp_gain":0,"max_hp_loss":0,"event_name":"Liars Game","floor":12,"gold_loss":0,"cards_obtained":["Doubt"]},{"damage_healed":23,"gold_gain":0,"player_choice":"Banana","damage_taken":0,"max_hp_gain":0,"max_hp_loss":0,"event_name":"Big Fish","floor":13,"gold_loss":0},{"damage_healed":0,"gold_gain":0,"player_choice":"Obtained Book","damage_taken":16,"max_hp_gain":0,"max_hp_loss":0,"event_name":"Cursed Tome","floor":27,"gold_loss":0},{"damage_healed":0,"gold_gain":0,"player_choice":"","damage_taken":6,"max_hp_gain":0,"max_hp_loss":0,"event_name":"Knowing Skull","floor":29,"potions_obtained":[],"gold_loss":0,"cards_obtained":[]},{"damage_healed":0,"gold_gain":0,"player_choice":"Embrace Madness","damage_taken":9,"max_hp_gain":0,"max_hp_loss":0,"event_name":"Winding Halls","floor":37,"gold_loss":0,"cards_obtained":["Madness","Madness"]},{"damage_healed":0,"gold_gain":0,"player_choice":"Fight","damage_taken":0,"max_hp_gain":0,"max_hp_loss":0,"event_name":"MindBloom","floor":38,"gold_loss":0},{"damage_healed":0,"gold_gain":0,"player_choice":"Paid Gold","damage_taken":0,"relics_obtained":["Paper Crane"],"max_hp_gain":0,"max_hp_loss":0,"event_name":"WeMeetAgain","floor":42,"gold_loss":61}],"is_beta":false,"boss_relics":[{"not_picked":["Runic Dome","SacredBark"],"picked":"Cursed Key"},{"not_picked":["Philosopher\u0027s Stone","Coffee Dripper"],"picked":"Fusion Hammer"}],"items_purged_floors":[21],"is_endless":false,"potions_floor_spawned":[5,8,11,14,16,22,24,28,33,36,44,47],"ascension_level":0}}