{"host":"rw1trt79hfpl7pom","time":1612858571,"event":{"mods":["BaseMod","Bestiary","Colored Map","Minty Spire (QoL Compilation)","Relic Stats","StSLib","SuperFastMode"],"gold_per_floor":[119,130,130,46,58,58,58,108,131,144,144,30,60,72,72,72,72],"floor_reached":16,"language":"ENG","playtime":351,"items_purged":["Strike_G"],"score":200,"play_id":"9f3ccd98-f8ce-4cb0-9596-4102aed45c31","local_time":"20210209001611","is_ascension_mode":true,"campfire_choices":[{"data":"Burst","floor":6.0,"key":"SMITH"},{"data":"Catalyst","floor":15.0,"key":"SMITH"}],"circlet_count":0,"master_deck":["AscendersBane","Strike_G","Strike_G","Strike_G","Strike_G","Defend_G","Defend_G","Defend_G","Defend_G","Defend_G","Survivor","Neutralize","Predator","Burst+1","Flechettes","Catalyst+1","Crippling Poison","Poisoned Stab","Noxious Fumes"],"relics":["Coffee Dripper","PreservedInsect","Incense Burner"],"acts_visited":["Exordium"],"potions_floor_usage":[16,16],"damage_taken":[{"damage":9.0,"enemies":"Small Slimes","floor":1.0,"turns":4.0},{"damage":0.0,"enemies":"2 Louse","floor":2.0,"turns":2.0},{"damage":1.0,"enemies":"Cultist","floor":5.0,"turns":4.0},{"damage":8.0,"enemies":"Exordium Thugs","floor":10.0,"turns":4.0},{"damage":14.0,"enemies":"Lagavulin","floor":13.0,"turns":8.0},{"damage":12.0,"enemies":"Lots of Slimes","floor":14.0,"turns":4.0},{"damage":22,"enemies":"Slime Boss","floor":16,"turns":7}],"seed_played":"-8223983161397268340","potions_obtained":[{"floor":1.0,"key":"BlessingOfTheForge"},{"floor":2.0,"key":"DuplicationPotion"},{"floor":5.0,"key":"Fruit Juice"}],"is_trial":false,"path_per_floor":["M","M","?","$","M","R","?","?","T","M","T","$","E","M","R","B"],"character_chosen":"THE_SILENT","items_purchased":["Burst","Crippling Poison"],"campfire_rested":0,"item_purchase_floors":[4,12],"current_hp_per_floor":[50,50,50,50,49,49,54,47,47,39,39,39,25,13,13,0,0],"gold":72,"neow_bonus":"BOSS_RELIC","is_daily":false,"chose_seed":false,"campfire_upgraded":2,"win_rate":0.0,"timestamp":1612858571,"path_taken":["M","M","?","$","M","R","?","?","T","?","?","$","E","M","R","BOSS"],"items_purchased_type":["Card","Card"],"build_version":"2020-12-22","purchased_purges":1,"victory":false,"max_hp_per_floor":[66,66,66,66,66,66,71,71,71,71,71,71,71,71,71,76,76],"relic_stats":{"counters":[7,33],"PreservedInsect":28,"obtain_stats":[{"PreservedInsect":9,"Coffee Dripper":0,"Incense Burner":13,"Ring of the Snake":0},{"PreservedInsect":3,"Coffee Dripper":0,"Incense Burner":5,"Ring of the Snake":0},{"PreservedInsect":10,"Coffee Dripper":0,"Incense Burner":22,"Ring of the Snake":0}]},"card_choices":[{"not_picked":["Leg Sweep","Acrobatics"],"picked":"Predator","floor":1.0},{"not_picked":["Bane","Distraction","Eviscerate"],"picked":"SKIP","floor":2.0},{"not_picked":["Slice","Underhanded Strike"],"picked":"Flechettes","floor":5.0},{"not_picked":["Prepared","Quick Slash"],"picked":"Catalyst","floor":10.0},{"not_picked":["Deflect","Prepared"],"picked":"Poisoned Stab","floor":13.0},{"not_picked":["Leg Sweep","Dash"],"picked":"Noxious Fumes","floor":14.0}],"player_experience":2656764,"relics_obtained":[{"floor":9.0,"key":"PreservedInsect"},{"floor":13.0,"key":"Incense Burner"}],"event_choices":[{"damage_healed":0.0,"max_hp_gain":0.0,"max_hp_loss":0.0,"gold_gain":0.0,"event_name":"Liars Game","player_choice":"Ignored","floor":3.0,"gold_loss":0.0,"damage_taken":0.0},{"damage_healed":0.0,"max_hp_gain":5.0,"max_hp_loss":0.0,"gold_gain":0.0,"event_name":"Big Fish","player_choice":"Donut","floor":7.0,"gold_loss":0.0,"damage_taken":0.0},{"damage_healed":0.0,"max_hp_gain":0.0,"max_hp_loss":0.0,"gold_gain":50.0,"event_name":"FaceTrader","player_choice":"Touch","floor":8.0,"gold_loss":0.0,"damage_taken":7.0}],"is_beta":false,"boss_relics":[],"items_purged_floors":[12],"is_endless":false,"potions_floor_spawned":[1,2,5],"killed_by":"Slime Boss","ascension_level":20}}