{"host":"qc8p2flj7wsy3zpg","time":1612888038,"event":{"mods":["BaseMod","Highlight Path","Minty Spire (QoL Compilation)","Monster List Patch","Relic Stats","StSLib"],"gold_per_floor":[114,114,114,131,131,162,162,162,235,248,282,282,293,308,308,383,383,399,449,10,10,20,20,52,52,97,97,125,125,125],"floor_reached":29,"language":"ENG","playtime":1643,"items_purged":["Strike_G"],"score":588,"play_id":"7d936b9e-3f4d-426a-a26a-203d40aa2c4b","local_time":"20210209102718","is_ascension_mode":true,"campfire_choices":[{"data":"Neutralize","floor":7.0,"key":"SMITH"},{"floor":12.0,"key":"REST"},{"data":"A Thousand Cuts","floor":15.0,"key":"SMITH"},{"floor":23.0,"key":"REST"},{"floor":25.0,"key":"REST"},{"data":"Corpse Explosion","floor":27.0,"key":"SMITH"}],"circlet_count":0,"master_deck":["AscendersBane","Strike_G","Strike_G+1","Strike_G","Strike_G","Defend_G","Defend_G","Defend_G","Defend_G","Defend_G","Survivor+1","Neutralize+1","Dagger Spray+1","Sucker Punch","Cloak And Dagger","Blade Dance","A Thousand Cuts+1","Acrobatics","Deflect","Corpse Explosion+1","Dagger Throw","Footwork","Infinite Blades","Storm of Steel+1"],"relics":["Ring of the Snake","NeowsBlessing","CultistMask","Tingsha","Sundial","PreservedInsect","SlaversCollar","Toxic Egg 2","Blue Candle","Anchor","Kunai"],"acts_visited":["Exordium","TheCity"],"potions_floor_usage":[],"damage_taken":[{"damage":0.0,"enemies":"Jaw Worm","floor":1.0,"turns":1.0},{"damage":0.0,"enemies":"Small Slimes","floor":4.0,"turns":1.0},{"damage":0.0,"enemies":"Lagavulin","floor":6.0,"turns":1.0},{"damage":0.0,"enemies":"Cultist","floor":10.0,"turns":3.0},{"damage":26.0,"enemies":"Gremlin Nob","floor":11.0,"turns":4.0},{"damage":0.0,"enemies":"Large Slime","floor":13.0,"turns":5.0},{"damage":0.0,"enemies":"Blue Slaver","floor":14.0,"turns":2.0},{"damage":15.0,"enemies":"The Guardian","floor":16.0,"turns":13.0},{"damage":27.0,"enemies":"2 Thieves","floor":18.0,"turns":3.0},{"damage":3.0,"enemies":"Spheric Guardian","floor":22.0,"turns":4.0},{"damage":13.0,"enemies":"Gremlin Leader","floor":24.0,"turns":4.0},{"damage":23.0,"enemies":"Book of Stabbing","floor":28.0,"turns":5.0},{"damage":28,"enemies":"Shelled Parasite and Fungi","floor":29,"turns":5}],"seed_played":"8438226528645760107","potions_obtained":[{"floor":11.0,"key":"SneckoOil"},{"floor":13.0,"key":"SteroidPotion"},{"floor":14.0,"key":"SneckoOil"},{"floor":18.0,"key":"DistilledChaos"}],"is_trial":false,"path_per_floor":["M","?","?","M","?","E","R","T","T","M","E","R","M","M","R","B",null,"M","?","$","?","M","R","E","R","T","R","E","M"],"character_chosen":"THE_SILENT","items_purchased":["Toxic Egg 2","Footwork"],"campfire_rested":3,"item_purchase_floors":[20,20],"current_hp_per_floor":[59,39,39,39,39,39,39,39,39,39,13,32,32,32,32,17,54,27,27,27,27,24,43,30,49,49,49,26,0,0],"gold":125,"neow_bonus":"THREE_ENEMY_KILL","is_daily":false,"chose_seed":false,"campfire_upgraded":3,"win_rate":0.0,"timestamp":1612888038,"path_taken":["M","?","?","?","?","E","R","?","T","M","E","R","M","M","R","BOSS","M","?","$","?","M","R","E","R","T","R","E","M"],"items_purchased_type":["Relic","Card"],"build_version":"2020-12-22","purchased_purges":1,"victory":false,"max_hp_per_floor":[66,66,66,66,66,66,66,66,66,66,66,66,66,66,66,66,66,66,66,66,66,66,66,66,66,66,66,66,66,66],"relic_stats":{"counters":[13,51],"Sundial":[6],"Blue Candle":[0],"Tingsha":[54],"PreservedInsect":89,"Kunai":[1],"obtain_stats":[{"SlaversCollar":17,"Anchor":26,"NeowsBlessing":0,"Sundial":9,"Blue Candle":24,"Tingsha":6,"CultistMask":3,"PreservedInsect":11,"Kunai":28,"Toxic Egg 2":20,"Ring of the Snake":0},{"SlaversCollar":8,"Anchor":11,"NeowsBlessing":0,"Sundial":3,"Blue Candle":11,"Tingsha":3,"CultistMask":1,"PreservedInsect":5,"Kunai":12,"Toxic Egg 2":9,"Ring of the Snake":0},{"SlaversCollar":30,"Anchor":41,"NeowsBlessing":0,"Sundial":3,"Blue Candle":41,"Tingsha":3,"CultistMask":1,"PreservedInsect":10,"Kunai":46,"Toxic Egg 2":33,"Ring of the Snake":0}],"Ring of the Snake":[26]},"card_choices":[{"not_picked":["Outmaneuver","Dagger Throw"],"picked":"Dagger Spray","floor":1.0},{"not_picked":["Bane","Accuracy"],"picked":"Sucker Punch","floor":4.0},{"not_picked":["Reflex","Dagger Spray"],"picked":"Cloak And Dagger","floor":6.0},{"not_picked":["Prepared","Phantasmal Killer"],"picked":"Blade Dance","floor":10.0},{"not_picked":["Skewer","Prepared"],"picked":"A Thousand Cuts","floor":11.0},{"not_picked":["Masterful Stab","Dagger Spray"],"picked":"Acrobatics","floor":13.0},{"not_picked":["Flechettes","Setup"],"picked":"Deflect","floor":14.0},{"not_picked":["Adrenaline","Burst"],"picked":"Corpse Explosion","floor":16.0},{"not_picked":["Slice","Quick Slash"],"picked":"Dagger Throw","floor":18.0},{"not_picked":["Deflect+1","Choke"],"picked":"Infinite Blades","floor":24.0},{"not_picked":["Heel Hook","Backstab"],"picked":"Storm of Steel+1","floor":28.0}],"player_experience":2348613,"relics_obtained":[{"floor":6.0,"key":"Tingsha"},{"floor":9.0,"key":"Sundial"},{"floor":11.0,"key":"PreservedInsect"},{"floor":24.0,"key":"Blue Candle"},{"floor":26.0,"key":"Anchor"},{"floor":28.0,"key":"Kunai"}],"event_choices":[{"damage_healed":0.0,"max_hp_gain":0.0,"max_hp_loss":0.0,"gold_gain":0.0,"event_name":"Shining Light","player_choice":"Entered Light","floor":2.0,"gold_loss":0.0,"damage_taken":20.0,"cards_upgraded":["Survivor","Strike_G"]},{"damage_healed":0.0,"max_hp_gain":0.0,"max_hp_loss":0.0,"gold_gain":0.0,"event_name":"FaceTrader","player_choice":"Trade","floor":3.0,"gold_loss":0.0,"damage_taken":0.0,"relics_obtained":["CultistMask"]},{"damage_healed":0.0,"max_hp_gain":0.0,"max_hp_loss":0.0,"gold_gain":0.0,"event_name":"Living Wall","player_choice":"Grow","floor":5.0,"gold_loss":0.0,"damage_taken":0.0,"cards_upgraded":["Dagger Spray"]},{"damage_healed":0.0,"max_hp_gain":0.0,"max_hp_loss":0.0,"gold_gain":50.0,"event_name":"Nest","player_choice":"Stole From Cult","floor":19.0,"gold_loss":0.0,"damage_taken":0.0},{"damage_healed":0.0,"max_hp_gain":0.0,"max_hp_loss":0.0,"gold_gain":0.0,"event_name":"Cursed Tome","player_choice":"Ignored","floor":21.0,"gold_loss":0.0,"damage_taken":0.0}],"is_beta":false,"boss_relics":[{"not_picked":["Ring of the Serpent","SacredBark"],"picked":"SlaversCollar"}],"items_purged_floors":[20],"is_endless":false,"potions_floor_spawned":[11,13,14,18],"killed_by":"Shelled Parasite and Fungi","ascension_level":20}}