{"host":"2zjdcgw4be5n15ja","time":1612911584,"event":{"mods":["AchievementEnabler","BaseMod","Better Skull","Better Third Choice","BetterRewards","Block Reminder","Colored Powertips","Hermit","Marisa????????","Marked Mod","Minty Spire (QoL Compilation)","Poor People Problems","Quick Restart","Rare Cards Sparkle","Reimu??????","Relic Stats","Reliquary","StSLib","The Runesmith","The Senshi"],"gold_per_floor":[114,129,129,144,159,159,189,189,189,64,94,94,109,124,124,224,224,239,254,269,269,269],"floor_reached":21,"language":"ENG","playtime":1971,"items_purged":[],"score":443,"play_id":"7eb3f73b-aea7-480e-b26a-f50b325a9b45","local_time":"20210210115944","daily_mods":["Draft","Hoarder","DeadlyEvents"],"is_ascension_mode":false,"campfire_choices":[{"data":"Crescendo","floor":6,"key":"SMITH"},{"floor":8,"key":"REST"},{"floor":12,"key":"REST"},{"data":"Adaptation","floor":15,"key":"SMITH"}],"circlet_count":0,"master_deck":["CutThroughFate","CutThroughFate","CutThroughFate","Swivel","Swivel","Swivel","Prostrate","Prostrate","Prostrate","JustLucky","JustLucky","JustLucky","Nirvana","Nirvana","Nirvana","JustLucky","JustLucky","JustLucky","Prostrate","Prostrate","Prostrate","CutThroughFate","CutThroughFate","CutThroughFate","ClearTheMind","ClearTheMind","ClearTheMind","Crescendo","Crescendo","Crescendo+1","EmptyMind","EmptyMind","EmptyMind","Prostrate","Prostrate","Prostrate","Worship","Worship","Prostrate","Prostrate","Prostrate","FlyingSleeves","FlyingSleeves","FlyingSleeves","MarkedMod:FirstStrike","MarkedMod:FirstStrike","MarkedMod:FirstStrike","Adaptation","Adaptation+1","Adaptation","FlyingSleeves","FlyingSleeves","FlyingSleeves","MarkedMod:Acupuncture","MarkedMod:Acupuncture","MarkedMod:Acupuncture","Prostrate","Prostrate","Prostrate","Brilliance","Brilliance","Brilliance","MarkedMod:GentlePulse","MarkedMod:GentlePulse","MarkedMod:GentlePulse","Meditate","Meditate","Meditate","MarkedMod:GentlePulse","MarkedMod:GentlePulse","MarkedMod:GentlePulse","Halt","Halt","Halt","Devotion","Devotion","Devotion","Halt+1","Halt+1","Halt+1","FlurryOfBlows","FlurryOfBlows","FlurryOfBlows","ClearTheMind+1","ClearTheMind+1","ClearTheMind+1"],"relics":["PureWater","Lantern","reliquary:Aerogel","CrazyTorch:ReiMu","reliquary:WritOfMandamus"],"acts_visited":["Exordium","TheCity"],"potions_floor_usage":[11,14,19,21],"damage_taken":[{"damage":0,"enemies":"Small Slimes","floor":1,"turns":3},{"damage":0,"enemies":"Cultist","floor":2,"turns":3},{"damage":0,"enemies":"2 Louse","floor":4,"turns":2},{"damage":8,"enemies":"Exordium Thugs","floor":5,"turns":3},{"damage":19,"enemies":"Gremlin Nob","floor":7,"turns":4},{"damage":0,"enemies":"Lagavulin","floor":11,"turns":3},{"damage":2,"enemies":"Looter","floor":13,"turns":2},{"damage":8,"enemies":"Gremlin Gang","floor":14,"turns":4},{"damage":25,"enemies":"The Guardian","floor":16,"turns":8},{"damage":3,"enemies":"Spheric Guardian","floor":18,"turns":3},{"damage":5,"enemies":"Shell Parasite","floor":19,"turns":4},{"damage":54,"enemies":"Centurion and Healer","floor":20,"turns":6},{"damage":15,"enemies":"Snecko","floor":21,"turns":2}],"seed_played":"-878916022338446095","potions_obtained":[{"floor":1,"key":"FearPotion"},{"floor":4,"key":"Fire Potion"},{"floor":5,"key":"Dexterity Potion"},{"floor":7,"key":"Energy Potion"},{"floor":14,"key":"Fruit Juice"},{"floor":20,"key":"Explosive Potion"}],"is_trial":false,"path_per_floor":["M","M","?","M","M","R","E","R","T","$","E","R","M","M","R","B",null,"M","M","M","M"],"character_chosen":"WATCHER","items_purchased":["Brilliance","MarkedMod:GentlePulse"],"campfire_rested":2,"item_purchase_floors":[10,10],"current_hp_per_floor":[72,72,72,72,64,64,45,66,66,66,66,72,70,67,67,42,77,74,69,15,0,0],"gold":269,"neow_bonus":"","is_daily":true,"chose_seed":false,"campfire_upgraded":2,"win_rate":0.0,"timestamp":1612911584,"path_taken":["M","M","?","?","M","R","E","R","T","$","?","R","M","M","R","BOSS","M","M","M","?"],"items_purchased_type":["Card","Card"],"build_version":"2020-12-22","purchased_purges":0,"victory":false,"max_hp_per_floor":[72,72,72,72,72,72,72,72,72,72,72,72,72,77,77,77,77,77,77,77,77,77],"relic_stats":{"counters":[13,47],"obtain_stats":[{"Lantern":7,"reliquary:Aerogel":9,"CrazyTorch:ReiMu":11,"PureWater":0,"reliquary:WritOfMandamus":17},{"Lantern":5,"reliquary:Aerogel":5,"CrazyTorch:ReiMu":6,"PureWater":0,"reliquary:WritOfMandamus":9},{"Lantern":15,"reliquary:Aerogel":15,"CrazyTorch:ReiMu":18,"PureWater":0,"reliquary:WritOfMandamus":32}]},"card_choices":[{"not_picked":["Conclude","Protect"],"picked":"CutThroughFate","floor":0},{"not_picked":["JustLucky","ReachHeaven"],"picked":"Swivel","floor":0},{"not_picked":["Wireheading","PathToVictory"],"picked":"Prostrate","floor":0},{"not_picked":["FlurryOfBlows","Vengeance"],"picked":"JustLucky","floor":0},{"not_picked":["Evaluate","Crescendo"],"picked":"Nirvana","floor":0},{"not_picked":["EmptyFist","MarkedMod:GentlePulse"],"picked":"JustLucky","floor":0},{"not_picked":["MarkedMod:FirstStrike","MentalFortress"],"picked":"Prostrate","floor":0},{"not_picked":["BowlingBash","EmptyBody"],"picked":"CutThroughFate","floor":0},{"not_picked":["MarkedMod:FirstStrike","FlurryOfBlows"],"picked":"ClearTheMind","floor":0},{"not_picked":["PathToVictory","Prostrate"],"picked":"Crescendo","floor":0},{"not_picked":["CutThroughFate","MarkedMod:GracefulMovements"],"picked":"EmptyMind","floor":0},{"not_picked":["CrushJoints","SashWhip"],"picked":"Prostrate","floor":0},{"not_picked":["ClearTheMind","JustLucky"],"picked":"Worship","floor":0},{"not_picked":["MarkedMod:Acupuncture","Consecrate"],"picked":"Prostrate","floor":0},{"not_picked":["SashWhip","Protect"],"picked":"FlyingSleeves","floor":0},{"not_picked":["FollowUp","Halt"],"picked":"MarkedMod:FirstStrike","floor":1},{"not_picked":["TalkToTheHand","MarkedMod:Acupuncture"],"picked":"Adaptation","floor":2},{"not_picked":["Wireheading","Prostrate"],"picked":"FlyingSleeves","floor":4},{"not_picked":["SashWhip","Crescendo"],"picked":"MarkedMod:Acupuncture","floor":5},{"not_picked":["FlyingSleeves","Fasting2"],"picked":"Prostrate","floor":7},{"not_picked":["Judgement","InnerPeace"],"picked":"Meditate","floor":11},{"not_picked":["Meditate","Protect"],"picked":"MarkedMod:GentlePulse","floor":13},{"not_picked":["Swivel","Prostrate"],"picked":"Halt","floor":14},{"not_picked":["Blasphemy","Wish"],"picked":"Devotion","floor":16},{"not_picked":["MarkedMod:GracefulMovements","FlyingSleeves"],"picked":"Halt+1","floor":18},{"not_picked":["MarkedMod:GracefulMovements","Wallop+1"],"picked":"FlurryOfBlows","floor":19},{"not_picked":["FlyingSleeves","Halt"],"picked":"ClearTheMind+1","floor":20}],"player_experience":418264,"relics_obtained":[{"floor":7,"key":"Lantern"},{"floor":9,"key":"reliquary:Aerogel"},{"floor":11,"key":"CrazyTorch:ReiMu"}],"event_choices":[{"cards_removed":["Worship"],"damage_healed":0,"gold_gain":0,"player_choice":"Offered Uncommon","damage_taken":0,"max_hp_gain":0,"max_hp_loss":0,"event_name":"Bonfire Elementals","floor":3,"gold_loss":0}],"is_beta":false,"boss_relics":[{"not_picked":["Runic Pyramid","Runesmith:UraniumAnvil"],"picked":"reliquary:WritOfMandamus"}],"items_purged_floors":[],"is_endless":false,"potions_floor_spawned":[1,4,5,7,14,20],"killed_by":"Snecko","ascension_level":0}}