{"host":"7tvb1em0d2fx72q7","time":1612848310,"event":{"mods":["BaseMod","Challenge The Spire","Minty Spire (QoL Compilation)","StSLib","everything is the same but u backflip on backflip"],"gold_per_floor":[116,131,147,163,178,178,213,223,295,295,308,320,320,395,395,469,469,480,480,490,490,490],"floor_reached":21,"language":"ENG","playtime":853,"items_purged":[],"score":494,"play_id":"1c07b5a8-bfdb-4503-97ee-a57324d67fac","local_time":"20210209002510","is_ascension_mode":true,"campfire_choices":[{"data":"Blasphemy","floor":6,"key":"SMITH"},{"data":"WheelKick","floor":13,"key":"SMITH"},{"floor":15,"key":"REST"}],"circlet_count":0,"master_deck":["AscendersBane","Strike_P","Strike_P","Defend_P","Defend_P","Defend_P","Defend_P","Eruption","Vigilance","Blasphemy+1","Protect","Crescendo","CarveReality","WheelKick+1","FollowUp","FlurryOfBlows","EmptyBody","ThirdEye","FearNoEvil","Ragnarok","WindmillStrike","ThirdEye"],"relics":["PureWater","Gambling Chip","Question Card","Sozu"],"acts_visited":["Exordium","TheCity"],"potions_floor_usage":[],"damage_taken":[{"damage":16,"enemies":"Small Slimes","floor":1,"turns":6},{"damage":0,"enemies":"2 Louse","floor":2,"turns":2},{"damage":0,"enemies":"Cultist","floor":3,"turns":3},{"damage":0,"enemies":"Blue Slaver","floor":4,"turns":4},{"damage":9,"enemies":"Red Slaver","floor":5,"turns":2},{"damage":0,"enemies":"Gremlin Nob","floor":7,"turns":2},{"damage":0,"enemies":"Looter","floor":8,"turns":2},{"damage":0,"enemies":"Large Slime","floor":11,"turns":2},{"damage":7,"enemies":"Exordium Thugs","floor":12,"turns":4},{"damage":0,"enemies":"Slime Boss","floor":16,"turns":4},{"damage":0,"enemies":"Spheric Guardian","floor":18,"turns":1},{"damage":0,"enemies":"Shell Parasite","floor":20,"turns":1},{"damage":57,"enemies":"Shelled Parasite and Fungi","floor":21,"turns":4}],"seed_played":"8973155559292088721","potions_obtained":[{"floor":3,"key":"DuplicationPotion"},{"floor":4,"key":"PowerPotion"}],"is_trial":false,"path_per_floor":["M","M","M","M","M","R","E","M","T","?","M","M","R","?","R","B",null,"M","?","M","M"],"character_chosen":"WATCHER","items_purchased":[],"campfire_rested":1,"item_purchase_floors":[],"current_hp_per_floor":[45,45,45,45,36,36,36,36,36,36,36,29,29,18,36,36,56,56,56,56,0,0],"gold":490,"neow_bonus":"TRANSFORM_TWO_CARDS","is_daily":false,"chose_seed":false,"campfire_upgraded":2,"win_rate":0.0,"timestamp":1612848310,"path_taken":["M","M","M","M","M","R","E","M","T","?","M","M","R","?","R","BOSS","M","?","M","M"],"items_purchased_type":[],"build_version":"2020-12-22","purchased_purges":0,"victory":false,"max_hp_per_floor":[62,62,62,62,62,62,62,62,62,62,62,62,62,62,62,62,62,62,62,62,62,62],"card_choices":[{"not_picked":["Evaluate","ClearTheMind"],"picked":"Crescendo","floor":1},{"not_picked":["Indignation","FollowUp"],"picked":"CarveReality","floor":2},{"not_picked":["Collect","PathToVictory"],"picked":"WheelKick","floor":3},{"not_picked":["DeceiveReality","PathToVictory"],"picked":"FollowUp","floor":4},{"not_picked":["CrushJoints","FlyingSleeves","WreathOfFlame"],"picked":"SKIP","floor":5},{"not_picked":["Scrawl","Prostrate"],"picked":"FlurryOfBlows","floor":7},{"not_picked":["DeceiveReality","EmptyMind"],"picked":"EmptyBody","floor":8},{"not_picked":["Crescendo","Weave","ForeignInfluence"],"picked":"ThirdEye","floor":11},{"not_picked":["Collect","JustLucky","Consecrate"],"picked":"FearNoEvil","floor":12},{"not_picked":["Establishment","Scrawl","Judgement"],"picked":"Ragnarok","floor":16},{"not_picked":["FlyingSleeves","SashWhip","Sanctity"],"picked":"WindmillStrike","floor":18},{"not_picked":["Perseverance","PathToVictory","CutThroughFate"],"picked":"ThirdEye","floor":20}],"player_experience":2043701,"relics_obtained":[{"floor":7,"key":"Gambling Chip"},{"floor":9,"key":"Question Card"}],"event_choices":[{"damage_healed":0,"gold_gain":0,"player_choice":"Ignored","damage_taken":0,"max_hp_gain":0,"max_hp_loss":0,"event_name":"Liars Game","floor":10,"gold_loss":0},{"damage_healed":0,"gold_gain":75,"player_choice":"Gather Gold","damage_taken":11,"max_hp_gain":0,"max_hp_loss":0,"event_name":"World of Goop","floor":14,"gold_loss":0},{"damage_healed":0,"gold_gain":0,"player_choice":"Ignored","damage_taken":0,"max_hp_gain":0,"max_hp_loss":0,"event_name":"Vampires","floor":19,"gold_loss":0}],"is_beta":false,"boss_relics":[{"not_picked":["Tiny House","Coffee Dripper"],"picked":"Sozu"}],"items_purged_floors":[],"is_endless":false,"potions_floor_spawned":[3,4,8,12,16,20],"killed_by":"Shelled Parasite and Fungi","ascension_level":18}}