{"host":"syozzdlzcqop4jia","time":1612832444,"event":{"mods":["BaseMod","Colored Map","Colored Powertips","Minty Spire (QoL Compilation)","Quick Restart"],"gold_per_floor":[114,189,203,53,33,33,62,74,120,140,151,168,168,183,183,283,283,294,304,41,41,53,82,82,97,97,97,24,39,52,80,80,183,183,201,201,177,192,208,237,237,249,249,249,249,280,38,49,49,49,49,49,49,74,74,74],"floor_reached":55,"language":"ENG","playtime":3007,"items_purged":[],"score":1014,"play_id":"e4dc6d49-47d8-4556-828c-ae7bd454f111","local_time":"20210209020044","is_ascension_mode":true,"campfire_choices":[{"floor":6,"key":"RECALL"},{"data":"Heavy Blade","floor":13,"key":"SMITH"},{"floor":15,"key":"REST"},{"data":"Reaper","floor":24,"key":"SMITH"},{"data":"Apotheosis","floor":27,"key":"SMITH"},{"floor":32,"key":"REST"},{"floor":41,"key":"REST"},{"floor":45,"key":"REST"},{"floor":49,"key":"REST"},{"data":"The Bomb","floor":52,"key":"SMITH"}],"circlet_count":0,"master_deck":["Strike_R","Strike_R","Strike_R","Strike_R","Strike_R","Defend_R","Defend_R","Bash","Heavy Blade+1","Clothesline","Ghostly Armor","Perfected Strike","Sword Boomerang","Sword Boomerang","Anger","Reaper+1","Shrug It Off+1","Flex+1","Inflame","Apotheosis+1","Battle Trance+1","Twin Strike","Sever Soul+1","Pummel","Cleave+1","Heavy Blade","Flex","Impervious","Anger+1","Flame Barrier","Flex","Flex","Wild Strike+1","Wild Strike+1","Cleave","Spot Weakness","The Bomb+1","Heavy Blade+1","Feed"],"relics":["Black Blood","Brimstone","Boot","Mark of Pain","Potion Belt","Question Card","Tiny Chest","Lantern","StoneCalendar","Orichalcum","Bronze Scales"],"acts_visited":["Exordium","TheCity","TheBeyond","TheEnding"],"potions_floor_usage":[22,33,33,50,50,50,50],"damage_taken":[{"damage":8,"enemies":"Jaw Worm","floor":1,"turns":4},{"damage":1,"enemies":"Cultist","floor":3,"turns":3},{"damage":25,"enemies":"Lagavulin","floor":7,"turns":5},{"damage":7,"enemies":"2 Louse","floor":8,"turns":2},{"damage":2,"enemies":"Blue Slaver","floor":10,"turns":3},{"damage":10,"enemies":"Exordium Wildlife","floor":11,"turns":3},{"damage":0,"enemies":"Large Slime","floor":12,"turns":4},{"damage":9,"enemies":"2 Fungi Beasts","floor":14,"turns":3},{"damage":42,"enemies":"The Guardian","floor":16,"turns":6},{"damage":21,"enemies":"Shell Parasite","floor":18,"turns":4},{"damage":4,"enemies":"Chosen","floor":19,"turns":3},{"damage":24,"enemies":"Centurion and Healer","floor":22,"turns":5},{"damage":0,"enemies":"Gremlin Leader","floor":23,"turns":4},{"damage":4,"enemies":"Cultist and Chosen","floor":25,"turns":3},{"damage":27,"enemies":"Snake Plant","floor":29,"turns":3},{"damage":28,"enemies":"Centurion and Healer","floor":30,"turns":5},{"damage":22,"enemies":"Slavers","floor":31,"turns":3},{"damage":45,"enemies":"Collector","floor":33,"turns":4},{"damage":0,"enemies":"3 Shapes","floor":35,"turns":3},{"damage":17,"enemies":"Orb Walker","floor":38,"turns":3},{"damage":19,"enemies":"3 Darklings","floor":39,"turns":5},{"damage":76,"enemies":"Nemesis","floor":40,"turns":7},{"damage":32,"enemies":"Maw","floor":42,"turns":6},{"damage":32,"enemies":"Giant Head","floor":46,"turns":6},{"damage":0,"enemies":"Jaw Worm Horde","floor":48,"turns":2},{"damage":94,"enemies":"Awakened One","floor":50,"turns":7},{"damage":67,"enemies":"Shield and Spear","floor":54,"turns":3},{"damage":70,"enemies":"The Heart","floor":55,"turns":2}],"seed_played":"-7658708376218067151","potions_obtained":[{"floor":1,"key":"LiquidMemories"},{"floor":3,"key":"Weak Potion"},{"floor":5,"key":"SkillPotion"},{"floor":16,"key":"Swift Potion"},{"floor":22,"key":"BlessingOfTheForge"},{"floor":25,"key":"LiquidBronze"},{"floor":30,"key":"SmokeBomb"},{"floor":33,"key":"Energy Potion"},{"floor":38,"key":"PowerPotion"},{"floor":40,"key":"DistilledChaos"},{"floor":42,"key":"SteroidPotion"}],"is_trial":false,"path_per_floor":["M","?","M","$","?","R","E","M","T","M","M","M","R","M","R","B",null,"M","M","$","?","M","E","R","M","T","R","$","M","M","E","R","B",null,"M","?","$","M","M","E","R","M","T","?","R","E","$","M","R","B",null,"R","$","E","B"],"character_chosen":"IRONCLAD","items_purchased":["Brimstone","Inflame","Apotheosis","Pummel","Flex","Spot Weakness","The Bomb"],"campfire_rested":5,"item_purchase_floors":[4,20,20,28,37,47,47],"current_hp_per_floor":[86,78,83,83,83,83,64,63,63,67,63,69,69,66,88,52,79,64,66,66,66,60,88,88,88,88,88,88,67,59,43,69,40,76,88,88,88,83,76,17,43,40,40,40,66,46,46,58,84,22,72,72,72,17,0,0],"gold":74,"neow_bonus":"TEN_PERCENT_HP_BONUS","is_daily":false,"chose_seed":false,"campfire_upgraded":4,"win_rate":0.0,"timestamp":1612832444,"path_taken":["M","?","?","?","?","R","E","M","T","M","M","M","R","M","R","BOSS","M","M","$","?","M","E","R","M","T","R","?","?","M","E","R","BOSS","M","?","$","M","?","E","R","M","T","?","R","E","$","M","R","BOSS","R","$","E","BOSS"],"items_purchased_type":["Relic","Card","Card","Card","Card","Card","Card"],"build_version":"2020-12-22","purchased_purges":0,"victory":false,"max_hp_per_floor":[88,88,88,88,88,88,88,88,88,88,88,88,88,88,88,88,88,88,88,88,88,88,88,88,88,88,88,88,88,88,88,88,88,88,88,88,88,88,88,88,88,88,88,88,88,88,88,88,88,88,88,88,88,88,88,88],"card_choices":[{"not_picked":["Burning Pact","Fire Breathing"],"picked":"Heavy Blade","floor":1},{"not_picked":["Entrench","Power Through","Havoc"],"picked":"SKIP","floor":3},{"not_picked":["Body Slam","Offering"],"picked":"Clothesline","floor":7},{"not_picked":["Perfected Strike","Intimidate"],"picked":"Ghostly Armor","floor":8},{"not_picked":["Havoc","Dropkick"],"picked":"Perfected Strike","floor":10},{"not_picked":["Pommel Strike","Wild Strike"],"picked":"Sword Boomerang","floor":11},{"not_picked":["Clothesline","Ghostly Armor"],"picked":"Sword Boomerang","floor":12},{"not_picked":["Carnage","Shrug It Off"],"picked":"Anger","floor":14},{"not_picked":["Juggernaut","Berserk"],"picked":"Reaper","floor":16},{"not_picked":["Headbutt+1","Sentinel+1"],"picked":"Shrug It Off+1","floor":18},{"not_picked":["Pummel+1","Warcry+1"],"picked":"Flex+1","floor":19},{"not_picked":["Headbutt+1","Iron Wave+1"],"picked":"Battle Trance+1","floor":22},{"not_picked":["Feel No Pain","Clash"],"picked":"Twin Strike","floor":23},{"not_picked":["Body Slam+1","Twin Strike"],"picked":"Sever Soul+1","floor":25},{"not_picked":["Burning Pact+1","Anger","Shrug It Off+1"],"picked":"Cleave+1","floor":29},{"not_picked":["Immolate","Shrug It Off","Fire Breathing"],"picked":"Heavy Blade","floor":30},{"not_picked":["Iron Wave+1","Rupture","Impervious"],"picked":"Flex","floor":31},{"not_picked":["Corruption","Exhume","Berserk"],"picked":"Impervious","floor":33},{"not_picked":["Ghostly Armor+1","Clash+1","Combust+1"],"picked":"Anger+1","floor":35},{"not_picked":["Iron Wave","Infernal Blade","Clash+1"],"picked":"Flex","floor":38},{"not_picked":["Thunderclap+1","Clothesline+1","Combust+1"],"picked":"Wild Strike+1","floor":39},{"not_picked":["Clash","Exhume","Reckless Charge"],"picked":"Wild Strike+1","floor":40},{"not_picked":["Clash+1","Blood for Blood+1","Entrench+1","True Grit+1"],"picked":"SKIP","floor":42},{"not_picked":["Iron Wave","Thunderclap","Clothesline"],"picked":"Cleave","floor":46},{"not_picked":["Inflame","Wild Strike","Thunderclap+1"],"picked":"Heavy Blade+1","floor":48},{"not_picked":["Rampage+1","Uppercut+1","True Grit+1"],"picked":"Feed","floor":54}],"player_experience":645060,"relics_obtained":[{"floor":7,"key":"Boot"},{"floor":23,"key":"Potion Belt"},{"floor":26,"key":"Question Card"},{"floor":31,"key":"Tiny Chest"},{"floor":40,"key":"Lantern"},{"floor":43,"key":"StoneCalendar"},{"floor":46,"key":"Orichalcum"},{"floor":54,"key":"Bronze Scales"}],"event_choices":[{"damage_healed":0,"gold_gain":75,"player_choice":"Touch","damage_taken":8,"max_hp_gain":0,"max_hp_loss":0,"event_name":"FaceTrader","floor":2,"gold_loss":0},{"damage_healed":0,"gold_gain":0,"player_choice":"Bought 1 Potion","damage_taken":0,"max_hp_gain":0,"max_hp_loss":0,"event_name":"The Woman in Blue","floor":5,"gold_loss":0},{"damage_healed":0,"gold_gain":0,"player_choice":"Ignored","damage_taken":0,"max_hp_gain":0,"max_hp_loss":0,"event_name":"N\u0027loth","floor":21,"gold_loss":0},{"damage_healed":0,"gold_gain":0,"cards_transformed":["Defend_R"],"player_choice":"Transformed","damage_taken":0,"max_hp_gain":0,"max_hp_loss":0,"event_name":"Transmorgrifier","floor":36,"gold_loss":0,"cards_obtained":["Flame Barrier"]},{"cards_removed":["Defend_R"],"damage_healed":0,"gold_gain":0,"player_choice":"Offered Basic","damage_taken":0,"max_hp_gain":0,"max_hp_loss":0,"event_name":"Bonfire Elementals","floor":44,"gold_loss":0}],"is_beta":false,"boss_relics":[{"not_picked":["Coffee Dripper","Sozu"],"picked":"Mark of Pain"},{"not_picked":["Velvet Choker","Runic Dome"],"picked":"Black Blood"}],"items_purged_floors":[],"is_endless":false,"potions_floor_spawned":[1,3,7,11,16,22,25,30,31,33,38,40,42,46],"killed_by":"The Heart","ascension_level":5}}