{"host":"sav7uxregyirlf69","time":1612846164,"event":{"mods":["AchievementEnabler","BaseMod","Colored Map","DeckTracker","Keyboard Shortcuts","Minty Spire (QoL Compilation)","READ ME - Guardian Mod","StSLib","SuperFastMode"],"gold_per_floor":[110,130,130,55,70,70,87,87,87,87,99,99,118,148,148,222,222,236,41,60,60,85,97,124,136,200,228,256,368,53,69,69,148,148,168,185,185,7,20,49,98,98,98,118,118,153,153,168,168,168,168,168,168,90,115,115],"floor_reached":57,"language":"KOR","playtime":1652,"items_purged":["Strike_R","Strike_R","Strike_R"],"score":2753,"play_id":"49bc1aec-a6bc-47ec-8727-46e7d7e0be7c","local_time":"20210209134924","is_ascension_mode":true,"campfire_choices":[{"data":"Shockwave","floor":6.0,"key":"SMITH"},{"data":"Blood for Blood","floor":8.0,"key":"SMITH"},{"data":"Seeing Red","floor":10.0,"key":"SMITH"},{"data":"Dual Wield","floor":15.0,"key":"SMITH"},{"data":"Burning Pact","floor":23.0,"key":"SMITH"},{"data":"Feel No Pain","floor":25.0,"key":"SMITH"},{"floor":32.0,"key":"REST"},{"data":"Pommel Strike","floor":45.0,"key":"SMITH"},{"floor":49.0,"key":"RECALL"},{"data":"Deep Breath","floor":53,"key":"SMITH"}],"circlet_count":0,"master_deck":["AscendersBane","Defend_R","Defend_R","Defend_R","Bash","Shockwave+1","Seeing Red+1","Reckless Charge","Blood for Blood+1","Pommel Strike+1","Immolate","Shrug It Off","Dual Wield+1","Impervious","Feel No Pain+1","Burning Pact+1","Blood for Blood+1","Feel No Pain","Shrug It Off","Dark Embrace+1","Fiend Fire","Rage","Second Wind","Deep Breath+1","Power Through+1","Evolve"],"relics":["Burning Blood","Anchor","Bag of Marbles","Blue Candle","Runic Pyramid","MawBank","Tiny Chest","StoneCalendar","Sundial","ClockworkSouvenir","SlaversCollar","Oddly Smooth Stone","Pen Nib","Pear","Mango","Art of War"],"acts_visited":["Exordium","TheCity","TheBeyond","TheEnding"],"potions_floor_usage":[56],"damage_taken":[{"damage":0.0,"enemies":"Small Slimes","floor":1.0,"turns":3.0},{"damage":2.0,"enemies":"Jaw Worm","floor":2.0,"turns":4.0},{"damage":5.0,"enemies":"2 Louse","floor":5.0,"turns":4.0},{"damage":10.0,"enemies":"Lots of Slimes","floor":7.0,"turns":5.0},{"damage":3.0,"enemies":"Looter","floor":11.0,"turns":3.0},{"damage":8.0,"enemies":"Blue Slaver","floor":13.0,"turns":3.0},{"damage":2.0,"enemies":"3 Sentries","floor":14.0,"turns":4.0},{"damage":49.0,"enemies":"The Guardian","floor":16.0,"turns":9.0},{"damage":12.0,"enemies":"3 Byrds","floor":18.0,"turns":4.0},{"damage":7.0,"enemies":"2 Thieves","floor":20.0,"turns":3.0},{"damage":8.0,"enemies":"Snake Plant","floor":24.0,"turns":2.0},{"damage":18.0,"enemies":"Shelled Parasite and Fungi","floor":27.0,"turns":2.0},{"damage":13.0,"enemies":"3 Cultists","floor":28.0,"turns":3.0},{"damage":17.0,"enemies":"Colosseum Slavers","floor":29.0,"turns":4.0},{"damage":9.0,"enemies":"Colosseum Nobs","floor":29.0,"turns":3.0},{"damage":12.0,"enemies":"Chosen and Byrds","floor":31.0,"turns":8.0},{"damage":22.0,"enemies":"Automaton","floor":33.0,"turns":7.0},{"damage":7.0,"enemies":"Orb Walker","floor":35.0,"turns":3.0},{"damage":1.0,"enemies":"3 Darklings","floor":36.0,"turns":6.0},{"damage":1.0,"enemies":"Spire Growth","floor":39.0,"turns":5.0},{"damage":51.0,"enemies":"Reptomancer","floor":40.0,"turns":8.0},{"damage":22.0,"enemies":"Transient","floor":44.0,"turns":6.0},{"damage":0.0,"enemies":"Giant Head","floor":46.0,"turns":3.0},{"damage":4.0,"enemies":"Sphere and 2 Shapes","floor":48.0,"turns":5.0},{"damage":2.0,"enemies":"Donu and Deca","floor":50.0,"turns":7.0},{"damage":61,"enemies":"Time Eater","floor":51,"turns":13},{"damage":1,"enemies":"Shield and Spear","floor":55,"turns":3},{"damage":3,"enemies":"The Heart","floor":56,"turns":8}],"seed_played":"-8024488967972487958","potions_obtained":[{"floor":2.0,"key":"SkillPotion"},{"floor":7.0,"key":"Ancient Potion"},{"floor":27.0,"key":"FearPotion"},{"floor":31.0,"key":"Weak Potion"},{"floor":40.0,"key":"Block Potion"},{"floor":44.0,"key":"FairyPotion"},{"floor":55,"key":"SteroidPotion"}],"is_trial":false,"path_per_floor":["M","M","?","?","M","R","M","R","T","R","M","?","M","E","R","B",null,"M","$","M","?","T","R","M","R","T","M","M","?","$","M","R","B",null,"M","M","?","$","M","E","T","T","T","M","R","E","?","M","R","B","B",null,"R","$","E","B",null],"character_chosen":"IRONCLAD","items_purchased":["Feel No Pain","Burning Pact","ClockworkSouvenir","Shrug It Off","Swift Potion","Evolve"],"campfire_rested":1,"item_purchase_floors":[19,19,30,30,38,54],"current_hp_per_floor":[74,75,75,75,75,75,71,71,71,71,74,74,72,75,75,32,64,58,58,57,57,57,57,55,55,55,43,36,22,22,16,38,22,62,61,66,66,66,71,26,26,26,36,20,20,40,30,32,32,36,19,76,76,76,81,84],"gold":115,"neow_bonus":"RANDOM_COMMON_RELIC","is_daily":false,"chose_seed":false,"campfire_upgraded":8,"win_rate":0.0,"timestamp":1612846164,"path_taken":["M","M","?","?","M","R","M","R","T","R","M","?","M","E","R","BOSS","M","?","M","?","?","R","M","R","T","M","M","?","$","M","R","BOSS","M","M","?","$","M","E","?","?","T","?","R","E","?","M","R","BOSS","BOSS","R","$","E","BOSS"],"items_purchased_type":["Card","Card","Relic","Card","Potion","Card"],"build_version":"2020-12-22","purchased_purges":3,"victory":true,"max_hp_per_floor":[75,75,75,75,75,75,75,75,75,75,75,75,75,75,75,75,75,75,75,75,75,75,75,75,75,75,75,75,75,75,75,75,75,75,75,75,71,71,71,71,71,71,81,81,81,95,95,95,95,95,95,95,95,95,95,95],"card_choices":[{"not_picked":["Cleave","Reckless Charge"],"picked":"Shockwave","floor":1.0},{"not_picked":["Bloodletting","Infernal Blade"],"picked":"Seeing Red","floor":2.0},{"not_picked":["Thunderclap","Cleave","Sever Soul"],"picked":"SKIP","floor":5.0},{"not_picked":["Power Through","Intimidate"],"picked":"Blood for Blood","floor":7.0},{"not_picked":["Heavy Blade","Entrench"],"picked":"Pommel Strike","floor":11.0},{"not_picked":["True Grit","Berserk"],"picked":"Shrug It Off","floor":13.0},{"not_picked":["Clash","Searing Blow"],"picked":"Dual Wield","floor":14.0},{"not_picked":["Berserk","Corruption"],"picked":"Impervious","floor":16.0},{"not_picked":["Wild Strike","Armaments","Searing Blow+1"],"picked":"SKIP","floor":18.0},{"not_picked":["Sword Boomerang","Burning Pact+1","Body Slam"],"picked":"SKIP","floor":20.0},{"not_picked":["Anger","Clothesline"],"picked":"Blood for Blood+1","floor":24.0},{"not_picked":["Inflame","Rupture"],"picked":"Feel No Pain","floor":27.0},{"not_picked":["Cleave","Armaments","Body Slam"],"picked":"SKIP","floor":28.0},{"not_picked":["Immolate","Sword Boomerang"],"picked":"Dark Embrace+1","floor":31.0},{"not_picked":["Impervious","Double Tap"],"picked":"Fiend Fire","floor":33.0},{"not_picked":["True Grit+1","Anger+1","Perfected Strike"],"picked":"SKIP","floor":35.0},{"not_picked":["Heavy Blade","Twin Strike+1"],"picked":"Rage","floor":36.0},{"not_picked":["Heavy Blade","Wild Strike","Pummel"],"picked":"SKIP","floor":39.0},{"not_picked":["Headbutt","Twin Strike","Pommel Strike"],"picked":"SKIP","floor":40.0},{"not_picked":["Cleave","Clothesline"],"picked":"Second Wind","floor":44.0},{"not_picked":["Perfected Strike","Inflame","Metallicize+1"],"picked":"SKIP","floor":46.0},{"not_picked":["Transmutation","Dramatic Entrance"],"picked":"Deep Breath","floor":47.0},{"not_picked":["Havoc+1","Battle Trance+1"],"picked":"Power Through+1","floor":48.0},{"not_picked":["Spot Weakness","Warcry","Havoc"],"picked":"SKIP","floor":55}],"player_experience":1534731,"relics_obtained":[{"floor":9.0,"key":"Bag of Marbles"},{"floor":14.0,"key":"Blue Candle"},{"floor":22.0,"key":"MawBank"},{"floor":26.0,"key":"Tiny Chest"},{"floor":29.0,"key":"StoneCalendar"},{"floor":29.0,"key":"Sundial"},{"floor":40.0,"key":"Oddly Smooth Stone"},{"floor":42.0,"key":"Pen Nib"},{"floor":43.0,"key":"Pear"},{"floor":46.0,"key":"Mango"},{"floor":55,"key":"Art of War"}],"event_choices":[{"damage_healed":0.0,"max_hp_gain":0.0,"max_hp_loss":0.0,"gold_gain":0.0,"cards_transformed":["Strike_R"],"event_name":"Living Wall","player_choice":"Change","floor":3.0,"gold_loss":0.0,"damage_taken":0.0,"cards_obtained":["Reckless Charge"]},{"cards_removed":["Strike_R"],"damage_healed":0.0,"max_hp_gain":0.0,"max_hp_loss":0.0,"gold_gain":0.0,"event_name":"The Cleric","player_choice":"Card Removal","floor":4.0,"gold_loss":75.0,"damage_taken":0.0},{"damage_healed":0.0,"max_hp_gain":0.0,"max_hp_loss":0.0,"gold_gain":0.0,"cards_transformed":["Defend_R"],"event_name":"Transmorgrifier","player_choice":"Transformed","floor":12.0,"gold_loss":0.0,"damage_taken":0.0,"cards_obtained":["Immolate"]},{"damage_healed":0.0,"max_hp_gain":0.0,"max_hp_loss":0.0,"gold_gain":0.0,"event_name":"Cursed Tome","player_choice":"Ignored","floor":21.0,"gold_loss":0.0,"damage_taken":0.0},{"damage_healed":0.0,"max_hp_gain":0.0,"max_hp_loss":0.0,"gold_gain":0.0,"event_name":"Colosseum","player_choice":"Fight","floor":29.0,"gold_loss":0.0,"damage_taken":0.0},{"damage_healed":0.0,"max_hp_gain":0.0,"max_hp_loss":0.0,"gold_gain":0.0,"event_name":"Colosseum","player_choice":"Fought Nobs","floor":29.0,"gold_loss":0.0,"damage_taken":0.0},{"damage_healed":0.0,"max_hp_gain":0.0,"max_hp_loss":4.0,"gold_gain":0.0,"event_name":"Winding Halls","player_choice":"Max HP","floor":37.0,"gold_loss":0.0,"damage_taken":0.0},{"damage_healed":0.0,"max_hp_gain":0.0,"max_hp_loss":0.0,"gold_gain":0.0,"event_name":"SensoryStone","player_choice":"Memory 3","floor":47.0,"gold_loss":0.0,"damage_taken":10.0}],"is_beta":false,"boss_relics":[{"not_picked":["Tiny House","Cursed Key"],"picked":"Runic Pyramid"},{"not_picked":["Runic Dome","SacredBark"],"picked":"SlaversCollar"}],"items_purged_floors":[19,30,38],"is_endless":false,"potions_floor_spawned":[2,7,11,14,18,27,28,31,40,44,46,55],"ascension_level":20}}