{"host":"w4ub8crw9ou4a5am","time":1612885715,"event":{"mods":["2.2 Compatiblity","BaseMod","Downfall","Hermit","Jorbs\u0027s Wanderer Trilogy","Koishi","Marisa????????","Minty Spire (QoL Compilation)","Quick Restart","Remilia??????","StSLib","The Animator","The Bug Knight","The Cursed","The Disciple","The Hierophant","The Marked","The Senshi","The Servant 0.9.4","WarShipGirlsR/????R mod"],"gold_per_floor":[118,118,138,157,96,134,134,150,173,143,143,143],"floor_reached":11,"language":"ENG","playtime":828,"items_purged":[],"score":73,"play_id":"cffd0131-6f0b-4e54-b716-b9ddeb14859d","local_time":"20210209104835","is_ascension_mode":false,"campfire_choices":[{"floor":7,"key":"REST"}],"circlet_count":0,"master_deck":["TheCursedMod:Strike_TheCursed","TheCursedMod:Strike_TheCursed","TheCursedMod:Strike_TheCursed","TheCursedMod:Strike_TheCursed","TheCursedMod:Defend_TheCursed","TheCursedMod:Defend_TheCursed","TheCursedMod:Defend_TheCursed","TheCursedMod:Defend_TheCursed","TheCursedMod:CursedWand","TheCursedMod:CleanUpWorkshop","TheCursedMod:Dregs","TheCursedMod:CursedAmulet","Injury","TheCursedMod:Stretching","TheCursedMod:CircleOfAbyss","TheCursedMod:EmpowerCircles","TheCursedMod:CircleOfWindfury","TheCursedMod:Stretching"],"relics":["TheCursedMod:BlackMagic101","Oddly Smooth Stone","Golden Idol","Regal Pillow","Strawberry"],"acts_visited":["Exordium"],"potions_floor_usage":[6,8],"damage_taken":[{"damage":0,"enemies":"Small Slimes","floor":1,"turns":4},{"damage":0,"enemies":"Cultist","floor":3,"turns":4},{"damage":0,"enemies":"Jaw Worm","floor":4,"turns":5},{"damage":48,"enemies":"3 Sentries","floor":6,"turns":19},{"damage":11,"enemies":"2 Fungi Beasts","floor":8,"turns":4},{"damage":10,"enemies":"Looter","floor":10,"turns":4},{"damage":54,"enemies":"Gremlin Nob","floor":11,"turns":5}],"seed_played":"7397533633276212253","potions_obtained":[{"floor":1,"key":"champ:CounterPotion"},{"floor":6,"key":"Explosive Potion"}],"is_trial":false,"path_per_floor":["M","?","M","M","?","E","R","M","T","M","E"],"character_chosen":"THE_CURSED","items_purchased":[],"campfire_rested":1,"item_purchase_floors":[],"current_hp_per_floor":[75,75,75,75,75,34,73,62,62,52,0,0],"gold":143,"neow_bonus":"RANDOM_COMMON_RELIC","is_daily":false,"chose_seed":false,"campfire_upgraded":0,"win_rate":0.0,"timestamp":1612885715,"path_taken":["M","?","M","M","?","E","R","M","T","?","E"],"items_purchased_type":[],"build_version":"2020-12-22","purchased_purges":0,"victory":false,"max_hp_per_floor":[75,75,75,75,75,82,82,82,82,82,82,82],"card_choices":[{"not_picked":["TheCursedMod:SmokeScreen","TheCursedMod:SpitefulStrike"],"picked":"TheCursedMod:CursedAmulet","floor":1},{"not_picked":["TheCursedMod:CircleOfWindfury","TheCursedMod:RavingStaff"],"picked":"TheCursedMod:Stretching","floor":3},{"not_picked":["TheCursedMod:CursedBoomerang","TheCursedMod:CursedBlade"],"picked":"TheCursedMod:CircleOfAbyss","floor":4},{"not_picked":["TheCursedMod:TacticalStrike","TheCursedMod:Obscuration"],"picked":"TheCursedMod:EmpowerCircles","floor":6},{"not_picked":["TheCursedMod:Stretching","TheCursedMod:VitalStrike"],"picked":"TheCursedMod:CircleOfWindfury","floor":8},{"not_picked":["TheCursedMod:CursedAmulet","TheCursedMod:TacticalStrike"],"picked":"TheCursedMod:Stretching","floor":10}],"player_experience":1690406,"relics_obtained":[{"floor":6,"key":"Strawberry"}],"event_choices":[{"damage_healed":0,"gold_gain":0,"player_choice":"Take Wound","damage_taken":0,"relics_obtained":["Golden Idol"],"max_hp_gain":0,"max_hp_loss":0,"event_name":"Golden Idol","floor":2,"gold_loss":0,"cards_obtained":["Injury"]},{"damage_healed":0,"gold_gain":0,"player_choice":"Paid Gold","damage_taken":0,"relics_obtained":["Regal Pillow"],"max_hp_gain":0,"max_hp_loss":0,"event_name":"WeMeetAgain","floor":5,"gold_loss":61}],"is_beta":false,"boss_relics":[],"items_purged_floors":[],"is_endless":false,"potions_floor_spawned":[1,6],"killed_by":"Gremlin Nob","ascension_level":0}}