{"host":"djoj10dqzzvtkauc","time":1612869190,"event":{"mods":["2.2 Compatiblity","BaseMod","Colored Map","DeckTracker","Highlight Path","Keyboard Shortcuts","Marisa£¨Ùöéë¡¡Øª×âÞÞ£©","Minty Spire (QoL Compilation)","Permanent Neow","Quick Restart","Random Character Button","StSLib","SuperFastMode","everything is the same but u backflip on backflip"],"gold_per_floor":[117,137,150,168,168,168,193,193,218,237,237,250,220,249,249,349,349,363,363,29,46,46,46,76,3,3,3,3,3,21,53,53,53,53],"floor_reached":33,"language":"KOR","playtime":1289,"items_purged":["Strike_R"],"score":595,"play_id":"13c55116-942b-4c02-869c-165d913e11cb","local_time":"20210209201310","is_ascension_mode":true,"campfire_choices":[{"data":"Shrug It Off","floor":6,"key":"SMITH"},{"data":"Flame Barrier","floor":8,"key":"SMITH"},{"floor":11,"key":"REST"},{"data":"Bash","floor":15,"key":"SMITH"},{"floor":23,"key":"REST"},{"data":"Immolate","floor":27,"key":"SMITH"},{"floor":29,"key":"REST"},{"floor":32,"key":"REST"}],"circlet_count":0,"master_deck":["Strike_R","Strike_R","Strike_R","Strike_R","Defend_R","Defend_R","Defend_R","Defend_R","Bash+1","Shrug It Off+1","Metallicize","Shrug It Off+1","Feel No Pain","Flame Barrier+1","Immolate+1","Pommel Strike","Shrug It Off","Reaper","Body Slam","Necronomicurse","Wild Strike","Clothesline","Evolve","Armaments","Double Tap","Writhe","Thunderclap","Sword Boomerang+1","Shockwave","Shockwave+1","Fire Breathing","Shrug It Off+1","Warcry+1"],"relics":["Burning Blood","Regal Pillow","Bag of Marbles","Pen Nib","Red Skull","Runic Cube","Necronomicon","Membership Card","Dream Catcher","Tiny Chest","Toxic Egg 2","Mercury Hourglass"],"acts_visited":["TheCity"],"potions_floor_usage":[7,10,18,24,33],"damage_taken":[{"damage":8,"enemies":"Jaw Worm","floor":1,"turns":4},{"damage":1,"enemies":"2 Louse","floor":2,"turns":3},{"damage":7,"enemies":"Small Slimes","floor":3,"turns":4},{"damage":10,"enemies":"Blue Slaver","floor":4,"turns":6},{"damage":42,"enemies":"Gremlin Nob","floor":7,"turns":6},{"damage":40,"enemies":"Gremlin Gang","floor":10,"turns":10},{"damage":12,"enemies":"3 Louse","floor":12,"turns":4},{"damage":1,"enemies":"Looter","floor":13,"turns":4},{"damage":11,"enemies":"3 Sentries","floor":14,"turns":6},{"damage":11,"enemies":"Slime Boss","floor":16,"turns":7},{"damage":22,"enemies":"3 Byrds","floor":18,"turns":6},{"damage":12,"enemies":"Chosen","floor":21,"turns":3},{"damage":40,"enemies":"Gremlin Leader","floor":24,"turns":9},{"damage":22,"enemies":"Sentry and Sphere","floor":30,"turns":5},{"damage":31,"enemies":"Book of Stabbing","floor":31,"turns":6},{"damage":91,"enemies":"Champ","floor":33,"turns":16}],"seed_played":"3063040981195360750","potions_obtained":[{"floor":2,"key":"BloodPotion"},{"floor":3,"key":"Block Potion"},{"floor":10,"key":"Block Potion"},{"floor":21,"key":"Energy Potion"},{"floor":24,"key":"BlessingOfTheForge"}],"is_trial":false,"path_per_floor":["M","M","M","M","?","R","E","R","T","M","R","M","M","E","R","B",null,"M","?","$","M","?","R","E","$","T","R","?","R","M","E","R","B"],"character_chosen":"IRONCLAD","items_purchased":["Wild Strike","Clothesline","Evolve","Membership Card","Armaments","Shockwave"],"campfire_rested":4,"item_purchase_floors":[20,20,20,20,20,25],"current_hp_per_floor":[70,75,74,70,70,70,34,34,34,16,55,49,54,49,49,44,71,61,45,45,39,39,78,46,46,46,46,46,80,64,39,78,0,0],"gold":53,"neow_bonus":"RANDOM_COMMON_RELIC","is_daily":false,"chose_seed":false,"campfire_upgraded":4,"win_rate":0.0,"timestamp":1612869190,"path_taken":["M","M","M","M","?","R","E","R","T","M","R","M","M","E","R","BOSS","M","?","$","M","?","R","E","$","T","R","?","R","M","E","R","BOSS"],"items_purchased_type":["Card","Card","Card","Relic","Card","Card"],"build_version":"2020-12-22","purchased_purges":1,"victory":false,"max_hp_per_floor":[80,80,80,80,80,80,80,80,80,80,80,80,80,80,80,80,80,80,80,80,80,80,80,80,80,80,80,80,80,80,80,80,80,80],"card_choices":[{"not_picked":["Pommel Strike","Entrench"],"picked":"Shrug It Off","floor":1},{"not_picked":["True Grit","Clash"],"picked":"Metallicize","floor":2},{"not_picked":["Clothesline","Wild Strike"],"picked":"Shrug It Off","floor":3},{"not_picked":["Pommel Strike","Cleave"],"picked":"Feel No Pain","floor":4},{"not_picked":["Armaments","Clash"],"picked":"Flame Barrier","floor":7},{"not_picked":["Combust","True Grit","Burning Pact"],"picked":"SKIP","floor":10},{"not_picked":["Seeing Red","Pummel"],"picked":"Immolate","floor":12},{"not_picked":["Iron Wave","Fire Breathing"],"picked":"Pommel Strike","floor":13},{"not_picked":["Limit Break","Perfected Strike"],"picked":"Shrug It Off","floor":14},{"not_picked":["Berserk","Fiend Fire"],"picked":"Reaper","floor":16},{"not_picked":["Pommel Strike","Heavy Blade"],"picked":"Body Slam","floor":18},{"not_picked":["Havoc","Entrench"],"picked":"Double Tap","floor":21},{"not_picked":["Clash","Combust"],"picked":"Thunderclap","floor":23},{"not_picked":["Limit Break","True Grit+1"],"picked":"Sword Boomerang+1","floor":24},{"not_picked":["Shrug It Off+1","Dark Embrace"],"picked":"Shockwave+1","floor":29},{"not_picked":["Perfected Strike","Clothesline"],"picked":"Fire Breathing","floor":30},{"not_picked":["Rupture","Havoc+1"],"picked":"Shrug It Off+1","floor":31},{"not_picked":["Hemokinesis","Iron Wave"],"picked":"Warcry+1","floor":32}],"player_experience":205282,"relics_obtained":[{"floor":7,"key":"Bag of Marbles"},{"floor":9,"key":"Pen Nib"},{"floor":14,"key":"Red Skull"},{"floor":19,"key":"Necronomicon"},{"floor":24,"key":"Tiny Chest"},{"floor":26,"key":"Toxic Egg 2"},{"floor":31,"key":"Mercury Hourglass"}],"event_choices":[{"damage_healed":0,"gold_gain":0,"player_choice":"Grow","damage_taken":0,"max_hp_gain":0,"max_hp_loss":0,"event_name":"Living Wall","floor":5,"gold_loss":0,"cards_upgraded":["Shrug It Off"]},{"damage_healed":0,"gold_gain":0,"player_choice":"Obtained Book","damage_taken":16,"max_hp_gain":0,"max_hp_loss":0,"event_name":"Cursed Tome","floor":19,"gold_loss":0},{"damage_healed":0,"gold_gain":0,"player_choice":"Opened","damage_taken":0,"relics_obtained":["Dream Catcher"],"max_hp_gain":0,"max_hp_loss":0,"event_name":"The Mausoleum","floor":22,"gold_loss":0,"cards_obtained":["Writhe"]},{"damage_healed":0,"gold_gain":0,"player_choice":"Ignored","damage_taken":0,"max_hp_gain":0,"max_hp_loss":0,"event_name":"Ghosts","floor":28,"gold_loss":0}],"is_beta":false,"boss_relics":[{"not_picked":["Runic Pyramid","Fusion Hammer"],"picked":"Runic Cube"}],"items_purged_floors":[25],"is_endless":false,"potions_floor_spawned":[2,3,10,21,24],"killed_by":"Champ","ascension_level":9}}