{"host":"6q94iy5iz6612v89","time":1612846256,"event":{"mods":["2.2 Compatiblity","AchievementEnabler","BaseMod","Colored Map","DeckTracker","Keyboard Shortcuts","Minty Spire (QoL Compilation)","Permanent Neow","StSLib","SuperFastMode"],"gold_per_floor":[117,128,138,12,23,23,51,63,75,87,112,137,149,180,192,283,295,318,152,168,186,186,186,198,198,222,147,147,160,72,87,87,87,87],"floor_reached":33,"language":"KOR","playtime":772,"items_purged":["Strike_R","Strike_R"],"score":552,"play_id":"dbc946e3-6b63-451a-9472-891d4ab426ed","local_time":"20210209135056","is_ascension_mode":true,"campfire_choices":[{"data":"Feed","floor":6,"key":"SMITH"},{"data":"Uppercut","floor":8,"key":"SMITH"},{"data":"Cleave","floor":10,"key":"SMITH"},{"data":"Armaments","floor":15,"key":"SMITH"},{"data":"Juggernaut","floor":23,"key":"SMITH"},{"floor":25,"key":"REST"},{"data":"Inflame","floor":28,"key":"SMITH"},{"floor":32,"key":"REST"}],"circlet_count":0,"master_deck":["AscendersBane","Strike_R","Defend_R","Defend_R","Defend_R","Defend_R","Bash","Cleave+1","Feed+1","Shrug It Off","Uppercut+1","Inflame+1","Armaments+1","Metallicize","Juggernaut+1","Evolve","Entrench","Intimidate","Rampage"],"relics":["Burning Blood","Unceasing Top","MawBank","Runic Dome","Omamori"],"acts_visited":["Exordium","TheCity"],"potions_floor_usage":[7,12,14,21,33,33],"damage_taken":[{"damage":11,"enemies":"Jaw Worm","floor":1,"turns":6},{"damage":1,"enemies":"Small Slimes","floor":2,"turns":4},{"damage":0,"enemies":"2 Louse","floor":3,"turns":2},{"damage":13,"enemies":"Lots of Slimes","floor":5,"turns":3},{"damage":52,"enemies":"Lagavulin","floor":7,"turns":8},{"damage":3,"enemies":"2 Fungi Beasts","floor":11,"turns":3},{"damage":1,"enemies":"Looter","floor":12,"turns":4},{"damage":0,"enemies":"Lots of Slimes","floor":14,"turns":1},{"damage":16,"enemies":"The Guardian","floor":16,"turns":16},{"damage":15,"enemies":"Spheric Guardian","floor":18,"turns":6},{"damage":20,"enemies":"Shell Parasite","floor":20,"turns":6},{"damage":20,"enemies":"Centurion and Healer","floor":21,"turns":9},{"damage":35,"enemies":"Chosen and Byrds","floor":24,"turns":7},{"damage":41,"enemies":"Shelled Parasite and Fungi","floor":29,"turns":6},{"damage":15,"enemies":"Snake Plant","floor":31,"turns":5},{"damage":73,"enemies":"Champ","floor":33,"turns":11}],"seed_played":"-3845111521490030319","potions_obtained":[{"floor":5,"key":"LiquidBronze"},{"floor":7,"key":"ColorlessPotion"},{"floor":11,"key":"Explosive Potion"},{"floor":16,"key":"Explosive Potion"},{"floor":20,"key":"ElixirPotion"},{"floor":29,"key":"LiquidBronze"},{"floor":31,"key":"Block Potion"}],"is_trial":false,"path_per_floor":["M","M","M","$","M","R","E","R","T","R","M","M","?","M","R","B",null,"M","$","M","M","?","R","M","R","T","?","R","M","$","M","R","B"],"character_chosen":"IRONCLAD","items_purchased":["Shrug It Off","Entrench","Rampage"],"campfire_rested":2,"item_purchase_floors":[4,19,30],"current_hp_per_floor":[45,50,59,59,55,55,9,9,9,9,16,25,30,36,36,30,81,76,76,66,56,56,56,31,65,65,65,65,34,34,25,60,0,0],"gold":87,"neow_bonus":"ONE_RARE_RELIC","is_daily":false,"chose_seed":false,"campfire_upgraded":6,"win_rate":0.0,"timestamp":1612846256,"path_taken":["M","M","M","$","M","R","E","R","T","R","M","M","?","M","R","BOSS","M","$","M","M","?","R","M","R","T","?","R","?","$","M","R","BOSS"],"items_purchased_type":["Card","Card","Card"],"build_version":"2020-12-22","purchased_purges":2,"victory":false,"max_hp_per_floor":[75,75,78,78,81,81,81,81,81,81,85,89,94,94,94,98,98,102,102,106,110,110,110,114,114,114,114,114,118,118,118,118,118,118],"card_choices":[{"not_picked":["Armaments","Thunderclap"],"picked":"Cleave","floor":1},{"not_picked":["Cleave","Twin Strike"],"picked":"Feed","floor":2},{"not_picked":["Headbutt","Havoc","True Grit"],"picked":"SKIP","floor":3},{"not_picked":["Headbutt","Clothesline","Feel No Pain"],"picked":"SKIP","floor":5},{"not_picked":["Rampage","Power Through"],"picked":"Uppercut","floor":7},{"not_picked":["Second Wind","Feel No Pain"],"picked":"Inflame","floor":11},{"not_picked":["Sentinel","Thunderclap"],"picked":"Armaments","floor":12},{"not_picked":["Thunderclap","Spot Weakness"],"picked":"Metallicize","floor":14},{"not_picked":["Fiend Fire","Corruption"],"picked":"Juggernaut","floor":16},{"not_picked":["Sever Soul","Iron Wave"],"picked":"Evolve","floor":18},{"not_picked":["Heavy Blade","Clothesline"],"picked":"Intimidate","floor":20},{"not_picked":["Pommel Strike","Carnage","Shrug It Off"],"picked":"SKIP","floor":21},{"not_picked":["Headbutt+1","Burning Pact","Anger"],"picked":"SKIP","floor":24},{"not_picked":["Dropkick","Flex+1","Immolate"],"picked":"SKIP","floor":29},{"not_picked":["Rupture","Wild Strike","Iron Wave"],"picked":"SKIP","floor":31}],"player_experience":1480260,"relics_obtained":[{"floor":7,"key":"MawBank"},{"floor":26,"key":"Omamori"}],"event_choices":[{"damage_healed":0,"gold_gain":0,"player_choice":"Donut","damage_taken":0,"max_hp_gain":5,"max_hp_loss":0,"event_name":"Big Fish","floor":13,"gold_loss":0},{"cards_removed":["Strike_R"],"damage_healed":0,"gold_gain":0,"player_choice":"Elegance","damage_taken":0,"max_hp_gain":0,"max_hp_loss":0,"event_name":"Back to Basics","floor":22,"gold_loss":0},{"cards_removed":["Strike_R"],"damage_healed":0,"gold_gain":0,"player_choice":"Single Remove","damage_taken":0,"max_hp_gain":0,"max_hp_loss":0,"event_name":"Designer","floor":27,"gold_loss":75}],"is_beta":false,"boss_relics":[{"not_picked":["Snecko Eye","Velvet Choker"],"picked":"Runic Dome"}],"items_purged_floors":[4,19],"is_endless":false,"potions_floor_spawned":[5,7,11,16,20,29,31],"killed_by":"Champ","ascension_level":20}}