{"host":"hf26dlu7397s98tc","time":1612872899,"event":{"mods":["Act Like it!","Arknights","Astrologer","BaseMod","CapriCore","GifTheSpireLib","Hermit","Luminous","Minty Spire (QoL Compilation)","Pale of the Ancients","Quick Restart","Robot Space Explorer","StSLib","The Dragon Tamer","The Gatherer","TheWitcher","UnlockEverythingMod","≤–¡Ù÷ÆŒÔ"],"gold_per_floor":[118,118,118,118,132,173,173,204,227,253,286,337,376,402,414,549,561,587,620,93,112,112,128,128,128,128],"floor_reached":25,"language":"ZHS","playtime":1451,"items_purged":["PlaceholderMod:BaseDefend"],"score":287,"play_id":"a5958271-87d0-4e64-a17b-40e7ce9732e6","local_time":"20210209201459","is_ascension_mode":true,"campfire_choices":[{"data":"PlaceholderMod:ThreeBenzyolStart","floor":7.0,"key":"SMITH"},{"floor":15.0,"key":"REST"},{"data":"PlaceholderMod:SelfCoupling","floor":24,"key":"SMITH"}],"circlet_count":0,"master_deck":["PlaceholderMod:BaseStrike","PlaceholderMod:BaseStrike","PlaceholderMod:BaseStrike+1","PlaceholderMod:BaseDefend","PlaceholderMod:BaseDefend","PlaceholderMod:BaseDefend","PlaceholderMod:BaseDefend","PlaceholderMod:Crystal+1","PlaceholderMod:ThreeBenzyolStart+1","PlaceholderMod:EnergyAbsorb","PlaceholderMod:ThreeBenzyolStart","PlaceholderMod:ChainPoly","PlaceholderMod:SelfCoupling+1","PlaceholderMod:Activation","PlaceholderMod:Turn+1","PlaceholderMod:Crystallization","PlaceholderMod:StressReaction","PlaceholderMod:SelfCoupling","PlaceholderMod:HighConcentration"],"relics":["PlaceholderMod:Tancle","NeowsBlessing","Golden Idol","Toy Ornithopter","PlaceholderMod:DaolothFragment","MawBank","Peace Pipe","Boot","Empty Cage","Bottled Tornado"],"acts_visited":["Exordium","TheCity"],"potions_floor_usage":[],"damage_taken":[{"damage":0.0,"enemies":"Small Slimes","floor":1.0,"turns":1.0},{"damage":0.0,"enemies":"Jaw Worm","floor":5.0,"turns":1.0},{"damage":0.0,"enemies":"3 Sentries","floor":6.0,"turns":2.0},{"damage":22.0,"enemies":"Gremlin Nob","floor":8.0,"turns":7.0},{"damage":0.0,"enemies":"2 Louse","floor":10.0,"turns":4.0},{"damage":0.0,"enemies":"Large Slime","floor":11.0,"turns":9.0},{"damage":0.0,"enemies":"3 Sentries","floor":12.0,"turns":6.0},{"damage":3.0,"enemies":"2 Fungi Beasts","floor":14.0,"turns":4.0},{"damage":21.0,"enemies":"The Guardian","floor":16.0,"turns":11.0},{"damage":22.0,"enemies":"3 Byrds","floor":18.0,"turns":5.0},{"damage":0.0,"enemies":"Chosen","floor":19.0,"turns":11.0},{"damage":13.0,"enemies":"Shelled Parasite and Fungi","floor":21.0,"turns":8.0},{"damage":5,"enemies":"Centurion and Healer","floor":23,"turns":10},{"damage":39,"enemies":"Slavers","floor":25,"turns":4}],"seed_played":"3298384547451542985","potions_obtained":[{"floor":8.0,"key":"SpeedPotion"},{"floor":11.0,"key":"Strength Potion"},{"floor":12.0,"key":"LiquidMemories"},{"floor":23,"key":"SteroidPotion"}],"is_trial":false,"path_per_floor":["M","?","?","?","M","E","R","E","T","M","M","E","T","M","R","B",null,"M","M","$","M","?","M","R","E"],"character_chosen":"THE_PLACEHOLDER","items_purchased":["Bottled Tornado","PlaceholderMod:StressReaction","PlaceholderMod:SelfCoupling"],"campfire_rested":1,"item_purchase_floors":[20,20,20],"current_hp_per_floor":[78,62,43,36,36,36,36,14,14,14,14,24,24,21,44,28,78,56,56,56,43,43,38,38,0,0],"gold":128,"neow_bonus":"THREE_ENEMY_KILL","is_daily":false,"chose_seed":false,"campfire_upgraded":2,"win_rate":0.0,"timestamp":1612872899,"path_taken":["M","?","?","?","M","E","R","E","T","M","M","E","?","M","R","BOSS","M","M","$","M","?","M","R","E"],"items_purchased_type":["Relic","Card","Card"],"build_version":"2020-12-22","purchased_purges":1,"victory":false,"max_hp_per_floor":[78,78,78,78,78,78,78,78,78,78,78,78,78,78,78,78,78,78,78,78,78,78,78,78,78,78],"card_choices":[{"not_picked":["PlaceholderMod:DissolvingSpikes","PlaceholderMod:ProliferateStrike"],"picked":"PlaceholderMod:ThreeBenzyolStart","floor":1.0},{"not_picked":["PlaceholderMod:UnpureUse","PlaceholderMod:PoisonBlast","PlaceholderMod:DissolvingSpikes"],"picked":"SKIP","floor":5.0},{"not_picked":["PlaceholderMod:StressReaction","PlaceholderMod:CrystallizationStrike"],"picked":"PlaceholderMod:EnergyAbsorb","floor":6.0},{"not_picked":["PlaceholderMod:DirectingGroup","PlaceholderMod:StrongAcid"],"picked":"PlaceholderMod:ThreeBenzyolStart","floor":8.0},{"not_picked":["PlaceholderMod:Hard","PlaceholderMod:SpinBlade","PlaceholderMod:HardStinger"],"picked":"SKIP","floor":10.0},{"not_picked":["PlaceholderMod:OHStrongAttack","PlaceholderMod:Hard","PlaceholderMod:StrongAcid"],"picked":"SKIP","floor":11.0},{"not_picked":["PlaceholderMod:NearChange","PlaceholderMod:ConsolidateHit"],"picked":"PlaceholderMod:ChainPoly","floor":12.0},{"not_picked":["PlaceholderMod:SevereHeat","PlaceholderMod:AttackAsDefend"],"picked":"PlaceholderMod:SelfCoupling","floor":14.0},{"not_picked":["PlaceholderMod:Assimilation","PlaceholderMod:FinalSpray"],"picked":"PlaceholderMod:Activation","floor":16.0},{"not_picked":["PlaceholderMod:TriggerStrike","PlaceholderMod:Internalization"],"picked":"PlaceholderMod:Turn+1","floor":18.0},{"not_picked":["PlaceholderMod:PoisonAbsorb","PlaceholderMod:Sweep"],"picked":"PlaceholderMod:Crystallization","floor":19.0},{"not_picked":["PlaceholderMod:ProliferateStrike","PlaceholderMod:DirectingGroup"],"picked":"PlaceholderMod:HighConcentration","floor":21.0},{"not_picked":["PlaceholderMod:AbsorbTouch","PlaceholderMod:OHStrongAttack","PlaceholderMod:DissolvingSpikes"],"picked":"SKIP","floor":23}],"player_experience":217387,"relics_obtained":[{"floor":6.0,"key":"Toy Ornithopter"},{"floor":8.0,"key":"PlaceholderMod:DaolothFragment"},{"floor":9.0,"key":"MawBank"},{"floor":12.0,"key":"Peace Pipe"},{"floor":13.0,"key":"Boot"}],"event_choices":[{"damage_healed":0.0,"max_hp_gain":0.0,"max_hp_loss":0.0,"gold_gain":0.0,"event_name":"Shining Light","player_choice":"Entered Light","floor":2.0,"gold_loss":0.0,"damage_taken":16.0,"cards_upgraded":["PlaceholderMod:Crystal","PlaceholderMod:BaseStrike"]},{"damage_healed":0.0,"max_hp_gain":0.0,"max_hp_loss":0.0,"gold_gain":0.0,"event_name":"Golden Idol","player_choice":"Take Damage","floor":3.0,"gold_loss":0.0,"damage_taken":19.0,"relics_obtained":["Golden Idol"]},{"cards_removed":["PlaceholderMod:PoisonWhip"],"damage_healed":0.0,"max_hp_gain":0.0,"max_hp_loss":0.0,"gold_gain":0.0,"event_name":"Golden Wing","player_choice":"Card Removal","floor":4.0,"gold_loss":0.0,"damage_taken":7.0},{"damage_healed":0,"gold_gain":0,"player_choice":"Ignored","damage_taken":0,"max_hp_gain":0,"max_hp_loss":0,"event_name":"Cursed Tome","floor":22,"gold_loss":0}],"is_beta":false,"boss_relics":[{"not_picked":["Cursed Key","Ectoplasm"],"picked":"Empty Cage"}],"items_purged_floors":[20],"is_endless":false,"potions_floor_spawned":[8,11,12,23],"killed_by":"Slavers","ascension_level":1}}