{"host":"twbuyd87gsx4w7po","time":1612899528,"event":{"mods":["BaseMod","Minty Spire (QoL Compilation)","StSLib"],"gold_per_floor":[110,120,136,136,150,165,165,200,224,224,240,240,258,258,258,258,258],"floor_reached":16,"language":"ENG","playtime":548,"items_purged":[],"score":156,"play_id":"a1a98432-40db-4414-8dd6-203b26be3251","local_time":"20210209113848","is_ascension_mode":true,"campfire_choices":[{"data":"Armaments","floor":7,"key":"SMITH"},{"floor":10,"key":"REST"},{"data":"Bash","floor":12,"key":"SMITH"},{"data":"Shockwave","floor":15,"key":"SMITH"}],"circlet_count":0,"master_deck":["AscendersBane","Strike_R+1","Strike_R","Strike_R","Strike_R","Strike_R","Defend_R","Defend_R","Defend_R","Defend_R","Bash+1","Whirlwind+1","Shrug It Off","Clothesline","Shockwave+1","Armaments+1","Battle Trance"],"relics":["Velvet Choker","Centennial Puzzle","Whetstone","Juzu Bracelet"],"acts_visited":["Exordium"],"potions_floor_usage":[8,16],"damage_taken":[{"damage":1,"enemies":"Cultist","floor":1,"turns":3},{"damage":6,"enemies":"Small Slimes","floor":2,"turns":3},{"damage":0,"enemies":"2 Louse","floor":3,"turns":2},{"damage":0,"enemies":"Red Slaver","floor":5,"turns":3},{"damage":9,"enemies":"2 Fungi Beasts","floor":6,"turns":3},{"damage":12,"enemies":"Gremlin Nob","floor":8,"turns":3},{"damage":0,"enemies":"Large Slime","floor":11,"turns":4},{"damage":4,"enemies":"Red Slaver","floor":13,"turns":4},{"damage":40,"enemies":"Hexaghost","floor":16,"turns":9}],"seed_played":"3214172697794861700","potions_obtained":[{"floor":1,"key":"SpeedPotion"},{"floor":2,"key":"Dexterity Potion"},{"floor":6,"key":"PowerPotion"}],"is_trial":false,"path_per_floor":["M","M","M","?","M","M","R","E","T","R","M","R","M","?","R","B"],"character_chosen":"IRONCLAD","items_purchased":[],"campfire_rested":1,"item_purchase_floors":[],"current_hp_per_floor":[71,65,65,40,40,31,31,19,19,43,43,43,39,39,39,0,0],"gold":258,"neow_bonus":"BOSS_RELIC","is_daily":false,"chose_seed":false,"campfire_upgraded":3,"win_rate":0.0,"timestamp":1612899528,"path_taken":["M","M","?","?","M","M","R","E","T","R","M","R","M","?","R","BOSS"],"items_purchased_type":[],"build_version":"2020-12-22","purchased_purges":0,"victory":false,"max_hp_per_floor":[80,80,80,80,80,80,80,80,80,80,80,80,80,80,80,80,80],"card_choices":[{"not_picked":["Feel No Pain","True Grit"],"picked":"Whirlwind","floor":1},{"not_picked":["Spot Weakness","Whirlwind"],"picked":"Shrug It Off","floor":2},{"not_picked":["Twin Strike","Rampage"],"picked":"Clothesline","floor":3},{"not_picked":["Clothesline","Havoc"],"picked":"Shockwave","floor":5},{"not_picked":["Flex","Twin Strike"],"picked":"Armaments","floor":6},{"not_picked":["Fiend Fire","Twin Strike","Iron Wave"],"picked":"SKIP","floor":8},{"not_picked":["Wild Strike","Perfected Strike"],"picked":"Battle Trance","floor":11},{"not_picked":["Evolve","Second Wind","Twin Strike"],"picked":"SKIP","floor":13}],"player_experience":295361,"relics_obtained":[{"floor":8,"key":"Whetstone"},{"floor":9,"key":"Juzu Bracelet"}],"event_choices":[{"damage_healed":0,"gold_gain":0,"player_choice":"Success","damage_taken":25,"relics_obtained":["Centennial Puzzle"],"max_hp_gain":0,"max_hp_loss":0,"event_name":"Scrap Ooze","floor":4,"gold_loss":0},{"damage_healed":0,"gold_gain":0,"player_choice":"Ignored","damage_taken":0,"max_hp_gain":0,"max_hp_loss":0,"event_name":"Liars Game","floor":14,"gold_loss":0}],"is_beta":false,"boss_relics":[],"items_purged_floors":[],"is_endless":false,"potions_floor_spawned":[1,2,6],"killed_by":"Hexaghost","ascension_level":10}}