{"host":"vflj39ie5n27t074","time":1612832119,"event":{"mods":["BaseMod","BetterRewards","Bossed Relics","Colored Map","Colored Powertips","Downfall","Hero for Fun","Hubris","Infinite Spire","Marisa????????","Minty Spire (QoL Compilation)","Replay The Spire","SIMod","StSLib","The Jungle","The Mystic","The Poker Player","The Servant 0.9.4"],"gold_per_floor":[110,110,110,124,124,168,243,278,302,302,327,327,341,366,366,494,494,519,533,552,576,601,632,632,668,668,668,680,680],"floor_reached":28,"language":"ENG","playtime":1884,"items_purged":[],"score":309,"play_id":"870e9229-8e64-4b42-b750-1b3a3e4cb33a","local_time":"20210208185519","is_ascension_mode":true,"campfire_choices":[{"floor":12,"key":"REST"},{"data":"infinitespire:TheBestDefense","floor":15,"key":"SMITH"},{"floor":24,"key":"REST"},{"floor":27,"key":"REST"}],"circlet_count":0,"master_deck":["Strike_G","Strike_G","Strike_G","Strike_G","Strike_G","Defend_G","Defend_G+1","Defend_G","Defend_G+1","Defend_G","Survivor","Neutralize","Hidden Blade","PiercingWail","infinitespire:TheBestDefense+1","Noxious Fumes","Dodge and Roll","Skewer","Blade Dance","Dagger Throw","Wraith Form v2","Prepared","Prepared+1","Burst","Bouncing Flask","Deadly Poison+1","Catalyst"],"relics":["Ring of the Snake","NeowsBlessing","Golden Idol","Centennial Puzzle","Pet Ghost","hubris:TenFootPole","Spirit Poop","hubris:VirtuousBlindfold","Ginger","ReplayFunnel","infinitespire:Midas Blood"],"acts_visited":["Exordium","TheCity"],"potions_floor_usage":[8,8,16,25,25],"damage_taken":[{"damage":0,"enemies":"Cultist","floor":1,"turns":1},{"damage":0,"enemies":"Jaw Worm","floor":4,"turns":1},{"damage":0,"enemies":"3 Sentries","floor":6,"turns":1},{"damage":15,"enemies":"Gremlin Nob","floor":8,"turns":6},{"damage":0,"enemies":"Small Slimes","floor":11,"turns":3},{"damage":2,"enemies":"2 Fungi Beasts","floor":13,"turns":3},{"damage":0,"enemies":"3 Louse","floor":14,"turns":4},{"damage":41,"enemies":"Fading Forest","floor":16,"turns":11},{"damage":1,"enemies":"2 Thieves","floor":18,"turns":5},{"damage":0,"enemies":"Spheric Guardian","floor":19,"turns":2},{"damage":8,"enemies":"Centurion and Healer","floor":20,"turns":6},{"damage":8,"enemies":"Chosen and Byrds","floor":21,"turns":6},{"damage":17,"enemies":"Sentry and Sphere","floor":22,"turns":8},{"damage":25,"enemies":"Slavers","floor":23,"turns":7},{"damage":30,"enemies":"Book of Stabbing","floor":25,"turns":6},{"damage":30,"enemies":"Slavers","floor":28,"turns":3}],"seed_played":"7368254047100536793","potions_obtained":[{"floor":1,"key":"PowerPotion"},{"floor":4,"key":"Energy Potion"},{"floor":8,"key":"ColorlessPotion"},{"floor":20,"key":"sneckomod:MuddlingPotion"},{"floor":23,"key":"DistilledChaos"}],"is_trial":false,"path_per_floor":["M","?","?","M","?","E","?","E","T","?","M","R","M","M","R","B",null,"M","M","M","M","M","E","R","E","T","R","E"],"character_chosen":"THE_SILENT","items_purchased":[],"campfire_rested":3,"item_purchase_floors":[],"current_hp_per_floor":[70,70,56,56,40,40,29,14,14,14,14,35,33,33,33,6,70,69,69,61,53,36,11,32,2,2,23,0,0],"gold":680,"neow_bonus":"THREE_ENEMY_KILL","is_daily":false,"chose_seed":false,"campfire_upgraded":1,"win_rate":0.0,"timestamp":1612832119,"path_taken":["M","?","?","M","?","E","?","E","T","?","?","R","M","M","R","BOSS","M","M","M","M","M","E","R","E","T","R","E"],"items_purchased_type":[],"build_version":"2020-12-22","purchased_purges":0,"victory":false,"max_hp_per_floor":[70,70,70,70,70,70,70,70,70,70,70,70,70,70,70,70,70,70,70,70,70,70,70,70,70,70,70,70,70],"card_choices":[{"not_picked":["Bane","Poisoned Stab"],"picked":"Hidden Blade","floor":1},{"not_picked":["Dagger Spray","Underhanded Strike"],"picked":"PiercingWail","floor":4},{"not_picked":["hubris:InfiniteBlow","hubris:Rewind"],"picked":"infinitespire:TheBestDefense","floor":5},{"not_picked":["ReplayTheSpireMod:Exploit Weakness","ReplayTheSpireMod:From All Sides"],"picked":"Noxious Fumes","floor":6},{"not_picked":["Noxious Fumes","Venomology"],"picked":"Dodge and Roll","floor":8},{"not_picked":["Slice","Caltrops"],"picked":"Skewer","floor":11},{"not_picked":["ReplayTheSpireMod:Tripwire","Cloak And Dagger"],"picked":"Blade Dance","floor":13},{"not_picked":["Sucker Punch","Acrobatics"],"picked":"Dagger Throw","floor":14},{"not_picked":["Storm of Steel","Malaise"],"picked":"Wraith Form v2","floor":16},{"not_picked":["Blade Dance","Infinite Blades"],"picked":"Prepared","floor":18},{"not_picked":["Quick Slash+1","Deflect+1"],"picked":"Prepared+1","floor":19},{"not_picked":["Sneak Up","Dagger Spray"],"picked":"Burst","floor":20},{"not_picked":["Outmaneuver","PiercingWail"],"picked":"Bouncing Flask","floor":21},{"not_picked":["Dagger Spray","ReplayTheSpireMod:Speed Training","Slice"],"picked":"SKIP","floor":22},{"not_picked":["Storm of Steel","Reflex"],"picked":"Deadly Poison+1","floor":23},{"not_picked":["hubris:Counter","Crippling Poison"],"picked":"Catalyst","floor":25}],"player_experience":107148,"relics_obtained":[{"floor":6,"key":"Centennial Puzzle"},{"floor":8,"key":"Pet Ghost"},{"floor":9,"key":"hubris:TenFootPole"},{"floor":23,"key":"Ginger"},{"floor":25,"key":"ReplayFunnel"},{"floor":26,"key":"infinitespire:Midas Blood"}],"event_choices":[{"damage_healed":0,"gold_gain":0,"player_choice":"Take Wound","damage_taken":0,"relics_obtained":["Golden Idol"],"max_hp_gain":0,"max_hp_loss":0,"event_name":"Golden Idol","floor":2,"gold_loss":0,"cards_obtained":["Injury"]},{"damage_healed":0,"gold_gain":0,"player_choice":"Entered Light","damage_taken":14,"max_hp_gain":0,"max_hp_loss":0,"event_name":"Shining Light","floor":3,"gold_loss":0,"cards_upgraded":["Defend_G","Defend_G"]},{"damage_healed":0,"gold_gain":75,"player_choice":"Gather Gold","damage_taken":11,"max_hp_gain":0,"max_hp_loss":0,"event_name":"World of Goop","floor":7,"gold_loss":0},{"cards_removed":["Injury"],"damage_healed":0,"gold_gain":0,"player_choice":"Offered Curse","damage_taken":0,"relics_obtained":["Spirit Poop"],"max_hp_gain":0,"max_hp_loss":0,"event_name":"Bonfire Elementals","floor":10,"gold_loss":0}],"is_beta":false,"boss_relics":[{"not_picked":["ReplayTheSpireMod:SealedPack","hubris:Stopwatch"],"picked":"hubris:VirtuousBlindfold"}],"items_purged_floors":[],"is_endless":false,"potions_floor_spawned":[1,4,8,20,23],"killed_by":"Slavers","ascension_level":1}}