{"host":"06gxn1c1bsk424jw","time":1612889867,"event":{"mods":["BaseMod","DeckTracker","Minty Spire (QoL Compilation)","SuperFastMode"],"gold_per_floor":[114,126,138,150,168,202,218,237,237,237,155,212,246,257,257,333,333,348,21,21,35,59,59,70,120,173,173,173,182,208,242,242,325,325,353,381,381,381],"floor_reached":37,"language":"KOR","playtime":2263,"items_purged":[],"score":806,"play_id":"a2a7d054-96e4-4382-af36-3872e395a122","local_time":"20210210015747","is_ascension_mode":true,"campfire_choices":[{"floor":10.0,"key":"REST"},{"data":"Demon Form","floor":15.0,"key":"SMITH"},{"floor":23.0,"key":"REST"},{"data":"Double Tap","floor":28.0,"key":"SMITH"},{"data":"Bash","floor":32.0,"key":"SMITH"}],"circlet_count":0,"master_deck":["AscendersBane","Strike_R","Strike_R","Strike_R","Strike_R","Strike_R","Defend_R","Defend_R","Defend_R","Defend_R","Bash+1","Wild Strike","Double Tap+1","Dropkick","Shrug It Off","Fire Breathing","Pummel","Demon Form+1","Shrug It Off","Perfected Strike+1","Wild Strike+1","Fiend Fire+1","Perfected Strike+1","Perfected Strike+1","Pommel Strike+1","Regret","Twin Strike+1","Pain","Writhe","Second Wind+1","Clothesline+1","Offering+1","True Grit+1","Headbutt+1"],"relics":["Burning Blood","PreservedInsect","InkBottle","Eternal Feather","Molten Egg 2","Strawberry","Cursed Key","Membership Card","Bottled Lightning","Enchiridion","Regal Pillow","CeramicFish","Toxic Egg 2","Toy Ornithopter","Fusion Hammer"],"acts_visited":["Exordium","TheCity","TheBeyond"],"potions_floor_usage":[],"damage_taken":[{"damage":9.0,"enemies":"Jaw Worm","floor":1.0,"turns":4.0},{"damage":0.0,"enemies":"Small Slimes","floor":2.0,"turns":2.0},{"damage":4.0,"enemies":"2 Louse","floor":3.0,"turns":3.0},{"damage":13.0,"enemies":"Large Slime","floor":4.0,"turns":6.0},{"damage":17.0,"enemies":"3 Louse","floor":5.0,"turns":4.0},{"damage":42.0,"enemies":"3 Sentries","floor":6.0,"turns":9.0},{"damage":10.0,"enemies":"2 Fungi Beasts","floor":7.0,"turns":3.0},{"damage":11.0,"enemies":"Exordium Wildlife","floor":8.0,"turns":5.0},{"damage":8.0,"enemies":"Gremlin Nob","floor":12.0,"turns":3.0},{"damage":12.0,"enemies":"Lagavulin","floor":13.0,"turns":5.0},{"damage":5.0,"enemies":"Blue Slaver","floor":14.0,"turns":2.0},{"damage":67.0,"enemies":"The Guardian","floor":16.0,"turns":10.0},{"damage":28.0,"enemies":"Shell Parasite","floor":18.0,"turns":5.0},{"damage":12.0,"enemies":"3 Byrds","floor":21.0,"turns":3.0},{"damage":0.0,"enemies":"Snecko","floor":24.0,"turns":2.0},{"damage":5.0,"enemies":"Sentry and Sphere","floor":30.0,"turns":2.0},{"damage":37.0,"enemies":"Slavers","floor":31.0,"turns":3.0},{"damage":66.0,"enemies":"Champ","floor":33.0,"turns":8.0},{"damage":41.0,"enemies":"3 Darklings","floor":35.0,"turns":5.0},{"damage":11.0,"enemies":"Orb Walker","floor":36.0,"turns":2.0},{"damage":31,"enemies":"2 Orb Walkers","floor":37,"turns":3}],"seed_played":"-7045087849990470984","potions_obtained":[{"floor":2.0,"key":"Fruit Juice"},{"floor":5.0,"key":"Dexterity Potion"},{"floor":6.0,"key":"SpeedPotion"},{"floor":7.0,"key":"BlessingOfTheForge"},{"floor":8.0,"key":"FairyPotion"},{"floor":12.0,"key":"Ancient Potion"},{"floor":16.0,"key":"BlessingOfTheForge"},{"floor":21.0,"key":"LiquidBronze"},{"floor":24.0,"key":"Dexterity Potion"},{"floor":31.0,"key":"Ancient Potion"},{"floor":33.0,"key":"LiquidBronze"}],"is_trial":false,"path_per_floor":["M","M","M","M","M","E","M","M","T","R","$","?","E","M","R","B",null,"M","$","?","M","T","R","M","?","T","?","R","?","M","E","R","B",null,"M","M","?"],"character_chosen":"IRONCLAD","items_purchased":["Shrug It Off","SteroidPotion","Membership Card","Bottled Lightning","Perfected Strike+1"],"campfire_rested":2,"item_purchase_floors":[11,11,19,19,19],"current_hp_per_floor":[65,71,73,66,55,24,20,15,15,48,48,46,47,48,60,27,72,50,50,29,23,23,79,85,85,85,85,87,87,87,56,74,24,71,36,31,0,0],"gold":381,"neow_bonus":"RANDOM_COMMON_RELIC","is_daily":false,"chose_seed":false,"campfire_upgraded":3,"win_rate":0.0,"timestamp":1612889867,"path_taken":["M","M","M","M","M","E","M","M","T","R","$","?","E","M","R","BOSS","M","$","?","M","?","R","M","?","T","?","R","?","M","E","R","BOSS","M","M","?"],"items_purchased_type":["Card","Potion","Relic","Relic","Card"],"build_version":"2020-12-22","purchased_purges":0,"victory":false,"max_hp_per_floor":[75,75,75,75,75,80,80,80,80,80,80,80,87,87,87,87,87,87,87,87,87,87,87,87,87,87,87,87,87,87,87,87,87,87,87,87,87,87],"card_choices":[{"not_picked":["Twin Strike","Warcry"],"picked":"Wild Strike","floor":1.0},{"not_picked":["Warcry","Sever Soul","Clothesline"],"picked":"SKIP","floor":2.0},{"not_picked":["Clothesline","Hemokinesis"],"picked":"Double Tap","floor":3.0},{"not_picked":["Uppercut","Wild Strike"],"picked":"Dropkick","floor":4.0},{"not_picked":["Entrench","Searing Blow"],"picked":"Shrug It Off","floor":5.0},{"not_picked":["True Grit","Anger"],"picked":"Fire Breathing","floor":6.0},{"not_picked":["Iron Wave","Cleave"],"picked":"Pummel","floor":7.0},{"not_picked":["Heavy Blade","Twin Strike"],"picked":"Demon Form","floor":8.0},{"not_picked":["Seeing Red","Spot Weakness"],"picked":"Perfected Strike+1","floor":12.0},{"not_picked":["Combust","Havoc","Cleave+1"],"picked":"SKIP","floor":13.0},{"not_picked":["Thunderclap+1","Anger+1"],"picked":"Wild Strike+1","floor":14.0},{"not_picked":["Double Tap","Barricade"],"picked":"Fiend Fire+1","floor":16.0},{"not_picked":["True Grit","Dark Embrace"],"picked":"Perfected Strike+1","floor":18.0},{"not_picked":["Clash+1","True Grit"],"picked":"Pommel Strike+1","floor":21.0},{"not_picked":["Inflame","Dropkick+1"],"picked":"Twin Strike+1","floor":24.0},{"not_picked":["Pommel Strike+1","Ghostly Armor+1"],"picked":"Second Wind+1","floor":30.0},{"not_picked":["Whirlwind+1","Heavy Blade+1"],"picked":"Clothesline+1","floor":31.0},{"not_picked":["Brutality","Feed+1"],"picked":"Offering+1","floor":33.0},{"not_picked":["Sever Soul+1","Fire Breathing"],"picked":"True Grit+1","floor":35.0},{"not_picked":["Armaments+1","Cleave+1"],"picked":"Headbutt+1","floor":36.0}],"player_experience":826455,"relics_obtained":[{"floor":6.0,"key":"InkBottle"},{"floor":9.0,"key":"Eternal Feather"},{"floor":12.0,"key":"Molten Egg 2"},{"floor":13.0,"key":"Strawberry"},{"floor":20.0,"key":"Enchiridion"},{"floor":22.0,"key":"Regal Pillow"},{"floor":26.0,"key":"CeramicFish"},{"floor":31.0,"key":"Toy Ornithopter"}],"event_choices":[{"damage_healed":0.0,"max_hp_gain":0.0,"max_hp_loss":0.0,"gold_gain":0.0,"event_name":"Dead Adventurer","player_choice":"Searched \u00271\u0027 times","floor":12.0,"gold_loss":0.0,"damage_taken":0.0},{"damage_healed":0.0,"max_hp_gain":0.0,"max_hp_loss":0.0,"gold_gain":0.0,"event_name":"Cursed Tome","player_choice":"Obtained Book","floor":20.0,"gold_loss":0.0,"damage_taken":21.0},{"damage_healed":0.0,"max_hp_gain":0.0,"max_hp_loss":0.0,"gold_gain":50.0,"event_name":"Nest","player_choice":"Stole From Cult","floor":25.0,"gold_loss":0.0,"damage_taken":0.0},{"damage_healed":0.0,"max_hp_gain":0.0,"max_hp_loss":0.0,"gold_gain":0.0,"event_name":"Ghosts","player_choice":"Ignored","floor":27.0,"gold_loss":0.0,"damage_taken":0.0},{"damage_healed":0.0,"max_hp_gain":0.0,"max_hp_loss":0.0,"gold_gain":0.0,"event_name":"The Mausoleum","player_choice":"Opened","floor":29.0,"gold_loss":0.0,"damage_taken":0.0,"relics_obtained":["Toxic Egg 2"],"cards_obtained":["Writhe"]},{"damage_healed":0,"gold_gain":0,"player_choice":"Fight","damage_taken":0,"max_hp_gain":0,"max_hp_loss":0,"event_name":"Mysterious Sphere","floor":37,"gold_loss":0}],"is_beta":false,"boss_relics":[{"not_picked":["Black Blood","Calling Bell"],"picked":"Cursed Key"},{"not_picked":["Runic Cube","Black Star"],"picked":"Fusion Hammer"}],"items_purged_floors":[],"is_endless":false,"potions_floor_spawned":[2,5,6,7,8,12,16,21,24,31,33],"killed_by":"2 Orb Walkers","ascension_level":20}}