{"host":"8jwrv7sn1174lfer","time":1612857147,"event":{"mods":["BaseMod","Colored Map","Colored Powertips","Downfall","Highlight Path","Minty Spire (QoL Compilation)","StSLib"],"gold_per_floor":[119,131,131,147,163,163,193,205,205,205,205],"floor_reached":10,"language":"ENG","playtime":575,"items_purged":[],"score":105,"play_id":"369b9202-510e-42d3-bb9d-6b8f7ad2c41d","local_time":"20210209025227","is_ascension_mode":true,"campfire_choices":[{"data":"Anger","floor":6,"key":"SMITH"}],"circlet_count":0,"master_deck":["AscendersBane","Strike_R","Strike_R","Strike_R","Strike_R","Defend_R","Defend_R","Defend_R","Defend_R","Bash","Headbutt","Clothesline","Pommel Strike","Burning Pact","Anger+1","Pommel Strike"],"relics":["Burning Blood","Art of War","Orichalcum","Eternal Feather"],"acts_visited":["Exordium"],"potions_floor_usage":[5],"damage_taken":[{"damage":4,"enemies":"Small Slimes","floor":1,"turns":4},{"damage":7,"enemies":"Jaw Worm","floor":2,"turns":4},{"damage":7,"enemies":"Cultist","floor":4,"turns":4},{"damage":23,"enemies":"Exordium Thugs","floor":5,"turns":4},{"damage":30,"enemies":"Lagavulin","floor":7,"turns":6},{"damage":19,"enemies":"Exordium Wildlife","floor":8,"turns":6},{"damage":22,"enemies":"Gremlin Nob","floor":10,"turns":3}],"seed_played":"-3976649853113053288","potions_obtained":[{"floor":2,"key":"Ancient Potion"},{"floor":4,"key":"Explosive Potion"}],"is_trial":false,"path_per_floor":["M","M","?","M","M","R","E","M","T","E"],"character_chosen":"IRONCLAD","items_purchased":[],"campfire_rested":0,"item_purchase_floors":[],"current_hp_per_floor":[74,73,73,72,55,55,31,18,18,0,0],"gold":205,"neow_bonus":"RANDOM_COMMON_RELIC","is_daily":false,"chose_seed":false,"campfire_upgraded":1,"win_rate":0.0,"timestamp":1612857147,"path_taken":["M","M","?","M","M","R","E","M","T","E"],"items_purchased_type":[],"build_version":"2020-12-22","purchased_purges":0,"victory":false,"max_hp_per_floor":[80,80,80,80,80,80,80,80,80,80,80],"card_choices":[{"not_picked":["Wild Strike","Entrench"],"picked":"Headbutt","floor":1},{"not_picked":["Wild Strike","Body Slam"],"picked":"Clothesline","floor":2},{"not_picked":["Twin Strike","True Grit"],"picked":"Burning Pact","floor":4},{"not_picked":["Exhume","Heavy Blade"],"picked":"Anger","floor":5},{"not_picked":["Blood for Blood","Heavy Blade","Body Slam"],"picked":"SKIP","floor":7},{"not_picked":["Clothesline","Headbutt"],"picked":"Pommel Strike","floor":8}],"player_experience":728098,"relics_obtained":[{"floor":7,"key":"Orichalcum"},{"floor":9,"key":"Eternal Feather"}],"event_choices":[{"damage_healed":0,"gold_gain":0,"cards_transformed":["Strike_R"],"player_choice":"Change","damage_taken":0,"max_hp_gain":0,"max_hp_loss":0,"event_name":"Living Wall","floor":3,"gold_loss":0,"cards_obtained":["Pommel Strike"]}],"is_beta":false,"boss_relics":[],"items_purged_floors":[],"is_endless":false,"potions_floor_spawned":[2,4],"killed_by":"Gremlin Nob","ascension_level":10}}