{"host":"6xsbn6ynqlzwllfm","time":1612900068,"event":{"mods":["2.2 Compatiblity","BaseMod","Bestiary","Colored Map","Colored Powertips","Curses Come First","Highlight Path","Keyboard Shortcuts","Minty Spire (QoL Compilation)","Relic Stats","Slay the Relics Exporter","StSLib","SuperFastMode"],"gold_per_floor":[112,129,54,129,129,154,154,154,154,188,188,201,214,254,254,343,343,363,288,307,307,307],"floor_reached":21,"language":"ENG","playtime":603,"items_purged":["Strike_R"],"score":444,"play_id":"68ca6af9-863d-4bfb-a2c5-eb3106a80d62","local_time":"20210209144748","is_ascension_mode":true,"campfire_choices":[{"data":"Bash","floor":7,"key":"SMITH"},{"data":"Anger","floor":15,"key":"SMITH"}],"circlet_count":0,"master_deck":["AscendersBane","Strike_R","Strike_R","Defend_R","Defend_R","Defend_R","Defend_R","Bash+1","Metallicize","Infernal Blade","Anger+1","Blood for Blood","Cleave","Barricade","Berserk","Ghostly Armor","Cleave+1","Dark Embrace"],"relics":["Black Blood","NeowsBlessing","Pen Nib","Boot","Singing Bowl","HornCleat","Golden Idol","Prayer Wheel"],"acts_visited":["Exordium","TheCity"],"potions_floor_usage":[12,16,16,18],"damage_taken":[{"damage":0,"enemies":"2 Louse","floor":1,"turns":1},{"damage":0,"enemies":"Jaw Worm","floor":2,"turns":1},{"damage":0,"enemies":"Gremlin Nob","floor":6,"turns":1},{"damage":34,"enemies":"Lagavulin","floor":10,"turns":4},{"damage":5,"enemies":"Small Slimes","floor":12,"turns":3},{"damage":4,"enemies":"3 Louse","floor":13,"turns":3},{"damage":36,"enemies":"Gremlin Nob","floor":14,"turns":5},{"damage":13,"enemies":"Slime Boss","floor":16,"turns":4},{"damage":30,"enemies":"2 Thieves","floor":18,"turns":4},{"damage":23,"enemies":"Chosen","floor":20,"turns":5},{"damage":44,"enemies":"3 Cultists","floor":21,"turns":4}],"seed_played":"-2525481898581451400","potions_obtained":[{"floor":1,"key":"BloodPotion"},{"floor":2,"key":"Ancient Potion"},{"floor":12,"key":"SteroidPotion"},{"floor":16,"key":"Fire Potion"}],"is_trial":false,"path_per_floor":["M","M","?","?","T","E","R","?","T","E","?","M","M","E","R","B",null,"M","$","M","M"],"character_chosen":"IRONCLAD","items_purchased":[],"campfire_rested":0,"item_purchase_floors":[],"current_hp_per_floor":[74,75,75,64,64,70,70,70,70,42,42,58,62,32,32,25,60,42,42,33,0,0],"gold":307,"neow_bonus":"THREE_ENEMY_KILL","is_daily":false,"chose_seed":false,"campfire_upgraded":2,"win_rate":0.0,"timestamp":1612900068,"path_taken":["M","M","?","?","?","E","R","?","T","E","?","M","M","E","R","BOSS","M","$","M","M"],"items_purchased_type":[],"build_version":"2020-12-22","purchased_purges":1,"victory":false,"max_hp_per_floor":[75,75,75,75,75,75,75,75,75,75,68,70,72,72,72,72,72,72,72,74,74,74],"relic_stats":{"Singing Bowl":6,"counters":[11,35],"Golden Idol":40,"Black Blood":67,"Prayer Wheel":2,"Pen Nib":[6],"Boot":[7],"obtain_stats":[{"HornCleat":10,"NeowsBlessing":0,"Singing Bowl":9,"Golden Idol":11,"Black Blood":17,"Prayer Wheel":14,"Pen Nib":5,"Boot":6,"Burning Blood":0},{"HornCleat":4,"NeowsBlessing":0,"Singing Bowl":3,"Golden Idol":4,"Black Blood":8,"Prayer Wheel":7,"Pen Nib":2,"Boot":3,"Burning Blood":0},{"HornCleat":7,"NeowsBlessing":0,"Singing Bowl":3,"Golden Idol":7,"Black Blood":22,"Prayer Wheel":18,"Pen Nib":2,"Boot":3,"Burning Blood":0}]},"card_choices":[{"not_picked":["Entrench","Clash"],"picked":"Metallicize","floor":1},{"not_picked":["Havoc","Body Slam"],"picked":"Infernal Blade","floor":2},{"not_picked":["Intimidate","Flex"],"picked":"Anger","floor":6},{"not_picked":["Armaments","Pommel Strike"],"picked":"Cleave","floor":10},{"not_picked":["Clothesline","Twin Strike","Burning Pact"],"picked":"Singing Bowl","floor":12},{"not_picked":["Iron Wave","Flex","Havoc"],"picked":"Singing Bowl","floor":13},{"not_picked":["Wild Strike","Iron Wave"],"picked":"Barricade","floor":14},{"not_picked":["Limit Break","Double Tap"],"picked":"Berserk","floor":16},{"not_picked":["Pummel+1","Pommel Strike"],"picked":"Ghostly Armor","floor":18},{"not_picked":["Whirlwind","Havoc"],"picked":"Cleave+1","floor":18},{"not_picked":["Bloodletting","Havoc","Anger"],"picked":"Singing Bowl","floor":20},{"not_picked":["Rupture","Havoc"],"picked":"Dark Embrace","floor":20}],"player_experience":1419656,"relics_obtained":[{"floor":5,"key":"Pen Nib"},{"floor":6,"key":"Boot"},{"floor":9,"key":"Singing Bowl"},{"floor":10,"key":"HornCleat"},{"floor":14,"key":"Prayer Wheel"}],"event_choices":[{"cards_removed":["Strike_R"],"damage_healed":0,"gold_gain":0,"player_choice":"Card Removal","damage_taken":0,"max_hp_gain":0,"max_hp_loss":0,"event_name":"The Cleric","floor":3,"gold_loss":75},{"damage_healed":0,"gold_gain":75,"player_choice":"Gather Gold","damage_taken":11,"max_hp_gain":0,"max_hp_loss":0,"event_name":"World of Goop","floor":4,"gold_loss":0},{"damage_healed":0,"gold_gain":0,"cards_transformed":["Strike_R"],"player_choice":"Change","damage_taken":0,"max_hp_gain":0,"max_hp_loss":0,"event_name":"Living Wall","floor":8,"gold_loss":0,"cards_obtained":["Blood for Blood"]},{"damage_healed":0,"gold_gain":0,"player_choice":"Lose Max HP","damage_taken":0,"relics_obtained":["Golden Idol"],"max_hp_gain":0,"max_hp_loss":7,"event_name":"Golden Idol","floor":11,"gold_loss":0}],"is_beta":false,"boss_relics":[{"not_picked":["Coffee Dripper","Tiny House"],"picked":"Black Blood"}],"items_purged_floors":[19],"is_endless":false,"potions_floor_spawned":[1,2,12,16],"killed_by":"3 Cultists","ascension_level":20}}