{"host":"17u3w43rikeuspxs","time":1612841294,"event":{"mods":["BaseMod","BetterRewards","Curses Come First","Infinite Spire","Minty Spire (QoL Compilation)","StSLib"],"gold_per_floor":[115,115,126,55,115,149,212,224,224,224,224,238,238,256,256,357,357,367,292,344,372,382,382,78,96,122,154,154,69,9,34,34,131,181,197,197,197,214,228,228,256,256,306,306,320,347,67,67,67,171,171,181,131,161,167,167,167,167,167,167,167,173,197,197,197,197,260,260,254,179,179,181,170,179,191,191,203,61,61,11,33,33,33,104,404,397,188,38,32,59,77,77,77,153,375,398,402,402,402,402,455,455,457,507,552,502,510,510,516,542,565,570,114,14,14,18,18,107,107,100,100,100,27,51,59,61,61,85,84,84,104,104,104,104,4,4],"floor_reached":135,"language":"ENG","playtime":4956,"items_purged":["Strike_G","Strike_G","Doubt","Doubt","PiercingWail","Decay","Parasite"],"score":3488,"play_id":"6a24d82e-e68c-4267-a8d6-7394225b6b7e","local_time":"20210208222814","is_ascension_mode":true,"campfire_choices":[{"data":"Blade Dance","floor":10.0,"key":"SMITH"},{"data":"Cloak And Dagger","floor":13.0,"key":"SMITH"},{"floor":15.0,"key":"REST"},{"data":"Blade Dance","floor":23.0,"key":"SMITH"},{"data":"Cloak And Dagger","floor":32.0,"key":"SMITH"},{"data":"Blade Dance","floor":40.0,"key":"SMITH"},{"data":"Cloak And Dagger","floor":42.0,"key":"SMITH"},{"data":"Cloak And Dagger","floor":44.0,"key":"SMITH"},{"data":"Apotheosis","floor":49.0,"key":"SMITH"},{"data":"Phantasmal Killer","floor":57,"key":"SMITH"},{"data":"infinitespire:Neurotoxin","floor":59,"key":"SMITH"},{"data":"After Image","floor":64,"key":"SMITH"},{"data":"Infinite Blades","floor":66,"key":"SMITH"},{"data":"Sucker Punch","floor":75,"key":"SMITH"},{"data":"Accuracy","floor":83,"key":"SMITH"},{"data":"Backflip","floor":92,"key":"SMITH"},{"floor":98,"key":"REST"},{"data":"Backstab","floor":100,"key":"SMITH"},{"data":"Burst","floor":108,"key":"SMITH"},{"data":"Accuracy","floor":117,"key":"SMITH"},{"data":"Catalyst","floor":127,"key":"SMITH"},{"data":"Burst","floor":130,"key":"SMITH"},{"data":"Footwork","floor":134,"key":"SMITH"}],"circlet_count":0,"master_deck":["Defend_G","Defend_G","Defend_G","Defend_G","Defend_G+1","Survivor","Neutralize","Backstab+1","Slice","Cloak And Dagger+1","Sucker Punch+1","Cloak And Dagger+1","Blade Dance+1","Slice+1","infinitespire:Neurotoxin+1","Backflip+1","Cloak And Dagger+1","Blade Dance+1","Well Laid Plans","Blade Dance+1","Prepared","Cloak And Dagger+1","Leg Sweep","Dodge and Roll","Die Die Die","Infinite Blades+1","Leg Sweep+1","Sucker Punch+1","Apotheosis+1","Phantasmal Killer+1","After Image+1","Bane+1","Accuracy+1","Terror+1","Prepared+1","Backstab+1","Backflip+1","Burst+1","Footwork+1","Accuracy+1","Pain","Tools of the Trade","Burst+1","Catalyst+1","Backflip+1","Parasite"],"relics":["Ring of the Snake","Pantograph","MealTicket","Kunai","Mercury Hourglass","Bottled Flame","Centennial Puzzle","HoveringKite","Toy Ornithopter","Red Mask","Membership Card","Orichalcum","Vajra","Gremlin Horn","PreservedInsect","infinitespire:Eraser","Tiny House","WristBlade","DollysMirror","Blood Vial","Juzu Bracelet","Bronze Scales","HandDrill","infinitespire:Satchel","Cursed Key","infinitespire:EmpoweringShard","Anchor","infinitespire:ShieldingShard","infinitespire:Midas Blood","Strawberry","Runic Dome","MawBank","Ancient Tea Set","Omamori","Oddly Smooth Stone","infinitespire:Midas Blood","Calling Bell","Tiny Chest","HornCleat","Old Coin","infinitespire:FocusingShard","Sling","Du-Vu Doll","Bag of Preparation","Happy Flower","Sundial","infinitespire:Beetle Shell","infinitespire:Cupcake","Potion Belt","Dream Catcher","Boot","Gambling Chip","Lantern","The Specimen","Lee\u0027s Waffle","War Paint","infinitespire:Golems Mask","SacredBark","MutagenicStrength","Medical Kit","infinitespire:Lucky Rock","Bag of Marbles","Snake Skull"],"acts_visited":["Exordium","TheCity","TheBeyond","Exordium","TheCity","TheBeyond","Exordium","TheCity"],"potions_floor_usage":[50,69,84,84,90,101,118,118,126,135,135],"damage_taken":[{"damage":3.0,"enemies":"Jaw Worm","floor":1.0,"turns":3.0},{"damage":0.0,"enemies":"2 Louse","floor":3.0,"turns":2.0},{"damage":46.0,"enemies":"Lagavulin","floor":6.0,"turns":10.0},{"damage":21.0,"enemies":"Lagavulin Event","floor":7.0,"turns":8.0},{"damage":0.0,"enemies":"Small Slimes","floor":8.0,"turns":2.0},{"damage":0.0,"enemies":"2 Fungi Beasts","floor":12.0,"turns":2.0},{"damage":0.0,"enemies":"Exordium Wildlife","floor":14.0,"turns":3.0},{"damage":7.0,"enemies":"Hexaghost","floor":16.0,"turns":11.0},{"damage":0.0,"enemies":"Shell Parasite","floor":18.0,"turns":4.0},{"damage":3.0,"enemies":"Masked Bandits","floor":21.0,"turns":3.0},{"damage":0.0,"enemies":"3 Byrds","floor":22.0,"turns":4.0},{"damage":11.0,"enemies":"Shelled Parasite and Fungi","floor":25.0,"turns":5.0},{"damage":34.0,"enemies":"Nightmare","floor":27.0,"turns":11.0},{"damage":1.0,"enemies":"Book of Stabbing","floor":31.0,"turns":3.0},{"damage":0.0,"enemies":"Automaton","floor":33.0,"turns":12.0},{"damage":3.0,"enemies":"3 Shapes","floor":35.0,"turns":4.0},{"damage":0.0,"enemies":"3 Darklings","floor":38.0,"turns":3.0},{"damage":7.0,"enemies":"4 Shapes","floor":39.0,"turns":3.0},{"damage":0.0,"enemies":"Nightmare","floor":41.0,"turns":1.0},{"damage":0.0,"enemies":"Transient","floor":45.0,"turns":5.0},{"damage":0.0,"enemies":"Nemesis","floor":46.0,"turns":3.0},{"damage":40,"enemies":"Time Eater","floor":50,"turns":9},{"damage":0,"enemies":"Jaw Worm","floor":52,"turns":1},{"damage":0,"enemies":"Small Slimes","floor":55,"turns":1},{"damage":0,"enemies":"2 Louse","floor":62,"turns":1},{"damage":0,"enemies":"Gremlin Nob","floor":63,"turns":1},{"damage":10,"enemies":"The Guardian","floor":67,"turns":4},{"damage":0,"enemies":"3 Byrds","floor":69,"turns":3},{"damage":0,"enemies":"Chosen","floor":73,"turns":3},{"damage":0,"enemies":"Gremlin Leader","floor":74,"turns":2},{"damage":0,"enemies":"Centurion and Healer","floor":76,"turns":3},{"damage":3,"enemies":"Book of Stabbing","floor":81,"turns":3},{"damage":5,"enemies":"Champ","floor":84,"turns":6},{"damage":13,"enemies":"3 Darklings","floor":86,"turns":3},{"damage":0,"enemies":"3 Shapes","floor":89,"turns":2},{"damage":0,"enemies":"2 Orb Walkers","floor":90,"turns":3},{"damage":0,"enemies":"Reptomancer","floor":91,"turns":2},{"damage":0,"enemies":"Nightmare","floor":93,"turns":3},{"damage":22,"enemies":"Time Eater","floor":101,"turns":7},{"damage":0,"enemies":"Cultist","floor":103,"turns":2},{"damage":0,"enemies":"3 Sentries","floor":104,"turns":1},{"damage":0,"enemies":"2 Louse","floor":109,"turns":1},{"damage":0,"enemies":"Gremlin Nob","floor":110,"turns":1},{"damage":0,"enemies":"Small Slimes","floor":112,"turns":1},{"damage":0,"enemies":"Looter","floor":116,"turns":1},{"damage":48,"enemies":"Hexaghost","floor":118,"turns":3},{"damage":0,"enemies":"Chosen","floor":120,"turns":2},{"damage":0,"enemies":"Shell Parasite","floor":125,"turns":1},{"damage":0,"enemies":"Centurion and Healer","floor":126,"turns":2},{"damage":0,"enemies":"Chosen and Byrds","floor":129,"turns":1},{"damage":0,"enemies":"Gremlin Leader","floor":131,"turns":1},{"damage":414,"enemies":"infinitespire:LordOfFortification","floor":135,"turns":14}],"seed_played":"-2661367355757282297","potions_obtained":[{"floor":1.0,"key":"GamblersBrew"},{"floor":7.0,"key":"LiquidMemories"},{"floor":8.0,"key":"CultistPotion"},{"floor":14.0,"key":"SmokeBomb"},{"floor":18.0,"key":"SkillPotion"},{"floor":33.0,"key":"BlessingOfTheForge"},{"floor":34.0,"key":"CultistPotion"},{"floor":50,"key":"FearPotion"},{"floor":73,"key":"Dexterity Potion"},{"floor":86,"key":"Energy Potion"},{"floor":89,"key":"ColorlessPotion"},{"floor":91,"key":"FearPotion"},{"floor":104,"key":"Block Potion"},{"floor":109,"key":"SneckoOil"},{"floor":112,"key":"FairyPotion"},{"floor":118,"key":"Explosive Potion"},{"floor":129,"key":"LiquidMemories"},{"floor":131,"key":"Fire Potion"}],"is_trial":false,"path_per_floor":["M","?","M","$","?","E","?","M","T","R","?","M","R","M","R","B",null,"M","?","T","?","M","R","$","M","T","NM","?","?","$","E","R","B",null,"M","?","AVR","M","M","R","NM","R","T","R","M","E","$","?","R","B",null,"M","?","?","M","?","R","?","R","T","AVR","M","E","R","?","R","B",null,"M","?","?","?","M","E","R","M","T","$","?","?","E","$","R","B",null,"M","$","$","M","?","E","R","NM","T","?","T","?","R","?","R","B",null,"M","?","T","?","?","R","M","E","T","M","$","$","T","M","R","B",null,"M","?","?","$","T","M","M","R","T","M","R","E","$","?","R","B"],"character_chosen":"THE_SILENT","items_purchased":["Backstab","MealTicket","Slice","Cloak And Dagger","Membership Card","Well Laid Plans","Orichalcum","Leg Sweep","PowerPotion","Apotheosis","HandDrill","infinitespire:Satchel","Omamori","Oddly Smooth Stone","infinitespire:FocusingShard","Deflect","Sling","The Specimen","Accuracy","Lee\u0027s Waffle","War Paint","Strength Potion","Medical Kit"],"campfire_rested":2,"item_purchase_floors":[0,0,4,4,24,24,24,30,30,47,47,47,78,78,87,87,88,113,113,113,113,113,123],"current_hp_per_floor":[59,64,64,75,75,29,8,8,8,8,8,8,8,8,30,48,75,75,75,75,72,72,72,75,64,64,30,30,30,45,44,44,75,80,77,77,77,77,70,70,70,70,70,70,72,74,80,80,80,40,80,80,80,80,80,77,77,77,77,77,77,79,87,87,87,87,77,87,87,87,87,70,72,74,74,76,76,91,91,91,89,92,92,87,92,79,92,92,92,92,92,92,92,92,92,92,69,92,92,92,75,92,92,92,92,92,85,85,87,89,89,91,99,96,96,96,96,48,96,96,96,96,96,96,96,96,96,96,96,96,96,96,96,96,0,0],"gold":4,"neow_bonus":"","is_daily":false,"chose_seed":false,"campfire_upgraded":21,"win_rate":0.0,"timestamp":1612841294,"path_taken":["M","?","M","$","?","E","?","M","T","R","?","M","R","M","R","BOSS","M","?","?","?","?","R","$","M","T","NM","?","?","?","E","R","BOSS","M","?","AVR","M","M","R","NM","R","T","R","M","E","$","?","R","BOSS","M","?","?","M","?","R","?","R","T","AVR","M","E","R","?","R","BOSS","M","?","?","?","M","E","R","M","T","?","?","?","E","$","R","BOSS","M","?","$","M","?","E","R","NM","T","?","?","?","R","?","R","BOSS","M","?","?","?","?","R","M","E","T","M","?","$","?","M","R","BOSS","M","?","?","?","?","M","M","R","T","M","R","E","$","?","R","BOSS"],"items_purchased_type":["Card","Relic","Card","Card","Relic","Card","Relic","Card","Potion","Card","Relic","Relic","Relic","Relic","Relic","Card","Relic","Relic","Card","Relic","Relic","Potion","Relic"],"build_version":"2020-12-22","purchased_purges":7,"victory":false,"max_hp_per_floor":[70,75,75,75,75,75,75,75,75,75,75,75,75,75,75,75,75,75,75,75,75,75,75,75,75,75,75,75,75,75,75,75,75,80,80,80,80,80,80,80,80,80,80,80,80,80,80,80,80,80,80,80,80,80,80,80,80,80,80,80,80,80,87,87,87,87,87,87,87,87,87,92,92,92,92,92,92,92,92,92,92,92,92,92,92,92,92,92,92,92,92,92,92,92,92,92,92,92,92,92,92,92,92,92,92,92,92,92,92,92,92,92,99,96,96,96,96,96,96,96,96,96,96,96,96,96,96,96,96,96,96,96,96,96,96,96],"card_choices":[{"not_picked":["Blur","Dagger Spray"],"picked":"Dash","floor":1.0},{"not_picked":["Dagger Throw","Acrobatics","Flying Knee"],"picked":"SKIP","floor":3.0},{"not_picked":["Skewer","Choke"],"picked":"Sucker Punch","floor":6.0},{"not_picked":["Poisoned Stab","All Out Attack"],"picked":"Cloak And Dagger","floor":7.0},{"not_picked":["Expertise","Infinite Blades"],"picked":"Blade Dance","floor":8.0},{"not_picked":["Backstab","Noxious Fumes"],"picked":"Slice","floor":12.0},{"not_picked":["Crippling Poison","Bouncing Flask","Dagger Spray"],"picked":"SKIP","floor":14.0},{"not_picked":["Unload","Bullet Time"],"picked":"infinitespire:Neurotoxin","floor":16.0},{"not_picked":["Acrobatics","Dagger Throw"],"picked":"Backflip","floor":18.0},{"not_picked":["Dodge and Roll","Outmaneuver"],"picked":"Cloak And Dagger","floor":21.0},{"not_picked":["Bane","Slice"],"picked":"Blade Dance","floor":22.0},{"not_picked":["Bane","Die Die Die"],"picked":"Blade Dance","floor":25.0},{"not_picked":["Crippling Poison","Dagger Spray+1"],"picked":"Prepared","floor":27.0},{"not_picked":["Infinite Blades","Poisoned Stab"],"picked":"Dodge and Roll","floor":31.0},{"not_picked":["Doppelganger","Corpse Explosion"],"picked":"Die Die Die","floor":33.0},{"not_picked":["Dash","Flying Knee+1"],"picked":"Infinite Blades","floor":34.0},{"not_picked":["Escape Plan+1","Masterful Stab"],"picked":"PiercingWail","floor":35.0},{"not_picked":["Underhanded Strike+1","All Out Attack","Quick Slash+1"],"picked":"SKIP","floor":38.0},{"not_picked":["Riddle With Holes+1","PiercingWail+1"],"picked":"Leg Sweep+1","floor":39.0},{"not_picked":["Outmaneuver","Quick Slash","Underhanded Strike"],"picked":"SKIP","floor":41.0},{"not_picked":["Flying Knee+1","Underhanded Strike"],"picked":"Sucker Punch+1","floor":45.0},{"not_picked":["Poisoned Stab+1","PiercingWail+1","Outmaneuver"],"picked":"SKIP","floor":46.0},{"not_picked":["Die Die Die","Storm of Steel"],"picked":"Phantasmal Killer","floor":50},{"not_picked":["Dagger Spray","Backflip","Flying Knee"],"picked":"SKIP","floor":52},{"not_picked":["Dagger Throw","Acrobatics","Choke"],"picked":"SKIP","floor":55},{"not_picked":["Dagger Throw","Deflect","Bouncing Flask"],"picked":"SKIP","floor":62},{"not_picked":["Deflect","Eviscerate"],"picked":"After Image","floor":63},{"not_picked":["Dagger Spray","Skewer","Bane"],"picked":"SKIP","floor":69},{"not_picked":["Deadly Poison","Sucker Punch","Dodge and Roll"],"picked":"SKIP","floor":73},{"not_picked":["Leg Sweep","Prepared"],"picked":"Bane+1","floor":74},{"not_picked":["Prepared","Calculated Gamble+1"],"picked":"Accuracy","floor":76},{"not_picked":["Predator+1","Die Die Die"],"picked":"Terror+1","floor":81},{"not_picked":["Dodge and Roll+1","PiercingWail"],"picked":"Prepared+1","floor":86},{"not_picked":["Flechettes","Leg Sweep+1"],"picked":"Backstab+1","floor":89},{"not_picked":["Deadly Poison","Deflect"],"picked":"Backflip","floor":91},{"not_picked":["Corpse Explosion","Masterful Stab","Prepared"],"picked":"SKIP","floor":93},{"not_picked":["Storm of Steel","infinitespire:Neurotoxin"],"picked":"Burst","floor":101},{"not_picked":["Predator","Dodge and Roll","Choke"],"picked":"SKIP","floor":103},{"not_picked":["Backflip","Acrobatics"],"picked":"Footwork","floor":104},{"not_picked":["Leg Sweep","Infinite Blades","Crippling Poison"],"picked":"SKIP","floor":109},{"not_picked":["Prepared","Slice","Underhanded Strike"],"picked":"SKIP","floor":110},{"not_picked":["Deadly Poison","Crippling Poison","Choke"],"picked":"SKIP","floor":112},{"not_picked":["Deadly Poison","Slice"],"picked":"Tools of the Trade","floor":116},{"not_picked":["Tools of the Trade","infinitespire:Neurotoxin"],"picked":"Burst","floor":118},{"not_picked":["Escape Plan","Flechettes","Accuracy"],"picked":"SKIP","floor":120},{"not_picked":["Bouncing Flask","Leg Sweep"],"picked":"Backflip+1","floor":125},{"not_picked":["Dash","Flying Knee+1","Deadly Poison"],"picked":"SKIP","floor":126},{"not_picked":["Dodge and Roll+1","Acrobatics","Leg Sweep+1"],"picked":"SKIP","floor":129},{"not_picked":["Flying Knee","Venomology","Bane"],"picked":"SKIP","floor":131}],"player_experience":89644,"relics_obtained":[{"floor":6.0,"key":"Kunai"},{"floor":7.0,"key":"Mercury Hourglass"},{"floor":9.0,"key":"Bottled Flame"},{"floor":11.0,"key":"Centennial Puzzle"},{"floor":20.0,"key":"Toy Ornithopter"},{"floor":21.0,"key":"Red Mask"},{"floor":26.0,"key":"Vajra"},{"floor":27.0,"key":"Gremlin Horn"},{"floor":31.0,"key":"infinitespire:Eraser"},{"floor":41.0,"key":"Blood Vial"},{"floor":43.0,"key":"Juzu Bracelet"},{"floor":46.0,"key":"Bronze Scales"},{"floor":60,"key":"infinitespire:ShieldingShard"},{"floor":63,"key":"Strawberry"},{"floor":74,"key":"MawBank"},{"floor":77,"key":"Ancient Tea Set"},{"floor":81,"key":"infinitespire:Midas Blood"},{"floor":85,"key":"Tiny Chest"},{"floor":85,"key":"HornCleat"},{"floor":85,"key":"Old Coin"},{"floor":90,"key":"Du-Vu Doll"},{"floor":91,"key":"Bag of Preparation"},{"floor":93,"key":"Happy Flower"},{"floor":94,"key":"Sundial"},{"floor":96,"key":"infinitespire:Beetle Shell"},{"floor":104,"key":"Potion Belt"},{"floor":105,"key":"Dream Catcher"},{"floor":110,"key":"Gambling Chip"},{"floor":111,"key":"Lantern"},{"floor":115,"key":"infinitespire:Golems Mask"},{"floor":124,"key":"infinitespire:Lucky Rock"},{"floor":128,"key":"Bag of Marbles"},{"floor":131,"key":"Snake Skull"}],"event_choices":[{"damage_healed":0.0,"max_hp_gain":5.0,"max_hp_loss":0.0,"gold_gain":0.0,"event_name":"Big Fish","player_choice":"Donut","floor":2.0,"gold_loss":0.0,"damage_taken":0.0},{"damage_healed":0.0,"max_hp_gain":0.0,"max_hp_loss":0.0,"gold_gain":60.0,"event_name":"Golden Wing","player_choice":"Gained Gold","floor":5.0,"gold_loss":0.0,"damage_taken":0.0},{"damage_healed":0.0,"max_hp_gain":0.0,"max_hp_loss":0.0,"gold_gain":0.0,"event_name":"Dead Adventurer","player_choice":"Searched \u00271\u0027 times","floor":7.0,"gold_loss":0.0,"damage_taken":0.0},{"cards_removed":["Strike_G"],"damage_healed":0.0,"max_hp_gain":0.0,"max_hp_loss":0.0,"gold_gain":0.0,"event_name":"Beggar","player_choice":"Gave Gold","floor":19.0,"gold_loss":75.0,"damage_taken":0.0},{"damage_healed":0.0,"max_hp_gain":0.0,"max_hp_loss":0.0,"gold_gain":0.0,"event_name":"Masked Bandits","player_choice":"Fought Bandits","floor":21.0,"gold_loss":0.0,"damage_taken":0.0},{"damage_healed":0.0,"max_hp_gain":0.0,"max_hp_loss":0.0,"gold_gain":0.0,"event_name":"The Library","player_choice":"Read","floor":28.0,"gold_loss":0.0,"damage_taken":0.0,"cards_obtained":["Cloak And Dagger"]},{"damage_healed":0.0,"max_hp_gain":0.0,"max_hp_loss":0.0,"gold_gain":0.0,"event_name":"Addict","player_choice":"Obtained Relic","floor":29.0,"gold_loss":85.0,"damage_taken":0.0,"relics_obtained":["PreservedInsect"]},{"cards_removed":["Dash"],"damage_healed":0.0,"max_hp_gain":0.0,"max_hp_loss":0.0,"gold_gain":0.0,"event_name":"Falling","player_choice":"Removed Attack","floor":36.0,"gold_loss":0.0,"damage_taken":0.0},{"cards_removed":["Strike_G"],"damage_healed":0,"gold_gain":0,"player_choice":"Card Removal","damage_taken":0,"max_hp_gain":0,"max_hp_loss":0,"event_name":"The Cleric","floor":53,"gold_loss":50},{"damage_healed":0,"gold_gain":30,"player_choice":"Searched \u00273\u0027 times","damage_taken":0,"relics_obtained":["infinitespire:EmpoweringShard"],"max_hp_gain":0,"max_hp_loss":0,"event_name":"Dead Adventurer","floor":54,"gold_loss":0},{"damage_healed":0,"gold_gain":0,"player_choice":"Success","damage_taken":3,"relics_obtained":["Anchor"],"max_hp_gain":0,"max_hp_loss":0,"event_name":"Scrap Ooze","floor":56,"gold_loss":0},{"cards_removed":["infinitespire:Collect"],"damage_healed":0,"gold_gain":0,"player_choice":"Forget","damage_taken":0,"max_hp_gain":0,"max_hp_loss":0,"event_name":"Living Wall","floor":58,"gold_loss":0},{"cards_removed":["Strike_G"],"damage_healed":0,"gold_gain":0,"player_choice":"Gave Gold","damage_taken":0,"max_hp_gain":0,"max_hp_loss":0,"event_name":"Beggar","floor":70,"gold_loss":75},{"cards_removed":["Strike_G"],"damage_healed":0,"gold_gain":0,"player_choice":"Elegance","damage_taken":0,"max_hp_gain":0,"max_hp_loss":0,"event_name":"Back to Basics","floor":71,"gold_loss":0},{"damage_healed":0,"gold_gain":0,"player_choice":"Shed Blood","damage_taken":22,"max_hp_gain":5,"max_hp_loss":0,"event_name":"Forgotten Altar","floor":72,"gold_loss":0},{"damage_healed":0,"gold_gain":0,"player_choice":"Bet on Murderer","damage_taken":0,"max_hp_gain":0,"max_hp_loss":0,"event_name":"The Joust","floor":80,"gold_loss":50},{"damage_healed":0,"gold_gain":0,"player_choice":"Fight","damage_taken":0,"max_hp_gain":0,"max_hp_loss":0,"event_name":"Mysterious Sphere","floor":90,"gold_loss":0},{"damage_healed":0,"gold_gain":222,"player_choice":"Wore Mask","damage_taken":0,"max_hp_gain":0,"max_hp_loss":0,"event_name":"Tomb of Lord Red Mask","floor":95,"gold_loss":0},{"cards_removed":["Deflect"],"damage_healed":0,"gold_gain":0,"player_choice":"Removed Skill","damage_taken":0,"max_hp_gain":0,"max_hp_loss":0,"event_name":"Falling","floor":99,"gold_loss":0},{"damage_healed":0,"gold_gain":0,"player_choice":"Searched \u00271\u0027 times","damage_taken":0,"max_hp_gain":0,"max_hp_loss":0,"event_name":"Dead Adventurer","floor":104,"gold_loss":0},{"cards_removed":["Doubt"],"damage_healed":0,"gold_gain":0,"player_choice":"Card Removal","damage_taken":0,"max_hp_gain":0,"max_hp_loss":0,"event_name":"The Cleric","floor":106,"gold_loss":50},{"damage_healed":0,"gold_gain":0,"player_choice":"Success","damage_taken":7,"relics_obtained":["Boot"],"max_hp_gain":0,"max_hp_loss":0,"event_name":"Scrap Ooze","floor":107,"gold_loss":0},{"damage_healed":0,"gold_gain":0,"player_choice":"Read","damage_taken":0,"max_hp_gain":0,"max_hp_loss":0,"event_name":"The Library","floor":121,"gold_loss":0,"cards_obtained":["Catalyst"]},{"damage_healed":0,"gold_gain":0,"player_choice":"Inject Mutagens","damage_taken":0,"relics_obtained":["MutagenicStrength"],"max_hp_gain":0,"max_hp_loss":0,"event_name":"Drug Dealer","floor":122,"gold_loss":0},{"cards_removed":["Pain"],"damage_healed":0,"gold_gain":0,"player_choice":"Elegance","damage_taken":0,"max_hp_gain":0,"max_hp_loss":0,"event_name":"Back to Basics","floor":133,"gold_loss":0}],"is_beta":false,"boss_relics":[{"not_picked":["Runic Pyramid","Fusion Hammer"],"picked":"HoveringKite"},{"not_picked":["Snecko Eye","SacredBark"],"picked":"Tiny House"},{"not_picked":["Coffee Dripper","Velvet Choker"],"picked":"Cursed Key"},{"not_picked":["Coffee Dripper","Velvet Choker"],"picked":"Runic Dome"},{"not_picked":["Ring of the Serpent","SlaversCollar"],"picked":"Calling Bell"},{"not_picked":["Astrolabe","SacredBark"],"picked":"infinitespire:Cupcake"},{"not_picked":["Fusion Hammer","Busted Crown"],"picked":"SacredBark"}],"items_purged_floors":[24,47,61,87,88,113,114],"is_endless":true,"potions_floor_spawned":[1,7,8,14,18,33,41,45,46,50,52,62,73,74,86,89,91,104,109,112,116,118,129,131],"killed_by":"infinitespire:LordOfFortification","ascension_level":1}}