{"host":"lktusdb9orijgc6z","time":1612870678,"event":{"mods":["BaseMod","Bestiary","Colored Map","Colored Powertips","Minty Spire (QoL Compilation)","Permanent Neow","Quick Restart","Relic Stats","StSLib","everything is the same but u backflip on backflip","slay the spire mod where everything is the same but ironclad has a cowboy hat"],"gold_per_floor":[117,134,152,152,1,1,20,46,46,46,78,97,47,64,64,139,139,156,190,210,309,8,8,64,64,64,103,103,103],"floor_reached":28,"language":"ENG","playtime":1022,"items_purged":[],"score":507,"play_id":"6c9dcca5-4498-417a-9af3-a46e2f53bc28","local_time":"20210209123758","is_ascension_mode":true,"campfire_choices":[{"data":"Combust","floor":6.0,"key":"SMITH"},{"data":"Cleave","floor":10.0,"key":"SMITH"},{"data":"Feel No Pain","floor":15.0,"key":"SMITH"},{"data":"Blade Dance","floor":23.0,"key":"SMITH"},{"floor":25.0,"key":"REST"}],"circlet_count":0,"master_deck":["AscendersBane","Strike_R","Strike_R","Strike_R","Strike_R","Strike_R","Defend_R","Defend_R","Bash","Cleave+1","Shrug It Off","Combust+1","Power Through","FollowUp","Blade Dance+1","Feel No Pain+1","Seeing Red","Creative AI","CurseOfTheBell","SandsOfTime+1","Skim","Double Energy","HandOfGreed+1","Thunderclap+1","Go for the Eyes+1"],"relics":["Burning Blood","Red Skull","PrismaticShard","The Courier","Darkstone Periapt","Self Forming Clay","Calling Bell","Anchor","Molten Egg 2","WingedGreaves","Red Mask","Toolbox","MealTicket","Letter Opener"],"acts_visited":["Exordium","TheCity"],"potions_floor_usage":[],"damage_taken":[{"damage":2.0,"enemies":"2 Louse","floor":1.0,"turns":4.0},{"damage":8.0,"enemies":"Jaw Worm","floor":2.0,"turns":6.0},{"damage":12.0,"enemies":"Small Slimes","floor":3.0,"turns":3.0},{"damage":25.0,"enemies":"Exordium Thugs","floor":7.0,"turns":6.0},{"damage":26.0,"enemies":"Lagavulin","floor":8.0,"turns":6.0},{"damage":5.0,"enemies":"3 Sentries","floor":11.0,"turns":4.0},{"damage":1.0,"enemies":"3 Louse","floor":12.0,"turns":2.0},{"damage":0.0,"enemies":"Blue Slaver","floor":14.0,"turns":3.0},{"damage":4.0,"enemies":"Slime Boss","floor":16.0,"turns":5.0},{"damage":19.0,"enemies":"Spheric Guardian","floor":18.0,"turns":6.0},{"damage":14.0,"enemies":"Masked Bandits","floor":19.0,"turns":5.0},{"damage":11.0,"enemies":"3 Byrds","floor":20.0,"turns":4.0},{"damage":44.0,"enemies":"Book of Stabbing","floor":24.0,"turns":7.0},{"damage":30.0,"enemies":"Shelled Parasite and Fungi","floor":27.0,"turns":7.0},{"damage":12,"enemies":"Gremlin Leader","floor":28,"turns":3}],"seed_played":"7020762421429110899","potions_obtained":[{"floor":2.0,"key":"Fire Potion"},{"floor":8.0,"key":"Dexterity Potion"},{"floor":11.0,"key":"Explosive Potion"},{"floor":12.0,"key":"PowerPotion"},{"floor":19.0,"key":"FearPotion"},{"floor":24.0,"key":"LiquidMemories"}],"is_trial":false,"path_per_floor":["M","M","M","?","$","R","M","E","T","R","E","M","?","M","R","B",null,"M","?","M","?","$","R","E","R","T","M","E"],"character_chosen":"IRONCLAD","items_purchased":["PrismaticShard","HandOfGreed+1","Toolbox","Thunderclap+1"],"campfire_rested":1,"item_purchase_floors":[5,22,22,22],"current_hp_per_floor":[72,70,64,64,64,64,45,25,25,25,26,31,31,37,37,39,72,59,51,46,46,46,46,8,32,32,8,0,0],"gold":103,"neow_bonus":"RANDOM_COMMON_RELIC","is_daily":false,"chose_seed":false,"campfire_upgraded":4,"win_rate":0.0,"timestamp":1612870678,"path_taken":["M","M","M","?","$","R","M","E","T","R","E","M","?","M","R","BOSS","M","?","M","?","$","R","E","R","T","M","E"],"items_purchased_type":["Relic","Card","Relic","Card"],"build_version":"2020-12-22","purchased_purges":0,"victory":false,"max_hp_per_floor":[75,75,75,75,75,75,75,75,75,75,75,75,75,75,75,75,81,81,81,81,81,81,81,81,81,81,81,81,81],"relic_stats":{"Darkstone Periapt":6,"counters":[15,71],"Self Forming Clay":[132],"MealTicket":0,"Letter Opener":[15],"obtain_stats":[{"Darkstone Periapt":9,"Self Forming Clay":11,"The Courier":8,"Letter Opener":26,"PrismaticShard":5,"Burning Blood":0,"Calling Bell":17,"Anchor":17,"Toolbox":22,"Molten Egg 2":17,"MealTicket":24,"WingedGreaves":17,"Red Mask":19,"Red Skull":0},{"Darkstone Periapt":5,"Self Forming Clay":6,"The Courier":5,"Letter Opener":13,"PrismaticShard":3,"Burning Blood":0,"Calling Bell":9,"Anchor":9,"Toolbox":12,"Molten Egg 2":9,"MealTicket":13,"WingedGreaves":9,"Red Mask":11,"Red Skull":0},{"Darkstone Periapt":25,"Self Forming Clay":29,"The Courier":25,"Letter Opener":61,"PrismaticShard":13,"Burning Blood":0,"Calling Bell":39,"Anchor":39,"Toolbox":54,"Molten Egg 2":39,"MealTicket":61,"WingedGreaves":39,"Red Mask":50,"Red Skull":0}],"Burning Blood":84},"card_choices":[{"not_picked":["True Grit","Twin Strike"],"picked":"Cleave","floor":1.0},{"not_picked":["Power Through","Twin Strike"],"picked":"Shrug It Off","floor":2.0},{"not_picked":["Iron Wave","Twin Strike"],"picked":"Combust","floor":3.0},{"not_picked":["Rage","Eviscerate","Fasting2"],"picked":"SKIP","floor":7.0},{"not_picked":["Study","Bane"],"picked":"FollowUp","floor":8.0},{"not_picked":["Coolheaded","Transmutation"],"picked":"Blade Dance","floor":11.0},{"not_picked":["Flash of Steel","Reflex"],"picked":"Feel No Pain","floor":12.0},{"not_picked":["Halt","Protect"],"picked":"Seeing Red","floor":14.0},{"not_picked":["Corpse Explosion","Glass Knife"],"picked":"Creative AI","floor":16.0},{"not_picked":["Reckless Charge+1","Doom and Gloom+1"],"picked":"SandsOfTime+1","floor":18.0},{"not_picked":["Poisoned Stab+1","Setup"],"picked":"Skim","floor":19.0},{"not_picked":["Protect","WreathOfFlame"],"picked":"Double Energy","floor":20.0},{"not_picked":["Devotion","Outmaneuver"],"picked":"Go for the Eyes+1","floor":24.0},{"not_picked":["Eviscerate+1","Dagger Throw+1","Perfected Strike+1"],"picked":"SKIP","floor":27.0}],"player_experience":776394,"relics_obtained":[{"floor":8.0,"key":"The Courier"},{"floor":9.0,"key":"Darkstone Periapt"},{"floor":11.0,"key":"Self Forming Clay"},{"floor":17.0,"key":"Anchor"},{"floor":17.0,"key":"Molten Egg 2"},{"floor":17.0,"key":"WingedGreaves"},{"floor":19.0,"key":"Red Mask"},{"floor":24.0,"key":"MealTicket"},{"floor":26.0,"key":"Letter Opener"}],"event_choices":[{"damage_healed":0.0,"max_hp_gain":0.0,"max_hp_loss":0.0,"gold_gain":0.0,"cards_transformed":["Defend_R"],"event_name":"Living Wall","player_choice":"Change","floor":4.0,"gold_loss":0.0,"damage_taken":0.0,"cards_obtained":["Power Through"]},{"cards_removed":["Defend_R"],"damage_healed":0.0,"max_hp_gain":0.0,"max_hp_loss":0.0,"gold_gain":0.0,"event_name":"The Cleric","player_choice":"Card Removal","floor":13.0,"gold_loss":50.0,"damage_taken":0.0},{"damage_healed":0.0,"max_hp_gain":0.0,"max_hp_loss":0.0,"gold_gain":0.0,"event_name":"Masked Bandits","player_choice":"Fought Bandits","floor":19.0,"gold_loss":0.0,"damage_taken":0.0},{"damage_healed":0.0,"max_hp_gain":0.0,"max_hp_loss":0.0,"gold_gain":99.0,"event_name":"Nest","player_choice":"Stole From Cult","floor":21.0,"gold_loss":0.0,"damage_taken":0.0}],"is_beta":false,"boss_relics":[{"not_picked":["Astrolabe","Runic Pyramid"],"picked":"Calling Bell"}],"items_purged_floors":[],"is_endless":false,"potions_floor_spawned":[2,8,11,12,19,24],"killed_by":"Gremlin Leader","ascension_level":14}}