{"host":"nlbr7nnijupf3yfg","time":1612888030,"event":{"mods":["AchievementEnabler","BaseMod","Colored Powertips","DeckTracker","Hubris","Minty Spire (QoL Compilation)","Replay The Spire","StSLib","SuperFastMode"],"gold_per_floor":[111,111,386,404,424,465,465,478,528,571,571,595,81,95,95,225,225,246,246,270,220,240,240,264,264,264,298,298,339,363,382,382,508,508,521,796,821,836,849,849,874,918,989,989,989,580,604,623,623,623],"floor_reached":51,"language":"ENG","playtime":1347,"items_purged":["Regret","Strike_R"],"score":1198,"play_id":"32daf9a3-009b-4e22-ae7d-2f96955394ee","local_time":"20210209112710","is_ascension_mode":true,"campfire_choices":[{"floor":7.0,"key":"REST"},{"floor":23,"key":"REST"},{"floor":40,"key":"REST"},{"floor":44,"key":"REST"},{"floor":49,"key":"DIG"}],"circlet_count":0,"master_deck":["Strike_R","Strike_R","Strike_R","Defend_R","Defend_R","Defend_R","Defend_R","Bash","Iron Wave","Heavy Blade","Carnage","Anger","Rage","Shrug It Off","Regret","Immolate","Double Tap+1","Swift Strike","Thunderclap","Massacre","Life Link","Warcry+1","Twin Strike","Offering","Sword Boomerang+1","Ghostly+1","Ghostly+1","Ghostly+1","Ghostly+1","Ghostly+1","Fire Breathing+1","Armaments+1","Cleave","Shame","Exhume+1","Feed","Heavy Blade+1","Infernal Blade+1","Replay:Undeath\u0027s Touch","Hemogenesis","Combust+1","Regret","Pommel Strike+1","Parasite","hubris:SharpeningStone+1","Burning Pact+1","Ghostly Armor+1","Heavy Blade+1","Forethought+1","Spot Weakness+1","Bludgeon","Seeing Red+1"],"relics":["Burning Blood","Golden Idol","InkBottle","hubris:ChampionShield","HornCleat","Incense Burner","BargainBundle","Du-Vu Doll","ReplayTheSpireMod:TigerMarble","Replay:Ancient Bell","Lantern","Toxic Egg 2","Replay:Multitool","hubris:Metronome","Tiny Chest","Replay:Rubber Ducky","Replay:Wax Seal","hubris:GrandSneckoEye","hubris:ToyBattleship","hubris:BottledRain","Medical Kit","Toy Ornithopter","Gremlin Horn"],"acts_visited":["Exordium","TheCity","TheBeyond"],"potions_floor_usage":[33,41],"damage_taken":[{"damage":6.0,"enemies":"Jaw Worm","floor":1.0,"turns":5.0},{"damage":4.0,"enemies":"2 Louse","floor":4.0,"turns":3.0},{"damage":6.0,"enemies":"Cultist","floor":5.0,"turns":3.0},{"damage":40.0,"enemies":"Replay:BlueRogue","floor":6.0,"turns":5.0},{"damage":2.0,"enemies":"Exordium Wildlife","floor":8.0,"turns":4.0},{"damage":26.0,"enemies":"Lagavulin","floor":10.0,"turns":5.0},{"damage":6.0,"enemies":"2 Fungi Beasts","floor":12.0,"turns":3.0},{"damage":0.0,"enemies":"Looter","floor":14.0,"turns":3.0},{"damage":3.0,"enemies":"Slime Boss","floor":16.0,"turns":4.0},{"damage":19,"enemies":"Shell Parasite","floor":18,"turns":4},{"damage":6,"enemies":"2 Thieves","floor":20,"turns":4},{"damage":14,"enemies":"Cultist and Chosen","floor":22,"turns":5},{"damage":10,"enemies":"Chosen and Byrds","floor":24,"turns":5},{"damage":10,"enemies":"Replay:Snechameleon","floor":27,"turns":6},{"damage":6,"enemies":"Slavers","floor":29,"turns":3},{"damage":0,"enemies":"Snake Plant","floor":30,"turns":1},{"damage":8,"enemies":"Snecko","floor":31,"turns":2},{"damage":9,"enemies":"hubris:MusketHawk","floor":33,"turns":9},{"damage":12,"enemies":"3 Darklings","floor":35,"turns":5},{"damage":17,"enemies":"3 Shapes","floor":37,"turns":4},{"damage":9,"enemies":"Writhing Mass","floor":38,"turns":4},{"damage":12,"enemies":"Maw","floor":39,"turns":3},{"damage":3,"enemies":"3 Darklings","floor":41,"turns":4},{"damage":32,"enemies":"Reptomancer","floor":42,"turns":5},{"damage":10,"enemies":"Spire Growth","floor":48,"turns":3},{"damage":16,"enemies":"Donu and Deca","floor":50,"turns":8}],"seed_played":"-7707330025606748524","potions_obtained":[{"floor":1.0,"key":"Strength Potion"},{"floor":8.0,"key":"DuplicationPotion"},{"floor":16.0,"key":"Block Potion"},{"floor":37,"key":"PowerPotion"},{"floor":41,"key":"SpeedPotion"}],"is_trial":false,"path_per_floor":["M","?","?","M","M","E","R","M","T","E","?","M","$","M","R","B",null,"M","?","M","?","M","R","M","?","T","E","R","E","M","M","R","B",null,"M","?","M","M","M","R","M","E","T","R","?","$","T","M","R","B",null],"character_chosen":"IRONCLAD","items_purchased":["BargainBundle","Block Potion","SneckoOil","Elixir","Double Tap+1","Du-Vu Doll","Swift Strike","Thunderclap","Massacre","Life Link","Warcry","Spot Weakness+1","Bludgeon","Medical Kit"],"campfire_rested":4,"item_purchase_floors":[13,13,13,13,13,13,13,13,13,13,13,46,46,46],"current_hp_per_floor":[80,58,58,60,60,26,52,56,56,36,36,36,36,42,39,42,77,64,44,44,44,36,44,40,40,40,36,36,36,42,40,44,41,43,44,44,36,33,30,45,48,22,22,37,37,37,37,33,33,38],"gold":623,"neow_bonus":"TEN_PERCENT_HP_BONUS","is_daily":false,"chose_seed":false,"campfire_upgraded":0,"win_rate":0.0,"timestamp":1612888030,"path_taken":["M","?","?","M","?","E","R","M","T","E","?","M","$","M","R","BOSS","M","?","M","?","M","R","?","?","T","E","R","E","M","M","R","BOSS","M","?","?","M","M","R","M","E","T","R","?","$","?","M","R","BOSS"],"items_purchased_type":["Relic","Potion","Potion","Potion","Card","Relic","Card","Card","Card","Card","Card","Card","Card","Relic"],"build_version":"2020-12-22","purchased_purges":2,"victory":true,"max_hp_per_floor":[88,88,88,88,88,88,88,88,88,88,88,88,88,88,88,88,88,88,44,44,44,44,44,44,44,44,44,44,44,44,44,44,44,44,44,44,47,47,50,50,50,50,50,50,50,50,50,50,50,50],"card_choices":[{"not_picked":["ReplayReversal","Dual Wield"],"picked":"Iron Wave","floor":1.0},{"not_picked":["Combust","Clash"],"picked":"Heavy Blade","floor":4.0},{"not_picked":["ReplayTheSpireMod:Limb From Limb","Iron Wave"],"picked":"Carnage","floor":5.0},{"not_picked":["Body Slam","Rupture"],"picked":"Anger","floor":6.0},{"not_picked":["ReplayTheSpireMod:LeadingStrike","Wild Strike"],"picked":"Rage","floor":8.0},{"not_picked":["hubris:ReadiedAction","Clash"],"picked":"Shrug It Off","floor":10.0},{"not_picked":["Sword Boomerang","Twin Strike"],"picked":"Immolate","floor":12.0},{"not_picked":["Sentinel","Headbutt"],"picked":"Twin Strike","floor":14.0},{"not_picked":["Corruption","Berserk"],"picked":"Offering","floor":16.0},{"not_picked":["Twin Strike","Combust"],"picked":"Sword Boomerang+1","floor":18},{"not_picked":["True Grit+1","Run Through"],"picked":"Fire Breathing+1","floor":20},{"not_picked":["Second Wind+1","ReplayTheSpireMod:Corrosion Curse+1"],"picked":"Armaments+1","floor":22},{"not_picked":["Run Through+1","ReplayTheSpireMod:Strike From Hell"],"picked":"Cleave","floor":24},{"not_picked":["Body Slam","Iron Wave"],"picked":"Exhume+1","floor":27},{"not_picked":["Berserk","Second Wind+1"],"picked":"Heavy Blade+1","floor":29},{"not_picked":["Flex+1","Battle Trance+1"],"picked":"Infernal Blade+1","floor":30},{"not_picked":["Heavy Blade","ReplayTheSpireMod:Strike From Hell"],"picked":"Replay:Undeath\u0027s Touch","floor":31},{"not_picked":["Immolate","Demon Form"],"picked":"Hemogenesis","floor":33},{"not_picked":["Warcry+1","Havoc+1"],"picked":"Combust+1","floor":35},{"not_picked":["Defy Death+1","Shrug It Off+1"],"picked":"Pommel Strike+1","floor":37},{"not_picked":["Cleave","Clothesline"],"picked":"hubris:SharpeningStone+1","floor":38},{"not_picked":["Sword Boomerang","Flex+1"],"picked":"Burning Pact+1","floor":39},{"not_picked":["Anger+1","Iron Wave"],"picked":"Ghostly Armor+1","floor":41},{"not_picked":["Body Slam+1","Perfected Strike+1"],"picked":"Heavy Blade+1","floor":42},{"not_picked":["Flash of Steel","Jack Of All Trades+1"],"picked":"Forethought+1","floor":45},{"not_picked":["Sword Boomerang","Clash+1"],"picked":"Seeing Red+1","floor":48}],"player_experience":41693,"relics_obtained":[{"floor":6.0,"key":"InkBottle"},{"floor":9.0,"key":"hubris:ChampionShield"},{"floor":10.0,"key":"HornCleat"},{"floor":26,"key":"Tiny Chest"},{"floor":27,"key":"Replay:Rubber Ducky"},{"floor":29,"key":"Replay:Wax Seal"},{"floor":42,"key":"hubris:ToyBattleship"},{"floor":43,"key":"hubris:BottledRain"},{"floor":47,"key":"Toy Ornithopter"},{"floor":49,"key":"Gremlin Horn"}],"event_choices":[{"damage_healed":0.0,"max_hp_gain":0.0,"max_hp_loss":0.0,"gold_gain":0.0,"event_name":"Golden Idol","player_choice":"Take Damage","floor":2.0,"gold_loss":0.0,"damage_taken":22.0,"relics_obtained":["Golden Idol"]},{"damage_healed":0.0,"max_hp_gain":0.0,"max_hp_loss":0.0,"gold_gain":275.0,"event_name":"Golden Shrine","player_choice":"Desecrate","floor":3.0,"gold_loss":0.0,"damage_taken":0.0,"cards_obtained":["Regret"]},{"damage_healed":0.0,"max_hp_gain":0.0,"max_hp_loss":0.0,"gold_gain":0.0,"event_name":"Big Fish","player_choice":"Box","floor":11.0,"gold_loss":0.0,"damage_taken":0.0,"relics_obtained":["Incense Burner"],"cards_obtained":["Regret"]},{"damage_healed":0.0,"max_hp_gain":0.0,"max_hp_loss":0.0,"gold_gain":0.0,"event_name":"Scrap Ooze","player_choice":"Success","floor":15.0,"gold_loss":0.0,"damage_taken":3.0,"relics_obtained":["ReplayTheSpireMod:TigerMarble"]},{"damage_healed":0,"gold_gain":0,"player_choice":"Became a Ghost","damage_taken":0,"max_hp_gain":0,"max_hp_loss":44,"event_name":"Ghosts","floor":19,"gold_loss":0,"cards_obtained":["Ghostly","Ghostly","Ghostly","Ghostly","Ghostly"]},{"damage_healed":0,"gold_gain":0,"player_choice":"Bet on Murderer","damage_taken":0,"max_hp_gain":0,"max_hp_loss":0,"event_name":"The Joust","floor":21,"gold_loss":50},{"damage_healed":0,"gold_gain":0,"player_choice":"Stole Relic","damage_taken":0,"relics_obtained":["hubris:Metronome"],"max_hp_gain":0,"max_hp_loss":0,"event_name":"Addict","floor":25,"gold_loss":0,"cards_obtained":["Shame"]},{"damage_healed":0,"gold_gain":275,"player_choice":"Desecrate","damage_taken":0,"max_hp_gain":0,"max_hp_loss":0,"event_name":"Golden Shrine","floor":36,"gold_loss":0,"cards_obtained":["Regret"]},{"damage_healed":0,"gold_gain":0,"player_choice":"Memory 1","damage_taken":0,"max_hp_gain":0,"max_hp_loss":0,"event_name":"SensoryStone","floor":45,"gold_loss":0}],"is_beta":false,"boss_relics":[{"not_picked":["hubris:RunicObelisk","hubris:BlackHole"],"picked":"Replay:Ancient Bell"},{"not_picked":["War Paint","hubris:TenFootPole"],"picked":"Lantern"},{"not_picked":["Paper Frog","hubris:CrystalStatue"],"picked":"Toxic Egg 2"},{"not_picked":["FossilizedHelix","Ice Cream"],"picked":"Replay:Multitool"},{"not_picked":["Replay:Wanted Poster","Runic Dome"],"picked":"hubris:GrandSneckoEye"}],"items_purged_floors":[13,46],"is_endless":false,"potions_floor_spawned":[1,8,16,20,22,27,37,41,42],"ascension_level":6}}