{"host":"suw5tyb7z6zbnnfs","time":1612842869,"event":{"mods":["AchievementEnabler","BaseMod","Colored Map","Minty Spire (QoL Compilation)"],"gold_per_floor":[118,134,134,149,79,79,79,12,12,12,12,45,45,58,58,157,157,171,171,152,170,181,181,211,211,211],"floor_reached":25,"language":"ENG","playtime":1457,"items_purged":[],"score":334,"play_id":"351a384d-7ff1-49a2-a1de-fe0141822a2b","local_time":"20210208225429","is_ascension_mode":true,"campfire_choices":[{"data":"Dualcast","floor":6.0,"key":"SMITH"},{"data":"Rainbow","floor":11,"key":"SMITH"},{"data":"Fusion","floor":13,"key":"SMITH"},{"data":"Zap","floor":15,"key":"SMITH"},{"floor":23,"key":"REST"}],"circlet_count":0,"master_deck":["Strike_B","Strike_B","Strike_B","Defend_B","Defend_B","Defend_B","Defend_B","Zap+1","Dualcast+1","White Noise","Rip and Tear","Capacitor","Rainbow+1","Defragment","Fusion+1","Loop","Biased Cognition","Force Field","Tempest","Hologram"],"relics":["Cracked Core","Anchor","Pear","Strawberry","Busted Crown","FossilizedHelix"],"acts_visited":["Exordium","TheCity"],"potions_floor_usage":[14,18,24],"damage_taken":[{"damage":12.0,"enemies":"Small Slimes","floor":1.0,"turns":3.0},{"damage":2.0,"enemies":"Jaw Worm","floor":2.0,"turns":3.0},{"damage":0.0,"enemies":"Cultist","floor":4.0,"turns":2.0},{"damage":31,"enemies":"Gremlin Nob","floor":12,"turns":4},{"damage":11,"enemies":"Exordium Wildlife","floor":14,"turns":4},{"damage":32,"enemies":"Hexaghost","floor":16,"turns":8},{"damage":0,"enemies":"Chosen","floor":18,"turns":4},{"damage":12,"enemies":"2 Thieves","floor":20,"turns":4},{"damage":11,"enemies":"Snecko","floor":21,"turns":5},{"damage":34,"enemies":"Snake Plant","floor":22,"turns":5},{"damage":44,"enemies":"Slavers","floor":24,"turns":5},{"damage":6,"enemies":"Shelled Parasite and Fungi","floor":25,"turns":1}],"seed_played":"-6725888002854246683","potions_obtained":[{"floor":12,"key":"FearPotion"},{"floor":14,"key":"Explosive Potion"},{"floor":16,"key":"DuplicationPotion"},{"floor":22,"key":"FearPotion"},{"floor":24,"key":"GamblersBrew"}],"is_trial":false,"path_per_floor":["M","M","?","M","$","R","?","$","T","?","R","E","R","M","R","B",null,"M","?","M","M","M","R","E","M"],"character_chosen":"DEFECT","items_purchased":["Rainbow","Defragment"],"campfire_rested":1,"item_purchase_floors":[5,8],"current_hp_per_floor":[56,54,29,29,29,29,22,22,32,88,88,64,64,53,53,21,77,77,77,65,54,20,48,4,0,0],"gold":211,"neow_bonus":"RANDOM_COLORLESS_2","is_daily":false,"chose_seed":false,"campfire_upgraded":4,"win_rate":0.0,"timestamp":1612842869,"path_taken":["M","M","?","M","$","R","?","$","T","?","R","E","R","M","R","BOSS","M","?","M","M","M","R","E","M"],"items_purchased_type":["Card","Card"],"build_version":"2020-12-22","purchased_purges":0,"victory":false,"max_hp_per_floor":[68,68,68,68,68,68,68,68,78,88,88,95,95,95,95,95,95,95,95,95,95,95,95,95,95,95],"card_choices":[{"not_picked":["Secret Technique","Chrysalis"],"picked":"Violence","floor":0.0},{"not_picked":["Conserve Battery","Streamline"],"picked":"White Noise","floor":1.0},{"not_picked":["Streamline","Compile Driver"],"picked":"Rip and Tear","floor":2.0},{"not_picked":["Streamline","Redo"],"picked":"Capacitor","floor":4.0},{"not_picked":["BootSequence","Beam Cell"],"picked":"Fusion","floor":12},{"not_picked":["Steam","Rip and Tear"],"picked":"Loop","floor":14},{"not_picked":["Echo Form","Rainbow"],"picked":"Biased Cognition","floor":16},{"not_picked":["Ball Lightning"],"picked":"SKIP","floor":18},{"not_picked":["Turbo+1"],"picked":"SKIP","floor":20},{"not_picked":["Doom and Gloom"],"picked":"SKIP","floor":21},{"not_picked":[],"picked":"Tempest","floor":22},{"not_picked":[],"picked":"Hologram","floor":24}],"player_experience":873011,"relics_obtained":[{"floor":9.0,"key":"Pear"},{"floor":12,"key":"Strawberry"},{"floor":24,"key":"FossilizedHelix"}],"event_choices":[{"damage_healed":0.0,"max_hp_gain":0.0,"max_hp_loss":0.0,"gold_gain":0.0,"event_name":"Scrap Ooze","player_choice":"Success","floor":3.0,"gold_loss":0.0,"damage_taken":25.0,"relics_obtained":["Anchor"]},{"cards_removed":["Strike_B"],"damage_healed":0.0,"max_hp_gain":0.0,"max_hp_loss":0.0,"gold_gain":0.0,"event_name":"Golden Wing","player_choice":"Card Removal","floor":7.0,"gold_loss":0.0,"damage_taken":7.0},{"cards_removed":["Violence"],"damage_healed":46.0,"max_hp_gain":10.0,"max_hp_loss":0.0,"gold_gain":0.0,"event_name":"Bonfire Elementals","player_choice":"Offered Rare","floor":10.0,"gold_loss":0.0,"damage_taken":0.0},{"damage_healed":0,"gold_gain":0,"player_choice":"Read","damage_taken":0,"max_hp_gain":0,"max_hp_loss":0,"event_name":"The Library","floor":19,"gold_loss":0,"cards_obtained":["Force Field"]}],"is_beta":false,"boss_relics":[{"not_picked":["Runic Pyramid","Astrolabe"],"picked":"Busted Crown"}],"items_purged_floors":[],"is_endless":false,"potions_floor_spawned":[12,14,16,22,24],"killed_by":"Shelled Parasite and Fungi","ascension_level":8}}