{"host":"p6y17sixyu8q9v1f","time":1612860112,"event":{"mods":["BaseMod","Colored Map","Minty Spire (QoL Compilation)"],"gold_per_floor":[117,136,136,61,236,236,256,256,256,256,274,23,23,64,64,64,64],"floor_reached":16,"language":"ENG","playtime":338,"items_purged":["Strike_B","Doubt"],"score":123,"play_id":"1c804964-ea3a-4aa5-853f-1500ee7c96ab","local_time":"20210209024152","is_ascension_mode":true,"campfire_choices":[{"data":"Dualcast","floor":6,"key":"SMITH"},{"data":"Self Repair","floor":8,"key":"SMITH"},{"data":"Rebound","floor":15,"key":"SMITH"}],"circlet_count":0,"master_deck":["Strike_B+1","Strike_B","Strike_B","Defend_B","Defend_B","Defend_B","Defend_B","Zap+1","Dualcast+1","Rebound+1","Self Repair+1","Streamline+1","Redo+1","Conserve Battery+1"],"relics":["Cracked Core","Golden Idol","Toxic Egg 2","DataDisk","Kunai"],"acts_visited":["Exordium"],"potions_floor_usage":[14],"damage_taken":[{"damage":7,"enemies":"Jaw Worm","floor":1,"turns":3},{"damage":5,"enemies":"2 Louse","floor":2,"turns":3},{"damage":0,"enemies":"Small Slimes","floor":7,"turns":3},{"damage":16,"enemies":"Blue Slaver","floor":11,"turns":4},{"damage":5,"enemies":"Gremlin Nob","floor":14,"turns":3},{"damage":34,"enemies":"Hexaghost","floor":16,"turns":7}],"seed_played":"2893579843278224544","potions_obtained":[{"floor":11,"key":"Strength Potion"}],"is_trial":false,"path_per_floor":["M","M","?","$","?","R","M","R","T","?","M","$","?","E","R","B"],"character_chosen":"DEFECT","items_purchased":["DataDisk"],"campfire_rested":0,"item_purchase_floors":[12],"current_hp_per_floor":[68,63,45,45,45,45,52,52,52,57,51,51,35,30,30,0,0],"gold":64,"neow_bonus":"UPGRADE_CARD","is_daily":false,"chose_seed":false,"campfire_upgraded":3,"win_rate":0.0,"timestamp":1612860112,"path_taken":["M","M","?","$","?","R","M","R","T","?","M","$","?","E","R","BOSS"],"items_purchased_type":["Relic"],"build_version":"2020-12-22","purchased_purges":2,"victory":false,"max_hp_per_floor":[75,75,75,75,75,75,75,75,75,80,80,80,80,80,80,80,80],"card_choices":[{"not_picked":["Beam Cell","Lockon"],"picked":"Rebound","floor":1},{"not_picked":["Capacitor","Lockon"],"picked":"Self Repair","floor":2},{"not_picked":["Heatsinks","Storm"],"picked":"Streamline","floor":7},{"not_picked":["Reinforced Body+1","Hello World"],"picked":"Redo+1","floor":11},{"not_picked":["Redo+1","Electrodynamics"],"picked":"Conserve Battery+1","floor":14}],"player_experience":1077112,"relics_obtained":[{"floor":9,"key":"Toxic Egg 2"},{"floor":14,"key":"Kunai"}],"event_choices":[{"damage_healed":0,"gold_gain":0,"player_choice":"Take Damage","damage_taken":18,"relics_obtained":["Golden Idol"],"max_hp_gain":0,"max_hp_loss":0,"event_name":"Golden Idol","floor":3,"gold_loss":0},{"damage_healed":0,"gold_gain":175,"player_choice":"AGREE","damage_taken":0,"max_hp_gain":0,"max_hp_loss":0,"event_name":"Liars Game","floor":5,"gold_loss":0,"cards_obtained":["Doubt"]},{"damage_healed":0,"gold_gain":0,"player_choice":"Donut","damage_taken":0,"max_hp_gain":5,"max_hp_loss":0,"event_name":"Big Fish","floor":10,"gold_loss":0},{"damage_healed":0,"gold_gain":0,"player_choice":"Entered Light","damage_taken":16,"max_hp_gain":0,"max_hp_loss":0,"event_name":"Shining Light","floor":13,"gold_loss":0,"cards_upgraded":["Streamline","Strike_B"]}],"is_beta":false,"boss_relics":[],"items_purged_floors":[4,12],"is_endless":false,"potions_floor_spawned":[11],"killed_by":"Hexaghost","ascension_level":5}}