{"host":"tetq3wi5anb97imq","time":1612898263,"event":{"mods":["BaseMod","Block Reminder","Minty Spire (QoL Compilation)","Quick Restart","StSLib","SuperFastMode"],"gold_per_floor":[118,118,135,150,40,71,71,71,71,71,71,71],"floor_reached":11,"language":"ENG","playtime":127,"items_purged":[],"score":142,"play_id":"2468b32e-44f5-40ed-8394-ac43c42ee552","local_time":"20210209171743","is_ascension_mode":true,"campfire_choices":[{"data":"Envenom","floor":7,"key":"SMITH"}],"circlet_count":0,"master_deck":["AscendersBane","Strike_G","Strike_G","Strike_G+1","Strike_G","Strike_G","Defend_G","Defend_G+1","Defend_G","Defend_G","Defend_G","Survivor","Neutralize","Noxious Fumes+1","Poisoned Stab","Catalyst","Deadly Poison","Poisoned Stab","Envenom+1"],"relics":["Ring of the Snake","NeowsBlessing","Bottled Tornado","Regal Pillow"],"acts_visited":["Exordium"],"potions_floor_usage":[6],"damage_taken":[{"damage":0,"enemies":"2 Louse","floor":1,"turns":1},{"damage":0,"enemies":"Cultist","floor":3,"turns":1},{"damage":0,"enemies":"Jaw Worm","floor":4,"turns":1},{"damage":42,"enemies":"3 Sentries","floor":6,"turns":9},{"damage":8,"enemies":"Gremlin Nob","floor":11,"turns":3}],"seed_played":"2234860108472757141","potions_obtained":[{"floor":1,"key":"SteroidPotion"}],"is_trial":false,"path_per_floor":["M","?","M","M","$","E","R","?","T","?","E"],"character_chosen":"THE_SILENT","items_purchased":["Deadly Poison","Poisoned Stab"],"campfire_rested":0,"item_purchase_floors":[5,5],"current_hp_per_floor":[59,59,59,59,59,17,17,39,39,19,11,11],"gold":71,"neow_bonus":"THREE_ENEMY_KILL","is_daily":false,"chose_seed":false,"campfire_upgraded":1,"win_rate":0.0,"timestamp":1612898263,"path_taken":["M","?","?","M","?","E","R","?","T","?","E"],"items_purchased_type":["Card","Card"],"build_version":"2020-12-22","purchased_purges":0,"victory":false,"max_hp_per_floor":[66,66,66,66,66,66,66,66,66,66,66,66],"card_choices":[{"not_picked":["Accuracy","Dodge and Roll"],"picked":"Noxious Fumes","floor":1},{"not_picked":["Dagger Spray","Outmaneuver"],"picked":"Poisoned Stab","floor":3},{"not_picked":["Underhanded Strike","Outmaneuver"],"picked":"Catalyst","floor":4},{"not_picked":["Outmaneuver","Endless Agony"],"picked":"Envenom","floor":6}],"player_experience":1660939,"relics_obtained":[{"floor":6,"key":"Bottled Tornado"},{"floor":9,"key":"Regal Pillow"}],"event_choices":[{"damage_healed":0,"gold_gain":0,"player_choice":"Upgraded","damage_taken":0,"max_hp_gain":0,"max_hp_loss":0,"event_name":"Upgrade Shrine","floor":2,"gold_loss":0,"cards_upgraded":["Noxious Fumes"]},{"damage_healed":22,"gold_gain":0,"player_choice":"Banana","damage_taken":0,"max_hp_gain":0,"max_hp_loss":0,"event_name":"Big Fish","floor":8,"gold_loss":0},{"damage_healed":0,"gold_gain":0,"player_choice":"Entered Light","damage_taken":20,"max_hp_gain":0,"max_hp_loss":0,"event_name":"Shining Light","floor":10,"gold_loss":0,"cards_upgraded":["Strike_G","Defend_G"]}],"is_beta":false,"boss_relics":[],"items_purged_floors":[],"is_endless":false,"potions_floor_spawned":[1],"killed_by":"Gremlin Nob","ascension_level":20}}