{"host":"k7udt7atmcuzf6l0","time":1612846600,"event":{"mods":["AchievementEnabler","BaseMod","BetterRewards","Colored Map","Colored Powertips","Highlight Path","Minty Spire (QoL Compilation)","Quick Restart","Rare Cards Sparkle","Relic Stats","StSLib","UnlockEverythingMod"],"gold_per_floor":[117,130,130,141,141,141,166,36,84,149,149,188,188,207,207,328,328,346,346,346,365,280,305,305,63,63,74,104,104,120,3,3,3,3],"floor_reached":33,"language":"ZHS","playtime":557,"items_purged":[],"score":281,"play_id":"268a8e5f-7ae3-4619-942f-4f7104477d69","local_time":"20210209125640","is_ascension_mode":false,"campfire_choices":[{"data":"Cleave","floor":6,"key":"SMITH"},{"data":"Flex","floor":11,"key":"SMITH"},{"data":"Flex","floor":13,"key":"SMITH"},{"data":"Limit Break","floor":15,"key":"SMITH"},{"data":"Inflame","floor":24,"key":"SMITH"},{"data":"Armaments","floor":29,"key":"SMITH"},{"data":"Double Tap","floor":32,"key":"SMITH"}],"circlet_count":0,"master_deck":["Strike_R","Strike_R","Strike_R","Strike_R","Strike_R","Defend_R","Defend_R","Defend_R","Defend_R","Bash","Sword Boomerang","Headbutt","Cleave+1","Limit Break+1","Flex+1","Infernal Blade","Flex+1","Twin Strike","Double Tap+1","Hemokinesis","Necronomicurse","Infernal Blade+1","Inflame+1","Armaments+1","Shockwave+1","Entrench+1"],"relics":["Burning Blood","NeowsBlessing","Lantern","Bloody Idol","Odd Mushroom","Bronze Scales","Thread and Needle","Runic Cube","Necronomicon","Ancient Tea Set","Matryoshka","Mummified Hand","Blood Vial","The Courier","Prayer Wheel","Boot"],"acts_visited":["Exordium","TheCity"],"potions_floor_usage":[7,12,21,30],"damage_taken":[{"damage":0,"enemies":"2 Louse","floor":1,"turns":1},{"damage":0,"enemies":"Jaw Worm","floor":2,"turns":1},{"damage":0,"enemies":"Small Slimes","floor":4,"turns":1},{"damage":32,"enemies":"The Mushroom Lair","floor":7,"turns":3},{"damage":6,"enemies":"Gremlin Nob","floor":12,"turns":3},{"damage":0,"enemies":"Blue Slaver","floor":14,"turns":1},{"damage":26,"enemies":"Slime Boss","floor":16,"turns":6},{"damage":5,"enemies":"3 Byrds","floor":18,"turns":2},{"damage":8,"enemies":"Chosen","floor":21,"turns":2},{"damage":5,"enemies":"Gremlin Leader","floor":23,"turns":4},{"damage":12,"enemies":"Snake Plant","floor":27,"turns":2},{"damage":30,"enemies":"Book of Stabbing","floor":28,"turns":4},{"damage":4,"enemies":"Shelled Parasite and Fungi","floor":30,"turns":2},{"damage":72,"enemies":"Automaton","floor":33,"turns":6}],"seed_played":"6830904786582962165","potions_obtained":[{"floor":4,"key":"Regen Potion"},{"floor":7,"key":"LiquidMemories"},{"floor":12,"key":"FearPotion"},{"floor":28,"key":"EssenceOfSteel"}],"is_trial":false,"path_per_floor":["M","M","?","M","?","R","?","$","T","?","R","E","R","M","R","B",null,"M","?","?","M","?","E","R","$","T","M","E","R","M","$","R","B"],"character_chosen":"IRONCLAD","items_purchased":["Flex","Infernal Blade","Mummified Hand","Boot"],"campfire_rested":0,"item_purchase_floors":[8,8,25,31],"current_hp_per_floor":[80,80,77,80,60,60,43,43,43,43,43,43,43,49,49,29,80,80,64,64,67,67,73,73,73,73,74,57,57,66,66,66,0,0],"gold":3,"neow_bonus":"THREE_ENEMY_KILL","is_daily":false,"chose_seed":false,"campfire_upgraded":7,"win_rate":0.0,"timestamp":1612846600,"path_taken":["M","M","?","M","?","R","?","$","T","?","R","E","R","?","R","BOSS","M","?","?","M","?","E","R","$","T","M","E","R","M","$","R","BOSS"],"items_purchased_type":["Card","Card","Relic","Relic"],"build_version":"2020-12-22","purchased_purges":0,"victory":false,"max_hp_per_floor":[80,80,80,80,80,80,80,80,80,80,80,80,80,80,80,80,80,80,80,80,80,80,80,80,80,80,80,80,80,80,80,80,80,80],"relic_stats":{"Blood Vial":8,"counters":[14,38],"Mummified Hand":[3],"Bloody Idol":25,"Bronze Scales":[98],"Prayer Wheel":1,"Necronomicon":[5],"Boot":[6],"obtain_stats":[{"Lantern":3,"NeowsBlessing":0,"Golden Idol":5,"Thread and Needle":12,"The Courier":26,"Odd Mushroom":7,"Ancient Tea Set":22,"Boot":31,"Burning Blood":0,"Blood Vial":26,"Matryoshka":23,"Mummified Hand":25,"Bronze Scales":9,"Bloody Idol":20,"Prayer Wheel":28,"Necronomicon":19,"Runic Cube":17},{"Lantern":2,"NeowsBlessing":0,"Golden Idol":3,"Thread and Needle":5,"The Courier":10,"Odd Mushroom":4,"Ancient Tea Set":9,"Boot":13,"Burning Blood":0,"Blood Vial":10,"Matryoshka":10,"Mummified Hand":10,"Bronze Scales":4,"Bloody Idol":8,"Prayer Wheel":12,"Necronomicon":8,"Runic Cube":7},{"Lantern":2,"NeowsBlessing":0,"Golden Idol":3,"Thread and Needle":9,"The Courier":24,"Odd Mushroom":6,"Ancient Tea Set":20,"Boot":32,"Burning Blood":0,"Blood Vial":24,"Matryoshka":24,"Mummified Hand":24,"Bronze Scales":6,"Bloody Idol":18,"Prayer Wheel":30,"Necronomicon":18,"Runic Cube":16}],"Burning Blood":62,"Runic Cube":[24]},"card_choices":[{"not_picked":["Perfected Strike","Twin Strike"],"picked":"Sword Boomerang","floor":1},{"not_picked":["Ghostly Armor","Dark Embrace"],"picked":"Headbutt","floor":2},{"not_picked":["True Grit","Heavy Blade"],"picked":"Cleave","floor":4},{"not_picked":["Clothesline","Body Slam"],"picked":"Limit Break","floor":7},{"not_picked":["Dark Embrace","Shrug It Off"],"picked":"Flex","floor":12},{"not_picked":["Havoc","Heavy Blade"],"picked":"Twin Strike","floor":14},{"not_picked":["Exhume","Immolate"],"picked":"Double Tap","floor":16},{"not_picked":["Flex","Disarm"],"picked":"Hemokinesis","floor":18},{"not_picked":["Pommel Strike","Iron Wave"],"picked":"Infernal Blade+1","floor":21},{"not_picked":["Demon Form","Armaments"],"picked":"Inflame","floor":23},{"not_picked":["Headbutt","Infernal Blade"],"picked":"Armaments","floor":27},{"not_picked":["Headbutt+1","Warcry+1"],"picked":"Shockwave+1","floor":28},{"not_picked":["Havoc","Headbutt"],"picked":"Entrench+1","floor":30},{"not_picked":["Headbutt","Perfected Strike+1","Pommel Strike"],"picked":"SKIP","floor":30}],"player_experience":77077,"relics_obtained":[{"floor":7,"key":"Odd Mushroom"},{"floor":9,"key":"Bronze Scales"},{"floor":12,"key":"Thread and Needle"},{"floor":19,"key":"Necronomicon"},{"floor":23,"key":"Matryoshka"},{"floor":26,"key":"Blood Vial"},{"floor":26,"key":"The Courier"},{"floor":28,"key":"Prayer Wheel"}],"event_choices":[{"damage_healed":0,"gold_gain":0,"player_choice":"Success","damage_taken":3,"relics_obtained":["Lantern"],"max_hp_gain":0,"max_hp_loss":0,"event_name":"Scrap Ooze","floor":3,"gold_loss":0},{"damage_healed":0,"gold_gain":0,"player_choice":"Take Damage","damage_taken":20,"relics_obtained":["Golden Idol"],"max_hp_gain":0,"max_hp_loss":0,"event_name":"Golden Idol","floor":5,"gold_loss":0},{"damage_healed":0,"gold_gain":0,"player_choice":"Fought Mushrooms","damage_taken":0,"max_hp_gain":0,"max_hp_loss":0,"event_name":"Mushrooms","floor":7,"gold_loss":0},{"damage_healed":0,"gold_gain":65,"player_choice":"Gained Gold","damage_taken":0,"max_hp_gain":0,"max_hp_loss":0,"event_name":"Golden Wing","floor":10,"gold_loss":0},{"damage_healed":0,"gold_gain":0,"player_choice":"Obtained Book","damage_taken":16,"max_hp_gain":0,"max_hp_loss":0,"event_name":"Cursed Tome","floor":19,"gold_loss":0},{"damage_healed":0,"gold_gain":0,"player_choice":"Gave Idol","damage_taken":0,"relics_obtained":["Bloody Idol"],"max_hp_gain":0,"max_hp_loss":0,"event_name":"Forgotten Altar","floor":20,"relics_lost":["Golden Idol"],"gold_loss":0},{"damage_healed":0,"gold_gain":0,"player_choice":"Obtained Relic","damage_taken":0,"relics_obtained":["Ancient Tea Set"],"max_hp_gain":0,"max_hp_loss":0,"event_name":"Addict","floor":22,"gold_loss":85}],"is_beta":false,"boss_relics":[{"not_picked":["Empty Cage","Runic Dome"],"picked":"Runic Cube"}],"items_purged_floors":[],"is_endless":false,"potions_floor_spawned":[4,7,12,28],"killed_by":"Automaton","ascension_level":0}}