{"host":"kpyf5rnb72uwap8k","time":1612888935,"event":{"mods":["AchievementEnabler","BaseMod","Colored Map","Colored Powertips","DeckTracker","Minty Spire (QoL Compilation)","Permanent Neow","Quick Restart","StSLib","SuperFastMode"],"gold_per_floor":[112,130,130,130,1,41,65,65,146,170,26,26,69,82,82,205,205,223,244,343,368,468,468,484,484,484,507,521,565,565,583,583,583,583],"floor_reached":33,"language":"KOR","playtime":885,"items_purged":["Strike_B"],"score":392,"play_id":"d5cd7292-db8c-487f-809d-f6792c394071","local_time":"20210210014215","is_ascension_mode":true,"campfire_choices":[{"data":"Darkness","floor":8.0,"key":"SMITH"},{"floor":12.0,"key":"REST"},{"data":"Redo","floor":15.0,"key":"SMITH"},{"data":"Redo","floor":23.0,"key":"SMITH"},{"floor":25,"key":"REST"},{"floor":30,"key":"REST"},{"floor":32,"key":"REST"}],"circlet_count":0,"master_deck":["Defend_B","Defend_B","Defend_B","Defend_B","Zap","Dualcast","Consume","Darkness+1","Redo","Redo+1","Redo+1","Auto Shields","Darkness+1","BootSequence+1","Glacier+1","Scrape+1","Cold Snap","Self Repair+1","Redo+1","Coolheaded","Hologram"],"relics":["Cracked Core","NeowsBlessing","Golden Idol","Centennial Puzzle","Kunai","Symbiotic Virus","DollysMirror","Shovel","Astrolabe","Art of War","Red Mask"],"acts_visited":["Exordium","TheCity"],"potions_floor_usage":[29,33],"damage_taken":[{"damage":0.0,"enemies":"Small Slimes","floor":1.0,"turns":1.0},{"damage":0.0,"enemies":"Jaw Worm","floor":2.0,"turns":1.0},{"damage":0.0,"enemies":"Lagavulin","floor":6.0,"turns":1.0},{"damage":1.0,"enemies":"Cultist","floor":7.0,"turns":3.0},{"damage":7.0,"enemies":"3 Louse","floor":10.0,"turns":3.0},{"damage":12.0,"enemies":"Gremlin Nob","floor":13.0,"turns":3.0},{"damage":7.0,"enemies":"2 Fungi Beasts","floor":14.0,"turns":2.0},{"damage":0.0,"enemies":"Slime Boss","floor":16.0,"turns":4.0},{"damage":19.0,"enemies":"3 Byrds","floor":18.0,"turns":3.0},{"damage":15.0,"enemies":"2 Thieves","floor":19.0,"turns":4.0},{"damage":13.0,"enemies":"Chosen and Byrds","floor":21.0,"turns":5.0},{"damage":15,"enemies":"Sentry and Sphere","floor":24,"turns":4},{"damage":21,"enemies":"Snake Plant","floor":27,"turns":3},{"damage":14,"enemies":"Centurion and Healer","floor":28,"turns":6},{"damage":16,"enemies":"Masked Bandits","floor":29,"turns":3},{"damage":24,"enemies":"Shelled Parasite and Fungi","floor":31,"turns":6},{"damage":77,"enemies":"Automaton","floor":33,"turns":12}],"seed_played":"-4141252177974687566","potions_obtained":[{"floor":1.0,"key":"Ancient Potion"},{"floor":6.0,"key":"Ancient Potion"},{"floor":14.0,"key":"GamblersBrew"},{"floor":24,"key":"FocusPotion"},{"floor":29,"key":"LiquidBronze"}],"is_trial":false,"path_per_floor":["M","M","?","?","$","E","M","R","T","M","$","R","E","M","R","B",null,"M","M","?","M","?","R","M","R","T","M","M","?","R","M","R","B"],"character_chosen":"DEFECT","items_purchased":["Redo","DollysMirror"],"campfire_rested":4,"item_purchase_floors":[5,11],"current_hp_per_floor":[75,75,69,66,66,66,65,65,65,58,58,69,57,50,50,50,69,50,35,35,32,32,32,27,47,47,26,22,16,36,22,42,0,0],"gold":583,"neow_bonus":"THREE_ENEMY_KILL","is_daily":false,"chose_seed":false,"campfire_upgraded":3,"win_rate":0.0,"timestamp":1612888935,"path_taken":["M","M","?","?","$","E","M","R","T","M","$","R","E","M","R","BOSS","M","M","?","M","?","R","M","R","T","?","M","?","R","M","R","BOSS"],"items_purchased_type":["Card","Relic"],"build_version":"2020-12-22","purchased_purges":1,"victory":false,"max_hp_per_floor":[75,75,69,69,69,69,69,69,69,69,69,69,69,69,69,69,69,69,69,69,69,69,69,69,69,69,69,69,69,69,69,69,69,69],"card_choices":[{"not_picked":["Gash","Sweeping Beam"],"picked":"Consume","floor":1.0},{"not_picked":["Steam","Go for the Eyes"],"picked":"Darkness","floor":2.0},{"not_picked":["Gash","Recycle"],"picked":"Redo","floor":6.0},{"not_picked":["Ball Lightning","Compile Driver"],"picked":"Redo","floor":7.0},{"not_picked":["FTL","Turbo"],"picked":"Auto Shields","floor":10.0},{"not_picked":["Steam","Beam Cell","Chaos"],"picked":"SKIP","floor":13.0},{"not_picked":["Chaos","Beam Cell","Turbo"],"picked":"SKIP","floor":14.0},{"not_picked":["Redo","Leap"],"picked":"Cold Snap","floor":18.0},{"not_picked":["Steam","Conserve Battery+1"],"picked":"Self Repair+1","floor":19.0},{"not_picked":["Double Energy+1","Leap","Aggregate+1"],"picked":"SKIP","floor":21.0},{"not_picked":["Fusion","Rebound+1","Turbo"],"picked":"SKIP","floor":24},{"not_picked":["Biased Cognition","Undo+1"],"picked":"Redo+1","floor":27},{"not_picked":["Blizzard+1","Skim+1"],"picked":"Coolheaded","floor":28},{"not_picked":["Go for the Eyes+1","Barrage"],"picked":"Hologram","floor":29},{"not_picked":["Rebound+1","Cold Snap","Steam+1"],"picked":"SKIP","floor":31}],"player_experience":265029,"relics_obtained":[{"floor":6.0,"key":"Kunai"},{"floor":9.0,"key":"Symbiotic Virus"},{"floor":13.0,"key":"Shovel"},{"floor":26,"key":"Art of War"},{"floor":29,"key":"Red Mask"}],"event_choices":[{"damage_healed":0.0,"max_hp_gain":0.0,"max_hp_loss":6.0,"gold_gain":0.0,"event_name":"Golden Idol","player_choice":"Lose Max HP","floor":3.0,"gold_loss":0.0,"damage_taken":0.0,"relics_obtained":["Golden Idol"]},{"damage_healed":0.0,"max_hp_gain":0.0,"max_hp_loss":0.0,"gold_gain":0.0,"event_name":"Scrap Ooze","player_choice":"Success","floor":4.0,"gold_loss":0.0,"damage_taken":3.0,"relics_obtained":["Centennial Puzzle"]},{"damage_healed":0.0,"max_hp_gain":0.0,"max_hp_loss":0.0,"gold_gain":99.0,"event_name":"Nest","player_choice":"Stole From Cult","floor":20.0,"gold_loss":0.0,"damage_taken":0.0},{"damage_healed":0.0,"max_hp_gain":0.0,"max_hp_loss":0.0,"gold_gain":100.0,"event_name":"Golden Shrine","player_choice":"Pray","floor":22.0,"gold_loss":0.0,"damage_taken":0.0},{"damage_healed":0,"gold_gain":0,"player_choice":"Fought Bandits","damage_taken":0,"max_hp_gain":0,"max_hp_loss":0,"event_name":"Masked Bandits","floor":29,"gold_loss":0}],"is_beta":false,"boss_relics":[{"not_picked":["Calling Bell","Coffee Dripper"],"picked":"Astrolabe"}],"items_purged_floors":[5],"is_endless":false,"potions_floor_spawned":[1,6,14,16,24,27,29],"killed_by":"Automaton","ascension_level":2}}