{"host":"v1zz5dqrlq7zjvm7","time":1612843706,"event":{"mods":["100% Spire Juice","Act Like it!","BaseMod","Colored Map","Colored Powertips","Friendly Minions","Gensokyo","HololiveMod","Minty Spire (QoL Compilation)","Prisma Mod","StSLib","The Alterego","The Marked","The Servant 0.9.4","TheSwordswoman","UnlockEverythingMod","Waifu the Spire","Yakumo Yukari mod"],"gold_per_floor":[119,119,139,158,176,208,208,208,208,32,32,48,48,63,63,166,166,183,183,202,16,0,0,35,35,62,77,5,5,5,5,5,5,5],"floor_reached":33,"language":"ENG","playtime":1662,"items_purged":["alterego_mod:PerceptionDisorder"],"score":263,"play_id":"4c629ddc-8905-4c97-a86c-25b7f37249b4","local_time":"20210209143826","is_ascension_mode":false,"campfire_choices":[{"floor":8.0,"key":"REST"},{"data":"alterego_mod:TrashNCrash","floor":13,"key":"SMITH"},{"floor":15,"key":"REST"},{"data":"alterego_mod:1TonWallop","floor":23,"key":"SMITH"},{"floor":32,"key":"REST"}],"circlet_count":0,"master_deck":["alterego_mod:Strike","alterego_mod:Strike","alterego_mod:Strike","alterego_mod:Strike","alterego_mod:Defend","alterego_mod:Defend","alterego_mod:Defend","alterego_mod:Defend","alterego_mod:Impale+1","alterego_mod:BrynhildrsRune","alterego_mod:1TonWallop+1","alterego_mod:Rip","alterego_mod:TrashNCrash+1","alterego_mod:STier","alterego_mod:PainIsPleasure","alterego_mod:Support","alterego_mod:IdEs+1","alterego_mod:Rip","alterego_mod:SakuraFive","alterego_mod:Table+1","alterego_mod:GoddessCore+1","alterego_mod:Exercise","alterego_mod:AlterEgo"],"relics":["alterego_mod:MasochisticConstitution","Strawberry","White Beast Statue","Toxic Egg 2","Gensokyo:Justice","Philosopher\u0027s Stone","Gensokyo:RedStar","StoneCalendar","Blue Candle","Juzu Bracelet","Gensokyo:SongOfSouls","WingedGreaves"],"acts_visited":["Gensokyo:Gensokyo","Gensokyo:Gensokyoer"],"potions_floor_usage":[16,16,24,24,33,33],"damage_taken":[{"damage":9.0,"enemies":"Gensokyo:Gryphon","floor":1.0,"turns":6.0},{"damage":14.0,"enemies":"Gensokyo:Python","floor":3.0,"turns":3.0},{"damage":4.0,"enemies":"Gensokyo:2_Kodama","floor":4.0,"turns":2.0},{"damage":11.0,"enemies":"Gensokyo:VengefulSpirit","floor":5.0,"turns":5.0},{"damage":20.0,"enemies":"Gensokyo:Mamizou","floor":6.0,"turns":8.0},{"damage":4.0,"enemies":"Gensokyo:5_Fairies","floor":12.0,"turns":2.0},{"damage":34,"enemies":"Gensokyo:Gryphon_and_Rabbit","floor":14,"turns":4},{"damage":77,"enemies":"Gensokyo:Reimu","floor":16,"turns":11},{"damage":6,"enemies":"Gensokyo:2_Gloops","floor":18,"turns":3},{"damage":24,"enemies":"Gensokyo:Chomper","floor":20,"turns":5},{"damage":29,"enemies":"Gensokyo:Tenshi","floor":24,"turns":5},{"damage":61,"enemies":"Gensokyo:Monolith_and_Dog","floor":27,"turns":4},{"damage":82,"enemies":"Gensokyo:Eternal_Rivals","floor":33,"turns":4}],"seed_played":"5450837705121504823","potions_obtained":[{"floor":3.0,"key":"ColorlessPotion"},{"floor":4.0,"key":"LiquidMemories"},{"floor":6.0,"key":"Explosive Potion"},{"floor":12,"key":"LiquidMemories"},{"floor":14,"key":"Dexterity Potion"},{"floor":16,"key":"SmokeBomb"},{"floor":18,"key":"Weak Potion"},{"floor":20,"key":"Weak Potion"},{"floor":24,"key":"Fruit Juice"},{"floor":27,"key":"Dexterity Potion"}],"is_trial":false,"path_per_floor":["M","?","M","M","M","E","?","R","T","$","?","M","R","M","R","B",null,"M","?","M","$","?","R","E","?","T","M","$","?","?","T","R","B"],"character_chosen":"The_Alterego","items_purchased":["Fruit Juice","alterego_mod:Support","DistilledChaos","alterego_mod:SakuraFive","alterego_mod:Exercise"],"campfire_rested":3,"item_purchase_floors":[10,10,21,21,28],"current_hp_per_floor":[69,66,53,50,40,21,21,47,47,52,52,49,49,16,44,97,97,101,101,85,85,85,85,83,83,83,26,26,26,26,26,56,0,0],"gold":5,"neow_bonus":"TEN_PERCENT_HP_BONUS","is_daily":false,"chose_seed":false,"campfire_upgraded":2,"win_rate":0.0,"timestamp":1612843706,"path_taken":["M","?","M","?","M","E","?","R","T","?","?","M","R","M","R","BOSS","M","?","?","?","?","R","E","?","T","M","$","?","?","?","R","BOSS"],"items_purchased_type":["Potion","Card","Potion","Card","Card"],"build_version":"2020-12-22","purchased_purges":1,"victory":false,"max_hp_per_floor":[78,85,86,87,88,89,89,89,89,94,94,95,95,96,96,97,97,101,101,102,102,102,102,108,100,100,101,101,101,101,101,101,51,51],"card_choices":[{"not_picked":["alterego_mod:Bounce","alterego_mod:DestructionOfProperty"],"picked":"alterego_mod:1TonWallop","floor":1.0},{"not_picked":["alterego_mod:Clones","alterego_mod:Belts"],"picked":"alterego_mod:Rip","floor":3.0},{"not_picked":["alterego_mod:BreastValley","alterego_mod:Skirt"],"picked":"alterego_mod:TrashNCrash","floor":4.0},{"not_picked":["alterego_mod:Complex","alterego_mod:DiscoLights"],"picked":"alterego_mod:STier","floor":5.0},{"not_picked":["alterego_mod:Punishment","alterego_mod:DeftHands"],"picked":"alterego_mod:PainIsPleasure","floor":6.0},{"not_picked":["alterego_mod:Lingerie","alterego_mod:TrashNCrash+1"],"picked":"alterego_mod:PerceptionDisorder","floor":12},{"not_picked":["alterego_mod:BusterCard","alterego_mod:Stockings"],"picked":"alterego_mod:Birthday+1","floor":14},{"not_picked":["alterego_mod:SideboobHour","alterego_mod:Alter+1"],"picked":"alterego_mod:IdEs+1","floor":16},{"not_picked":["alterego_mod:HighServant+1","alterego_mod:Jiggle+1","alterego_mod:TrashNCrash+1"],"picked":"SKIP","floor":18},{"not_picked":["alterego_mod:PurpleHair+1","alterego_mod:RocketPunch"],"picked":"alterego_mod:Rip","floor":20},{"not_picked":["alterego_mod:TrashNCrash+1","alterego_mod:1TonWallop"],"picked":"alterego_mod:Table+1","floor":24},{"not_picked":["alterego_mod:PurpleHair+1","alterego_mod:HighServant+1"],"picked":"alterego_mod:GoddessCore+1","floor":27}],"player_experience":172942,"relics_obtained":[{"floor":6.0,"key":"White Beast Statue"},{"floor":9.0,"key":"Toxic Egg 2"},{"floor":24,"key":"StoneCalendar"},{"floor":26,"key":"Juzu Bracelet"},{"floor":31,"key":"WingedGreaves"}],"event_choices":[],"is_beta":false,"boss_relics":[{"not_picked":["Runic Dome","SlaversCollar"],"picked":"Philosopher\u0027s Stone"}],"items_purged_floors":[21],"is_endless":false,"potions_floor_spawned":[3,4,6,12,14,16,18,20,24,27],"killed_by":"Gensokyo:Eternal_Rivals","ascension_level":0}}