{"host":"bhj73plqr6q46rek","time":1612912028,"event":{"mods":["100% Spire Juice","2.2 Compatiblity","Act Like it!","Arknights","Aspiration","BaseMod","Better Third Choice","BetterRewards","Bossed Relics","CapriCore","Conspire","Downfall","Energized Spire","Friendly Minions","Hubris","Infinite Spire","Jorbs\u0027s Wanderer Trilogy","Minty Spire (QoL Compilation)","Relic Sorter","Reliquary","Replay The Spire","Shade Mod","StSLib","The Alterego","The Immortal","The Servant 0.9.4","WarShipGirlsR/??è≠èóR mod","Åy?ï®?îvÅzREMEMod"],"gold_per_floor":[113,113,128,128,128,158,171,171,51,51,51,79,79,99,99,200,200,216,96,111,126,6,6,39,51,51,51,51,51,63,63,63,165,45,57,70,70,70,70,70,102,64,113,125,137,154,174,199,199,303,303,304,304],"floor_reached":52,"language":"FRA","playtime":3106,"items_purged":[],"score":519,"play_id":"46425c53-67ef-4d97-83ec-cfb19733fde3","local_time":"20210210000708","is_ascension_mode":false,"campfire_choices":[{"data":"Moonworks:BackdoorTrade","floor":8,"key":"SMITH"},{"floor":15,"key":"REST"},{"floor":23,"key":"REST"},{"floor":32,"key":"REST"},{"data":"Moonworks:SinkOrSwim","floor":40,"key":"SMITH"},{"floor":49,"key":"REST"}],"circlet_count":0,"master_deck":["Moonworks:Strike","Moonworks:Strike","Moonworks:Strike+1","Moonworks:Strike","Moonworks:Defend","Moonworks:Defend","Moonworks:Defend","Moonworks:Defend","Moonworks:Ambush","Moonworks:LongDistanceShot+1","Moonworks:BackdoorTrade+1","Moonworks:LongDistanceShot+1","Moonworks:RocketCannon","Moonworks:Flamethrower","Moonworks:MiracleRedBeanIceCream","Moonworks:BigBangBell","Moonworks:ReflectiveShell","Decay","infinitespire:NeuralNetwork","Moonworks:SinkOrSwim+1","Moonworks:SakisCookie+1","Amnesia","MokouMod:SacredFire","Moonworks:ForcedRevival+1","Moonworks:ShieldCounter","Moonworks:CrystalBarrier"],"relics":["Moonworks:SBBomb","aspiration:Headhunter","Moonworks:Homemark","REME_ComplimentaryCards","NeowsBlessing","reliquary:TuningFork","aspiration:Lifesprig","Ancient Tea Set","hubris:DisguiseKit","reliquary:Sideboard","aspiration:Stabinomicon","Ring of Peace","hubris:BottledRain","aspiration:TomeofQuesting","Whetstone","Pandora\u0027s Box"],"acts_visited":["Exordium","TheCity","TheBeyond","Exordium"],"potions_floor_usage":[12,16,19,20,30,30,41,45,45,50],"damage_taken":[{"damage":0,"enemies":"Jaw Worm","floor":1,"turns":1},{"damage":0,"enemies":"ats:Genji","floor":3,"turns":1},{"damage":0,"enemies":"3 Sentries","floor":6,"turns":2},{"damage":0,"enemies":"Small Slimes","floor":7,"turns":3},{"damage":20,"enemies":"Gremlin Nob","floor":12,"turns":4},{"damage":1,"enemies":"Red Slaver","floor":14,"turns":3},{"damage":4,"enemies":"The Guardian","floor":16,"turns":4},{"damage":12,"enemies":"Shell Parasite","floor":18,"turns":4},{"damage":0,"enemies":"2 Thieves","floor":19,"turns":1},{"damage":14,"enemies":"Centurion and Healer","floor":20,"turns":4},{"damage":15,"enemies":"conspire:HollyBat","floor":21,"turns":6},{"damage":4,"enemies":"Book of Stabbing","floor":24,"turns":3},{"damage":26,"enemies":"Shelled Parasite and Fungi","floor":25,"turns":4},{"damage":0,"enemies":"Centurion and Healer","floor":30,"turns":4},{"damage":27,"enemies":"Champ","floor":33,"turns":6},{"damage":7,"enemies":"3 Shapes","floor":35,"turns":4},{"damage":0,"enemies":"Orb Walker","floor":36,"turns":2},{"damage":30,"enemies":"Giant Head","floor":41,"turns":7},{"damage":0,"enemies":"Spire Growth","floor":44,"turns":4},{"damage":24,"enemies":"3 Darklings","floor":45,"turns":5},{"damage":0,"enemies":"Maw","floor":46,"turns":4},{"damage":10,"enemies":"Writhing Mass","floor":47,"turns":2},{"damage":0,"enemies":"Nightmare","floor":48,"turns":4},{"damage":0,"enemies":"hubris:GrandSnecko","floor":50,"turns":1},{"damage":0,"enemies":"ats:Genji","floor":52,"turns":4}],"seed_played":"-1350611594964638586","potions_obtained":[{"floor":7,"key":"champ:CounterPotion"},{"floor":12,"key":"infinitespire:BlackPotion"},{"floor":14,"key":"Energy Potion"},{"floor":18,"key":"SmokeBomb"},{"floor":21,"key":"SpeedPotion"},{"floor":24,"key":"Fire Potion"},{"floor":25,"key":"ColorlessPotion"},{"floor":33,"key":"ColorlessPotion"},{"floor":35,"key":"Adrenaline Potion"},{"floor":44,"key":"DuplicationPotion"},{"floor":46,"key":"SteroidPotion"},{"floor":47,"key":"infinitespire:BlackPotion"},{"floor":52,"key":"Swift Potion"}],"is_trial":false,"path_per_floor":["M","?","M","?","?","E","M","R","T","$","?","E","$","M","R","B",null,"M","M","M","M","$","R","E","M","T","$","?","$","M","?","R","B",null,"M","M","?","AVR","?","R","E","?","T","M","M","M","M","NM","R","B",null,"M"],"character_chosen":"THE_STARBREAKER","items_purchased":[],"campfire_rested":4,"item_purchase_floors":[],"current_hp_per_floor":[60,60,60,60,60,60,60,60,60,60,60,40,40,39,57,53,60,48,48,34,24,24,42,43,22,22,22,6,6,11,11,29,7,60,58,60,60,60,60,60,30,30,30,38,22,30,20,28,46,46,60,60,60],"gold":304,"neow_bonus":"THREE_ENEMY_KILL","is_daily":false,"chose_seed":false,"campfire_upgraded":2,"win_rate":0.0,"timestamp":1612912028,"path_taken":["M","?","M","?","?","E","M","R","T","$","?","E","$","?","R","BOSS","M","M","M","M","?","R","E","?","T","$","?","$","M","?","R","BOSS","M","M","?","AVR","?","R","E","?","T","M","M","M","M","NM","R","BOSS","M"],"items_purchased_type":[],"build_version":"2020-12-22","purchased_purges":0,"victory":false,"max_hp_per_floor":[60,60,60,60,60,60,60,60,60,60,60,60,60,60,60,60,60,60,60,60,60,60,60,60,60,60,60,60,60,60,60,60,60,60,60,60,60,60,60,60,60,60,60,60,60,60,60,60,60,60,60,60,60],"card_choices":[{"not_picked":["Moonworks:CookingTime","Moonworks:NicePresent"],"picked":"Moonworks:BackdoorTrade","floor":1},{"not_picked":["Moonworks:EvilSpyWorkPreparation","Moonworks:CloudOfSeagulls","Moonworks:SakisCookie"],"picked":"SKIP","floor":3},{"not_picked":["Moonworks:DeployBits","Moonworks:ScrambledEve","Moonworks:BigMagnum"],"picked":"SKIP","floor":6},{"not_picked":["Moonworks:BindingChains","Moonworks:LeapThroughSpace","Moonworks:CompletionReward"],"picked":"SKIP","floor":7},{"not_picked":["Moonworks:IndiscriminateFireSupport","Moonworks:NicePresent","Moonworks:LulusLuckyEgg"],"picked":"SKIP","floor":12},{"not_picked":["Moonworks:CloudOfSeagulls","Moonworks:ImmovableObject","Moonworks:SakisCookie"],"picked":"SKIP","floor":14},{"not_picked":["Moonworks:ShieldCounter","Moonworks:LeapThroughSpace"],"picked":"Moonworks:RocketCannon","floor":16},{"not_picked":["Moonworks:Assault","Moonworks:MixPhenomenon"],"picked":"Moonworks:Flamethrower","floor":18},{"not_picked":["Moonworks:EvilSpyWorkPreparation","Moonworks:NicePresent+1"],"picked":"Moonworks:MiracleRedBeanIceCream","floor":20},{"not_picked":["Moonworks:AngelHand","Moonworks:CloudOfSeagulls","Moonworks:EvilSpyWorkPreparation"],"picked":"SKIP","floor":21},{"not_picked":["Moonworks:Assault","Moonworks:EvilSpyWorkPreparation"],"picked":"Moonworks:BigBangBell","floor":24},{"not_picked":["Moonworks:LulusLuckyEgg+1","Moonworks:CompletionReward","MokouMod:FlareStarter"],"picked":"Moonworks:ReflectiveShell","floor":25},{"not_picked":["Moonworks:DeployBits","Moonworks:NicePresent","MokouMod:BlazingComet"],"picked":"Moonworks:SakisCookie+1","floor":30},{"not_picked":["Moonworks:Blazing","Moonworks:WeAreWaruda","MokouMod:PhoenixForm"],"picked":"Moonworks:SinkOrSwim","floor":33},{"not_picked":["Moonworks:DeployBits+1","Moonworks:IndiscriminateFireSupport","Moonworks:EvilSpyWorkPreparation","MokouMod:SubterraneanCore"],"picked":"SKIP","floor":35},{"not_picked":["Moonworks:BigMagnum+1","Moonworks:CloudOfSeagulls","Moonworks:IndiscriminateFireSupport","MokouMod:BlazingComet"],"picked":"SKIP","floor":36},{"not_picked":["Moonworks:CookingTime","Moonworks:CloudOfSeagulls","Moonworks:ScrambledEve+1","MokouMod:Burn"],"picked":"SKIP","floor":41},{"not_picked":["Moonworks:ImOnFire","Moonworks:DeployBits","MokouMod:Extinguish"],"picked":"Moonworks:ForcedRevival+1","floor":42},{"not_picked":["Moonworks:IndiscriminateFireSupport","Moonworks:SelfDestruct","Moonworks:BigMagnum+1","MokouMod:Overheat"],"picked":"SKIP","floor":44},{"not_picked":["Moonworks:UnpaidWork+1","Moonworks:IndiscriminateFireSupport+1","MokouMod:DanceofFlames"],"picked":"Moonworks:ShieldCounter","floor":45},{"not_picked":["Moonworks:LulusLuckyEgg+1","Moonworks:IndiscriminateFireSupport","Moonworks:CloudOfSeagulls+1","MokouMod:AdaptivePyromancy"],"picked":"SKIP","floor":46},{"not_picked":["Moonworks:BigMagnum","Moonworks:LulusLuckyEgg","Moonworks:SakisCookie+1","MokouMod:Cataclysm"],"picked":"SKIP","floor":47},{"not_picked":["Moonworks:NicePresent","Moonworks:LulusLuckyEgg","Moonworks:x16BigRocket+1"],"picked":"MokouMod:SacredFire","floor":48},{"not_picked":["Moonworks:SubspaceTunnel","Moonworks:WeAreWaruda","MokouMod:ResonatingAura"],"picked":"Moonworks:CrystalBarrier","floor":50},{"not_picked":["Moonworks:CloudOfSeagulls","Moonworks:Assault","Moonworks:ForcedRevival","MokouMod:IndiscriminateIgnition"],"picked":"SKIP","floor":52}],"player_experience":261613,"relics_obtained":[{"floor":6,"key":"reliquary:TuningFork"},{"floor":9,"key":"aspiration:Lifesprig"},{"floor":12,"key":"Ancient Tea Set"},{"floor":24,"key":"hubris:DisguiseKit"},{"floor":26,"key":"reliquary:Sideboard"},{"floor":28,"key":"aspiration:Stabinomicon"},{"floor":39,"key":"Ring of Peace"},{"floor":41,"key":"hubris:BottledRain"},{"floor":43,"key":"aspiration:TomeofQuesting"},{"floor":48,"key":"Whetstone"}],"event_choices":[{"damage_healed":0,"gold_gain":0,"player_choice":"Obtained Book","damage_taken":16,"max_hp_gain":0,"max_hp_loss":0,"event_name":"Cursed Tome","floor":28,"gold_loss":0},{"damage_healed":0,"gold_gain":0,"player_choice":"Smashed Altar","damage_taken":0,"max_hp_gain":0,"max_hp_loss":0,"event_name":"Forgotten Altar","floor":31,"gold_loss":0,"cards_obtained":["Decay"]}],"is_beta":false,"boss_relics":[{"not_picked":["hubris:BlackHole","energizedSpire:EnergizedDie"],"picked":"Moonworks:SBBomb"},{"not_picked":["energizedSpire:HugeHouse","aspiration:DefectSkillbook","aspiration:WatcherSkillbook"]},{"not_picked":["conspire:SeveredTorchhead","Honey Jar"],"picked":"Pandora\u0027s Box"}],"items_purged_floors":[],"is_endless":true,"potions_floor_spawned":[7,12,14,18,21,24,25,33,35,44,46,47,52],"killed_by":"ats:Genji","ascension_level":0}}