{"host":"kda2p2afd6bvz6qo","time":1612903398,"event":{"mods":["BaseMod","Colored Map","Minty Spire (QoL Compilation)","Relic Stats"],"gold_per_floor":[111,111,130,143,163,190,190,216,216,234,250,285,285,344,344,448,448,466,87,537,557,571,602,602,634,634,654,654,672,195,208,208,308,308,328,348,202,202,213,213,245,245,245,271,271,271,291,325,325,325,325,325,50,84,84,84],"floor_reached":55,"language":"ENG","playtime":4213,"items_purged":["Defend_R","Strike_R","Strike_R"],"score":970,"play_id":"087c2e03-9905-4267-b590-6a281ebb34fa","local_time":"20210209204318","is_ascension_mode":true,"campfire_choices":[{"data":"Armaments","floor":7.0,"key":"SMITH"},{"data":"Bash","floor":13.0,"key":"SMITH"},{"data":"Shockwave","floor":15.0,"key":"SMITH"},{"floor":24.0,"key":"REST"},{"data":"True Grit","floor":28.0,"key":"SMITH"},{"data":"Rage","floor":32.0,"key":"SMITH"},{"data":"Clothesline","floor":40.0,"key":"SMITH"},{"data":"Feel No Pain","floor":42.0,"key":"SMITH"},{"floor":46.0,"key":"RECALL"},{"floor":49.0,"key":"REST"},{"data":"Flame Barrier","floor":52,"key":"SMITH"}],"circlet_count":0,"master_deck":["Defend_R","Defend_R","Bash+1","Carnage","Flame Barrier+1","Cleave","Armaments+1","Juggernaut","Hemokinesis","True Grit+1","Shockwave+1","Berserk","Corruption+1","Seeing Red+1","Flex+1","Rage+1","Inflame","Shrug It Off","Dropkick+1","Pommel Strike+1","Clothesline+1","Feel No Pain+1","Immolate","Shrug It Off+1","Sentinel+1","Metallicize+1","Bludgeon+1"],"relics":["Burning Blood","NeowsBlessing","Bottled Lightning","Strawberry","Oddly Smooth Stone","Pantograph","Mummified Hand","Astrolabe","OrangePellets","Bag of Preparation","MealTicket","Ancient Tea Set","Sling","Anchor","Velvet Choker","Orrery","Mango","Molten Egg 2","Nunchaku","Lantern","Pen Nib"],"acts_visited":["Exordium","TheCity","TheBeyond","TheEnding"],"potions_floor_usage":[50],"damage_taken":[{"damage":0.0,"enemies":"Cultist","floor":1.0,"turns":1.0},{"damage":0.0,"enemies":"Jaw Worm","floor":3.0,"turns":1.0},{"damage":0.0,"enemies":"Small Slimes","floor":4.0,"turns":1.0},{"damage":9.0,"enemies":"Red Slaver","floor":5.0,"turns":5.0},{"damage":18.0,"enemies":"3 Sentries","floor":6.0,"turns":7.0},{"damage":42.0,"enemies":"Gremlin Nob","floor":8.0,"turns":5.0},{"damage":2.0,"enemies":"Looter","floor":10.0,"turns":3.0},{"damage":0.0,"enemies":"Large Slime","floor":11.0,"turns":6.0},{"damage":20.0,"enemies":"3 Sentries","floor":12.0,"turns":8.0},{"damage":30.0,"enemies":"Gremlin Nob","floor":14.0,"turns":5.0},{"damage":23.0,"enemies":"The Guardian","floor":16.0,"turns":12.0},{"damage":2.0,"enemies":"Spheric Guardian","floor":18.0,"turns":3.0},{"damage":7.0,"enemies":"3 Byrds","floor":21.0,"turns":5.0},{"damage":16.0,"enemies":"Centurion and Healer","floor":22.0,"turns":6.0},{"damage":23.0,"enemies":"Slavers","floor":23.0,"turns":3.0},{"damage":14.0,"enemies":"Book of Stabbing","floor":25.0,"turns":4.0},{"damage":11.0,"enemies":"Cultist and Chosen","floor":27.0,"turns":6.0},{"damage":2.0,"enemies":"Shelled Parasite and Fungi","floor":29.0,"turns":3.0},{"damage":6.0,"enemies":"Snecko","floor":31.0,"turns":5.0},{"damage":54.0,"enemies":"Champ","floor":33.0,"turns":9.0},{"damage":14.0,"enemies":"3 Darklings","floor":35.0,"turns":6.0},{"damage":0.0,"enemies":"3 Shapes","floor":36.0,"turns":3.0},{"damage":6.0,"enemies":"Maw","floor":39.0,"turns":6.0},{"damage":42.0,"enemies":"Giant Head","floor":41.0,"turns":9.0},{"damage":43.0,"enemies":"Nemesis","floor":44.0,"turns":6.0},{"damage":2.0,"enemies":"Jaw Worm Horde","floor":47.0,"turns":2.0},{"damage":51.0,"enemies":"Reptomancer","floor":48.0,"turns":5.0},{"damage":73,"enemies":"Time Eater","floor":50,"turns":13},{"damage":85,"enemies":"Shield and Spear","floor":54,"turns":6},{"damage":47,"enemies":"The Heart","floor":55,"turns":3}],"seed_played":"-1945182684421267810","potions_obtained":[{"floor":4.0,"key":"AttackPotion"},{"floor":5.0,"key":"ElixirPotion"},{"floor":8.0,"key":"DistilledChaos"},{"floor":16.0,"key":"SmokeBomb"},{"floor":18.0,"key":"BlessingOfTheForge"},{"floor":22.0,"key":"Fire Potion"},{"floor":23.0,"key":"Weak Potion"},{"floor":27.0,"key":"Dexterity Potion"},{"floor":31.0,"key":"Energy Potion"},{"floor":36.0,"key":"DuplicationPotion"},{"floor":48.0,"key":"HeartOfIron"}],"is_trial":false,"path_per_floor":["M","?","M","M","M","E","R","E","T","M","M","E","R","?","R","B",null,"M","$","?","M","M","E","R","E","T","M","R","M","$","M","R","B",null,"M","M","$","?","M","R","E","R","T","E","?","R","M","E","R","B",null,"R","$","E","B"],"character_chosen":"IRONCLAD","items_purchased":["OrangePellets","Rage","Inflame","Shrug It Off","Feel No Pain","Sling","Anchor","Orrery","Lantern"],"campfire_rested":2,"item_purchase_floors":[19,19,19,19,30,30,30,37,53],"current_hp_per_floor":[80,80,80,80,77,65,65,36,36,40,46,32,32,8,8,16,87,87,87,35,34,24,7,33,25,25,20,20,24,39,39,39,16,87,79,85,87,87,87,87,65,65,65,28,101,101,101,56,86,34,101,101,101,22,0,0],"gold":84,"neow_bonus":"THREE_ENEMY_KILL","is_daily":false,"chose_seed":false,"campfire_upgraded":8,"win_rate":0.0,"timestamp":1612903398,"path_taken":["M","?","M","?","M","E","R","E","T","M","M","E","R","?","R","BOSS","M","$","?","?","M","E","R","E","T","M","R","M","$","M","R","BOSS","M","M","$","?","M","R","E","R","T","E","?","R","?","E","R","BOSS","R","$","E","BOSS"],"items_purchased_type":["Relic","Card","Card","Card","Card","Relic","Relic","Relic","Relic"],"build_version":"2020-12-22","purchased_purges":3,"victory":false,"max_hp_per_floor":[80,80,80,80,80,80,80,87,87,87,87,87,87,87,87,87,87,87,87,87,87,87,87,87,87,87,87,87,87,87,87,87,87,87,87,87,87,87,87,87,101,101,101,101,101,101,101,101,101,101,101,101,101,101,101,101],"relic_stats":{"OrangePellets":[34],"Nunchaku":[3],"counters":[30,157],"Mummified Hand":[78],"Pantograph":90,"Astrolabe":["Corruption","Seeing Red","Flex"],"MealTicket":17,"Pen Nib":[0],"Bag of Preparation":[30],"obtain_stats":[{"Lantern":53,"NeowsBlessing":0,"Astrolabe":17,"Oddly Smooth Stone":9,"Velvet Choker":34,"Mango":41,"Pen Nib":54,"Bag of Preparation":23,"Ancient Tea Set":26,"Sling":30,"Burning Blood":0,"OrangePellets":19,"Anchor":30,"Nunchaku":48,"Mummified Hand":14,"Strawberry":8,"Pantograph":12,"Orrery":37,"MealTicket":25,"Molten Egg 2":44,"Bottled Lightning":6},{"Lantern":28,"NeowsBlessing":0,"Astrolabe":11,"Oddly Smooth Stone":6,"Velvet Choker":20,"Mango":24,"Pen Nib":29,"Bag of Preparation":15,"Ancient Tea Set":16,"Sling":18,"Burning Blood":0,"OrangePellets":12,"Anchor":18,"Nunchaku":27,"Mummified Hand":10,"Strawberry":6,"Pantograph":9,"Orrery":22,"MealTicket":16,"Molten Egg 2":25,"Bottled Lightning":5},{"Lantern":148,"NeowsBlessing":0,"Astrolabe":54,"Oddly Smooth Stone":20,"Velvet Choker":98,"Mango":122,"Pen Nib":154,"Bag of Preparation":71,"Ancient Tea Set":75,"Sling":84,"Burning Blood":0,"OrangePellets":57,"Anchor":84,"Nunchaku":135,"Mummified Hand":42,"Strawberry":20,"Pantograph":37,"Orrery":107,"MealTicket":75,"Molten Egg 2":128,"Bottled Lightning":15}],"Burning Blood":148},"card_choices":[{"not_picked":["Wild Strike","Searing Blow"],"picked":"Carnage","floor":1.0},{"not_picked":["Evolve","Carnage"],"picked":"Cleave","floor":3.0},{"not_picked":["Blood for Blood","Intimidate","Headbutt"],"picked":"SKIP","floor":4.0},{"not_picked":["Flame Barrier","Rage"],"picked":"Armaments","floor":5.0},{"not_picked":["Pummel","Heavy Blade"],"picked":"Juggernaut","floor":6.0},{"not_picked":["Armaments","Searing Blow"],"picked":"Hemokinesis","floor":8.0},{"not_picked":["Cleave","Clothesline"],"picked":"True Grit","floor":10.0},{"not_picked":["Fire Breathing","Seeing Red","Whirlwind"],"picked":"SKIP","floor":11.0},{"not_picked":["Rage","Sever Soul"],"picked":"Shockwave","floor":12.0},{"not_picked":["Juggernaut","Double Tap"],"picked":"Berserk","floor":16.0},{"not_picked":["Power Through","Clothesline","Intimidate"],"picked":"SKIP","floor":18.0},{"not_picked":["Perfected Strike+1","Body Slam"],"picked":"Dropkick+1","floor":21.0},{"not_picked":["Sword Boomerang+1","Searing Blow"],"picked":"Pommel Strike+1","floor":22.0},{"not_picked":["Berserk","Twin Strike"],"picked":"Clothesline","floor":23.0},{"not_picked":["Armaments+1","Sword Boomerang","Metallicize"],"picked":"SKIP","floor":25.0},{"not_picked":["Sentinel","Twin Strike","Flex"],"picked":"SKIP","floor":27.0},{"not_picked":["Rage","Thunderclap","Power Through"],"picked":"SKIP","floor":29.0},{"not_picked":["Sever Soul","Pommel Strike+1","Clash"],"picked":"SKIP","floor":31.0},{"not_picked":["Offering","Limit Break"],"picked":"Immolate","floor":33.0},{"not_picked":["Carnage","Heavy Blade+1","Clash+1"],"picked":"SKIP","floor":35.0},{"not_picked":["Anger","Searing Blow"],"picked":"Shrug It Off+1","floor":36.0},{"not_picked":["Intimidate+1","Heavy Blade+1"],"picked":"Sentinel+1","floor":37.0},{"not_picked":["Havoc","Headbutt+1"],"picked":"Metallicize+1","floor":37.0},{"not_picked":["Shockwave","Havoc+1","Armaments+1"],"picked":"SKIP","floor":39.0},{"not_picked":["Iron Wave+1","Blood for Blood","Shrug It Off"],"picked":"SKIP","floor":41.0},{"not_picked":["Pommel Strike+1","Clothesline+1","Evolve+1"],"picked":"SKIP","floor":44.0},{"not_picked":["Iron Wave+1","Body Slam+1","Shockwave+1"],"picked":"SKIP","floor":47.0},{"not_picked":["Heavy Blade+1","Searing Blow+1"],"picked":"Bludgeon+1","floor":48.0},{"not_picked":["Sword Boomerang+1","Dropkick+1","Iron Wave+1"],"picked":"SKIP","floor":54}],"player_experience":229604,"relics_obtained":[{"floor":6.0,"key":"Bottled Lightning"},{"floor":8.0,"key":"Strawberry"},{"floor":9.0,"key":"Oddly Smooth Stone"},{"floor":12.0,"key":"Pantograph"},{"floor":14.0,"key":"Mummified Hand"},{"floor":23.0,"key":"Bag of Preparation"},{"floor":25.0,"key":"MealTicket"},{"floor":26.0,"key":"Ancient Tea Set"},{"floor":41.0,"key":"Mango"},{"floor":44.0,"key":"Molten Egg 2"},{"floor":48.0,"key":"Nunchaku"},{"floor":54,"key":"Pen Nib"}],"event_choices":[{"damage_healed":0.0,"max_hp_gain":0.0,"max_hp_loss":0.0,"gold_gain":0.0,"cards_transformed":["Strike_R"],"event_name":"Transmorgrifier","player_choice":"Transformed","floor":2.0,"gold_loss":0.0,"damage_taken":0.0,"cards_obtained":["Flame Barrier"]},{"damage_healed":0.0,"max_hp_gain":0.0,"max_hp_loss":0.0,"gold_gain":30.0,"event_name":"Dead Adventurer","player_choice":"Searched \u00272\u0027 times","floor":14.0,"gold_loss":0.0,"damage_taken":0.0},{"damage_healed":0.0,"max_hp_gain":0.0,"max_hp_loss":0.0,"gold_gain":450.0,"event_name":"Knowing Skull","player_choice":"GOLD GOLD GOLD GOLD GOLD CARD ","floor":20.0,"potions_obtained":[],"gold_loss":0.0,"damage_taken":52.0,"cards_obtained":["Enlightenment"]},{"damage_healed":0.0,"max_hp_gain":0.0,"max_hp_loss":0.0,"gold_gain":0.0,"event_name":"Tomb of Lord Red Mask","player_choice":"Ignored","floor":38.0,"gold_loss":0.0,"damage_taken":0.0},{"cards_removed":["Enlightenment"],"damage_healed":73.0,"max_hp_gain":0.0,"max_hp_loss":0.0,"gold_gain":0.0,"event_name":"Bonfire Elementals","player_choice":"Offered Uncommon","floor":45.0,"gold_loss":0.0,"damage_taken":0.0}],"is_beta":false,"boss_relics":[{"not_picked":["Cursed Key","SlaversCollar"],"picked":"Astrolabe"},{"not_picked":["Black Blood","Runic Dome"],"picked":"Velvet Choker"}],"items_purged_floors":[19,30,53],"is_endless":false,"potions_floor_spawned":[4,5,8,11,16,18,22,23,27,31,36,47,48],"killed_by":"The Heart","ascension_level":4}}