{"host":"37ccm3d17clopct7","time":1612886674,"event":{"mods":["BaseMod","GungeonMod","Hermit","Lobotomy","Minty Spire (QoL Compilation)","StSLib","The Bug Knight","The Cursed","The Hierophant","The Jungle","The Runesmith"],"gold_per_floor":[109,109,34,34,52,82,82,100,125,125,136,147,166,177,177,279,279,294,219,231,231,231,231,14,14,14,14,45,57,77,103,103,103,103],"floor_reached":33,"language":"KOR","playtime":1707,"items_purged":["Defend_G"],"score":337,"play_id":"db6f61e1-c677-48ad-885c-b9e10a021401","local_time":"20210210010434","is_ascension_mode":false,"campfire_choices":[{"data":"Terror","floor":7,"key":"SMITH"},{"floor":15,"key":"REST"},{"data":"Infinite Blades","floor":23,"key":"SMITH"},{"data":"Bouncing Flask","floor":25,"key":"SMITH"},{"floor":32,"key":"REST"}],"circlet_count":0,"master_deck":["Strike_G","Defend_G","Defend_G","Defend_G","Survivor+1","Neutralize+1","All Out Attack","Endless Agony","Terror+1","Infinite Blades+1","Sucker Punch","Footwork","Flying Knee","Bullet Time","Catalyst+1","Blur+1","Venomology+1","Deflect","Outmaneuver","Bouncing Flask+1","Endless Agony+1","Crippling Poison+1","Dodge and Roll+1","Outmaneuver+1"],"relics":["Ring of the Snake","NeowsBlessing","Boot","Omamori","Astrolabe","DemoMod:BlueGuonStone","DemoMod:LamentConfigurum","Toxic Egg 2","HornCleat","Juzu Bracelet"],"acts_visited":["Exordium","TheCity"],"potions_floor_usage":[18,20,28,28,28,29,31,31,31,31,33,33,33,33],"damage_taken":[{"damage":0,"enemies":"Jaw Worm","floor":1,"turns":1},{"damage":0,"enemies":"Cultist","floor":5,"turns":1},{"damage":0,"enemies":"3 Sentries","floor":6,"turns":1},{"damage":0,"enemies":"2 Louse","floor":8,"turns":2},{"damage":3,"enemies":"Exordium Wildlife","floor":11,"turns":3},{"damage":0,"enemies":"Blue Slaver","floor":12,"turns":3},{"damage":4,"enemies":"Looter","floor":13,"turns":4},{"damage":0,"enemies":"Exordium Thugs","floor":14,"turns":4},{"damage":33,"enemies":"The Guardian","floor":16,"turns":11},{"damage":0,"enemies":"Shell Parasite","floor":18,"turns":7},{"damage":18,"enemies":"Spheric Guardian","floor":20,"turns":6},{"damage":23,"enemies":"Gremlin Leader","floor":28,"turns":6},{"damage":19,"enemies":"Snecko","floor":29,"turns":10},{"damage":1,"enemies":"3 Cultists","floor":30,"turns":4},{"damage":7,"enemies":"Slavers","floor":31,"turns":5},{"damage":61,"enemies":"Champ","floor":33,"turns":13}],"seed_played":"6955100828021934090","potions_obtained":[{"floor":1,"key":"Explosive Potion"},{"floor":12,"key":"Block Potion"},{"floor":16,"key":"DemoMod:LeadSkinPotion"},{"floor":20,"key":"LiquidMemories"},{"floor":29,"key":"Energy Potion"},{"floor":31,"key":"Ancient Potion"}],"is_trial":false,"path_per_floor":["M","?","$","$","M","E","R","M","T","?","M","M","M","M","R","B",null,"M","?","M","?","T","R","$","R","T","?","E","M","M","E","R","B"],"character_chosen":"THE_SILENT","items_purchased":["Bouncing Flask","DemoMod:LamentConfigurum"],"campfire_rested":2,"item_purchase_floors":[24,24],"current_hp_per_floor":[70,70,70,70,70,70,70,70,70,56,53,53,49,49,70,37,70,70,70,52,70,70,70,70,70,70,70,47,28,27,20,41,0,0],"gold":103,"neow_bonus":"THREE_ENEMY_KILL","is_daily":false,"chose_seed":false,"campfire_upgraded":3,"win_rate":0.0,"timestamp":1612886674,"path_taken":["M","?","?","$","M","E","R","M","T","?","M","?","M","M","R","BOSS","M","?","M","?","?","R","$","R","T","?","E","?","M","E","R","BOSS"],"items_purchased_type":["Card","Relic"],"build_version":"2020-12-22","purchased_purges":1,"victory":false,"max_hp_per_floor":[70,70,70,70,70,70,70,70,70,70,70,70,70,70,70,70,70,70,70,70,70,70,70,70,70,70,70,70,70,70,70,70,70,70],"card_choices":[{"not_picked":["Choke","Quick Slash"],"picked":"All Out Attack","floor":1},{"not_picked":["Dodge and Roll","Caltrops"],"picked":"Endless Agony","floor":5},{"not_picked":["Predator","A Thousand Cuts"],"picked":"Terror","floor":6},{"not_picked":["Reflex","Underhanded Strike","Backflip"],"picked":"SKIP","floor":8},{"not_picked":["Predator","Sucker Punch"],"picked":"Infinite Blades","floor":11},{"not_picked":["Predator","Dagger Spray"],"picked":"Sucker Punch","floor":12},{"not_picked":["Dagger Spray","Distraction"],"picked":"Footwork","floor":13},{"not_picked":["Dagger Throw","Slice"],"picked":"Flying Knee","floor":14},{"not_picked":["Malaise","Burst"],"picked":"Bullet Time","floor":16},{"not_picked":["Blade Dance","Catalyst+1"],"picked":"Deflect","floor":18},{"not_picked":["Flying Knee+1","Endless Agony+1"],"picked":"Outmaneuver","floor":20},{"not_picked":["Dagger Throw","Infinite Blades+1"],"picked":"Endless Agony+1","floor":28},{"not_picked":["Dodge and Roll+1","Flying Knee+1"],"picked":"Crippling Poison+1","floor":29},{"not_picked":["Deadly Poison+1","Sucker Punch"],"picked":"Dodge and Roll+1","floor":30},{"not_picked":["Skewer","Dodge and Roll+1"],"picked":"Outmaneuver+1","floor":31}],"player_experience":151328,"relics_obtained":[{"floor":6,"key":"Boot"},{"floor":9,"key":"Omamori"},{"floor":22,"key":"DemoMod:BlueGuonStone"},{"floor":26,"key":"Toxic Egg 2"},{"floor":28,"key":"HornCleat"},{"floor":31,"key":"DemoMod:WeirdEgg"}],"event_choices":[{"damage_healed":0,"gold_gain":0,"player_choice":"Bought 0 Potions","damage_taken":0,"max_hp_gain":0,"max_hp_loss":0,"event_name":"The Woman in Blue","floor":2,"gold_loss":0},{"damage_healed":0,"gold_gain":0,"player_choice":"Entered Light","damage_taken":14,"max_hp_gain":0,"max_hp_loss":0,"event_name":"Shining Light","floor":10,"gold_loss":0,"cards_upgraded":["Survivor","Neutralize"]},{"cards_removed":["Strike_G"],"damage_healed":0,"gold_gain":0,"player_choice":"Gave Gold","damage_taken":0,"max_hp_gain":0,"max_hp_loss":0,"event_name":"Beggar","floor":19,"gold_loss":75},{"damage_healed":23,"gold_gain":0,"player_choice":"Heal","damage_taken":0,"max_hp_gain":0,"max_hp_loss":0,"event_name":"The Library","floor":21,"gold_loss":0},{"cards_removed":["Strike_G"],"damage_healed":0,"gold_gain":0,"player_choice":"Elegance","damage_taken":0,"max_hp_gain":0,"max_hp_loss":0,"event_name":"Back to Basics","floor":27,"gold_loss":0}],"is_beta":false,"boss_relics":[{"not_picked":["Runesmith:UraniumAnvil","Sozu"],"picked":"Astrolabe"}],"items_purged_floors":[3],"is_endless":false,"potions_floor_spawned":[1,12,16,20,29,31],"killed_by":"Champ","ascension_level":0}}