{"host":"hkwcbm4a2xrenbef","time":1612838414,"event":{"mods":["2.2 Compatiblity","Act Like it!","BaseMod","Bestiary","Colored Map","Googly Eyes","Highlight Path","Marisa????????","Minty Spire (QoL Compilation)","Quick Restart","Relic Stats","Remilia_Scarlet Moed?????·?????3.3.5","Remilia??????","Spire Arcade","StSLib","The Marked"],"gold_per_floor":[111,111,121,84,140,150,150,179,247,258,290,290,308,9,9,104,104,119,129,29,43,63,63,95,95,95,115,115,115,115],"floor_reached":29,"language":"ENG","playtime":3038,"items_purged":["Strike_MRS","Strike_MRS"],"score":330,"play_id":"4c7dfd22-3f54-4c13-b087-c473dc1fb0ad","local_time":"20210208214014","is_ascension_mode":false,"campfire_choices":[{"data":"MasterSpark","floor":7.0,"key":"SMITH"},{"data":"MagicChant","floor":12.0,"key":"SMITH"},{"data":"FairyDestructionRay","floor":15.0,"key":"SMITH"},{"floor":23,"key":"REST"},{"floor":28,"key":"REST"}],"circlet_count":0,"master_deck":["Strike_MRS","Strike_MRS","Defend_MRS","Defend_MRS","Defend_MRS+1","Defend_MRS+1","MasterSpark+1","UpSweep","DoubleSpark","GrandCross","LuminesStrike","DC","MagicChant+1","PulseMagic","DoubleSpark","UltimateShortwave","FairyDestructionRay+1","FinalSpark","Singularity","PowerUp+1","MagicChant","DoubleSpark","Parasite","Parasite","SuperPerseids+1","DarkMatter"],"relics":["MiniHakkero","War Paint","Ancient Tea Set","Shuriken","Pen Nib","Black Star","ShroomBag","Regal Pillow","HornCleat","GremlinMask"],"acts_visited":["Exordium","TheCity"],"potions_floor_usage":[22,24],"damage_taken":[{"damage":3.0,"enemies":"2 Louse","floor":1.0,"turns":3.0},{"damage":0.0,"enemies":"Small Slimes","floor":3.0,"turns":4.0},{"damage":3.0,"enemies":"Jaw Worm","floor":6.0,"turns":2.0},{"damage":20.0,"enemies":"Lagavulin","floor":8.0,"turns":7.0},{"damage":4.0,"enemies":"Blue Slaver","floor":10.0,"turns":3.0},{"damage":0.0,"enemies":"Gremlin Nob","floor":11.0,"turns":2.0},{"damage":0.0,"enemies":"Gremlin Gang","floor":13.0,"turns":2.0},{"damage":0.0,"enemies":"Slime Boss","floor":16.0,"turns":4.0},{"damage":0.0,"enemies":"Spheric Guardian","floor":18.0,"turns":2.0},{"damage":0.0,"enemies":"3 Byrds","floor":19.0,"turns":3.0},{"damage":0.0,"enemies":"Snake Plant","floor":21.0,"turns":2.0},{"damage":57,"enemies":"Shelled Parasite and Fungi","floor":22,"turns":4},{"damage":30,"enemies":"Book of Stabbing","floor":24,"turns":3},{"damage":0,"enemies":"Sentry and Sphere","floor":27,"turns":3}],"seed_played":"8836960556556475357","potions_obtained":[{"floor":6.0,"key":"FairyPotion"},{"floor":10.0,"key":"Regen Potion"},{"floor":11.0,"key":"LiquidMemories"},{"floor":22,"key":"BlessingOfTheForge"},{"floor":27,"key":"Dexterity Potion"}],"is_trial":false,"path_per_floor":["M","?","M","?","?","M","R","E","T","M","E","R","M","$","R","B",null,"M","M","$","M","M","R","E","?","T","M","R","?"],"character_chosen":"MARISA","items_purchased":["UltimateShortwave","FairyDestructionRay"],"campfire_rested":2,"item_purchase_floors":[14,14],"current_hp_per_floor":[79,72,72,72,72,69,69,49,49,45,45,45,45,45,45,45,82,82,82,82,82,30,54,24,24,24,28,67,67,67],"gold":115,"neow_bonus":"TEN_PERCENT_HP_BONUS","is_daily":false,"chose_seed":false,"campfire_upgraded":3,"win_rate":0.0,"timestamp":1612838414,"path_taken":["M","?","M","?","?","M","R","E","T","M","E","R","M","?","R","BOSS","M","M","$","M","M","R","E","?","T","M","R","?"],"items_purchased_type":["Card","Card"],"build_version":"2020-12-22","purchased_purges":2,"victory":false,"max_hp_per_floor":[82,82,82,82,82,82,82,82,82,82,82,82,82,82,82,82,82,82,82,82,82,82,82,82,82,82,82,82,82,82],"relic_stats":{"Regal Pillow":15,"counters":[13,41],"Shuriken":[20],"Pen Nib":[7],"Black Star":1,"War Paint":["Defend_MRS","Defend_MRS"],"obtain_stats":[{"ShroomBag":24,"Regal Pillow":24,"HornCleat":26,"Shuriken":9,"GremlinMask":29,"Pen Nib":11,"Black Star":17,"MiniHakkero":0,"War Paint":2,"Ancient Tea Set":8},{"ShroomBag":12,"Regal Pillow":12,"HornCleat":12,"Shuriken":3,"GremlinMask":13,"Pen Nib":5,"Black Star":7,"MiniHakkero":0,"War Paint":0,"Ancient Tea Set":3},{"ShroomBag":38,"Regal Pillow":38,"HornCleat":38,"Shuriken":13,"GremlinMask":41,"Pen Nib":18,"Black Star":24,"MiniHakkero":0,"War Paint":0,"Ancient Tea Set":13}]},"card_choices":[{"not_picked":["GalacticHalo","AsteroidBelt"],"picked":"DoubleSpark","floor":1.0},{"not_picked":["MachineGunSpark","LuminesStrike"],"picked":"GrandCross","floor":3.0},{"not_picked":["WitchOfGreed","EnergyRecoil"],"picked":"LuminesStrike","floor":6.0},{"not_picked":["GalacticHalo","PowerUp"],"picked":"DC","floor":8.0},{"not_picked":["Acceleration","UnstableBomb"],"picked":"MagicChant","floor":10.0},{"not_picked":["CasketOfStar","Acceleration"],"picked":"PulseMagic","floor":11.0},{"not_picked":["DragonMeteor","Acceleration"],"picked":"DoubleSpark","floor":13.0},{"not_picked":["AbsoluteMagnitude","ManaRampage"],"picked":"FinalSpark","floor":16.0},{"not_picked":["PowerUp","DC"],"picked":"Singularity","floor":18.0},{"not_picked":["UnstableBomb+1","DC"],"picked":"PowerUp+1","floor":19.0},{"not_picked":["ShootingEcho","StarBarrage"],"picked":"MagicChant","floor":21.0},{"not_picked":["LuminesStrike","DeepEcoloBomb"],"picked":"DoubleSpark","floor":22},{"not_picked":["SporeBomb","DeepEcoloBomb"],"picked":"SuperPerseids+1","floor":24},{"not_picked":["NonDirectionalLaser","MagicChant"],"picked":"DarkMatter","floor":27}],"player_experience":55990,"relics_obtained":[{"floor":8.0,"key":"Ancient Tea Set"},{"floor":9.0,"key":"Shuriken"},{"floor":11.0,"key":"Pen Nib"},{"floor":24,"key":"ShroomBag"},{"floor":24,"key":"Regal Pillow"},{"floor":26,"key":"HornCleat"}],"event_choices":[{"damage_healed":0.0,"max_hp_gain":0.0,"max_hp_loss":0.0,"gold_gain":0.0,"event_name":"Scrap Ooze","player_choice":"Success","floor":2.0,"gold_loss":0.0,"damage_taken":7.0,"relics_obtained":["War Paint"]},{"damage_healed":0.0,"max_hp_gain":0.0,"max_hp_loss":0.0,"gold_gain":0.0,"event_name":"World of Goop","player_choice":"Left Gold","floor":4.0,"gold_loss":37.0,"damage_taken":0.0},{"damage_healed":0.0,"max_hp_gain":0.0,"max_hp_loss":0.0,"gold_gain":56.0,"event_name":"Golden Wing","player_choice":"Gained Gold","floor":5.0,"gold_loss":0.0,"damage_taken":0.0},{"damage_healed":0,"gold_gain":0,"player_choice":"Ignored","damage_taken":0,"max_hp_gain":0,"max_hp_loss":0,"event_name":"The Mausoleum","floor":25,"gold_loss":0},{"damage_healed":0,"gold_gain":0,"player_choice":"Trade","damage_taken":0,"relics_obtained":["GremlinMask"],"max_hp_gain":0,"max_hp_loss":0,"event_name":"FaceTrader","floor":29,"gold_loss":0}],"is_beta":false,"boss_relics":[{"not_picked":["Circlet","Coffee Dripper"],"picked":"Black Star"}],"items_purged_floors":[14,20],"is_endless":false,"potions_floor_spawned":[6,10,11,18,22,27],"ascension_level":0}}