{"host":"coame8l8goqx0svj","time":1612863729,"event":{"mods":["BaseMod","Downfall","Minty Spire (QoL Compilation)","StSLib"],"gold_per_floor":[99,99,99,99,114,214,239,239,270,255,272,172,188,216,234,335,335,235,247,447,518,534,554,554,470,470,470,504,504,504,517,532,532,532,532],"floor_reached":33,"language":"ENG","playtime":2060,"items_purged":[],"score":338,"play_id":"3f5a80b3-bf0d-4195-841d-a282874c647d","local_time":"20210209104209","is_ascension_mode":true,"campfire_choices":[{"data":"bronze:Replicate","floor":1,"key":"SMITH"},{"floor":12,"key":"REST"},{"data":"bronze:HyperBeam","floor":18,"key":"SMITH"},{"data":"bronze:Repulsor","floor":27,"key":"SMITH"},{"data":"bronze:BurnOut","floor":29,"key":"SMITH"}],"circlet_count":0,"master_deck":["bronze:Strike","bronze:Strike","bronze:Defend","bronze:Defend","bronze:Defend","bronze:Defend","bronze:Replicate+1","bronze:Goto","bronze:BronzeOrb","bronze:GetLatest","bronze:Constructor","bronze:GetLatest","bronze:RecursiveStrike+1","bronze:Shell","bronze:Shield","bronze:MaxOutput","bronze:ChildClass","bronze:Shield","bronze:GetLatest","bronze:HyperBeam+1","bronze:Flail+1","bronze:FineTuning","bronze:Fortify+1","bronze:Format","bronze:Repulsor+1","bronze:BurnOut+1","bronze:BuggyMess","bronze:Terminator"],"relics":["bronze:BronzeCore","downfall:HeartsMalice","Tiny Chest","downfall:HeartBlessingBlue","Dream Catcher","SlaversCollar","downfall:HeartBlessingGreen","StrikeDummy","Happy Flower","Strawberry","Mercury Hourglass"],"acts_visited":["Exordium","TheCity"],"potions_floor_usage":[6,9,16],"damage_taken":[{"damage":0,"enemies":"Cultist","floor":2,"turns":1},{"damage":0,"enemies":"Small Slimes","floor":3,"turns":1},{"damage":0,"enemies":"Jaw Worm","floor":4,"turns":1},{"damage":0,"enemies":"Blue Slaver","floor":5,"turns":2},{"damage":29,"enemies":"downfall:Heads","floor":6,"turns":7},{"damage":19,"enemies":"3 Sentries","floor":9,"turns":7},{"damage":0,"enemies":"downfall:FleeingMerchant","floor":10,"turns":4},{"damage":3,"enemies":"Red Slaver","floor":11,"turns":4},{"damage":5,"enemies":"Exordium Thugs","floor":13,"turns":3},{"damage":0,"enemies":"Gremlin Nob","floor":14,"turns":3},{"damage":4,"enemies":"Gremlin Gang","floor":15,"turns":4},{"damage":20,"enemies":"SI_SHIV_ARCHETYPE","floor":16,"turns":6},{"damage":5,"enemies":"3 Byrds","floor":19,"turns":5},{"damage":10,"enemies":"Shell Parasite","floor":22,"turns":4},{"damage":3,"enemies":"Snake Plant","floor":23,"turns":3},{"damage":0,"enemies":"downfall:FleeingMerchant","floor":25,"turns":4},{"damage":13,"enemies":"Gremlin Leader","floor":28,"turns":7},{"damage":5,"enemies":"Centurion and Healer","floor":31,"turns":6},{"damage":12,"enemies":"Chosen and Byrds","floor":32,"turns":7},{"damage":43,"enemies":"DF_ARCHETYPE_CLAW","floor":33,"turns":8}],"seed_played":"-6216006146295599633","potions_obtained":[{"floor":5,"key":"PowerPotion"},{"floor":6,"key":"PowerPotion"},{"floor":11,"key":"GamblersBrew"},{"floor":13,"key":"champ:CounterPotion"},{"floor":14,"key":"bronze:BurnAndBuffPotion"},{"floor":22,"key":"hexamod:SoulburnPotion"}],"is_trial":false,"path_per_floor":["R","M","M","M","M","?","T","?","E","$","M","R","M","E","M","B",null,"R","M","?","T","M","M","T","$","?","R","E","R","T","M","M","B"],"character_chosen":"THE_AUTOMATON","items_purchased":["bronze:Repulsor"],"campfire_rested":1,"item_purchase_floors":[25],"current_hp_per_floor":[70,70,70,70,70,41,41,41,22,22,19,53,48,48,44,24,80,80,75,75,75,65,62,62,62,62,62,56,56,56,51,39,0,0,0],"gold":532,"neow_bonus":"THREE_ENEMY_KILL","is_daily":false,"chose_seed":false,"campfire_upgraded":4,"win_rate":0.0,"timestamp":1612863729,"path_taken":["R","M","M","?","M","?","T","?","E","?","?","R","M","E","M","BOSS","R","M","?","?","M","?","T","?","?","R","E","R","?","M","M","BOSS"],"items_purchased_type":["Card"],"build_version":"2020-12-22","purchased_purges":0,"victory":false,"max_hp_per_floor":[70,70,70,70,70,70,70,70,70,70,70,80,80,80,80,80,80,80,80,80,80,80,80,80,80,80,80,87,87,87,87,87,87,87,87],"card_choices":[{"not_picked":["bronze:DelayedSlice","bronze:WildBeam"],"picked":"bronze:BronzeOrb","floor":2},{"not_picked":["bronze:Overheat","bronze:OilSpill"],"picked":"bronze:GetLatest","floor":3},{"not_picked":["bronze:DelayedSlice","bronze:Safeguard"],"picked":"bronze:Constructor","floor":4},{"not_picked":["bronze:MaxOutput","bronze:Overheat"],"picked":"bronze:GetLatest","floor":5},{"not_picked":["bronze:Shield","bronze:BugBarrage"],"picked":"bronze:RecursiveStrike","floor":6},{"not_picked":["bronze:CloningBeam","bronze:Frontload"],"picked":"bronze:Shield","floor":9},{"not_picked":["bronze:Turbo","bronze:ItsAFeature"],"picked":"bronze:MaxOutput","floor":10},{"not_picked":["bronze:Invalidate","bronze:ClassDefault","bronze:OilSpill"],"picked":"SKIP","floor":11},{"not_picked":["bronze:Constructor","bronze:Turbo"],"picked":"bronze:ChildClass","floor":13},{"not_picked":["bronze:Safeguard","bronze:ClassDefault"],"picked":"bronze:Shield","floor":14},{"not_picked":["bronze:ItsAFeature","bronze:BitShift"],"picked":"bronze:GetLatest","floor":15},{"not_picked":["bronze:ShipIt","bronze:Break"],"picked":"bronze:HyperBeam","floor":16},{"not_picked":["bronze:CutThrough+1","bronze:OilSpill"],"picked":"bronze:Flail+1","floor":19},{"not_picked":["bronze:Constructor+1","bronze:Turbo"],"picked":"bronze:FineTuning","floor":22},{"not_picked":["bronze:Invalidate","bronze:Virus"],"picked":"bronze:Fortify+1","floor":23},{"not_picked":["bronze:BugBarrage","bronze:DelayedGuard"],"picked":"bronze:Format","floor":25},{"not_picked":["bronze:DelayedSlice","bronze:Branch+1"],"picked":"bronze:BurnOut","floor":28},{"not_picked":["bronze:Shell","bronze:Turbo"],"picked":"bronze:BuggyMess","floor":31},{"not_picked":["bronze:Frontload","bronze:Constructor+1"],"picked":"bronze:Terminator","floor":32}],"player_experience":1755403,"relics_obtained":[{"floor":9,"key":"Tiny Chest"},{"floor":14,"key":"Dream Catcher"},{"floor":21,"key":"StrikeDummy"},{"floor":24,"key":"Happy Flower"},{"floor":28,"key":"Strawberry"},{"floor":30,"key":"Mercury Hourglass"}],"event_choices":[{"damage_healed":0,"gold_gain":0,"player_choice":"Ignored","damage_taken":0,"max_hp_gain":0,"max_hp_loss":0,"event_name":"Ghosts","floor":26,"gold_loss":0}],"is_beta":false,"boss_relics":[{"not_picked":["Coffee Dripper","Black Star"],"picked":"SlaversCollar"}],"items_purged_floors":[],"is_endless":false,"potions_floor_spawned":[5,6,11,13,14,15,22,23],"killed_by":"DF_ARCHETYPE_CLAW","ascension_level":1}}