{"host":"tcdxiwht2vajk3tk","time":1612912328,"event":{"mods":["AchievementEnabler","BaseMod","Beaked The Cultist","Colored Powertips","Conspire","Defuse TimeMaze Blight","Downfall","Halation","Hermit","Hubris","Infinite Spire","Lobotomy","LobotomyExtend","Minty Spire (QoL Compilation)","Replay The Spire","Shop Mod","StSLib","The Cursed","The Disciple"],"gold_per_floor":[118,132,29,95,111,139,139,171,171,185,185,185,205,218,218,218,218],"floor_reached":16,"language":"ENG","playtime":2161,"items_purged":[],"score":158,"play_id":"7762ea19-0046-41c2-8774-2d69ac287988","local_time":"20210209181208","is_ascension_mode":true,"campfire_choices":[{"data":"PatternShift","floor":7.0,"key":"SMITH"},{"floor":12.0,"key":"REST"},{"floor":15.0,"key":"REST"}],"circlet_count":0,"master_deck":["Strike_Br","Strike_Br","Strike_Br","Strike_Br","Defend_Br","Defend_Br","Defend_Br","Defend_Br","SecondHand","PatternShift+1","LockedAnchor","Echoward","Fragmentalize+1","Backlash","WakeUpCall","LockedBlood","Rallentando","Facsimile"],"relics":["Chronometer","NeowsBlessing","LetterFromLob","Shovel","Matryoshka","Molten Egg 2","halation:WeightlessCrab"],"acts_visited":["Exordium"],"potions_floor_usage":[16,16],"damage_taken":[{"damage":0.0,"enemies":"Small Slimes","floor":1.0,"turns":2.0},{"damage":0.0,"enemies":"conspire:RoseBush","floor":2.0,"turns":1.0},{"damage":0.0,"enemies":"infinitespire:Voidling","floor":5.0,"turns":1.0},{"damage":12.0,"enemies":"Gremlin Nob","floor":6.0,"turns":2.0},{"damage":36.0,"enemies":"3 Sentries","floor":8.0,"turns":13.0},{"damage":12.0,"enemies":"Gremlin Gang","floor":10.0,"turns":5.0},{"damage":19.0,"enemies":"conspire:2 RoseBushes","floor":13.0,"turns":10.0},{"damage":3.0,"enemies":"Large Slime","floor":14.0,"turns":11.0},{"damage":34,"enemies":"Hexaghost","floor":16,"turns":14}],"seed_played":"4584003511307610798","potions_obtained":[{"floor":1.0,"key":"Death Potion"},{"floor":8.0,"key":"BlessingOfTheForge"},{"floor":10.0,"key":"Elixir"},{"floor":13.0,"key":"Strength Potion"},{"floor":14.0,"key":"Elixir"}],"is_trial":false,"path_per_floor":["M","M","$","?","M","E","R","E","T","M","?","R","M","M","R","B"],"character_chosen":"CHRONO_CLASS","items_purchased":["Fragmentalize+1"],"campfire_rested":2,"item_purchase_floors":[3],"current_hp_per_floor":[65,65,65,65,65,53,53,17,17,5,10,29,10,7,26,0,0],"gold":218,"neow_bonus":"THREE_ENEMY_KILL","is_daily":false,"chose_seed":false,"campfire_upgraded":1,"win_rate":0.0,"timestamp":1612912328,"path_taken":["M","M","$","?","M","E","R","E","T","M","?","R","M","?","R","BOSS"],"items_purchased_type":["Card"],"build_version":"2020-12-22","purchased_purges":0,"victory":false,"max_hp_per_floor":[65,65,65,65,65,65,65,65,65,65,65,65,65,65,65,65,65],"card_choices":[{"not_picked":["BlueShift","Engulf"],"picked":"LockedAnchor","floor":1.0},{"not_picked":["CrunchTime","LockedMawBank"],"picked":"Echoward","floor":2.0},{"not_picked":["Goo","LockedThread"],"picked":"Backlash","floor":5.0},{"not_picked":["LockedBlood","WindUp"],"picked":"Tempo","floor":6.0},{"not_picked":["LockedPlans","OverTime"],"picked":"WakeUpCall","floor":8.0},{"not_picked":["LockedScales","BiteCommand+1"],"picked":"Tempo","floor":10.0},{"not_picked":["WatchCommand","LockedUrn"],"picked":"LockedBlood","floor":13.0},{"not_picked":["LockedTurtyl","EscortCommand"],"picked":"Facsimile","floor":14.0}],"player_experience":1724887,"relics_obtained":[{"floor":1.0,"key":"LetterFromLob"},{"floor":6.0,"key":"Shovel"},{"floor":8.0,"key":"Matryoshka"},{"floor":9.0,"key":"Molten Egg 2"},{"floor":9.0,"key":"halation:WeightlessCrab"}],"event_choices":[{"damage_healed":0.0,"max_hp_gain":0.0,"max_hp_loss":0.0,"gold_gain":66.0,"event_name":"Golden Wing","player_choice":"Gained Gold","floor":4.0,"gold_loss":0.0,"damage_taken":0.0},{"cards_removed":["Rallentando"],"damage_healed":5.0,"max_hp_gain":0.0,"max_hp_loss":0.0,"gold_gain":0.0,"event_name":"Bonfire Elementals","player_choice":"Offered Special","floor":11.0,"gold_loss":0.0,"damage_taken":0.0}],"is_beta":false,"boss_relics":[],"items_purged_floors":[],"is_endless":false,"potions_floor_spawned":[1,8,10,13,14],"killed_by":"Hexaghost","ascension_level":3}}