{"host":"lktusdb9orijgc6z","time":1612875505,"event":{"mods":["BaseMod","Bestiary","Colored Map","Colored Powertips","Minty Spire (QoL Compilation)","Permanent Neow","Quick Restart","Relic Stats","StSLib","everything is the same but u backflip on backflip","slay the spire mod where everything is the same but ironclad has a cowboy hat"],"gold_per_floor":[116,86,96,112,128,154,254,282,282,282,315,325,325,61,61,61,61],"floor_reached":16,"language":"ENG","playtime":627,"items_purged":[],"score":289,"play_id":"1c046df5-7f91-4b01-8a44-f312fcb1382f","local_time":"20210209135825","is_ascension_mode":true,"campfire_choices":[{"floor":10.0,"key":"REST"},{"floor":13.0,"key":"DIG"},{"data":"Dual Wield","floor":15.0,"key":"SMITH"}],"circlet_count":0,"master_deck":["AscendersBane","Strike_R","Strike_R","Strike_R","Strike_R","Strike_R","Defend_R","Defend_R","Defend_R+1","Defend_R+1","Bash","Carnage","True Grit","Uppercut","Power Through","Dual Wield+1","Anger","Bludgeon","Armaments","Disarm","Reaper","Dropkick","Cleave","Dark Embrace","Metallicize","Burning Pact"],"relics":["Burning Blood","Prayer Wheel","War Paint","Akabeko","Sundial","Shovel","Omamori","Medical Kit"],"acts_visited":["Exordium"],"potions_floor_usage":[16,16],"damage_taken":[{"damage":9.0,"enemies":"Jaw Worm","floor":1.0,"turns":4.0},{"damage":0.0,"enemies":"Cultist","floor":3.0,"turns":3.0},{"damage":1.0,"enemies":"Small Slimes","floor":4.0,"turns":3.0},{"damage":25.0,"enemies":"Gremlin Gang","floor":5.0,"turns":6.0},{"damage":14.0,"enemies":"Gremlin Nob","floor":6.0,"turns":5.0},{"damage":40.0,"enemies":"3 Sentries","floor":8.0,"turns":9.0},{"damage":10.0,"enemies":"Lagavulin","floor":11.0,"turns":3.0},{"damage":8.0,"enemies":"Blue Slaver","floor":12.0,"turns":4.0},{"damage":41,"enemies":"Slime Boss","floor":16,"turns":9}],"seed_played":"7730026748023556989","potions_obtained":[{"floor":2.0,"key":"BloodPotion"},{"floor":2.0,"key":"SpeedPotion"},{"floor":5.0,"key":"Block Potion"},{"floor":6.0,"key":"ElixirPotion"},{"floor":8.0,"key":"AttackPotion"},{"floor":11.0,"key":"FearPotion"},{"floor":12.0,"key":"Swift Potion"}],"is_trial":false,"path_per_floor":["M","?","M","M","M","E","?","E","T","R","E","M","R","$","R","B"],"character_chosen":"IRONCLAD","items_purchased":["Medical Kit","Metallicize","Burning Pact"],"campfire_rested":1,"item_purchase_floors":[14,14,14],"current_hp_per_floor":[47,47,53,58,54,46,46,12,12,34,30,28,28,28,28,0,0],"gold":61,"neow_bonus":"ONE_RARE_RELIC","is_daily":false,"chose_seed":false,"campfire_upgraded":1,"win_rate":0.0,"timestamp":1612875505,"path_taken":["M","?","M","?","M","E","?","E","T","R","E","M","R","$","R","BOSS"],"items_purchased_type":["Relic","Card","Card"],"build_version":"2020-12-22","purchased_purges":0,"victory":false,"max_hp_per_floor":[75,75,75,75,75,75,75,75,75,75,75,75,75,75,75,75,75],"relic_stats":{"Shovel":1,"counters":[9,46],"Sundial":[0],"Prayer Wheel":5,"War Paint":["Defend_R","Defend_R"],"Medical Kit":[0],"obtain_stats":[{"Shovel":11,"Sundial":9,"Prayer Wheel":0,"Omamori":13,"War Paint":6,"Medical Kit":14,"Burning Blood":0,"Akabeko":8},{"Shovel":7,"Sundial":6,"Prayer Wheel":0,"Omamori":8,"War Paint":5,"Medical Kit":8,"Burning Blood":0,"Akabeko":6},{"Shovel":33,"Sundial":30,"Prayer Wheel":0,"Omamori":37,"War Paint":21,"Medical Kit":37,"Burning Blood":0,"Akabeko":30}],"Burning Blood":48},"card_choices":[{"not_picked":["Headbutt","Clash"],"picked":"Carnage","floor":1.0},{"not_picked":["Flex","Entrench"],"picked":"True Grit","floor":1.0},{"not_picked":["Dual Wield","Power Through"],"picked":"Uppercut","floor":3.0},{"not_picked":["Body Slam","Wild Strike"],"picked":"Power Through","floor":3.0},{"not_picked":["Battle Trance","True Grit"],"picked":"Dual Wield","floor":4.0},{"not_picked":["Iron Wave","Armaments"],"picked":"Anger","floor":4.0},{"not_picked":["Entrench","Anger"],"picked":"Bludgeon","floor":5.0},{"not_picked":["Wild Strike","Rampage"],"picked":"Armaments","floor":5.0},{"not_picked":["Armaments","Rampage"],"picked":"Disarm","floor":6.0},{"not_picked":["Ghostly Armor","Evolve"],"picked":"Reaper","floor":8.0},{"not_picked":["Dual Wield","Iron Wave"],"picked":"Dropkick","floor":11.0},{"not_picked":["Reckless Charge","Anger"],"picked":"Cleave","floor":12.0},{"not_picked":["Thunderclap","Blood for Blood"],"picked":"Dark Embrace","floor":12.0}],"player_experience":777416,"relics_obtained":[{"floor":6.0,"key":"War Paint"},{"floor":8.0,"key":"Akabeko"},{"floor":9.0,"key":"Sundial"},{"floor":11.0,"key":"Shovel"},{"floor":13.0,"key":"Omamori"}],"event_choices":[{"damage_healed":0.0,"max_hp_gain":0.0,"max_hp_loss":0.0,"gold_gain":0.0,"event_name":"The Woman in Blue","player_choice":"Bought 2 Potions","floor":2.0,"gold_loss":0.0,"damage_taken":0.0},{"damage_healed":0.0,"max_hp_gain":0.0,"max_hp_loss":0.0,"gold_gain":100.0,"event_name":"Golden Shrine","player_choice":"Pray","floor":7.0,"gold_loss":0.0,"damage_taken":0.0}],"is_beta":false,"boss_relics":[],"items_purged_floors":[],"is_endless":false,"potions_floor_spawned":[5,6,8,11,12],"killed_by":"Slime Boss","ascension_level":14}}