{"host":"or7h59boalwd0rey","time":1612842524,"event":{"mods":["ATMod(°¢èªMod)","Act Like it!","BaseMod","Colored Powertips","Conspire","Downfall","Gensokyo","Minty Spire (QoL Compilation)","Relic Stats","Replay The Spire","RumiaBox-Â¶Ã×æ«µÄÉñÃØºÐ×Ó","StSLib","TestMod","¡¾ÒÅÎï¿¨ÅÆ¡¿REMEMod"],"gold_per_floor":[111,111,111,11,48,87,87,136,160,219,219,256,288,314,314,420,420,456,506,538,788,224,256,256,285,285,330,330,330,340,28,28,127,127,141,141,39,58,81,125,171,292,292,505,541,541,451,550,550,693,693,693,107,409,547],"floor_reached":56,"language":"ZHS","playtime":2148,"items_purged":["Clumsy","Delirium"],"score":1494,"play_id":"8a960ceb-9dee-4697-8fae-d5c88b4bb93b","local_time":"20210209114844","is_ascension_mode":false,"campfire_choices":[{"data":"Sword Boomerang","floor":7,"key":"SMITH"},{"data":"Berserk","floor":15,"key":"SMITH"},{"floor":24,"key":"RECALL"},{"data":"AT_Dispersion","floor":29,"key":"SMITH"},{"data":"REME_Fury","floor":32,"key":"SMITH"},{"floor":49,"key":"REST"},{"data":"testmod-AssimilatedRune","floor":52,"key":"SMITH"}],"circlet_count":0,"master_deck":["Strike_R","Strike_R","Strike_R","Strike_R","Strike_R","Defend_R","Defend_R","Defend_R","Defend_R","AT_Dispersion+1","AT_ShrugMaster+1","Sword Boomerang","conspire:SpireCoStock","conspire:SpireCoStock","Replay:Undeath\u0027s Touch+1","Sword Boomerang+1","Iron Wave","Thunderclap","Berserk+1","Twin Strike","REME_Fury+1","Armaments+1","Twin Strike","conspire:Banana","Twin Strike","Sword Boomerang","testmod-AssimilatedRune+1","bronze:Deprecate+1","Twin Strike+1","sneckomod:UnknownDraw+1","sneckomod:QuickMove+1","sneckomod:UnknownClassBLUE+1","Gensokyo:CustomPotion","Outmaneuver","REME_WheelOfFate","AT_LightSaberMaster","Chill"],"relics":["AT_ATBox","testmod-TestBox","REME_ComplimentaryCards","testmod-NegativeEmotionEnhancer","testmod-BlackFramedGlasses","Happy Flower","PreservedInsect","AT_DeathDance","testmod-Justice","Gensokyo:NagashiBinaDoll","bronze:MakeshiftBattery","Kunai","REME_CardOfGreed","Bag of Marbles","Quantum Egg","LastBattle","Gensokyo:ConquerorOfFear","PrismaticShard","testmod-Register","REME_ChargedStone","ReplayTheSpireMod:CursedCoin","ReplayTheSpireMod:Spearhead","AT_MibuBalloonWealth","AT_TheCollector","testmod-CasingShield","testmod-LifeArmor","ClockworkSouvenir","InkBottle"],"acts_visited":["Gensokyo:Gensokyo","Gensokyo:Gensokyoer","Gensokyo:Gensokyoest","TheEnding"],"potions_floor_usage":[18,33,55,55,55],"damage_taken":[{"damage":6,"enemies":"Gensokyo:Python","floor":1,"turns":3},{"damage":7,"enemies":"Gensokyo:Gryphon","floor":5,"turns":4},{"damage":21,"enemies":"Gensokyo:Cirno","floor":6,"turns":9},{"damage":0,"enemies":"Gensokyo:Mamizou","floor":8,"turns":7},{"damage":13,"enemies":"Gensokyo:Aya","floor":10,"turns":5},{"damage":0,"enemies":"Gensokyo:3_Fairies","floor":12,"turns":2},{"damage":0,"enemies":"Gensokyo:LivingMonolith","floor":13,"turns":3},{"damage":0,"enemies":"Gensokyo:VengefulSpirit","floor":14,"turns":3},{"damage":10,"enemies":"Gensokyo:Kokoro","floor":16,"turns":7},{"damage":9,"enemies":"Gensokyo:CosmicMonolith","floor":18,"turns":4},{"damage":0,"enemies":"Gensokyo:Chomper","floor":19,"turns":4},{"damage":25,"enemies":"Gensokyo:Monolith_and_Dog","floor":20,"turns":4},{"damage":8,"enemies":"Gensokyo:Koishi","floor":23,"turns":3},{"damage":0,"enemies":"Gensokyo:Chomper_and_Gloop","floor":25,"turns":3},{"damage":1,"enemies":"Gensokyo:Reisen","floor":27,"turns":4},{"damage":19,"enemies":"Gensokyo:Slime_Group","floor":30,"turns":3},{"damage":18,"enemies":"Gensokyo:Kaguya","floor":33,"turns":6},{"damage":8,"enemies":"Gensokyo:3_Bats","floor":35,"turns":2},{"damage":0,"enemies":"Gensokyo:3_Boulders","floor":38,"turns":3},{"damage":14,"enemies":"Gensokyo:Sharpion","floor":39,"turns":3},{"damage":12,"enemies":"Gensokyo:Marisa","floor":40,"turns":3},{"damage":0,"enemies":"Gensokyo:AtlasGolem","floor":41,"turns":3},{"damage":22,"enemies":"Gensokyo:4_Bats","floor":42,"turns":3},{"damage":8,"enemies":"Gensokyo:Kasen","floor":44,"turns":4},{"damage":10,"enemies":"Gensokyo:Sharpion","floor":45,"turns":3},{"damage":0,"enemies":"Gensokyo:3_Boulders","floor":48,"turns":3},{"damage":2,"enemies":"Gensokyo:Scarlet_Devils","floor":50,"turns":5},{"damage":0,"enemies":"Shield and Spear","floor":54,"turns":3},{"damage":19,"enemies":"The Heart","floor":55,"turns":6}],"seed_played":"-4343893565615326931","potions_obtained":[{"floor":5,"key":"Dexterity Potion"},{"floor":6,"key":"Block Potion"},{"floor":14,"key":"Dexterity Potion"},{"floor":25,"key":"champ:CounterPotion"},{"floor":35,"key":"SkillPotion"}],"is_trial":false,"path_per_floor":["M","?","?","?","M","E","R","E","T","E","?","M","M","M","R","B",null,"M","M","M","?","$","E","R","M","T","E","?","R","M","COS","R","B",null,"M","?","$","M","M","E","M","M","T","E","M","$","?","M","R","B",null,"R","$","E","B",null],"character_chosen":"IRONCLAD","items_purchased":["Kunai","REME_CardOfGreed","conspire:Banana","ReplayTheSpireMod:CursedCoin","ReplayTheSpireMod:Spearhead","testmod-LifeArmor","ClockworkSouvenir","REME_WheelOfFate","AT_LightSaberMaster"],"campfire_rested":1,"item_purchase_floors":[22,22,22,37,37,53,53,53,53],"current_hp_per_floor":[77,77,77,77,76,79,79,84,84,76,76,85,87,88,88,86,89,85,91,72,72,72,69,69,76,76,87,87,87,74,74,74,70,96,92,92,92,98,88,82,88,75,75,76,72,72,72,80,111,113,113,113,113,115,103],"gold":547,"neow_bonus":"BOSS_RELIC","is_daily":false,"chose_seed":false,"campfire_upgraded":5,"win_rate":0.0,"timestamp":1612842524,"path_taken":["M","?","?","?","M","E","R","E","T","E","?","M","M","M","R","BOSS","M","M","?","?","?","E","R","M","T","E","?","R","M","COS","R","BOSS","M","?","$","M","M","E","M","M","T","E","?","$","?","M","R","BOSS","R","$","E","BOSS"],"items_purchased_type":["Relic","Relic","Card","Relic","Relic","Relic","Relic","Card","Card"],"build_version":"2020-12-22","purchased_purges":2,"victory":true,"max_hp_per_floor":[81,81,81,81,82,83,83,84,84,85,85,86,87,88,88,89,89,90,91,92,87,87,88,88,90,90,93,93,93,94,94,94,96,96,97,97,97,98,99,101,103,105,105,107,109,109,109,111,111,113,113,113,113,115,117],"relic_stats":{"Happy Flower":[37],"counters":[29,114],"PreservedInsect":362,"Kunai":[47],"obtain_stats":[{"AT_ATBox":0,"AT_MibuBalloonWealth":40,"Gensokyo:UndefinedDarkness":28,"REME_ChargedStone":34,"Gensokyo:NagashiBinaDoll":11,"testmod-LifeArmor":53,"testmod-NegativeEmotionEnhancer":0,"PrismaticShard":31,"Burning Blood":0,"testmod-BlackFramedGlasses":0,"testmod-CasingShield":44,"ClockworkSouvenir":53,"Frozen Eye":23,"Kunai":22,"InkBottle":54,"testmod-TestBox":0,"Happy Flower":3,"testmod-Register":31,"ReplayTheSpireMod:CursedCoin":37,"Quantum Egg":26,"PreservedInsect":6,"Gensokyo:ConquerorOfFear":30,"testmod-Justice":10,"LastBattle":27,"ReplayTheSpireMod:Spearhead":37,"AT_TheCollector":43,"Bag of Marbles":23,"REME_CardOfGreed":22,"AT_DeathDance":8,"bronze:MakeshiftBattery":17,"REME_ComplimentaryCards":0},{"AT_ATBox":0,"AT_MibuBalloonWealth":21,"Gensokyo:UndefinedDarkness":15,"REME_ChargedStone":17,"Gensokyo:NagashiBinaDoll":5,"testmod-LifeArmor":27,"testmod-NegativeEmotionEnhancer":0,"PrismaticShard":16,"Burning Blood":0,"testmod-BlackFramedGlasses":0,"testmod-CasingShield":24,"ClockworkSouvenir":27,"Frozen Eye":12,"Kunai":12,"InkBottle":28,"testmod-TestBox":0,"Happy Flower":1,"testmod-Register":16,"ReplayTheSpireMod:CursedCoin":18,"Quantum Egg":14,"PreservedInsect":3,"Gensokyo:ConquerorOfFear":16,"testmod-Justice":5,"LastBattle":15,"ReplayTheSpireMod:Spearhead":18,"AT_TheCollector":23,"Bag of Marbles":13,"REME_CardOfGreed":12,"AT_DeathDance":4,"bronze:MakeshiftBattery":9,"REME_ComplimentaryCards":0},{"AT_ATBox":0,"AT_MibuBalloonWealth":84,"Gensokyo:UndefinedDarkness":64,"REME_ChargedStone":73,"Gensokyo:NagashiBinaDoll":27,"testmod-LifeArmor":105,"testmod-NegativeEmotionEnhancer":0,"PrismaticShard":67,"Burning Blood":0,"testmod-BlackFramedGlasses":0,"testmod-CasingShield":94,"ClockworkSouvenir":105,"Frozen Eye":54,"Kunai":54,"InkBottle":108,"testmod-TestBox":0,"Happy Flower":3,"testmod-Register":67,"ReplayTheSpireMod:CursedCoin":75,"Quantum Egg":60,"PreservedInsect":16,"Gensokyo:ConquerorOfFear":67,"testmod-Justice":27,"LastBattle":64,"ReplayTheSpireMod:Spearhead":75,"AT_TheCollector":90,"Bag of Marbles":57,"REME_CardOfGreed":54,"AT_DeathDance":23,"bronze:MakeshiftBattery":42,"REME_ComplimentaryCards":0}],"InkBottle":[5]},"card_choices":[{"not_picked":["Anger","Shrug It Off"],"picked":"Sword Boomerang","floor":1},{"not_picked":["Run Through","ReplayTheSpireMod:Strike From Hell"],"picked":"Replay:Undeath\u0027s Touch","floor":5},{"not_picked":["AT_DrawKnifeCut","Armaments"],"picked":"Sword Boomerang","floor":6},{"not_picked":["Headbutt","ReplayTheSpireMod:Muscle Training"],"picked":"Iron Wave","floor":8},{"not_picked":["Sever Soul","Carnage"],"picked":"Thunderclap","floor":10},{"not_picked":["Clothesline","Havoc"],"picked":"Berserk","floor":12},{"not_picked":["Abandon","Reckless Charge","conspire:ExplosiveBarrier"],"picked":"SKIP","floor":13},{"not_picked":["Cleave","Iron Wave"],"picked":"Twin Strike","floor":14},{"not_picked":["AT_Dispersion","conspire:Purge"],"picked":"REME_Fury","floor":16},{"not_picked":["Flex","AT_IchimonjiDouble","AT_BodySlamDance"],"picked":"SKIP","floor":18},{"not_picked":["Shrug It Off","Reckless Charge"],"picked":"Armaments+1","floor":19},{"not_picked":["REME_Scribble+1","Uppercut"],"picked":"Twin Strike","floor":20},{"not_picked":["ReplayReversal","Perfected Strike"],"picked":"Twin Strike","floor":23},{"not_picked":["Feel No Pain","Shrug It Off"],"picked":"Sword Boomerang","floor":25},{"not_picked":["Run Through","Anger","REME_Cut+1"],"picked":"SKIP","floor":27},{"not_picked":["Warcry","Reaper","Anger+1"],"picked":"SKIP","floor":30},{"not_picked":["testmod-Reverberation","Slimebound:MinionMaster"],"picked":"testmod-AssimilatedRune","floor":33},{"not_picked":["bronze:Overheat","bronze:Branch","Replay:AtTheReady+1"],"picked":"SKIP","floor":35},{"not_picked":["Bane+1","bronze:BugBarrage"],"picked":"bronze:Deprecate+1","floor":38},{"not_picked":["Guardian:PrimingBeam","Intimidate+1","Leap"],"picked":"SKIP","floor":39},{"not_picked":["hexamod:HauntingEcho+1","Atom Bomb"],"picked":"Twin Strike+1","floor":40},{"not_picked":["hexamod:EtherealExpedition","champ:EnGarde+1"],"picked":"sneckomod:UnknownDraw+1","floor":41},{"not_picked":["bronze:ClassDefault","Guardian:ShieldCharger+1"],"picked":"sneckomod:QuickMove+1","floor":42},{"not_picked":["ReplayReversal","Ball Lightning","ReplayTheSpireMod:Necrogeddon"],"picked":"SKIP","floor":44},{"not_picked":["Slimebound:Replication+1","champ:RecklessLeap+1"],"picked":"sneckomod:UnknownClassBLUE+1","floor":45},{"not_picked":["ReplayTheSpireMod:Tripwire+1","REME_ShadowStrike+1"],"picked":"Outmaneuver","floor":48},{"not_picked":["expansioncontent:GuardianWhirl","hexamod:FourthSeal"],"picked":"Chill","floor":54}],"player_experience":72279,"relics_obtained":[{"floor":6,"key":"PreservedInsect"},{"floor":8,"key":"AT_DeathDance"},{"floor":10,"key":"testmod-Justice"},{"floor":23,"key":"Bag of Marbles"},{"floor":26,"key":"Quantum Egg"},{"floor":27,"key":"LastBattle"},{"floor":30,"key":"Gensokyo:ConquerorOfFear"},{"floor":40,"key":"AT_MibuBalloonWealth"},{"floor":43,"key":"AT_TheCollector"},{"floor":44,"key":"testmod-CasingShield"},{"floor":54,"key":"InkBottle"}],"event_choices":[{"damage_healed":0,"gold_gain":0,"player_choice":"Invest 2","damage_taken":0,"max_hp_gain":0,"max_hp_loss":0,"event_name":"conspire:Investor","floor":4,"gold_loss":0}],"is_beta":false,"boss_relics":[{"not_picked":["testmod-HarvestTotem","testmod-Nine"],"picked":"bronze:MakeshiftBattery"},{"not_picked":["Honey Jar","conspire:SeveredTorchhead"],"picked":"REME_ChargedStone"}],"items_purged_floors":[22,37],"is_endless":false,"potions_floor_spawned":[5,6,14,16,25,27,35,39,40,42,54],"ascension_level":0}}