{"host":"474oh00kq6ni8dn3","time":1612894200,"event":{"mods":["AchievementEnabler","Aspiration","BaseMod","Better Note","Better Third Choice","Colored Map","Colored Powertips","Conspire","Custom Start","Defuse TimeMaze Blight","GifTheSpireLib","Googly Eyes","Halation","Hubris","Infinite Spire","Jedi Mod","Minty Spire (QoL Compilation)","Permanent Neow","Quick Restart","Rare Cards Sparkle","Reliquary","Replay The Spire","Shop Mod","StSLib","Stuff the Spire","The IronCluck","The Jungle","Trackpad","Unceasing Turn Reminder","slay the spire mod where everything is the same but ironclad has a cowboy hat"],"gold_per_floor":[115,64,80,92,92,120,120,145,170,195,227,247,264,280,280,378,378,398,408,408,408,20,50,50,69,69,95,95,130,146,160,160,256,256,272,291,305,305,319,347,362,407,431,431,465,465,465,465,491,501,501,501,501,501,146,179,179,179],"floor_reached":57,"language":"ENG","playtime":3248,"items_purged":["hubris:Wrath","jedi:unlimitedpower"],"score":1105,"play_id":"c9f952ae-5b72-441e-b5f1-ee3fb5385dea","local_time":"20210209181000","is_ascension_mode":true,"campfire_choices":[{"data":"Perfected Strike","floor":7.0,"key":"SMITH"},{"floor":15.0,"key":"REST"},{"data":"Pommel Strike","floor":24.0,"key":"SMITH"},{"data":"Whirlwind","floor":28.0,"key":"SMITH"},{"data":"Battle Trance","floor":32.0,"key":"SMITH"},{"floor":44.0,"key":"RECALL"},{"data":"Pommel Strike","floor":51.0,"key":"SMITH"},{"data":"Pommel Strike","floor":54.0,"key":"SMITH"}],"circlet_count":0,"master_deck":["Strike_R","Strike_R","Strike_R","Strike_R","Strike_R","Headbutt","Perfected Strike+1","Battle Trance+1","Pommel Strike+1","jedi:harder+1","Shrug It Off+1","Twin Strike","jedi:unlimitedpower","Pommel Strike+1","ReplayUltimateDefense+1","Shrug It Off+1","Thunderclap","Shrug It Off+1","Pommel Strike+1","Parasite","Strike_R","Strike_R","Strike_R","Strike_R","Strike_R","Headbutt","Perfected Strike+1","Battle Trance+1","Pommel Strike+1","jedi:harder+1","Shrug It Off+1","Twin Strike","Pommel Strike+1","ReplayUltimateDefense+1","Shrug It Off+1","Whirlwind+1","Thunderclap","Shrug It Off+1","Pommel Strike+1","Parasite","Pommel Strike","Thunderclap+1","Twin Strike","Shrug It Off+1","Immolate","Whirlwind+1"],"relics":["Replay:Bronze Core","StuffTheSpire:Mouthbags","Darkstone Periapt","Blue Doll","Toxic Egg 2","Another Sword","Kintsugi","Vajra","hubris:TenFootPole","Regal Pillow","halation:SwordOfLegend","reliquary:RedCape","halation:AfternoonTea","Replay:Kaleidoscope","Potion Belt","reliquary:TatteredRug","halation:PinkSoulGem","infinitespire:WardingShard","Membership Card","conspire:DecoderRing","reliquary:Boomerang"],"acts_visited":["Exordium","Exordium","TheBeyond","TheEnding"],"potions_floor_usage":[57,57,57,57,57],"damage_taken":[{"damage":1.0,"enemies":"Cultist","floor":1.0,"turns":3.0},{"damage":2.0,"enemies":"Small Slimes","floor":3.0,"turns":3.0},{"damage":1.0,"enemies":"2 Louse","floor":4.0,"turns":3.0},{"damage":30.0,"enemies":"Lagavulin","floor":6.0,"turns":6.0},{"damage":19.0,"enemies":"Gremlin Nob","floor":8.0,"turns":4.0},{"damage":19.0,"enemies":"conspire:MimicChest","floor":10.0,"turns":5.0},{"damage":10.0,"enemies":"3 Sentries","floor":11.0,"turns":4.0},{"damage":10.0,"enemies":"Large Slime","floor":12.0,"turns":3.0},{"damage":0.0,"enemies":"Exordium Thugs","floor":13.0,"turns":3.0},{"damage":0.0,"enemies":"Looter","floor":14.0,"turns":1.0},{"damage":6.0,"enemies":"Hexaghost","floor":16.0,"turns":8.0},{"damage":0.0,"enemies":"theJungle:Flameango_and_Byrd","floor":18.0,"turns":2.0},{"damage":10.0,"enemies":"theJungle:GiantWrat","floor":19.0,"turns":3.0},{"damage":8.0,"enemies":"theJungle:2_Phrogs","floor":23.0,"turns":4.0},{"damage":0.0,"enemies":"Snake Plant","floor":25.0,"turns":3.0},{"damage":4.0,"enemies":"theJungle:Cassacara","floor":27.0,"turns":4.0},{"damage":0.0,"enemies":"theJungle:2_Phrogs","floor":29.0,"turns":5.0},{"damage":2.0,"enemies":"theJungle:2_Snecko_Cultists","floor":30.0,"turns":2.0},{"damage":2.0,"enemies":"theJungle:JungleHuntersEncounter","floor":31.0,"turns":4.0},{"damage":2.0,"enemies":"theJungle:TotemBoss","floor":33.0,"turns":8.0},{"damage":0.0,"enemies":"Orb Walker","floor":35.0,"turns":2.0},{"damage":1.0,"enemies":"3 Darklings","floor":36.0,"turns":3.0},{"damage":0.0,"enemies":"Writhing Mass","floor":37.0,"turns":4.0},{"damage":7.0,"enemies":"Spire Growth","floor":39.0,"turns":2.0},{"damage":5.0,"enemies":"R_Hoarder","floor":40.0,"turns":3.0},{"damage":0.0,"enemies":"Sphere and 2 Shapes","floor":41.0,"turns":5.0},{"damage":0.0,"enemies":"2 Orb Walkers","floor":42.0,"turns":5.0},{"damage":0.0,"enemies":"Reptomancer","floor":45.0,"turns":1.0},{"damage":4.0,"enemies":"Giant Head","floor":49.0,"turns":5.0},{"damage":0.0,"enemies":"Writhing Mass","floor":50.0,"turns":5.0},{"damage":16.0,"enemies":"Time Eater","floor":52.0,"turns":7.0},{"damage":20.0,"enemies":"Shield and Spear","floor":56.0,"turns":6.0},{"damage":120,"enemies":"The Heart","floor":57,"turns":9}],"seed_played":"7179770665278188990","potions_obtained":[{"floor":4.0,"key":"Weak Potion"},{"floor":6.0,"key":"Regen Potion"},{"floor":10.0,"key":"Block Potion"},{"floor":11.0,"key":"DuplicationPotion"},{"floor":12.0,"key":"PowerPotion"},{"floor":13.0,"key":"Adrenaline Potion"},{"floor":23.0,"key":"BloodPotion"},{"floor":37.0,"key":"Dexterity Potion"},{"floor":41.0,"key":"Doom Potion"},{"floor":49.0,"key":"Swift Potion"},{"floor":50.0,"key":"Ancient Potion"},{"floor":56.0,"key":"PowerPotion"}],"is_trial":false,"path_per_floor":["M","$","M","M","?","E","R","E","T","?","E","M","M","M","R","B",null,"M","M","?","?","$","E","R","M","T","E","R","E","M","M","R","B",null,"M","M","M","?","M","E","M","?","T","R","E","PTL","PTL","?","E","M","R","B",null,"R","$","E","B"],"character_chosen":"IRONCLAD","items_purchased":["Perfected Strike","ReplayUltimateDefense+1","Vajra","Shrug It Off+1","Membership Card","conspire:DecoderRing","Shrug It Off+1"],"campfire_rested":1,"item_purchase_floors":[2,22,22,22,55,55,55],"current_hp_per_floor":[79,79,77,76,81,51,51,32,32,13,15,5,5,5,30,24,97,97,87,87,87,87,79,79,79,79,75,75,75,73,71,77,75,97,97,96,102,108,101,96,96,96,96,109,109,109,109,109,105,105,109,93,109,109,109,89,0,0],"gold":179,"neow_bonus":"BOSS_RELIC","is_daily":false,"chose_seed":false,"campfire_upgraded":6,"win_rate":0.0,"timestamp":1612894200,"path_taken":["M","?","M","M","?","E","R","E","T","?","E","M","M","M","R","BOSS","M","M","?","?","$","E","R","M","T","E","R","E","M","M","R","BOSS","M","M","M","?","M","E","?","?","T","R","E","PTL","PTL","?","E","M","R","BOSS","R","$","E","BOSS"],"items_purchased_type":["Card","Card","Relic","Card","Relic","Relic","Card"],"build_version":"2020-12-22","purchased_purges":2,"victory":false,"max_hp_per_floor":[80,80,80,80,85,85,85,85,85,85,85,85,85,85,85,85,97,97,97,97,97,97,97,97,97,97,97,97,97,97,97,97,97,97,97,97,103,109,109,109,109,109,109,109,109,109,109,109,109,109,109,109,109,109,109,109,109,109],"card_choices":[{"not_picked":["Life Link","Iron Wave"],"picked":"Headbutt","floor":1.0},{"not_picked":["ReplayTheSpireMod:Strike From Hell","Flex","StuffTheSpire:Resist"],"picked":"SKIP","floor":3.0},{"not_picked":["StuffTheSpire:Resist","ReplayReversal"],"picked":"Battle Trance","floor":4.0},{"not_picked":["Barricade","Anger"],"picked":"Whirlwind","floor":6.0},{"not_picked":["Second Wind","ReplayTheSpireMod:Strike From Hell"],"picked":"Pommel Strike","floor":8.0},{"not_picked":["Cleave","Combust"],"picked":"jedi:harder+1","floor":10.0},{"not_picked":["Anger","Sword Boomerang"],"picked":"Shrug It Off+1","floor":11.0},{"not_picked":["StuffTheSpire:Incineration","True Grit+1","Sentinel+1"],"picked":"SKIP","floor":12.0},{"not_picked":["StuffTheSpire:RockThrow","Cleave","Demonic Infusion+1"],"picked":"SKIP","floor":13.0},{"not_picked":["Whirlwind","Clothesline"],"picked":"Twin Strike","floor":14.0},{"not_picked":["Double Tap+1","Demonic Infusion+1"],"picked":"jedi:unlimitedpower","floor":16.0},{"not_picked":["Warcry+1","Anger+1","StuffTheSpire:Incineration+1"],"picked":"SKIP","floor":18.0},{"not_picked":["Flex+1","Hemogenesis"],"picked":"Pommel Strike+1","floor":19.0},{"not_picked":["Headbutt","Bloodletting+1","Defy Death+1"],"picked":"SKIP","floor":23.0},{"not_picked":["Armaments+1","Havoc+1","Headbutt"],"picked":"SKIP","floor":25.0},{"not_picked":["Fire Breathing","infinitespire:OneForAll"],"picked":"Thunderclap","floor":27.0},{"not_picked":["StuffTheSpire:Pyroclast","Thunderclap","Replay:Undeath\u0027s Touch"],"picked":"SKIP","floor":29.0},{"not_picked":["jedi:hate+1","Havoc+1","StuffTheSpire:TitanForm"],"picked":"SKIP","floor":30.0},{"not_picked":["Sword Boomerang+1","conspire:ExplosiveBarrier+1"],"picked":"Shrug It Off+1","floor":31.0},{"not_picked":["Warcry+1","Clash","Headbutt+1"],"picked":"SKIP","floor":35.0},{"not_picked":["ReplayTheSpireMod:Strike From Hell","Dual Wield+1"],"picked":"Pommel Strike","floor":36.0},{"not_picked":["Clothesline+1","Wild Strike","Shrug It Off+1"],"picked":"SKIP","floor":37.0},{"not_picked":["StuffTheSpire:RockThrow","Fiend Fire"],"picked":"Pommel Strike","floor":39.0},{"not_picked":["Massacre","Shrug It Off+1"],"picked":"Thunderclap+1","floor":40.0},{"not_picked":["jedi:suffering+1","Sword Boomerang","StuffTheSpire:RagingBull"],"picked":"SKIP","floor":41.0},{"not_picked":["Havoc+1","Seeing Red+1","Bloodletting+1"],"picked":"SKIP","floor":45.0},{"not_picked":["Rage+1","jedi:MakeshiftSword+1","Burning Pact+1"],"picked":"SKIP","floor":49.0},{"not_picked":["ReplayTheSpireMod:Corrosion Curse+1","Anger"],"picked":"Twin Strike","floor":50.0},{"not_picked":["Flame Barrier+1","Flex+1"],"picked":"Immolate","floor":56.0}],"player_experience":54510,"relics_obtained":[{"floor":6.0,"key":"StuffTheSpire:Mouthbags"},{"floor":8.0,"key":"Darkstone Periapt"},{"floor":9.0,"key":"Blue Doll"},{"floor":10.0,"key":"Toxic Egg 2"},{"floor":11.0,"key":"Another Sword"},{"floor":23.0,"key":"hubris:TenFootPole"},{"floor":27.0,"key":"Regal Pillow"},{"floor":29.0,"key":"halation:SwordOfLegend"},{"floor":40.0,"key":"halation:AfternoonTea"},{"floor":42.0,"key":"Replay:Kaleidoscope"},{"floor":43.0,"key":"Potion Belt"},{"floor":45.0,"key":"reliquary:TatteredRug"},{"floor":49.0,"key":"infinitespire:WardingShard"},{"floor":56.0,"key":"reliquary:Boomerang"}],"event_choices":[{"damage_healed":0.0,"max_hp_gain":5.0,"max_hp_loss":0.0,"gold_gain":0.0,"event_name":"Big Fish","player_choice":"Donut","floor":5.0,"gold_loss":0.0,"damage_taken":0.0},{"cards_removed":["Sickly"],"damage_healed":0.0,"max_hp_gain":0.0,"max_hp_loss":0.0,"gold_gain":0.0,"event_name":"Purifier","player_choice":"Purged","floor":20.0,"gold_loss":0.0,"damage_taken":0.0},{"cards_removed":["jedi:harder"],"damage_healed":0.0,"max_hp_gain":0.0,"max_hp_loss":0.0,"gold_gain":0.0,"event_name":"betterNote:BetterNote","player_choice":"Give","floor":21.0,"gold_loss":0.0,"damage_taken":0.0,"cards_obtained":["None"]},{"damage_healed":0.0,"max_hp_gain":0.0,"max_hp_loss":0.0,"gold_gain":0.0,"event_name":"Mysterious Sphere","player_choice":"Fight","floor":42.0,"gold_loss":0.0,"damage_taken":0.0}],"is_beta":false,"boss_relics":[{"not_picked":["halation:Prosthetics","hubris:GrandSneckoEye"],"picked":"Kintsugi"},{"not_picked":["Coffee Dripper","conspire:SpecialSausage"],"picked":"reliquary:RedCape"}],"items_purged_floors":[22,55],"is_endless":false,"potions_floor_spawned":[4,6,10,11,12,13,23,27,31,33,37,40,41,42,49,50,56],"killed_by":"The Heart","ascension_level":3}}