{"host":"o3n4et6u1y1w2h5j","time":1612868944,"event":{"mods":["AchievementEnabler","BaseMod","Block Reminder","Minty Spire (QoL Compilation)","Rare Cards Sparkle","Relic Stats","StSLib"],"gold_per_floor":[109,109,179,192,207,233,233,263,263,263,110,126,138,155,155,254,254,267,267,279,136,136,163,163,197,197,197,197,197],"floor_reached":28,"language":"ENG","playtime":1407,"items_purged":["Strike_R"],"score":318,"play_id":"9fda2f4f-8bfc-41df-abc6-1828d71ad555","local_time":"20210209030904","is_ascension_mode":true,"campfire_choices":[{"data":"Feed","floor":7,"key":"SMITH"},{"data":"Spot Weakness","floor":10,"key":"SMITH"},{"data":"Sword Boomerang","floor":15,"key":"SMITH"},{"data":"Offering","floor":24,"key":"SMITH"},{"data":"Demon Form","floor":27,"key":"SMITH"}],"circlet_count":0,"master_deck":["Bash+1","Feed+1","Spot Weakness+1","Armaments","Ghostly Armor+1","Sword Boomerang+1","Heavy Blade+1","Demon Form+1","Headbutt+1","Feel No Pain","Dropkick+1","Offering+1","Shrug It Off","Second Wind+1","Bloodletting","Immolate+1","Heavy Blade+1","Anger+1","Fiend Fire+1","Inflame","Uppercut+1"],"relics":["Burning Blood","Self Forming Clay","HornCleat","Molten Egg 2","Shuriken","Pandora\u0027s Box","Frozen Eye","Darkstone Periapt","War Paint","Pantograph"],"acts_visited":["Exordium","TheCity"],"potions_floor_usage":[6,16,23,23],"damage_taken":[{"damage":13,"enemies":"Jaw Worm","floor":1,"turns":4},{"damage":0,"enemies":"Cultist","floor":4,"turns":3},{"damage":12,"enemies":"Small Slimes","floor":5,"turns":3},{"damage":8,"enemies":"Gremlin Nob","floor":6,"turns":3},{"damage":28,"enemies":"Lagavulin","floor":8,"turns":6},{"damage":11,"enemies":"Looter","floor":12,"turns":2},{"damage":7,"enemies":"3 Louse","floor":13,"turns":2},{"damage":12,"enemies":"Large Slime","floor":14,"turns":2},{"damage":10,"enemies":"The Guardian","floor":16,"turns":7},{"damage":28,"enemies":"Spheric Guardian","floor":18,"turns":4},{"damage":7,"enemies":"3 Byrds","floor":20,"turns":2},{"damage":31,"enemies":"Book of Stabbing","floor":23,"turns":4},{"damage":27,"enemies":"Gremlin Leader","floor":25,"turns":6},{"damage":30,"enemies":"Slavers","floor":28,"turns":3}],"seed_played":"-5934864942120489395","potions_obtained":[{"floor":5,"key":"Energy Potion"},{"floor":12,"key":"Strength Potion"},{"floor":14,"key":"Regen Potion"},{"floor":16,"key":"FearPotion"},{"floor":25,"key":"BlessingOfTheForge"}],"is_trial":false,"path_per_floor":["M","?","T","M","M","E","R","E","T","R","$","M","M","M","R","B",null,"M","?","M","$","?","E","R","E","T","R","E"],"character_chosen":"IRONCLAD","items_purchased":["Demon Form","Frozen Eye"],"campfire_rested":0,"item_purchase_floors":[11,21],"current_hp_per_floor":[68,53,53,62,59,60,60,42,42,42,42,37,40,38,38,38,100,78,78,77,77,57,48,48,27,27,27,0,0],"gold":197,"neow_bonus":"THREE_RARE_CARDS","is_daily":false,"chose_seed":false,"campfire_upgraded":5,"win_rate":0.0,"timestamp":1612868944,"path_taken":["M","?","?","M","?","E","R","E","T","R","?","M","M","M","R","BOSS","M","?","M","$","?","E","R","E","T","R","E"],"items_purchased_type":["Card","Relic"],"build_version":"2020-12-22","purchased_purges":1,"victory":false,"max_hp_per_floor":[75,75,75,78,81,84,84,88,88,88,88,88,92,96,96,100,100,100,100,100,100,105,109,109,109,109,109,109,109],"relic_stats":{"Darkstone Periapt":0,"counters":[14,51],"Self Forming Clay":[69],"Shuriken":[2],"Pantograph":0,"Pandora\u0027s Box":["Shrug It Off","Second Wind","Bloodletting","Immolate","Heavy Blade","Anger","Fiend Fire","Inflame"],"War Paint":["Second Wind","Ghostly Armor"],"obtain_stats":[{"Darkstone Periapt":23,"Frozen Eye":21,"HornCleat":6,"Self Forming Clay":3,"Shuriken":9,"Pantograph":26,"Molten Egg 2":8,"Pandora\u0027s Box":17,"War Paint":25,"Burning Blood":0},{"Darkstone Periapt":12,"Frozen Eye":11,"HornCleat":4,"Self Forming Clay":1,"Shuriken":5,"Pantograph":13,"Molten Egg 2":5,"Pandora\u0027s Box":9,"War Paint":13,"Burning Blood":0},{"Darkstone Periapt":42,"Frozen Eye":38,"HornCleat":13,"Self Forming Clay":4,"Shuriken":19,"Pantograph":48,"Molten Egg 2":19,"Pandora\u0027s Box":32,"War Paint":48,"Burning Blood":0}],"Burning Blood":78},"card_choices":[{"not_picked":["Impervious","Bludgeon"],"picked":"Feed","floor":0},{"not_picked":["Flex","Intimidate"],"picked":"Spot Weakness","floor":1},{"not_picked":["Perfected Strike","Second Wind"],"picked":"Armaments","floor":4},{"not_picked":["Clash","Burning Pact"],"picked":"Ghostly Armor","floor":5},{"not_picked":["Warcry","Metallicize"],"picked":"Sword Boomerang","floor":6},{"not_picked":["Armaments","Warcry"],"picked":"Heavy Blade+1","floor":8},{"not_picked":["Bloodletting","Shrug It Off"],"picked":"Headbutt+1","floor":12},{"not_picked":["Armaments","Perfected Strike+1"],"picked":"Feel No Pain","floor":13},{"not_picked":["Anger+1","Rampage+1"],"picked":"Dropkick+1","floor":14},{"not_picked":["Immolate+1","Limit Break"],"picked":"Offering","floor":16},{"not_picked":["Clash+1","Clothesline+1"],"picked":"Uppercut+1","floor":18},{"not_picked":["Perfected Strike+1","Burning Pact","Clothesline+1"],"picked":"SKIP","floor":20},{"not_picked":["Fire Breathing","Heavy Blade+1","Body Slam+1"],"picked":"SKIP","floor":23},{"not_picked":["Perfected Strike+1","Cleave+1","Combust"],"picked":"SKIP","floor":25}],"player_experience":64458,"relics_obtained":[{"floor":3,"key":"Self Forming Clay"},{"floor":6,"key":"HornCleat"},{"floor":8,"key":"Molten Egg 2"},{"floor":9,"key":"Shuriken"},{"floor":23,"key":"Darkstone Periapt"},{"floor":25,"key":"War Paint"},{"floor":26,"key":"Pantograph"}],"event_choices":[{"damage_healed":0,"gold_gain":0,"player_choice":"Entered Light","damage_taken":15,"max_hp_gain":0,"max_hp_loss":0,"event_name":"Shining Light","floor":2,"gold_loss":0,"cards_upgraded":["Strike_R","Bash"]},{"damage_healed":0,"gold_gain":0,"player_choice":"Ignored","damage_taken":0,"max_hp_gain":0,"max_hp_loss":0,"event_name":"Vampires","floor":19,"gold_loss":0},{"damage_healed":0,"gold_gain":0,"player_choice":"Shed Blood","damage_taken":25,"max_hp_gain":5,"max_hp_loss":0,"event_name":"Forgotten Altar","floor":22,"gold_loss":0}],"is_beta":false,"boss_relics":[{"not_picked":["SlaversCollar","Snecko Eye"],"picked":"Pandora\u0027s Box"}],"items_purged_floors":[11],"is_endless":false,"potions_floor_spawned":[5,12,14,16,25],"killed_by":"Slavers","ascension_level":2}}