{"host":"3gyvhg7mg6y9ble1","time":1612842408,"event":{"mods":["BaseMod","Block Reminder","Colored Powertips","Highlight Path","Minty Spire (QoL Compilation)","Rare Cards Sparkle","Relic Sorter","Relic Stats","StSLib"],"gold_per_floor":[113,113,132,148,148,187,203,80,106,131,131,154,154,80,80,208,208,233,233,256,99,99,99,23,23,23,56,56,90,90,106,106,106,106],"floor_reached":33,"language":"ENG","playtime":1344,"items_purged":["Pain"],"score":297,"play_id":"63593604-360a-4223-a2e0-6833db0347e9","local_time":"20210208224648","is_ascension_mode":true,"campfire_choices":[{"floor":13,"key":"REST"},{"floor":15,"key":"REST"},{"floor":23,"key":"REST"},{"data":"Catalyst","floor":25,"key":"SMITH"},{"floor":28,"key":"REST"},{"floor":30,"key":"REST"},{"floor":32,"key":"REST"}],"circlet_count":0,"master_deck":["Strike_G","Strike_G","Strike_G","Strike_G","Strike_G","Defend_G","Defend_G","Defend_G","Defend_G","Defend_G","Survivor","Neutralize+1","Heel Hook","Quick Slash","Quick Slash","Choke","Deadly Poison","Grand Finale","Bouncing Flask","Night Terror","Dagger Throw+1","Poisoned Stab+1","Catalyst+1","Well Laid Plans+1"],"relics":["Ring of the Serpent","Golden Idol","WarpedTongs","Art of War","Bronze Scales","Nilry\u0027s Codex","Vajra","Frozen Egg 2","Ancient Tea Set","Singing Bowl"],"acts_visited":["Exordium","TheCity"],"potions_floor_usage":[27,29,29,31],"damage_taken":[{"damage":1,"enemies":"Small Slimes","floor":1,"turns":4},{"damage":0,"enemies":"2 Louse","floor":3,"turns":2},{"damage":0,"enemies":"Cultist","floor":4,"turns":3},{"damage":29,"enemies":"Gremlin Nob","floor":6,"turns":5},{"damage":4,"enemies":"2 Fungi Beasts","floor":7,"turns":3},{"damage":9,"enemies":"Exordium Wildlife","floor":10,"turns":3},{"damage":7,"enemies":"Large Slime","floor":12,"turns":4},{"damage":22,"enemies":"Hexaghost","floor":16,"turns":8},{"damage":9,"enemies":"Shell Parasite","floor":18,"turns":5},{"damage":3,"enemies":"3 Byrds","floor":20,"turns":4},{"damage":38,"enemies":"Book of Stabbing","floor":27,"turns":6},{"damage":38,"enemies":"Slavers","floor":29,"turns":3},{"damage":0,"enemies":"Centurion and Healer","floor":31,"turns":3},{"damage":83,"enemies":"Automaton","floor":33,"turns":6}],"seed_played":"137489","potions_obtained":[{"floor":3,"key":"SpeedPotion"},{"floor":4,"key":"Strength Potion"},{"floor":16,"key":"Swift Potion"},{"floor":27,"key":"GamblersBrew"},{"floor":31,"key":"Poison Potion"}],"is_trial":false,"path_per_floor":["M","?","M","M","?","E","M","$","T","M","?","M","R","$","R","B",null,"M","?","M","$","?","R","$","R","T","E","R","E","R","M","R","B"],"character_chosen":"THE_SILENT","items_purchased":["SkillPotion","Bouncing Flask","Vajra","Catalyst"],"campfire_rested":6,"item_purchase_floors":[8,14,21,24],"current_hp_per_floor":[69,52,52,52,52,23,19,19,19,10,10,3,24,24,45,23,70,61,45,42,42,42,63,63,63,63,25,46,10,31,31,52,0,0],"gold":106,"neow_bonus":"UPGRADE_CARD","is_daily":false,"chose_seed":true,"campfire_upgraded":1,"win_rate":0.0,"timestamp":1612842408,"path_taken":["M","?","M","M","?","E","M","$","T","?","?","M","R","?","R","BOSS","M","?","M","$","?","R","$","R","T","E","R","E","R","M","R","BOSS"],"items_purchased_type":["Potion","Card","Relic","Card"],"build_version":"2020-12-22","purchased_purges":1,"victory":false,"max_hp_per_floor":[70,70,70,70,70,70,70,70,70,70,70,70,70,70,70,70,70,70,70,70,70,70,70,70,70,70,70,70,72,72,72,72,72,72],"relic_stats":{"Singing Bowl":2,"counters":[14,59],"Golden Idol":81,"Bronze Scales":[160],"Art of War":[5],"obtain_stats":[{"Singing Bowl":29,"Golden Idol":2,"Nilry\u0027s Codex":19,"Bronze Scales":9,"Vajra":21,"Art of War":6,"Frozen Egg 2":26,"Ancient Tea Set":27,"Ring of the Serpent":17,"Ring of the Snake":0,"WarpedTongs":5},{"Singing Bowl":12,"Golden Idol":1,"Nilry\u0027s Codex":9,"Bronze Scales":5,"Vajra":10,"Art of War":4,"Frozen Egg 2":10,"Ancient Tea Set":11,"Ring of the Serpent":8,"Ring of the Snake":0,"WarpedTongs":3},{"Singing Bowl":50,"Golden Idol":4,"Nilry\u0027s Codex":37,"Bronze Scales":17,"Vajra":41,"Art of War":14,"Frozen Egg 2":41,"Ancient Tea Set":47,"Ring of the Serpent":32,"Ring of the Snake":0,"WarpedTongs":9}],"WarpedTongs":[50]},"card_choices":[{"not_picked":["PiercingWail","Blur"],"picked":"Heel Hook","floor":1},{"not_picked":["Predator","Caltrops"],"picked":"Quick Slash","floor":3},{"not_picked":["Catalyst","Outmaneuver"],"picked":"Quick Slash","floor":4},{"not_picked":["Slice","Outmaneuver"],"picked":"Choke","floor":6},{"not_picked":["Crippling Poison","Dagger Spray"],"picked":"Deadly Poison","floor":7},{"not_picked":["Dagger Throw","Poisoned Stab"],"picked":"Grand Finale","floor":10},{"not_picked":["Cloak And Dagger","Sucker Punch","Well Laid Plans"],"picked":"SKIP","floor":12},{"not_picked":["Phantasmal Killer","Envenom"],"picked":"Night Terror","floor":16},{"not_picked":["Cloak And Dagger","Deadly Poison"],"picked":"Dagger Throw+1","floor":18},{"not_picked":["Backflip","Flechettes"],"picked":"Poisoned Stab+1","floor":20},{"not_picked":["Blade Dance","Accuracy+1","Grand Finale"],"picked":"SKIP","floor":27},{"not_picked":["Endless Agony","Underhanded Strike+1","Backflip"],"picked":"Singing Bowl","floor":29},{"not_picked":["Prepared+1","Night Terror"],"picked":"Well Laid Plans+1","floor":31}],"player_experience":337692,"relics_obtained":[{"floor":6,"key":"Art of War"},{"floor":9,"key":"Bronze Scales"},{"floor":19,"key":"Nilry\u0027s Codex"},{"floor":26,"key":"Frozen Egg 2"},{"floor":27,"key":"Ancient Tea Set"},{"floor":29,"key":"Singing Bowl"}],"event_choices":[{"damage_healed":0,"gold_gain":0,"player_choice":"Take Damage","damage_taken":17,"relics_obtained":["Golden Idol"],"max_hp_gain":0,"max_hp_loss":0,"event_name":"Golden Idol","floor":2,"gold_loss":0},{"damage_healed":0,"gold_gain":0,"player_choice":"Rummage","damage_taken":0,"relics_obtained":["WarpedTongs"],"max_hp_gain":0,"max_hp_loss":0,"event_name":"Accursed Blacksmith","floor":5,"gold_loss":0,"cards_obtained":["Pain"]},{"damage_healed":0,"gold_gain":0,"player_choice":"Fled","damage_taken":0,"max_hp_gain":0,"max_hp_loss":0,"event_name":"Scrap Ooze","floor":11,"gold_loss":0},{"damage_healed":0,"gold_gain":0,"player_choice":"Obtained Book","damage_taken":16,"max_hp_gain":0,"max_hp_loss":0,"event_name":"Cursed Tome","floor":19,"gold_loss":0},{"damage_healed":0,"gold_gain":0,"player_choice":"Ignored","damage_taken":0,"max_hp_gain":0,"max_hp_loss":0,"event_name":"Vampires","floor":22,"gold_loss":0}],"is_beta":false,"boss_relics":[{"not_picked":["Cursed Key","Calling Bell"],"picked":"Ring of the Serpent"}],"items_purged_floors":[8],"is_endless":false,"potions_floor_spawned":[3,4,16,27,31],"killed_by":"Automaton","ascension_level":1}}