{"host":"d73an99q9oevilk5","time":1612836644,"event":{"mods":["2.2 Compatiblity","AchievementEnabler","Act Like it!","Aspiration","BaseMod","Beaked The Cultist","Better Third Choice","BetterRewards","Colored Map","Colored Powertips","Conspire","Downfall","GifTheSpireLib","GungeonMod","Halation","Hubris","Infinite Spire","Marisa????????","Mimic Mod","Minty Spire (QoL Compilation)","Quick Restart","Relic Sorter","Reliquary","Replay The Spire","Shop Mod","Spikes Relics","StSLib","Stuff the Spire","The Cursed","The Necromancer","The Saiyan","Waifu the Spire","[IsaacMod]????","egg","slay the spire mod where everything is the same but ironclad has a cowboy hat"],"gold_per_floor":[118,70,70,82,102,102,128,228,228,244,129,129,129,164,177,177,177,277,277,293,293,311,325,342,377,389,406,406,406,260,260,278,31,31,31,31,128,128,147,147,147,166,15,15,216,231,231,256,279,303,337,337,337,337,337],"floor_reached":54,"language":"ENG","playtime":1876,"items_purged":[],"score":790,"play_id":"e0587c1d-34b6-4fbe-8d13-ea4171a8dee6","local_time":"20210208191044","is_ascension_mode":false,"campfire_choices":[{"data":"DoctorFetus","floor":6,"key":"SMITH"},{"floor":17,"key":"DIG"},{"data":"beaked:AwakenedForm","floor":29,"key":"SMITH"},{"floor":36,"key":"DIG"},{"floor":53,"key":"RECALL"}],"circlet_count":0,"master_deck":["beaked:Strike_Y","beaked:Strike_Y","beaked:Strike_Y","beaked:Strike_Y","beaked:Strike_Y","beaked:Strike_Y","beaked:Defend_Y","beaked:Defend_Y","beaked:Defend_Y","beaked:Defend_Y","beaked:Ceremony","beaked:Ceremony","beaked:Ceremony","DoctorFetus+1","beaked:MimicMachine","beaked:Evade+1","beaked:Hexing","beaked:KnowThyFoe+1","beaked:Foresight","beaked:Brace","beaked:AwakenedForm+1","ReplayTheSpireMod:Echoes of Time","beaked:WarriorEssence","beaked:HuntressSpirit","beaked:Sacrifice+1","CurseOfTheBell","CurseOfTheBell","beaked:Daydream+1","beaked:CursingBlood","beaked:Hexing+1","beaked:Foresight+1"],"relics":["beaked:MendingPlumage","HushsDoor","DemoMod:BlueGuonStone","Replay:Multitool","DemoMod:GnawedKey","hubris:ScarierMask","Happy Flower","DemoMod:OrangeGuonStone","Ice Cream","StuffTheSpire:GrapeVine","downfall:ExtraCursedBell","Chemical X","RottenBaby","MerchantsRug","BFFS","Guide Book","LugNut","Philosopher\u0027s Stone","DemoMod:MonsterBlood","hubris:Zylophone","conspire:SpecialSausage","Bottled Flame","Bottled Tornado","TheBean"],"acts_visited":["Exordium","TheCity","TheBeyond"],"potions_floor_usage":[0,7,18,24,27,48],"damage_taken":[{"damage":10,"enemies":"Cultist","floor":1,"turns":4},{"damage":3,"enemies":"conspire:RoseBush","floor":4,"turns":5},{"damage":3,"enemies":"2 Louse","floor":5,"turns":5},{"damage":11,"enemies":"3 Sentries","floor":7,"turns":5},{"damage":5,"enemies":"conspire:2 RoseBushes","floor":10,"turns":5},{"damage":22,"enemies":"conspire:MimicChest","floor":14,"turns":6},{"damage":9,"enemies":"Large Slime","floor":15,"turns":5},{"damage":14,"enemies":"Fading Forest","floor":18,"turns":11},{"damage":9,"enemies":"Spheric Guardian","floor":20,"turns":4},{"damage":2,"enemies":"Shell Parasite","floor":22,"turns":4},{"damage":14,"enemies":"3 Cultists","floor":23,"turns":6},{"damage":3,"enemies":"Shelled Parasite and Fungi","floor":24,"turns":5},{"damage":10,"enemies":"Slavers","floor":25,"turns":6},{"damage":9,"enemies":"conspire:HollyBat","floor":26,"turns":7},{"damage":8,"enemies":"Snake Plant","floor":27,"turns":6},{"damage":3,"enemies":"Shelled Parasite and Fungi","floor":32,"turns":3},{"damage":10,"enemies":"conspire:MysteriousRune","floor":37,"turns":6},{"damage":0,"enemies":"3 Darklings","floor":39,"turns":3},{"damage":0,"enemies":"3 Shapes","floor":42,"turns":2},{"damage":5,"enemies":"Sphere and 2 Shapes","floor":46,"turns":2},{"damage":1,"enemies":"beaked:SuperParasite","floor":48,"turns":6},{"damage":0,"enemies":"Reptomancer","floor":51,"turns":4},{"damage":112,"enemies":"Delirium","floor":54,"turns":5}],"seed_played":"-4042922424616023966","potions_obtained":[{"floor":5,"key":"BlessingOfTheForge"},{"floor":7,"key":"Reflective Coating"},{"floor":14,"key":"champ:CounterPotion"},{"floor":15,"key":"Weak Potion"},{"floor":23,"key":"GamblersBrew"},{"floor":27,"key":"SteroidPotion"},{"floor":32,"key":"SteroidPotion"},{"floor":42,"key":"DemoMod:LeadSkinPotion"},{"floor":51,"key":"sneckomod:MuddlingPotion"}],"is_trial":false,"path_per_floor":["M","$","T","M","M","R","E","?","T","M","$","PTL","PTL","?","M","?","R","B",null,"M","?","M","M","M","E","M","M","T","R","$","?","M","$","PTL","PTL","R_BF","B",null,"M","?","$","M","$","?","?","M","T","E","T","T","E","AVR","R","B"],"character_chosen":"BEAKED_THE_CULTIST","items_purchased":["Fruit Juice","beaked:Evade","DemoMod:GnawedKey","StuffTheSpire:GrapeVine","MerchantsRug","BFFS","Guide Book","DemoMod:MonsterBlood"],"campfire_rested":0,"item_purchase_floors":[0,2,11,30,33,33,33,43],"current_hp_per_floor":[46,46,46,55,55,55,50,50,50,55,55,55,55,43,51,51,51,55,55,51,39,50,54,55,55,55,55,55,55,55,55,54,54,54,54,54,55,55,55,55,55,58,65,65,49,52,52,68,68,68,71,71,71,0,0],"gold":337,"neow_bonus":"","is_daily":false,"chose_seed":false,"campfire_upgraded":2,"win_rate":0.0,"timestamp":1612836644,"path_taken":["M","$","?","M","M","R","E","?","T","M","$","PTL","PTL","?","?","?","R","BOSS","M","?","?","M","M","E","M","M","T","R","$","?","M","?","PTL","PTL","R_BF","BOSS","M","?","$","M","?","?","?","?","T","E","?","?","E","AVR","R","BOSS"],"items_purchased_type":["Potion","Card","Relic","Relic","Relic","Relic","Relic","Relic"],"build_version":"2020-12-22","purchased_purges":0,"victory":false,"max_hp_per_floor":[55,55,55,55,55,55,55,55,55,55,55,55,55,55,55,55,55,55,55,55,55,55,55,55,55,55,55,55,55,55,55,55,55,55,55,55,55,55,55,55,55,58,65,65,65,68,68,68,68,68,71,71,71,71,71],"card_choices":[{"not_picked":[],"picked":"DoctorFetus","floor":0},{"not_picked":["beaked:MimicHuntress","beaked:SacrificialDive","beaked:DigDeep"],"picked":"SKIP","floor":1},{"not_picked":["beaked:WarriorEssence","Bomb"],"picked":"beaked:Hexing","floor":4},{"not_picked":["Bomb","beaked:DigDeeper"],"picked":"beaked:KnowThyFoe","floor":5},{"not_picked":["beaked:FeelMyPain","beaked:Resilience"],"picked":"beaked:Foresight","floor":7},{"not_picked":["beaked:Daydream","beaked:DigDeep"],"picked":"beaked:Brace","floor":8},{"not_picked":["beaked:WarriorEssence","beaked:DarkTribute","beaked:Flinch"],"picked":"SKIP","floor":10},{"not_picked":["beaked:BloodForTheGods","beaked:SurvivalInstinct","beaked:TuckingFeathers"],"picked":"SKIP","floor":15},{"not_picked":["beaked:VolatileMisfortune","beaked:DarkTribute"],"picked":"beaked:AwakenedForm","floor":18},{"not_picked":["beaked:Pecker","beaked:Tradeoff","beaked:Tweet"],"picked":"SKIP","floor":20},{"not_picked":["infinitespire:FutureSight","infinitespire:SealOfDarkness+"],"picked":"ReplayTheSpireMod:Echoes of Time","floor":21},{"not_picked":["beaked:Cower+1","beaked:FeelMyPain+1","beaked:Poke"],"picked":"SKIP","floor":22},{"not_picked":["beaked:Poke+1","beaked:MimicHuntress","beaked:DigDeeper"],"picked":"SKIP","floor":23},{"not_picked":["beaked:Windmill","beaked:FeelMyPain"],"picked":"beaked:WarriorEssence","floor":24},{"not_picked":["beaked:Windmill","beaked:Brace+1"],"picked":"beaked:HuntressSpirit","floor":25},{"not_picked":["beaked:Tweet+1","beaked:Foresight"],"picked":"beaked:Sacrifice","floor":26},{"not_picked":["beaked:Cower","beaked:SacrificialDive+1","beaked:FeelMyPain+1"],"picked":"SKIP","floor":27},{"not_picked":["beaked:SurvivalInstinct+1","beaked:CursingBlood+1","beaked:Overexert"],"picked":"SKIP","floor":32},{"not_picked":["beaked:HuntressEssence","beaked:Brace","beaked:BloodForTheGods+1"],"picked":"SKIP","floor":39},{"not_picked":["beaked:HuntressEssence+1","beaked:Flinch"],"picked":"beaked:Daydream+1","floor":42},{"not_picked":["beaked:LiftOff","beaked:Evade+1"],"picked":"beaked:CursingBlood","floor":45},{"not_picked":["beaked:Evade","beaked:Daydream+1"],"picked":"beaked:Hexing+1","floor":46},{"not_picked":["beaked:Replenish","beaked:SacrificialScars","beaked:MaddeningMurmurs+1"],"picked":"SKIP","floor":48},{"not_picked":["beaked:Tweet+1","beaked:Overexert+1"],"picked":"beaked:Foresight+1","floor":51}],"player_experience":1866440,"relics_obtained":[{"floor":3,"key":"DemoMod:BlueGuonStone"},{"floor":7,"key":"Replay:Multitool"},{"floor":9,"key":"halation:PrussianBluePaint"},{"floor":14,"key":"hubris:ScarierMask"},{"floor":17,"key":"Happy Flower"},{"floor":25,"key":"halation:LettersToHer"},{"floor":28,"key":"Ice Cream"},{"floor":28,"key":"halation:LettersToHer"},{"floor":31,"key":"infinitespire:Joker Card"},{"floor":31,"key":"Chemical X"},{"floor":31,"key":"RottenBaby"},{"floor":36,"key":"LugNut"},{"floor":48,"key":"hubris:Zylophone"},{"floor":50,"key":"conspire:SpecialSausage"},{"floor":51,"key":"Bottled Flame"}],"event_choices":[],"is_beta":false,"boss_relics":[{"not_picked":["hubris:MobiusCoin","reliquary:BoilingFlask"],"picked":"DemoMod:OrangeGuonStone"},{"not_picked":[]},{"not_picked":["Pen Nib","Lantern"],"picked":"Philosopher\u0027s Stone"},{"not_picked":[]}],"items_purged_floors":[],"is_endless":false,"potions_floor_spawned":[5,7,14,15,23,27,32,42,51],"killed_by":"Delirium","ascension_level":0}}