{"host":"gtkw0hh8g0porc44","time":1612841236,"event":{"mods":["AchievementEnabler","BaseMod","BetterRewards","Colored Map","Colored Powertips","DeckTracker","Highlight Path","Minty Spire (QoL Compilation)","Relic Stats","StSLib","Synergy Search"],"gold_per_floor":[110,110,125,125,141,173,173,202,226,237,237,252,267,46,46,146,146,163,174,345,355,370,370,370,370],"floor_reached":24,"language":"ENG","playtime":2310,"items_purged":["Regret"],"score":221,"play_id":"87a9bdf4-5372-4c1d-b384-45f73745272f","local_time":"20210208222716","is_ascension_mode":true,"campfire_choices":[{"floor":7,"key":"REST"},{"floor":11,"key":"REST"},{"floor":15,"key":"REST"},{"floor":23,"key":"REST"}],"circlet_count":0,"master_deck":["Strike_G","Strike_G","Strike_G","Strike_G","Strike_G","Defend_G+1","Defend_G+1","Defend_G","Defend_G","Defend_G","Survivor","Neutralize+1","Deadly Poison","Catalyst+1","Expertise","Bane","Crippling Poison","Noxious Fumes","Envenom","Quick Slash","Catalyst+1","Distraction","Phantasmal Killer","Calculated Gamble+1","Bane","Acrobatics"],"relics":["Ring of the Snake","Snake Skull","War Paint","Potion Belt","Dream Catcher","DollysMirror","Busted Crown","Old Coin"],"acts_visited":["Exordium","TheCity"],"potions_floor_usage":[8,8,10,12,18,22,24],"damage_taken":[{"damage":0,"enemies":"2 Louse","floor":1,"turns":3},{"damage":11,"enemies":"Jaw Worm","floor":3,"turns":4},{"damage":5,"enemies":"Cultist","floor":5,"turns":4},{"damage":29,"enemies":"Lagavulin","floor":6,"turns":6},{"damage":15,"enemies":"3 Sentries","floor":8,"turns":10},{"damage":14,"enemies":"Blue Slaver","floor":10,"turns":2},{"damage":6,"enemies":"Gremlin Gang","floor":12,"turns":6},{"damage":14,"enemies":"Red Slaver","floor":13,"turns":4},{"damage":22,"enemies":"Hexaghost","floor":16,"turns":5},{"damage":19,"enemies":"2 Thieves","floor":18,"turns":4},{"damage":8,"enemies":"Spheric Guardian","floor":19,"turns":4},{"damage":19,"enemies":"3 Cultists","floor":21,"turns":4},{"damage":22,"enemies":"Snake Plant","floor":22,"turns":3},{"damage":27,"enemies":"Sentry and Sphere","floor":24,"turns":3}],"seed_played":"-7312631365082973259","potions_obtained":[{"floor":3,"key":"EssenceOfSteel"},{"floor":5,"key":"Swift Potion"},{"floor":8,"key":"LiquidMemories"},{"floor":10,"key":"GhostInAJar"},{"floor":16,"key":"Block Potion"},{"floor":21,"key":"AttackPotion"},{"floor":22,"key":"PowerPotion"}],"is_trial":false,"path_per_floor":["M","?","M","?","M","E","R","E","T","M","R","M","M","$","R","B",null,"M","M","?","M","M","R","M"],"character_chosen":"THE_SILENT","items_purchased":["DollysMirror"],"campfire_rested":4,"item_purchase_floors":[14],"current_hp_per_floor":[70,70,59,59,54,25,46,31,31,17,38,32,18,18,39,17,70,51,43,43,24,2,23,0,0],"gold":370,"neow_bonus":"UPGRADE_CARD","is_daily":false,"chose_seed":false,"campfire_upgraded":0,"win_rate":0.0,"timestamp":1612841236,"path_taken":["M","?","M","?","M","E","R","E","T","?","R","M","M","$","R","BOSS","M","M","?","?","M","R","M"],"items_purchased_type":["Relic"],"build_version":"2020-12-22","purchased_purges":1,"victory":false,"max_hp_per_floor":[70,70,70,70,70,70,70,70,70,70,70,70,70,70,70,70,70,70,70,70,70,70,70,70,70],"relic_stats":{"Dream Catcher":3,"Busted Crown":10,"counters":[14,62],"Snake Skull":[85],"War Paint":["Defend_G","Defend_G"],"obtain_stats":[{"Potion Belt":8,"Dream Catcher":9,"Busted Crown":17,"DollysMirror":14,"Snake Skull":2,"War Paint":6,"Ring of the Snake":0,"Old Coin":20},{"Potion Belt":5,"Dream Catcher":5,"Busted Crown":9,"DollysMirror":8,"Snake Skull":1,"War Paint":4,"Ring of the Snake":0,"Old Coin":11},{"Potion Belt":27,"Dream Catcher":27,"Busted Crown":44,"DollysMirror":39,"Snake Skull":3,"War Paint":17,"Ring of the Snake":0,"Old Coin":52}],"Ring of the Snake":[28]},"card_choices":[{"not_picked":["PiercingWail","Prepared"],"picked":"Deadly Poison","floor":1},{"not_picked":["Flying Knee","Calculated Gamble"],"picked":"Catalyst","floor":3},{"not_picked":["Calculated Gamble","Dagger Spray"],"picked":"Expertise","floor":5},{"not_picked":["Outmaneuver","Dagger Throw"],"picked":"Bane","floor":6},{"not_picked":["Escape Plan","Endless Agony"],"picked":"Crippling Poison","floor":8},{"not_picked":["Deadly Poison","Underhanded Strike"],"picked":"Noxious Fumes","floor":10},{"not_picked":["Infinite Blades","Crippling Poison"],"picked":"Envenom","floor":11},{"not_picked":["Expertise","Deflect","Tactician"],"picked":"SKIP","floor":12},{"not_picked":["Deflect","Infinite Blades"],"picked":"Quick Slash","floor":13},{"not_picked":["Finisher","Blade Dance"],"picked":"Distraction","floor":15},{"not_picked":["Bullet Time","Unload"],"picked":"Phantasmal Killer","floor":16},{"not_picked":["Flechettes"],"picked":"SKIP","floor":18},{"not_picked":[],"picked":"Calculated Gamble+1","floor":19},{"not_picked":[],"picked":"Bane","floor":21},{"not_picked":["Deflect+1"],"picked":"SKIP","floor":22},{"not_picked":[],"picked":"Acrobatics","floor":23}],"player_experience":96636,"relics_obtained":[{"floor":6,"key":"War Paint"},{"floor":8,"key":"Potion Belt"},{"floor":9,"key":"Dream Catcher"}],"event_choices":[{"damage_healed":0,"gold_gain":0,"player_choice":"Box","damage_taken":0,"relics_obtained":["Snake Skull"],"max_hp_gain":0,"max_hp_loss":0,"event_name":"Big Fish","floor":2,"gold_loss":0,"cards_obtained":["Regret"]},{"damage_healed":0,"gold_gain":0,"player_choice":"Upgraded","damage_taken":0,"max_hp_gain":0,"max_hp_loss":0,"event_name":"Upgrade Shrine","floor":4,"gold_loss":0,"cards_upgraded":["Catalyst"]},{"damage_healed":0,"gold_gain":0,"player_choice":"Paid Gold","damage_taken":0,"relics_obtained":["Old Coin"],"max_hp_gain":0,"max_hp_loss":0,"event_name":"WeMeetAgain","floor":20,"gold_loss":129}],"is_beta":false,"boss_relics":[{"not_picked":["Tiny House","Calling Bell"],"picked":"Busted Crown"}],"items_purged_floors":[14],"is_endless":false,"potions_floor_spawned":[3,5,8,10,16,21,22],"killed_by":"Sentry and Sphere","ascension_level":1}}