{"host":"fhyqvp7txwl2j5aw","time":1612839240,"event":{"mods":["AchievementEnabler","BaseMod","Better Altar","Better Match","Better Note","Better Sensory Stone","Better Skull","Better Third Choice","Card Forge","Colored Map","Colored Powertips","Highlight Path","Minty Spire (QoL Compilation)","Rare Cards Sparkle","Relic Filter Mod","StSLib","Transform Curses"],"gold_per_floor":[110,35,35,35,112,143,143,173,196,207,242,242,268,287,287,384,384,402,420,335,347,359,400,412,450,486,513,539,551,575,603,615,723,735,763,791,803,828,455,505,525,560,584,612,612,434,468,488,488,488],"floor_reached":51,"language":"JPN","playtime":2927,"items_purged":[],"score":1516,"play_id":"e55e0376-0427-4dc9-8328-8c7fadc144df","local_time":"20210209115400","is_ascension_mode":true,"campfire_choices":[{"data":"Evolve","floor":7,"key":"SMITH"},{"floor":12,"key":"REST"},{"floor":15,"key":"REST"},{"floor":24,"key":"REST"},{"data":"Seeing Red","floor":32,"key":"SMITH"},{"floor":45,"key":"REST"},{"floor":49,"key":"REST"}],"circlet_count":0,"master_deck":["Hemokinesis+1","Evolve+1","Insight+1","Blood for Blood+1","Brutality+1","Offering+1","Bloodletting+1","Combust+1","Rupture+1","Ghostly+1","Reaper+1","Burning Pact+1","Shockwave+1","Seeing Red+1","Dark Embrace+1","Deep Breath+1","Panache","Immolate"],"relics":["Burning Blood","Hammer of Thor","Seething Fire","Anvil of the Gods","NeowsBlessing","Bottled Tornado","Gremlin Horn","Orichalcum","Happy Flower","Dream Catcher","Centennial Puzzle","Runic Cube","MawBank","Red Skull","Self Forming Clay","Whetstone","MutagenicStrength","Philosopher\u0027s Stone","Bag of Preparation","Strange Spoon","Unceasing Top","Meat on the Bone","Bronze Scales","Regal Pillow","Torii"],"acts_visited":["Exordium","TheCity","TheBeyond"],"potions_floor_usage":[31],"damage_taken":[{"damage":0,"enemies":"Jaw Worm","floor":1,"turns":1},{"damage":0,"enemies":"Lagavulin","floor":6,"turns":1},{"damage":0,"enemies":"3 Sentries","floor":8,"turns":1},{"damage":0,"enemies":"Cultist","floor":10,"turns":3},{"damage":30,"enemies":"Lagavulin","floor":11,"turns":6},{"damage":24,"enemies":"Gremlin Nob","floor":13,"turns":5},{"damage":0,"enemies":"2 Louse","floor":14,"turns":2},{"damage":56,"enemies":"Hexaghost","floor":16,"turns":9},{"damage":7,"enemies":"2 Thieves","floor":18,"turns":1},{"damage":11,"enemies":"Chosen","floor":19,"turns":2},{"damage":10,"enemies":"Gremlin Leader","floor":23,"turns":1},{"damage":14,"enemies":"Book of Stabbing","floor":25,"turns":2},{"damage":7,"enemies":"Centurion and Healer","floor":27,"turns":1},{"damage":5,"enemies":"Shelled Parasite and Fungi","floor":28,"turns":1},{"damage":7,"enemies":"Chosen and Byrds","floor":30,"turns":2},{"damage":10,"enemies":"3 Cultists","floor":31,"turns":1},{"damage":8,"enemies":"Collector","floor":33,"turns":1},{"damage":5,"enemies":"Orb Walker","floor":35,"turns":1},{"damage":8,"enemies":"3 Shapes","floor":36,"turns":1},{"damage":5,"enemies":"Jaw Worm Horde","floor":38,"turns":1},{"damage":6,"enemies":"2 Orb Walkers","floor":40,"turns":1},{"damage":19,"enemies":"Transient","floor":41,"turns":1},{"damage":6,"enemies":"Giant Head","floor":42,"turns":1},{"damage":11,"enemies":"Nemesis","floor":44,"turns":1},{"damage":5,"enemies":"Reptomancer","floor":47,"turns":1},{"damage":6,"enemies":"Spire Growth","floor":48,"turns":1},{"damage":13,"enemies":"Donu and Deca","floor":50,"turns":1}],"seed_played":"-170307371583421064","potions_obtained":[{"floor":1,"key":"EntropicBrew"},{"floor":10,"key":"FearPotion"},{"floor":16,"key":"Weak Potion"},{"floor":31,"key":"Fruit Juice"},{"floor":40,"key":"BloodPotion"},{"floor":42,"key":"SkillPotion"}],"is_trial":false,"path_per_floor":["M","$","?","$","T","E","R","E","T","M","E","R","E","M","R","B",null,"M","M","?","$","?","E","R","E","T","M","M","?","M","M","R","B",null,"M","M","?","M","$","?","M","E","T","E","R","$","E","M","R","B",null],"character_chosen":"IRONCLAD","items_purchased":["Evolve","Bag of Preparation","Strange Spoon","Deep Breath","Panache"],"campfire_rested":5,"item_purchase_floors":[2,39,39,39,46],"current_hp_per_floor":[80,80,80,80,80,80,80,80,80,80,56,80,62,68,80,30,68,67,69,69,69,69,80,80,80,80,80,80,80,80,85,85,85,85,85,85,74,85,85,85,85,85,85,85,85,85,85,85,85,78],"gold":488,"neow_bonus":"THREE_ENEMY_KILL","is_daily":false,"chose_seed":false,"campfire_upgraded":2,"win_rate":0.0,"timestamp":1612839240,"path_taken":["M","$","?","$","?","E","R","E","T","M","E","R","E","M","R","BOSS","M","M","?","$","?","E","R","E","T","M","M","?","M","M","R","BOSS","M","M","?","M","$","?","M","E","T","E","R","$","E","M","R","BOSS"],"items_purchased_type":["Card","Relic","Relic","Card","Card"],"build_version":"2020-12-22","purchased_purges":0,"victory":true,"max_hp_per_floor":[80,80,80,80,80,80,80,80,80,80,80,80,80,80,80,80,80,80,80,80,80,80,80,80,80,80,80,80,80,80,85,85,85,85,85,85,85,85,85,85,85,85,85,85,85,85,85,85,85,85],"card_choices":[{"not_picked":["Metallicize","Ghostly Armor"],"picked":"Hemokinesis","floor":1},{"not_picked":["Second Wind","Whirlwind"],"picked":"Dark Embrace","floor":6},{"not_picked":["Uppercut","Heavy Blade"],"picked":"Bludgeon","floor":8},{"not_picked":["Body Slam","Intimidate"],"picked":"Cleave","floor":10},{"not_picked":["Havoc","Headbutt"],"picked":"Pummel","floor":11},{"not_picked":["Armaments","Perfected Strike"],"picked":"Blood for Blood","floor":12},{"not_picked":["Cleave","Pommel Strike"],"picked":"Carnage","floor":13},{"not_picked":["Thunderclap","Reaper","Anger"],"picked":"SKIP","floor":14},{"not_picked":["Armaments","Cleave"],"picked":"Pummel","floor":15},{"not_picked":["Barricade","Impervious"],"picked":"Brutality","floor":16},{"not_picked":["Pommel Strike","Flex","Disarm"],"picked":"SKIP","floor":18},{"not_picked":["Pommel Strike","Flex","Disarm"],"picked":"SKIP","floor":18},{"not_picked":["Thunderclap","Dual Wield+1","Pummel+1"],"picked":"SKIP","floor":19},{"not_picked":["Flex","Reaper","Warcry"],"picked":"SKIP","floor":23},{"not_picked":["Ghostly Armor","Heavy Blade","Twin Strike"],"picked":"SKIP","floor":25},{"not_picked":["Metallicize+1","Armaments+1"],"picked":"Seeing Red","floor":27},{"not_picked":["Uppercut+1","Rupture","Perfected Strike"],"picked":"SKIP","floor":28},{"not_picked":["Limit Break","Warcry","Iron Wave"],"picked":"SKIP","floor":30},{"not_picked":["Wild Strike","Combust+1"],"picked":"Dark Embrace+1","floor":31},{"not_picked":["Disarm","Flex","Anger"],"picked":"SKIP","floor":35},{"not_picked":["Entrench+1","Iron Wave","Rage+1"],"picked":"SKIP","floor":36},{"not_picked":["Searing Blow","Reckless Charge+1","Flex+1"],"picked":"SKIP","floor":38},{"not_picked":["Armaments","Thunderclap+1","Pummel+1"],"picked":"SKIP","floor":41},{"not_picked":["Body Slam","Second Wind+1","Perfected Strike"],"picked":"SKIP","floor":42},{"not_picked":["Pummel+1","Clash+1","Feel No Pain"],"picked":"SKIP","floor":44},{"not_picked":["Wild Strike+1","Twin Strike","Second Wind"],"picked":"SKIP","floor":47},{"not_picked":["Wild Strike","Second Wind+1","Warcry"],"picked":"SKIP","floor":48},{"not_picked":["Rampage","Perfected Strike"],"picked":"Immolate","floor":49}],"player_experience":18720,"relics_obtained":[{"floor":5,"key":"Bottled Tornado"},{"floor":6,"key":"Gremlin Horn"},{"floor":8,"key":"Orichalcum"},{"floor":9,"key":"Happy Flower"},{"floor":11,"key":"Dream Catcher"},{"floor":13,"key":"Centennial Puzzle"},{"floor":23,"key":"Red Skull"},{"floor":25,"key":"Self Forming Clay"},{"floor":26,"key":"Whetstone"},{"floor":40,"key":"Unceasing Top"},{"floor":42,"key":"Meat on the Bone"},{"floor":43,"key":"Bronze Scales"},{"floor":44,"key":"Regal Pillow"},{"floor":47,"key":"Torii"}],"event_choices":[{"cards_removed":["Insight"],"damage_healed":0,"gold_gain":0,"player_choice":"Take \u0026 Give","damage_taken":0,"max_hp_gain":0,"max_hp_loss":0,"event_name":"betterNote:BetterNote","floor":3,"gold_loss":0,"cards_obtained":["Insight"]},{"damage_healed":0,"gold_gain":0,"player_choice":"Obtained Relic","damage_taken":0,"relics_obtained":["MawBank"],"max_hp_gain":0,"max_hp_loss":0,"event_name":"Addict","floor":20,"gold_loss":85},{"damage_healed":0,"gold_gain":0,"player_choice":"Ignored","damage_taken":0,"max_hp_gain":0,"max_hp_loss":0,"event_name":"Vampires","floor":22,"gold_loss":0},{"damage_healed":0,"gold_gain":0,"player_choice":"Inject Mutagens","damage_taken":0,"relics_obtained":["MutagenicStrength"],"max_hp_gain":0,"max_hp_loss":0,"event_name":"Drug Dealer","floor":29,"gold_loss":0},{"damage_healed":0,"gold_gain":0,"player_choice":"Embrace Madness","damage_taken":11,"max_hp_gain":0,"max_hp_loss":0,"event_name":"Winding Halls","floor":37,"gold_loss":0,"cards_obtained":["Madness","Madness"]},{"damage_healed":0,"gold_gain":0,"player_choice":"Fight","damage_taken":0,"max_hp_gain":0,"max_hp_loss":0,"event_name":"Mysterious Sphere","floor":40,"gold_loss":0}],"is_beta":false,"boss_relics":[{"not_picked":["Mark of Pain","Busted Crown"],"picked":"Runic Cube"},{"not_picked":["Tiny House","Snecko Eye"],"picked":"Philosopher\u0027s Stone"}],"items_purged_floors":[],"is_endless":false,"potions_floor_spawned":[1,10,16,18,23,30,31,35,40,42,44],"ascension_level":5}}