{"host":"kdt6w7ix8lwe69i9","time":1612855230,"event":{"mods":["100% Spire Juice","BaseMod","ChefMod","Evolution","Minty Spire (QoL Compilation)","Poor People Problems","Reimu（博丽灵梦）","Robot Space Explorer","Shade Mod","StSLib","The Druid","The Gatherer","TheSurvivalist"],"gold_per_floor":[111,111,111,127,127,127,143,154,207,223,298,314,170,170,170,275,275,289,289,303,303,303,303],"floor_reached":22,"language":"ENG","playtime":1670,"items_purged":[],"score":176,"play_id":"3f61d572-c7c3-428c-84ab-fed575e8f780","local_time":"20210209022030","is_ascension_mode":false,"campfire_choices":[{"data":"SubAcupoint:ReiMu","floor":6,"key":"SMITH"},{"floor":15,"key":"REST"}],"circlet_count":0,"master_deck":["AirStrike:ReiMu","Strike_Lin:ReiMu+1","Strike_Lin:ReiMu+1","Defend_Lin:ReiMu+1","Defend_Lin:ReiMu","Defend_Lin:ReiMu","Defend_Lin:ReiMu","NB:ReiMu+1","Stagnation:ReiMu","OctopathBindingBorder2:ReiMu+1","SubAcupoint:ReiMu+1","CareerPray:ReiMu","CleanRite:ReiMu","SpreadBorder2:ReiMu","FineLineFantasy:ReiMu","DependentForm:ReiMu","EmergencyTakeOff:ReiMu+1","Conquer:ReiMu"],"relics":["ShineYinYang:ReiMu","EVO:Axolotl","Whetstone","Smiling Mask","Strange Spoon","Nloth\u0027s Gift","Nilry\u0027s Codex"],"acts_visited":["Exordium","TheCity"],"potions_floor_usage":[8,8,18],"damage_taken":[{"damage":0,"enemies":"Jaw Worm","floor":1,"turns":4},{"damage":0,"enemies":"2 Louse","floor":4,"turns":2},{"damage":0,"enemies":"Small Slimes","floor":7,"turns":4},{"damage":4,"enemies":"Exordium Thugs","floor":8,"turns":4},{"damage":7,"enemies":"Blue Slaver","floor":10,"turns":4},{"damage":3,"enemies":"3 Louse","floor":12,"turns":3},{"damage":5,"enemies":"Slime Boss","floor":16,"turns":11},{"damage":9,"enemies":"Shell Parasite","floor":18,"turns":8},{"damage":17,"enemies":"Chosen","floor":20,"turns":7},{"damage":25,"enemies":"Snake Plant","floor":22,"turns":5}],"seed_played":"-2933953310549100277","potions_obtained":[{"floor":1,"key":"LiquidBronze"},{"floor":4,"key":"FearPotion"},{"floor":7,"key":"HakureiPotion:ReiMu"},{"floor":16,"key":"DuplicationPotion"}],"is_trial":false,"path_per_floor":["M","?","?","M","?","R","M","M","T","M","?","M","$","?","R","B",null,"M","?","M","?","M"],"character_chosen":"REIMU","items_purchased":["Strange Spoon"],"campfire_rested":1,"item_purchase_floors":[13],"current_hp_per_floor":[65,52,52,52,52,52,52,48,48,41,30,27,27,9,28,23,65,56,56,39,23,0,0],"gold":303,"neow_bonus":"RANDOM_COMMON_RELIC","is_daily":false,"chose_seed":false,"campfire_upgraded":1,"win_rate":0.0,"timestamp":1612855230,"path_taken":["M","?","?","M","?","R","M","M","T","?","?","M","$","?","R","BOSS","M","?","?","?","M"],"items_purchased_type":["Relic"],"build_version":"2020-12-22","purchased_purges":0,"victory":false,"max_hp_per_floor":[65,65,65,65,65,65,65,65,65,65,65,65,65,65,65,65,65,65,65,65,65,65,65],"card_choices":[{"not_picked":["FineLineFantasy:ReiMu","SpreadBorder2:ReiMu"],"picked":"OctopathBindingBorder2:ReiMu","floor":1},{"not_picked":["PassingAway:ReiMu","SafetyPray:ReiMu"],"picked":"SubAcupoint:ReiMu","floor":4},{"not_picked":["SubAcupoint:ReiMu","AlertArray:ReiMu"],"picked":"CareerPray:ReiMu","floor":7},{"not_picked":["OrbThrow:ReiMu","SubAcupoint:ReiMu"],"picked":"CleanRite:ReiMu","floor":8},{"not_picked":["SafetyPray:ReiMu","SubAcupoint:ReiMu"],"picked":"SpreadBorder2:ReiMu","floor":10},{"not_picked":["YinYangSign:ReiMu","Mountainwind:ReiMu"],"picked":"FineLineFantasy:ReiMu","floor":12},{"not_picked":["RunawayExorcism:ReiMu","HakureiPhantom:ReiMu"],"picked":"DependentForm:ReiMu","floor":16},{"not_picked":["Amulet:ReiMu","SubcavityInstant:ReiMu"],"picked":"EmergencyTakeOff:ReiMu+1","floor":18},{"not_picked":["OrbThrow:ReiMu","Amulet:ReiMu"],"picked":"Conquer:ReiMu","floor":20}],"player_experience":1351448,"relics_obtained":[{"floor":9,"key":"Smiling Mask"},{"floor":21,"key":"Nilry\u0027s Codex"}],"event_choices":[{"damage_healed":0,"gold_gain":0,"player_choice":"Entered Light","damage_taken":13,"max_hp_gain":0,"max_hp_loss":0,"event_name":"Shining Light","floor":2,"gold_loss":0,"cards_upgraded":["Defend_Lin:ReiMu","OctopathBindingBorder2:ReiMu"]},{"damage_healed":0,"gold_gain":0,"player_choice":"Grow","damage_taken":0,"max_hp_gain":0,"max_hp_loss":0,"event_name":"Living Wall","floor":3,"gold_loss":0,"cards_upgraded":["NB:ReiMu"]},{"cards_removed":["Strike_Lin:ReiMu"],"damage_healed":0,"gold_gain":0,"player_choice":"Card Removal","damage_taken":0,"max_hp_gain":0,"max_hp_loss":0,"event_name":"Wheel of Change","floor":5,"gold_loss":0},{"damage_healed":0,"gold_gain":75,"player_choice":"Gather Gold","damage_taken":11,"max_hp_gain":0,"max_hp_loss":0,"event_name":"World of Goop","floor":11,"gold_loss":0},{"damage_healed":0,"gold_gain":0,"player_choice":"Success","damage_taken":18,"relics_obtained":["Omamori"],"max_hp_gain":0,"max_hp_loss":0,"event_name":"Scrap Ooze","floor":14,"gold_loss":0},{"damage_healed":0,"gold_gain":0,"player_choice":"Traded Relic","damage_taken":0,"relics_obtained":["Nloth\u0027s Gift"],"max_hp_gain":0,"max_hp_loss":0,"event_name":"N\u0027loth","floor":19,"relics_lost":["Omamori"],"gold_loss":0},{"damage_healed":0,"gold_gain":0,"player_choice":"Obtained Book","damage_taken":16,"max_hp_gain":0,"max_hp_loss":0,"event_name":"Cursed Tome","floor":21,"gold_loss":0}],"is_beta":false,"boss_relics":[{"not_picked":["RedLine:ReiMu","Tiny House"],"picked":"ShineYinYang:ReiMu"}],"items_purged_floors":[],"is_endless":false,"potions_floor_spawned":[1,4,7,16],"killed_by":"Snake Plant","ascension_level":0}}