{"host":"36t3qd3wjvajtu1z","time":1612912186,"event":{"mods":["2.2 Compatiblity","AchievementEnabler","BaseMod","Bestiary","Block Reminder","Colored Powertips","Curses Come First","Highlight Path","Minty Spire (QoL Compilation)","Permanent Neow","Quick Restart","Random Character Button","Rare Cards Sparkle","Relic Stats","Slay-I","StSLib","Unknown Chances"],"gold_per_floor":[413,33,33,43,63,88,88,100,100,100,135,153,166,176,176,253,253,269,269,281,281,281],"floor_reached":21,"language":"ENG","playtime":1174,"items_purged":[],"score":474,"play_id":"5bb3c7e6-7f35-4bdb-a571-3e294f76c68b","local_time":"20210209150946","is_ascension_mode":true,"campfire_choices":[{"data":"Skewer","floor":7.0,"key":"SMITH"},{"data":"True Grit","floor":15.0,"key":"SMITH"}],"circlet_count":0,"master_deck":["AscendersBane","Strike_G+1","Strike_G","Strike_G","Strike_G","Strike_G+1","Defend_G","Defend_G+1","Defend_G","Defend_G","Defend_G","Survivor","Neutralize","Skewer+1","Infinite Blades","Double Energy+1","Dash","Dramatic Entrance","Well Laid Plans","Go for the Eyes","True Grit+1","Chrysalis","Double Energy+1"],"relics":["Ring of the Snake","Old Coin","PreservedInsect","PrismaticShard","Whetstone","War Paint","Blue Candle","Philosopher\u0027s Stone"],"acts_visited":["Exordium","TheCity"],"potions_floor_usage":[20],"damage_taken":[{"damage":4.0,"enemies":"Small Slimes","floor":1.0,"turns":3.0},{"damage":4.0,"enemies":"Jaw Worm","floor":4.0,"turns":5.0},{"damage":1.0,"enemies":"Cultist","floor":5.0,"turns":4.0},{"damage":0.0,"enemies":"Gremlin Nob","floor":6.0,"turns":3.0},{"damage":13.0,"enemies":"Blue Slaver","floor":8.0,"turns":4.0},{"damage":0.0,"enemies":"Lagavulin","floor":11.0,"turns":4.0},{"damage":0.0,"enemies":"Exordium Thugs","floor":12.0,"turns":1.0},{"damage":5.0,"enemies":"Large Slime","floor":13.0,"turns":5.0},{"damage":0.0,"enemies":"Blue Slaver","floor":14.0,"turns":1.0},{"damage":1.0,"enemies":"Hexaghost","floor":16.0,"turns":9.0},{"damage":10.0,"enemies":"2 Thieves","floor":18.0,"turns":4.0},{"damage":36,"enemies":"3 Byrds","floor":20,"turns":6},{"damage":9,"enemies":"Shelled Parasite and Fungi","floor":21,"turns":1}],"seed_played":"-1898378089147356394","potions_obtained":[{"floor":1.0,"key":"FearPotion"},{"floor":4.0,"key":"Dexterity Potion"},{"floor":11.0,"key":"Weak Potion"},{"floor":12.0,"key":"Strength Potion"},{"floor":16.0,"key":"ColorlessPotion"},{"floor":18.0,"key":"SteroidPotion"},{"floor":20,"key":"Fire Potion"}],"is_trial":false,"path_per_floor":["M","$","?","M","M","E","R","M","T","?","E","M","M","M","R","B",null,"M","?","M","M"],"character_chosen":"THE_SILENT","items_purchased":["PreservedInsect","Infinite Blades","PrismaticShard"],"campfire_rested":0,"item_purchase_floors":[2,2,2],"current_hp_per_floor":[55,55,55,51,50,50,50,37,37,37,37,37,32,32,32,31,53,43,43,7,0,0],"gold":281,"neow_bonus":"ONE_RARE_RELIC","is_daily":false,"chose_seed":false,"campfire_upgraded":2,"win_rate":0.0,"timestamp":1612912186,"path_taken":["M","$","?","M","M","E","R","M","T","?","E","M","M","M","R","BOSS","M","?","M","?"],"items_purchased_type":["Relic","Card","Relic"],"build_version":"2020-12-22","purchased_purges":0,"victory":false,"max_hp_per_floor":[60,60,60,60,60,60,60,60,60,60,60,60,60,60,60,60,60,60,60,60,60,60],"relic_stats":{"counters":[13,50],"Blue Candle":[0],"PreservedInsect":52,"Whetstone":["Strike_G","Strike_G"],"War Paint":["Defend_G","Double Energy"],"obtain_stats":[{"Blue Candle":11,"Philosopher\u0027s Stone":17,"PreservedInsect":2,"Whetstone":6,"War Paint":9,"PrismaticShard":2,"Ring of the Snake":0,"Old Coin":0},{"Blue Candle":6,"Philosopher\u0027s Stone":10,"PreservedInsect":1,"Whetstone":4,"War Paint":5,"PrismaticShard":1,"Ring of the Snake":0,"Old Coin":0},{"Blue Candle":23,"Philosopher\u0027s Stone":39,"PreservedInsect":3,"Whetstone":15,"War Paint":19,"PrismaticShard":3,"Ring of the Snake":0,"Old Coin":0}],"Ring of the Snake":[26]},"card_choices":[{"not_picked":["Deflect","Deadly Poison"],"picked":"Skewer","floor":1.0},{"not_picked":["Underhanded Strike","WaveOfTheHand"],"picked":"Double Energy","floor":4.0},{"not_picked":["WheelKick","Redo"],"picked":"Dash","floor":5.0},{"not_picked":["Wild Strike","Choke"],"picked":"Dramatic Entrance","floor":6.0},{"not_picked":["Compile Driver","Adaptation"],"picked":"Well Laid Plans","floor":8.0},{"not_picked":["LikeWater","Brutality"],"picked":"Go for the Eyes","floor":11.0},{"not_picked":["Pommel Strike","Cold Snap"],"picked":"True Grit","floor":12.0},{"not_picked":["Skim","Warcry","Bane"],"picked":"SKIP","floor":13.0},{"not_picked":["Combust","Tactician","Quick Slash"],"picked":"SKIP","floor":14.0},{"not_picked":["Corruption","Fiend Fire"],"picked":"Chrysalis","floor":16.0},{"not_picked":["Dash","PathToVictory","ClearTheMind"],"picked":"SKIP","floor":18.0},{"not_picked":["Iron Wave","Stack","Anger"],"picked":"SKIP","floor":20}],"player_experience":454684,"relics_obtained":[{"floor":6.0,"key":"Whetstone"},{"floor":9.0,"key":"War Paint"},{"floor":11.0,"key":"Blue Candle"}],"event_choices":[{"damage_healed":0.0,"max_hp_gain":0.0,"max_hp_loss":0.0,"gold_gain":0.0,"event_name":"Liars Game","player_choice":"Ignored","floor":3.0,"gold_loss":0.0,"damage_taken":0.0},{"damage_healed":0.0,"max_hp_gain":0.0,"max_hp_loss":0.0,"gold_gain":0.0,"event_name":"Dead Adventurer","player_choice":"Searched \u00270\u0027 times","floor":10.0,"gold_loss":0.0,"damage_taken":0.0},{"damage_healed":0.0,"max_hp_gain":0.0,"max_hp_loss":0.0,"gold_gain":0.0,"event_name":"Duplicator","player_choice":"Copied","floor":19.0,"gold_loss":0.0,"damage_taken":0.0,"cards_obtained":["Double Energy"]}],"is_beta":false,"boss_relics":[{"not_picked":["Runic Pyramid","Tiny House"],"picked":"Philosopher\u0027s Stone"}],"items_purged_floors":[],"is_endless":false,"potions_floor_spawned":[1,4,11,12,13,16,18,20],"killed_by":"Shelled Parasite and Fungi","ascension_level":19}}