{"host":"e8rlfedn69rz2s07","time":1612906209,"event":{"mods":["AchievementEnabler","BaseMod","Minty Spire (QoL Compilation)","Permanent Neow","Relic Stats"],"gold_per_floor":[110,110,120,4,4,38,38,66,66,66,134,166,178,5,5,79,79,96,96,109,122,140,140,167,167,167,178,4,33,33,67,67,140,140,153,153,171,186,205,230,230,246,300,312,337,337,47,74,74,74,74,74,74,1,29,29],"floor_reached":57,"language":"ENG","playtime":4116,"items_purged":["Pain","Strike_B","Parasite"],"score":3036,"play_id":"b073109f-ddbb-4f84-a9c7-9db78b8a6aaa","local_time":"20210209233009","is_ascension_mode":true,"campfire_choices":[{"floor":7.0,"key":"REST"},{"data":"Self Repair","floor":10.0,"key":"SMITH"},{"data":"Conserve Battery","floor":15.0,"key":"SMITH"},{"floor":23.0,"key":"RECALL"},{"floor":25.0,"key":"REST"},{"floor":32.0,"key":"REST"}],"circlet_count":0,"master_deck":["AscendersBane","Defend_B+1","Defend_B+1","Defend_B","Defend_B","Zap","Dualcast","Streamline+1","Chill","Self Repair+1","Core Surge","Creative AI","Conserve Battery+1","Cold Snap","Biased Cognition","Sunder+1","Hologram+1","Ball Lightning","Rainbow","Fission","Defragment","Defragment","Lockon","Buffer","Coolheaded","Electrodynamics","Buffer","Capacitor+1","Buffer","Self Repair","Seek","Defragment+1","Core Surge","Defragment+1","Defragment","Glacier"],"relics":["Snecko Eye","WarpedTongs","Singing Bowl","Mango","Question Card","War Paint","Membership Card","Fusion Hammer","Calipers","PreservedInsect","DollysMirror","Pear","Torii","Coffee Dripper","Lantern","Orichalcum","Bird Faced Urn","Orrery","Pantograph","Potion Belt","Pen Nib"],"acts_visited":["Exordium","TheCity","TheBeyond","TheEnding"],"potions_floor_usage":[55,56,56,56,56,56,56,56,56,56,56,56,56],"damage_taken":[{"damage":7.0,"enemies":"Small Slimes","floor":1.0,"turns":4.0},{"damage":5.0,"enemies":"Cultist","floor":3.0,"turns":4.0},{"damage":28.0,"enemies":"Gremlin Nob","floor":6.0,"turns":4.0},{"damage":27.0,"enemies":"Lagavulin","floor":8.0,"turns":6.0},{"damage":25.0,"enemies":"3 Sentries","floor":12.0,"turns":8.0},{"damage":12.0,"enemies":"Jaw Worm","floor":13.0,"turns":4.0},{"damage":12.0,"enemies":"Hexaghost","floor":16.0,"turns":10.0},{"damage":10.0,"enemies":"2 Thieves","floor":18.0,"turns":5.0},{"damage":16.0,"enemies":"3 Byrds","floor":20.0,"turns":6.0},{"damage":2.0,"enemies":"3 Cultists","floor":21.0,"turns":5.0},{"damage":13.0,"enemies":"Snake Plant","floor":22.0,"turns":5.0},{"damage":32.0,"enemies":"Book of Stabbing","floor":24.0,"turns":5.0},{"damage":5.0,"enemies":"Cultist and Chosen","floor":27.0,"turns":6.0},{"damage":4.0,"enemies":"Gremlin Leader","floor":29.0,"turns":4.0},{"damage":8.0,"enemies":"Slavers","floor":31.0,"turns":5.0},{"damage":58.0,"enemies":"Collector","floor":33.0,"turns":12.0},{"damage":21.0,"enemies":"3 Shapes","floor":35.0,"turns":3.0},{"damage":0.0,"enemies":"Orb Walker","floor":37.0,"turns":3.0},{"damage":0.0,"enemies":"Sphere and 2 Shapes","floor":38.0,"turns":5.0},{"damage":25.0,"enemies":"4 Shapes","floor":39.0,"turns":3.0},{"damage":0.0,"enemies":"Giant Head","floor":40.0,"turns":6.0},{"damage":49.0,"enemies":"Writhing Mass","floor":42.0,"turns":8.0},{"damage":17.0,"enemies":"Jaw Worm Horde","floor":44.0,"turns":6.0},{"damage":0.0,"enemies":"Nemesis","floor":45.0,"turns":11.0},{"damage":0,"enemies":"Giant Head","floor":48,"turns":8},{"damage":16,"enemies":"Donu and Deca","floor":50,"turns":9},{"damage":32,"enemies":"Time Eater","floor":51,"turns":11},{"damage":32,"enemies":"Shield and Spear","floor":55,"turns":6},{"damage":64,"enemies":"The Heart","floor":56,"turns":17}],"seed_played":"2700819914577583945","potions_obtained":[{"floor":3.0,"key":"LiquidBronze"},{"floor":6.0,"key":"SpeedPotion"},{"floor":13.0,"key":"GamblersBrew"},{"floor":20.0,"key":"EntropicBrew"},{"floor":22.0,"key":"PowerPotion"},{"floor":24.0,"key":"PotionOfCapacity"},{"floor":45.0,"key":"FocusPotion"},{"floor":48,"key":"Fire Potion"},{"floor":55,"key":"SneckoOil"}],"is_trial":false,"path_per_floor":["M","?","M","$","?","E","R","E","T","R","T","E","M","$","R","B",null,"M","?","M","M","M","R","E","R","T","M","$","E","?","E","R","B",null,"M","?","M","M","M","E","R","M","T","M","E","?","$","E","R","B","B",null,"R","$","E","B",null],"character_chosen":"DEFECT","items_purchased":["Self Repair","Membership Card","Defragment","DollysMirror","Orrery","Pantograph","EntropicBrew","Defragment"],"campfire_rested":3,"item_purchase_floors":[4,14,28,28,47,47,54,54],"current_hp_per_floor":[57,57,52,52,52,34,55,49,49,49,49,24,22,22,22,20,69,69,69,63,71,68,68,36,61,61,68,68,86,86,88,99,51,87,78,78,90,100,87,97,97,58,58,63,97,97,103,110,110,110,110,110,110,110,110,110],"gold":29,"neow_bonus":"BOSS_RELIC","is_daily":false,"chose_seed":false,"campfire_upgraded":2,"win_rate":0.0,"timestamp":1612906209,"path_taken":["M","?","M","?","?","E","R","E","T","R","?","E","M","$","R","BOSS","M","?","M","?","M","R","E","R","T","M","$","E","?","E","R","BOSS","M","?","M","?","M","E","R","M","T","M","E","?","?","E","R","BOSS","BOSS","R","$","E","BOSS"],"items_purchased_type":["Card","Relic","Card","Relic","Relic","Relic","Potion","Card"],"build_version":"2020-12-22","purchased_purges":3,"victory":true,"max_hp_per_floor":[71,71,71,71,71,71,71,85,85,85,85,85,85,85,85,85,85,85,85,85,85,85,85,85,85,85,87,87,99,99,99,99,99,99,101,101,103,103,105,105,105,105,105,107,107,107,110,110,110,110,110,110,110,110,110,110],"relic_stats":{"Singing Bowl":18,"Torii":20,"counters":[29,188],"PreservedInsect":473,"Pen Nib":[1],"War Paint":["Defend_B","Defend_B"],"Orichalcum":[90],"Question Card":27,"WarpedTongs":[184],"Bird Faced Urn":[143],"Pantograph":0,"Snecko Eye":[297,307,333,308],"obtain_stats":[{"Potion Belt":48,"Lantern":40,"Calipers":24,"Pear":29,"Singing Bowl":6,"Torii":31,"Mango":8,"PreservedInsect":26,"Pen Nib":55,"War Paint":12,"Orichalcum":43,"Question Card":11,"WarpedTongs":2,"DollysMirror":28,"Bird Faced Urn":45,"Pantograph":47,"Snecko Eye":0,"Orrery":47,"Fusion Hammer":17,"Coffee Dripper":34,"Membership Card":14,"Cracked Core":0},{"Potion Belt":25,"Lantern":21,"Calipers":12,"Pear":14,"Singing Bowl":3,"Torii":15,"Mango":4,"PreservedInsect":12,"Pen Nib":28,"War Paint":5,"Orichalcum":22,"Question Card":4,"WarpedTongs":1,"DollysMirror":13,"Bird Faced Urn":24,"Pantograph":24,"Snecko Eye":0,"Orrery":24,"Fusion Hammer":7,"Coffee Dripper":16,"Membership Card":6,"Cracked Core":0},{"Potion Belt":146,"Lantern":113,"Calipers":66,"Pear":76,"Singing Bowl":12,"Torii":81,"Mango":18,"PreservedInsect":66,"Pen Nib":172,"War Paint":26,"Orichalcum":121,"Question Card":18,"WarpedTongs":4,"DollysMirror":72,"Bird Faced Urn":138,"Pantograph":138,"Snecko Eye":0,"Orrery":138,"Fusion Hammer":40,"Coffee Dripper":93,"Membership Card":30,"Cracked Core":0}]},"card_choices":[{"not_picked":["Go for the Eyes","Sweeping Beam"],"picked":"Streamline","floor":1.0},{"not_picked":["Turbo","Hello World"],"picked":"Chill","floor":3.0},{"not_picked":["Sweeping Beam","Steam"],"picked":"Core Surge","floor":6.0},{"not_picked":["Stack","Turbo"],"picked":"Creative AI","floor":8.0},{"not_picked":["Ball Lightning","Consume","Darkness"],"picked":"Conserve Battery","floor":12.0},{"not_picked":["Coolheaded","Heatsinks","Stack"],"picked":"Cold Snap","floor":13.0},{"not_picked":["Amplify","All For One","Electrodynamics"],"picked":"Biased Cognition","floor":16.0},{"not_picked":["Go for the Eyes","Gash","Coolheaded"],"picked":"Sunder+1","floor":18.0},{"not_picked":["Beam Cell","Streamline","Turbo"],"picked":"Hologram+1","floor":20.0},{"not_picked":["Cold Snap","Conserve Battery","Turbo"],"picked":"Ball Lightning","floor":21.0},{"not_picked":["FTL","Turbo","Storm"],"picked":"Rainbow","floor":22.0},{"not_picked":["Melter","Lockon","Tempest"],"picked":"Fission","floor":24.0},{"not_picked":["Beam Cell","Turbo","Redo","Go for the Eyes"],"picked":"Singing Bowl","floor":27.0},{"not_picked":["Ball Lightning","Heatsinks","Rip and Tear","Melter+1"],"picked":"Singing Bowl","floor":29.0},{"not_picked":["Lockon","Streamline","Stack"],"picked":"Coolheaded","floor":31.0},{"not_picked":["All For One","Fission","Multi-Cast"],"picked":"Electrodynamics","floor":33.0},{"not_picked":["Turbo","Double Energy","Go for the Eyes","Ball Lightning+1"],"picked":"Singing Bowl","floor":35.0},{"not_picked":["Reprogram","Conserve Battery","Auto Shields+1","Chill"],"picked":"Singing Bowl","floor":37.0},{"not_picked":["Gash","Hello World","Fusion+1"],"picked":"Capacitor+1","floor":38.0},{"not_picked":["Heatsinks","Conserve Battery","Coolheaded","Storm"],"picked":"Singing Bowl","floor":39.0},{"not_picked":["Compile Driver+1","Barrage","Undo"],"picked":"Buffer","floor":40.0},{"not_picked":["Genetic Algorithm","Steam","Chaos+1"],"picked":"Self Repair","floor":42.0},{"not_picked":["Barrage+1","Beam Cell","White Noise+1","Hologram+1"],"picked":"Singing Bowl","floor":44.0},{"not_picked":["Rebound+1","Coolheaded","Thunder Strike"],"picked":"Seek","floor":45.0},{"not_picked":["Redo","Gash","Ball Lightning+1"],"picked":"Defragment+1","floor":47.0},{"not_picked":["Cold Snap","Turbo","Leap"],"picked":"Core Surge","floor":47.0},{"not_picked":["Hologram+1","Ball Lightning","Sweeping Beam","Streamline"],"picked":"Singing Bowl","floor":47.0},{"not_picked":["Stack","Steam Power","White Noise","Chaos"],"picked":"Singing Bowl","floor":47.0},{"not_picked":["Stack","Barrage+1","Lockon","Melter"],"picked":"Singing Bowl","floor":47.0},{"not_picked":["Coolheaded+1","Force Field","Barrage"],"picked":"Defragment+1","floor":48},{"not_picked":["Go for the Eyes","Gash+1","Biased Cognition"],"picked":"Glacier","floor":55}],"player_experience":1057179,"relics_obtained":[{"floor":6.0,"key":"Singing Bowl"},{"floor":8.0,"key":"Mango"},{"floor":11.0,"key":"Question Card"},{"floor":12.0,"key":"War Paint"},{"floor":24.0,"key":"Calipers"},{"floor":26.0,"key":"PreservedInsect"},{"floor":29.0,"key":"Pear"},{"floor":31.0,"key":"Torii"},{"floor":40.0,"key":"Lantern"},{"floor":43.0,"key":"Orichalcum"},{"floor":45.0,"key":"Bird Faced Urn"},{"floor":48,"key":"Potion Belt"},{"floor":55,"key":"Pen Nib"}],"event_choices":[{"damage_healed":0.0,"max_hp_gain":0.0,"max_hp_loss":0.0,"gold_gain":0.0,"event_name":"Accursed Blacksmith","player_choice":"Rummage","floor":2.0,"gold_loss":0.0,"damage_taken":0.0,"relics_obtained":["WarpedTongs"],"cards_obtained":["Pain"]},{"damage_healed":0.0,"max_hp_gain":0.0,"max_hp_loss":0.0,"gold_gain":0.0,"event_name":"Living Wall","player_choice":"Grow","floor":5.0,"gold_loss":0.0,"damage_taken":0.0,"cards_upgraded":["Streamline"]},{"cards_removed":["Strike_B"],"damage_healed":0.0,"max_hp_gain":0.0,"max_hp_loss":0.0,"gold_gain":0.0,"event_name":"Bonfire Elementals","player_choice":"Offered Basic","floor":19.0,"gold_loss":0.0,"damage_taken":0.0},{"damage_healed":0.0,"max_hp_gain":0.0,"max_hp_loss":0.0,"gold_gain":0.0,"cards_transformed":["Strike_B","Strike_B"],"event_name":"Drug Dealer","player_choice":"Became Test Subject","floor":30.0,"gold_loss":0.0,"damage_taken":0.0,"cards_obtained":["Lockon","Buffer"]},{"damage_healed":0.0,"max_hp_gain":0.0,"max_hp_loss":0.0,"gold_gain":0.0,"event_name":"Match and Keep!","player_choice":"1 cards matched","floor":36.0,"gold_loss":0.0,"damage_taken":0.0,"cards_obtained":["Buffer"]},{"damage_healed":0.0,"max_hp_gain":0.0,"max_hp_loss":0.0,"gold_gain":0.0,"event_name":"Tomb of Lord Red Mask","player_choice":"Ignored","floor":46.0,"gold_loss":0.0,"damage_taken":0.0}],"is_beta":false,"boss_relics":[{"not_picked":["Pandora\u0027s Box","SacredBark"],"picked":"Fusion Hammer"},{"not_picked":["Velvet Choker","Sozu"],"picked":"Coffee Dripper"}],"items_purged_floors":[4,28,47],"is_endless":false,"potions_floor_spawned":[3,6,13,20,22,24,29,31,35,39,45,48,55],"ascension_level":20}}