{"host":"eydwxg59205c3vtl","time":1612840166,"event":{"mods":["2.2 Compatiblity","BaseMod","Colored Map","Colored Powertips","Hubris","Minty Spire (QoL Compilation)","StSLib","The Jungle","The Necromancer"],"gold_per_floor":[116,116,182,199,215,215,265,283,355,386,38,38,63,81,81,157,157,170,120,138,188,257,257,257,257],"floor_reached":24,"language":"ENG","playtime":922,"items_purged":["Strike_W","Strike_W"],"score":443,"play_id":"4e1b5524-08bb-418a-b145-7dba4a440000","local_time":"20210208220926","is_ascension_mode":true,"campfire_choices":[{"data":"Shade_Step","floor":6.0,"key":"SMITH"},{"floor":12,"key":"REST"},{"floor":15,"key":"REST"},{"data":"Detonate_Bones","floor":23,"key":"SMITH"}],"circlet_count":0,"master_deck":["AscendersBane","Strike_W","Strike_W","Defend_W","Defend_W","Defend_W","Defend_W","Negative_Energy_Arrows","Bone_Wall","Bone_Prison","Bone_Bullets+1","Shade_Step+1","Thousand_Bone_Knives","Bone_Spikes","Bone_Bullets","Scare","Bone_Spikes","Detonate_Bones+1","Bone_Shift"],"relics":["Vampire_Amulet","WingedGreaves","SsserpentHead","Mummified Hand","Unceasing Top","hubris:PeanutButter","Smiling Mask","Busted Crown"],"acts_visited":["Exordium","TheCity"],"potions_floor_usage":[10,18,20,24],"damage_taken":[{"damage":3.0,"enemies":"Cultist","floor":1.0,"turns":5.0},{"damage":6.0,"enemies":"Small Slimes","floor":3.0,"turns":4.0},{"damage":0.0,"enemies":"Jaw Worm","floor":4.0,"turns":4.0},{"damage":15.0,"enemies":"Large Slime","floor":5.0,"turns":10.0},{"damage":0.0,"enemies":"Red Slaver","floor":8.0,"turns":3.0},{"damage":39,"enemies":"Lagavulin","floor":10,"turns":4},{"damage":0,"enemies":"Gremlin Nob","floor":13,"turns":4},{"damage":7,"enemies":"Exordium Wildlife","floor":14,"turns":3},{"damage":19,"enemies":"The Guardian","floor":16,"turns":12},{"damage":0,"enemies":"Chosen","floor":18,"turns":4},{"damage":9,"enemies":"Spheric Guardian","floor":20,"turns":4},{"damage":26,"enemies":"Shelled Parasite and Fungi","floor":22,"turns":6},{"damage":50,"enemies":"Slavers","floor":24,"turns":6}],"seed_played":"-3580870768809454305","potions_obtained":[{"floor":1.0,"key":"FearPotion"},{"floor":3.0,"key":"LiquidBronze"},{"floor":8.0,"key":"EssenceOfSteel"},{"floor":14,"key":"Explosive Potion"},{"floor":20,"key":"FearPotion"},{"floor":22,"key":"PowerPotion"}],"is_trial":false,"path_per_floor":["M","?","M","M","M","R","?","M","T","E","$","R","E","M","R","B",null,"M","$","M","?","M","R","E"],"character_chosen":"NECROMANCER","items_purchased":["hubris:PeanutButter"],"campfire_rested":2,"item_purchase_floors":[11],"current_hp_per_floor":[63,63,60,62,51,51,51,53,53,16,16,35,37,34,53,36,57,59,59,52,64,42,42,0,0],"gold":257,"neow_bonus":"ONE_RARE_RELIC","is_daily":false,"chose_seed":false,"campfire_upgraded":2,"win_rate":0.0,"timestamp":1612840166,"path_taken":["M","?","?","M","M","R","?","M","T","E","$","R","E","M","R","BOSS","M","$","M","?","?","R","E"],"items_purchased_type":["Relic"],"build_version":"2020-12-22","purchased_purges":2,"victory":false,"max_hp_per_floor":[64,64,64,64,64,64,64,64,64,64,64,64,64,64,64,64,64,64,64,64,64,64,64,64,64],"card_choices":[{"not_picked":["Blood_Shield","Negative_Energy_Sphere"],"picked":"Bone_Prison","floor":1.0},{"not_picked":["Shade_Step","Scare"],"picked":"Bone_Bullets","floor":3.0},{"not_picked":["Shackles_Of_Pain","Consume_Illness"],"picked":"Shade_Step","floor":4.0},{"not_picked":["Negative_Energy_Javelin","Bone_Shift"],"picked":"Thousand_Bone_Knives","floor":5.0},{"not_picked":["Shade_Step","Bone_Shift"],"picked":"Bone_Spikes","floor":8.0},{"not_picked":["Spectral_Walk","Blood_Curse"],"picked":"Bone_Bullets","floor":10},{"not_picked":["Blood_Magic","Summon_Death_Knight"],"picked":"Scare","floor":13},{"not_picked":["Scare","Chill_Blood"],"picked":"Bone_Spikes","floor":14},{"not_picked":["Negative_Energy_Bomb","Summon_Vampire_Lady"],"picked":"Detonate_Bones","floor":16},{"not_picked":["Blood_Whip"],"picked":"SKIP","floor":18},{"not_picked":["Epidemic"],"picked":"SKIP","floor":20},{"not_picked":[],"picked":"Bone_Shift","floor":22}],"player_experience":628311,"relics_obtained":[{"floor":9.0,"key":"Mummified Hand"},{"floor":10,"key":"Unceasing Top"},{"floor":13,"key":"Smiling Mask"}],"event_choices":[{"damage_healed":0.0,"max_hp_gain":0.0,"max_hp_loss":0.0,"gold_gain":0.0,"event_name":"FaceTrader","player_choice":"Trade","floor":2.0,"gold_loss":0.0,"damage_taken":0.0,"relics_obtained":["SsserpentHead"]},{"damage_healed":0.0,"max_hp_gain":0.0,"max_hp_loss":0.0,"gold_gain":0.0,"event_name":"Living Wall","player_choice":"Grow","floor":7.0,"gold_loss":0.0,"damage_taken":0.0,"cards_upgraded":["Bone_Bullets"]},{"damage_healed":13,"gold_gain":0,"player_choice":"Heal","damage_taken":0,"max_hp_gain":0,"max_hp_loss":0,"event_name":"The Library","floor":21,"gold_loss":0}],"is_beta":false,"boss_relics":[{"not_picked":["Runic Dome","Black Star"],"picked":"Busted Crown"}],"items_purged_floors":[11,19],"is_endless":false,"potions_floor_spawned":[1,3,8,14,20,22],"killed_by":"Slavers","ascension_level":18}}