{"host":"7caq7bqinjqlxdab","time":1612898902,"event":{"mods":["AchievementEnabler","Aspiration","BaseMod","Better Third Choice","BetterRewards","Bossed Relics","Colored Map","Colored Powertips","Conspire","Curses Come First","Downfall","Hermit","Highlight Path","Hubris","Infinite Spire","Minty Spire (QoL Compilation)","Quick Restart","Rare Cards Sparkle","Replay The Spire","Shop Mod","StSLib","Transform Curses"],"gold_per_floor":[109,384,72,88,88,119,119,144,144,144,157,176,176,192,192,292,292,307,307,320,334,334,334],"floor_reached":22,"language":"ENG","playtime":1574,"items_purged":[],"score":221,"play_id":"0f027740-b4b0-4025-971e-c298c2214c85","local_time":"20210209202822","is_ascension_mode":false,"campfire_choices":[{"floor":10.0,"key":"REST"},{"data":"hermit:CursedWeapon","floor":15.0,"key":"SMITH"}],"circlet_count":0,"master_deck":["hermit:Strike_Hermit+1","hermit:Strike_Hermit+1","hermit:Strike_Hermit+1","hermit:Strike_Hermit+1","hermit:Defend_Hermit","hermit:Defend_Hermit","hermit:Defend_Hermit","hermit:Snapshot","hermit:Covet","hermit:Shortfuse","Regret","hermit:CursedWeapon+1","hermit:HighCaliber+1","hubris:EnhanceAbility","hermit:SprayPray","hermit:LuckOfTheDraw","hermit:EyeOfTheStorm","hermit:Brawl","hermit:FinalCanter","hermit:Enervate+1","hermit:NoHoldsBarred","hermit:Feint+1"],"relics":["hermit:Momento","NeowsBlessing","Replay:Bottled Eggs","Dream Catcher","Torii","SlaversCollar"],"acts_visited":["Exordium","TheCity"],"potions_floor_usage":[],"damage_taken":[{"damage":0.0,"enemies":"Jaw Worm","floor":1.0,"turns":1.0},{"damage":0.0,"enemies":"Cultist","floor":4.0,"turns":1.0},{"damage":0.0,"enemies":"3 Sentries","floor":6.0,"turns":2.0},{"damage":6.0,"enemies":"Gremlin Nob","floor":8.0,"turns":3.0},{"damage":0.0,"enemies":"Small Slimes","floor":11.0,"turns":2.0},{"damage":0.0,"enemies":"Looter","floor":12.0,"turns":2.0},{"damage":8.0,"enemies":"Gremlin Gang","floor":14.0,"turns":3.0},{"damage":58.0,"enemies":"Fading Forest","floor":16.0,"turns":11.0},{"damage":2.0,"enemies":"Spheric Guardian","floor":18.0,"turns":3.0},{"damage":20.0,"enemies":"3 Byrds","floor":20.0,"turns":6.0},{"damage":21.0,"enemies":"Sentry and Sphere","floor":21.0,"turns":5.0},{"damage":41,"enemies":"Shelled Parasite and Fungi","floor":22,"turns":3}],"seed_played":"3704575989150705587","potions_obtained":[{"floor":4.0,"key":"hermit:BlackBile"},{"floor":8.0,"key":"PowerPotion"},{"floor":12.0,"key":"Weak Potion"},{"floor":16.0,"key":"Swift Potion"},{"floor":18.0,"key":"Slimebound:ThreeZeroPotion"},{"floor":20.0,"key":"Elixir"}],"is_trial":false,"path_per_floor":["M","?","$","M","?","E","?","E","T","R","M","M","?","M","R","B",null,"M","?","M","M","M"],"character_chosen":"HERMIT","items_purchased":["hermit:CursedWeapon","hermit:HighCaliber+1","hubris:EnhanceAbility"],"campfire_rested":1,"item_purchase_floors":[3,3,3],"current_hp_per_floor":[75,75,75,75,75,75,75,69,69,75,75,75,75,67,67,25,75,73,73,53,32,0,0],"gold":334,"neow_bonus":"THREE_ENEMY_KILL","is_daily":false,"chose_seed":false,"campfire_upgraded":1,"win_rate":0.0,"timestamp":1612898902,"path_taken":["M","?","$","?","?","E","?","E","T","R","M","?","?","M","R","BOSS","M","?","M","M","M"],"items_purchased_type":["Card","Card","Card"],"build_version":"2020-12-22","purchased_purges":0,"victory":false,"max_hp_per_floor":[75,75,75,75,75,75,75,75,75,75,75,75,75,75,75,75,75,75,75,75,75,75,75],"card_choices":[{"not_picked":["hermit:Roulette","hermit:Feint"],"picked":"hermit:Shortfuse","floor":1.0},{"not_picked":["hermit:Manifest","hermit:SprayPray","hermit:Vantage"],"picked":"SKIP","floor":4.0},{"not_picked":["hermit:HighCaliber","hermit:GoldenBullet","hermit:Purgatory"],"picked":"SKIP","floor":6.0},{"not_picked":["hermit:Brawl","hermit:CalledShot"],"picked":"hermit:LuckOfTheDraw","floor":8.0},{"not_picked":["hermit:Misfire","hermit:GhostlyPresence"],"picked":"hermit:EyeOfTheStorm","floor":10.0},{"not_picked":["hermit:Manifest","hermit:Misfire","hermit:SprayPray"],"picked":"SKIP","floor":11.0},{"not_picked":["hermit:Misfire","hermit:WideOpen"],"picked":"hermit:Brawl","floor":12.0},{"not_picked":["hermit:Glare","hermit:Gambit","hermit:LowProfile"],"picked":"SKIP","floor":14.0},{"not_picked":["hermit:BlackWind","hermit:DeadOrAlive"],"picked":"hermit:FinalCanter","floor":16.0},{"not_picked":["hermit:BodyArmor","hermit:HoleUp+1"],"picked":"hermit:Enervate+1","floor":18.0},{"not_picked":["hermit:WideOpen","hermit:Shortfuse"],"picked":"hermit:NoHoldsBarred","floor":20.0},{"not_picked":["hermit:HoleUp+1","hermit:Misfire"],"picked":"hermit:Feint+1","floor":21.0}],"player_experience":656919,"relics_obtained":[{"floor":6.0,"key":"Replay:Bottled Eggs"},{"floor":8.0,"key":"Dream Catcher"},{"floor":9.0,"key":"Torii"}],"event_choices":[{"damage_healed":0.0,"max_hp_gain":0.0,"max_hp_loss":0.0,"gold_gain":275.0,"event_name":"Golden Shrine","player_choice":"Desecrate","floor":2.0,"gold_loss":0.0,"damage_taken":0.0,"cards_obtained":["Regret"]},{"damage_healed":0.0,"max_hp_gain":0.0,"max_hp_loss":0.0,"gold_gain":0.0,"cards_transformed":["hermit:Defend_Hermit"],"event_name":"Transmorgrifier","player_choice":"Transformed","floor":7.0,"gold_loss":0.0,"damage_taken":0.0,"cards_obtained":["hermit:SprayPray"]},{"damage_healed":0.0,"max_hp_gain":0.0,"max_hp_loss":0.0,"gold_gain":0.0,"event_name":"conspire:Investor","player_choice":"Leave","floor":13.0,"gold_loss":0.0,"damage_taken":0.0},{"damage_healed":0.0,"max_hp_gain":0.0,"max_hp_loss":0.0,"gold_gain":0.0,"event_name":"Ghosts","player_choice":"Ignored","floor":19.0,"gold_loss":0.0,"damage_taken":0.0}],"is_beta":false,"boss_relics":[{"not_picked":["aspiration:SilentSkillbook","Sozu"],"picked":"SlaversCollar"}],"items_purged_floors":[],"is_endless":false,"potions_floor_spawned":[4,6,8,12,16,18,20],"killed_by":"Shelled Parasite and Fungi","ascension_level":0}}