{"host":"w4ub8crw9ou4a5am","time":1612902914,"event":{"mods":["2.2 Compatiblity","BaseMod","Challenge The Spire","Colored Powertips","Hermit","Hubris","Jorbs\u0027s Wanderer Trilogy","KinomotoSakuraMod(????)","Koishi","Marisa????????","Minty Spire (QoL Compilation)","Quick Restart","Rare Cards Sparkle","Remilia??????","StSLib","The Administrix","The Animator","The Bug Knight","The Cursed","The Disciple","The Hierophant","The Jungle","The Marked","The Necromancer","The Senshi","The Servant 0.9.4","WarShipGirlsR/????R mod"],"gold_per_floor":[112,72,92,105,105,105,134,134,160,180,194,269,444,444,444],"floor_reached":14,"language":"ENG","playtime":759,"items_purged":[],"score":90,"play_id":"be959295-505c-4c80-a82e-d51738b63ccd","local_time":"20210209153514","is_ascension_mode":false,"campfire_choices":[{"floor":6,"key":"RECALL"},{"floor":8,"key":"REST"}],"circlet_count":0,"master_deck":["TheCursedMod:Strike_TheCursed","TheCursedMod:Strike_TheCursed","TheCursedMod:Strike_TheCursed","TheCursedMod:Strike_TheCursed","TheCursedMod:Defend_TheCursed","TheCursedMod:Defend_TheCursed","TheCursedMod:Defend_TheCursed","TheCursedMod:Defend_TheCursed","TheCursedMod:CursedWand","TheCursedMod:CleanUpWorkshop","TheCursedMod:Dregs","TheCursedMod:SurpriseAttack","TheCursedMod:SoulCrush","TheCursedMod:SpitefulPlan","TheCursedMod:FleshFromBone","TheCursedMod:Mangle","TheCursedMod:Torture","TheCursedMod:AbyssShockwave","TheCursedMod:CursedBoomerang","TheCursedMod:EmpowerCircles","TheCursedMod:Stretching","TheCursedMod:DemonSword","Doubt"],"relics":["TheCursedMod:BlackMagic101","hubris:SlimyHat"],"acts_visited":["Exordium"],"potions_floor_usage":[7,7],"damage_taken":[{"damage":12,"enemies":"Jaw Worm","floor":1,"turns":4},{"damage":0,"enemies":"2 Louse","floor":3,"turns":4},{"damage":1,"enemies":"Cultist","floor":4,"turns":4},{"damage":32,"enemies":"Gremlin Nob","floor":7,"turns":4},{"damage":10,"enemies":"Looter","floor":10,"turns":3},{"damage":11,"enemies":"Red Slaver","floor":11,"turns":4},{"damage":39,"enemies":"Lagavulin","floor":14,"turns":5}],"seed_played":"5804746300152717500","potions_obtained":[{"floor":3,"key":"FearPotion"},{"floor":4,"key":"ColorlessPotion"}],"is_trial":false,"path_per_floor":["M","?","M","M","?","R","E","R","T","M","M","?","?","E"],"character_chosen":"THE_CURSED","items_purchased":[],"campfire_rested":1,"item_purchase_floors":[],"current_hp_per_floor":[70,70,70,69,69,69,37,61,61,51,40,29,29,0,0],"gold":444,"neow_bonus":"TEN_PERCENT_HP_BONUS","is_daily":false,"chose_seed":false,"campfire_upgraded":0,"win_rate":0.0,"timestamp":1612902914,"path_taken":["M","?","M","M","?","R","E","R","T","M","?","?","?","E"],"items_purchased_type":[],"build_version":"2020-12-22","purchased_purges":0,"victory":false,"max_hp_per_floor":[82,82,82,82,82,82,82,82,82,82,82,82,82,82,82],"card_choices":[{"not_picked":["TheCursedMod:CursedStaff","TheCursedMod:Evocation"],"picked":"TheCursedMod:SurpriseAttack","floor":1},{"not_picked":[],"picked":"TheCursedMod:ManaBullet","floor":2},{"not_picked":[],"picked":"TheCursedMod:SoulCrush","floor":2},{"not_picked":[],"picked":"TheCursedMod:SpitefulPlan","floor":2},{"not_picked":[],"picked":"TheCursedMod:FleshFromBone","floor":2},{"not_picked":[],"picked":"TheCursedMod:Mangle","floor":2},{"not_picked":["TheCursedMod:SpitefulStrike","TheCursedMod:TacticalStrike"],"picked":"TheCursedMod:Torture","floor":3},{"not_picked":["TheCursedMod:SurpriseAttack","TheCursedMod:StingEye"],"picked":"TheCursedMod:AbyssShockwave","floor":4},{"not_picked":["TheCursedMod:Mangle","TheCursedMod:SpreadPlague"],"picked":"TheCursedMod:EmpowerCircles","floor":7},{"not_picked":["TheCursedMod:SmokeScreen","TheCursedMod:RavingStaff"],"picked":"TheCursedMod:Stretching","floor":10},{"not_picked":["TheCursedMod:SurpriseAttack","TheCursedMod:Stretching"],"picked":"TheCursedMod:DemonSword","floor":11}],"player_experience":1696017,"relics_obtained":[{"floor":7,"key":"hubris:SlimyHat"}],"event_choices":[{"damage_healed":0,"gold_gain":0,"cards_transformed":["TheCursedMod:ManaBullet"],"player_choice":"Transformed","damage_taken":0,"max_hp_gain":0,"max_hp_loss":0,"event_name":"Transmorgrifier","floor":5,"gold_loss":0,"cards_obtained":["TheCursedMod:CursedBoomerang"]},{"damage_healed":0,"gold_gain":75,"player_choice":"Gather Gold","damage_taken":11,"max_hp_gain":0,"max_hp_loss":0,"event_name":"World of Goop","floor":12,"gold_loss":0},{"damage_healed":0,"gold_gain":175,"player_choice":"AGREE","damage_taken":0,"max_hp_gain":0,"max_hp_loss":0,"event_name":"Liars Game","floor":13,"gold_loss":0,"cards_obtained":["Doubt"]}],"is_beta":false,"boss_relics":[],"items_purged_floors":[],"is_endless":false,"potions_floor_spawned":[3,4],"killed_by":"Lagavulin","ascension_level":0}}