{"host":"8fuipfsvjht9cgcs","time":1612909671,"event":{"mods":["AchievementEnabler","BaseMod","Colored Map","Colored Powertips","DeckTracker","Friendly Minions","Kiyohime£¨?ýï£©","Marisa£¨Ùöéë¡¡Øª×âÞÞ£©","Minty Spire (QoL Compilation)","Prisma Mod","StSLib","SuperFastMode","The Cursed","The Gatherer"],"gold_per_floor":[110,9,9,25,25,25,39,66,66,66,98,173,173,323,323,323,323],"floor_reached":16,"language":"KOR","playtime":342,"items_purged":["Strike_R"],"score":186,"play_id":"199e274d-7884-4ec3-8875-3577471b17cd","local_time":"20210210112751","is_ascension_mode":true,"campfire_choices":[{"data":"Bash","floor":6,"key":"SMITH"},{"data":"Dropkick","floor":10,"key":"SMITH"},{"floor":13,"key":"REST"},{"data":"Double Tap","floor":15,"key":"SMITH"}],"circlet_count":0,"master_deck":["AscendersBane","Strike_R","Strike_R","Strike_R","Defend_R","Defend_R","Defend_R","Bash+1","Headbutt","Dropkick+1","Bloodletting","Armaments+1","Second Wind","Flame Barrier","Thunderclap","Double Tap+1","Doubt"],"relics":["Burning Blood","Question Card","Sundial","Strawberry"],"acts_visited":["Exordium"],"potions_floor_usage":[],"damage_taken":[{"damage":2,"enemies":"2 Louse","floor":1,"turns":2},{"damage":1,"enemies":"Cultist","floor":4,"turns":3},{"damage":2,"enemies":"Small Slimes","floor":7,"turns":3},{"damage":24,"enemies":"Gremlin Nob","floor":8,"turns":4},{"damage":38,"enemies":"3 Sentries","floor":11,"turns":6},{"damage":31,"enemies":"The Guardian","floor":16,"turns":4}],"seed_played":"-1610122774432250021","potions_obtained":[{"floor":1,"key":"ColorlessPotion"},{"floor":7,"key":"PowerPotion"}],"is_trial":false,"path_per_floor":["M","$","?","M","?","R","M","E","T","R","E","?","R","?","R","B"],"character_chosen":"IRONCLAD","items_purchased":["Armaments"],"campfire_rested":1,"item_purchase_floors":[2],"current_hp_per_floor":[54,54,54,59,64,64,68,50,50,50,25,14,40,40,40,9,9],"gold":323,"neow_bonus":"TRANSFORM_TWO_CARDS","is_daily":false,"chose_seed":false,"campfire_upgraded":3,"win_rate":0.0,"timestamp":1612909671,"path_taken":["M","$","?","?","?","R","M","E","T","R","E","?","R","?","R","BOSS"],"items_purchased_type":["Card"],"build_version":"2020-12-22","purchased_purges":1,"victory":false,"max_hp_per_floor":[75,75,75,75,80,80,80,80,80,80,87,87,87,87,87,87,87],"card_choices":[{"not_picked":["Rupture","Headbutt"],"picked":"Bloodletting","floor":1},{"not_picked":["Body Slam","Headbutt"],"picked":"Second Wind","floor":4},{"not_picked":["Flex","Seeing Red"],"picked":"Flame Barrier","floor":7},{"not_picked":["Brutality","Twin Strike"],"picked":"Thunderclap","floor":8},{"not_picked":["Thunderclap","Wild Strike","Cleave"],"picked":"Double Tap","floor":11}],"player_experience":480697,"relics_obtained":[{"floor":8,"key":"Question Card"},{"floor":9,"key":"Sundial"},{"floor":11,"key":"Strawberry"}],"event_choices":[{"damage_healed":0,"gold_gain":0,"player_choice":"Upgraded","damage_taken":0,"max_hp_gain":0,"max_hp_loss":0,"event_name":"Upgrade Shrine","floor":3,"gold_loss":0,"cards_upgraded":["Armaments"]},{"damage_healed":0,"gold_gain":0,"player_choice":"Donut","damage_taken":0,"max_hp_gain":5,"max_hp_loss":0,"event_name":"Big Fish","floor":5,"gold_loss":0},{"damage_healed":0,"gold_gain":75,"player_choice":"Gather Gold","damage_taken":11,"max_hp_gain":0,"max_hp_loss":0,"event_name":"World of Goop","floor":12,"gold_loss":0},{"damage_healed":0,"gold_gain":150,"player_choice":"AGREE","damage_taken":0,"max_hp_gain":0,"max_hp_loss":0,"event_name":"Liars Game","floor":14,"gold_loss":0,"cards_obtained":["Doubt"]}],"is_beta":false,"boss_relics":[],"items_purged_floors":[2],"is_endless":false,"potions_floor_spawned":[1,7],"killed_by":"The Guardian","ascension_level":15}}