{"host":"symc43ke1l3o6af7","time":1612837159,"event":{"mods":["BaseMod","Bestiary","Better Altar","Better Skull","Better Third Choice","Downfall","Hermit","Hubris","Jorbs\u0027s Wanderer Trilogy","Marisa????????","Minty Spire (QoL Compilation)","Relic Stats","Replay The Spire","Robot Space Explorer","StSLib","The Construct","The Cursed","The Disciple","The Marked","The Servant 0.9.4"],"gold_per_floor":[111,111,111,123,138,138,158,158,158,158,187,201,201,215,215,312,312,312,312],"floor_reached":18,"language":"ENG","playtime":542,"items_purged":[],"score":212,"play_id":"625df872-b2dc-412b-b2a8-7e6051283274","local_time":"20210208211919","is_ascension_mode":false,"campfire_choices":[{"data":"RobotSpaceExplorer:Calculate","floor":6,"key":"SMITH"},{"data":"RobotSpaceExplorer:MakeshiftVolley","floor":8,"key":"SMITH"},{"floor":15,"key":"REST"}],"circlet_count":0,"master_deck":["RobotSpaceExplorer:Strike","RobotSpaceExplorer:Strike","RobotSpaceExplorer:Strike","RobotSpaceExplorer:Strike","RobotSpaceExplorer:Defend","RobotSpaceExplorer:Defend","RobotSpaceExplorer:Defend","RobotSpaceExplorer:Defend","RobotSpaceExplorer:Scan","RobotSpaceExplorer:MiniLasers","RobotSpaceExplorer:Pulsar","Pain","RobotSpaceExplorer:MakeshiftVolley+1","RobotSpaceExplorer:Calculate+1","RobotSpaceExplorer:MetalStrike","RobotSpaceExplorer:Pulsar","RobotSpaceExplorer:Pulsar","Metallicize","RobotSpaceExplorer:MiniDrones","RobotSpaceExplorer:ChargingLaser"],"relics":["RobotSpaceExplorer:RoboCore","NeowsBlessing","hubris:Towel","WarpedTongs","Onion Ring","Omamori","Darkstone Periapt","Replay:Baseball","Ectoplasm"],"acts_visited":["Exordium","TheCity"],"potions_floor_usage":[16],"damage_taken":[{"damage":0,"enemies":"2 Louse","floor":1,"turns":1},{"damage":3,"enemies":"Small Slimes","floor":4,"turns":1},{"damage":0,"enemies":"Cultist","floor":5,"turns":1},{"damage":9,"enemies":"Blue Slaver","floor":7,"turns":3},{"damage":6,"enemies":"Gremlin Nob","floor":11,"turns":3},{"damage":6,"enemies":"Exordium Thugs","floor":12,"turns":2},{"damage":3,"enemies":"2 Fungi Beasts","floor":14,"turns":3},{"damage":10,"enemies":"Hexaghost","floor":16,"turns":14},{"damage":2,"enemies":"2 Thieves","floor":18,"turns":1}],"seed_played":"-6281246013361151155","potions_obtained":[{"floor":1,"key":"Block Potion"},{"floor":4,"key":"Energy Potion"},{"floor":5,"key":"bronze:BurnAndBuffPotion"}],"is_trial":false,"path_per_floor":["M","?","?","M","M","R","M","R","T","?","E","M","?","M","R","B",null,"M"],"character_chosen":"RobotSpaceExplorer","items_purchased":[],"campfire_rested":1,"item_purchase_floors":[],"current_hp_per_floor":[75,75,75,72,72,72,63,63,63,63,57,51,39,36,58,48,75,73,73],"gold":312,"neow_bonus":"THREE_ENEMY_KILL","is_daily":false,"chose_seed":false,"campfire_upgraded":2,"win_rate":0.0,"timestamp":1612837159,"path_taken":["M","?","?","M","M","R","?","R","T","?","E","?","?","M","R","BOSS","M"],"items_purchased_type":[],"build_version":"2020-12-22","purchased_purges":0,"victory":false,"max_hp_per_floor":[75,75,75,75,75,75,75,75,75,75,75,75,75,75,75,75,75,75,75],"relic_stats":{"Darkstone Periapt":0,"counters":[9,29],"Ectoplasm":0,"obtain_stats":[{"Darkstone Periapt":11,"Replay:Baseball":13,"NeowsBlessing":0,"RobotSpaceExplorer:RoboCore":0,"Onion Ring":9,"Ectoplasm":17,"Omamori":10,"hubris:Towel":2,"WarpedTongs":3},{"Darkstone Periapt":5,"Replay:Baseball":6,"NeowsBlessing":0,"RobotSpaceExplorer:RoboCore":0,"Onion Ring":4,"Ectoplasm":8,"Omamori":4,"hubris:Towel":1,"WarpedTongs":1},{"Darkstone Periapt":9,"Replay:Baseball":11,"NeowsBlessing":0,"RobotSpaceExplorer:RoboCore":0,"Onion Ring":6,"Ectoplasm":28,"Omamori":6,"hubris:Towel":1,"WarpedTongs":1}],"WarpedTongs":[25]},"card_choices":[{"not_picked":["RobotSpaceExplorer:ScrapToss","RobotSpaceExplorer:FrostMissile"],"picked":"RobotSpaceExplorer:Pulsar","floor":1},{"not_picked":["RobotSpaceExplorer:Ammunition","RobotSpaceExplorer:ShovelStrike"],"picked":"RobotSpaceExplorer:MakeshiftVolley","floor":4},{"not_picked":["RobotSpaceExplorer:MiniDrones","RobotSpaceExplorer:ShockKick"],"picked":"RobotSpaceExplorer:Calculate","floor":5},{"not_picked":["RobotSpaceExplorer:Electroshield","RobotSpaceExplorer:Electropulse"],"picked":"RobotSpaceExplorer:MetalStrike","floor":7},{"not_picked":["RobotSpaceExplorer:LuckyStrike","RobotSpaceExplorer:BlastShield"],"picked":"RobotSpaceExplorer:Pulsar","floor":11},{"not_picked":["RobotSpaceExplorer:SlimeMissile","RobotSpaceExplorer:ShovelStrike"],"picked":"RobotSpaceExplorer:Pulsar","floor":12},{"not_picked":["RobotSpaceExplorer:SurgingStrike","RobotSpaceExplorer:SwiftStep"],"picked":"RobotSpaceExplorer:MiniDrones","floor":14},{"not_picked":["RobotSpaceExplorer:Blaster","RobotSpaceExplorer:Scanner"],"picked":"RobotSpaceExplorer:ChargingLaser","floor":16}],"player_experience":220779,"relics_obtained":[{"floor":9,"key":"Onion Ring"},{"floor":11,"key":"Darkstone Periapt"}],"event_choices":[{"damage_healed":0,"gold_gain":0,"player_choice":"Rummage","damage_taken":0,"relics_obtained":["WarpedTongs"],"max_hp_gain":0,"max_hp_loss":0,"event_name":"Accursed Blacksmith","floor":3,"gold_loss":0,"cards_obtained":["Pain"]},{"damage_healed":0,"gold_gain":0,"player_choice":"Gave Potion","damage_taken":0,"relics_obtained":["Omamori"],"max_hp_gain":0,"max_hp_loss":0,"event_name":"WeMeetAgain","floor":10,"gold_loss":0}],"is_beta":false,"boss_relics":[{"not_picked":["ReplayTheSpireMod:DimensionalGlitch","Runic Dome"],"picked":"Ectoplasm"}],"items_purged_floors":[],"is_endless":false,"potions_floor_spawned":[1,4,5],"killed_by":"2 Thieves","ascension_level":0}}