{"host":"drjz7zl15rqtgg20","time":1612908359,"event":{"mods":["BaseMod","Colored Map","Downfall","Minty Spire (QoL Compilation)","Permanent Neow","Quick Restart","StSLib"],"gold_per_floor":[118,118,134,154,104,134,152,152,152,172,197,219,92,92,92,196,196,210,220,40,58,74,74,108,108,190,205,236,236,246,246,246,346,346,358,358,375,390,390,421,421,421,421,16,26,26,59,72,72,72,72,72,72,102,102,102],"floor_reached":55,"language":"ENG","playtime":2502,"items_purged":["Strike_R","Strike_R"],"score":827,"play_id":"31a7f3fa-36ff-4034-8941-ce429dbc6c6c","local_time":"20210209170559","is_ascension_mode":false,"campfire_choices":[{"data":"Bash","floor":8,"key":"SMITH"},{"floor":15,"key":"REST"},{"data":"Limit Break","floor":23,"key":"SMITH"},{"data":"Whirlwind","floor":25,"key":"SMITH"},{"floor":32,"key":"REST"},{"floor":41,"key":"RECALL"},{"data":"Demon Form","floor":46,"key":"SMITH"},{"floor":49,"key":"REST"},{"data":"Flame Barrier","floor":52,"key":"SMITH"}],"circlet_count":0,"master_deck":["Strike_R+1","Defend_R","Defend_R","Defend_R","Defend_R","Heavy Blade","Battle Trance+1","Clothesline","Immolate+1","Flex","Rampage","Shrug It Off","Limit Break+1","Inflame+1","Whirlwind+1","Armaments+1","Pommel Strike+1","Flame Barrier+1","Demon Form+1","True Grit+1","Heavy Blade+1","Whirlwind+1"],"relics":["Velvet Choker","Happy Flower","Pocketwatch","Odd Mushroom","White Beast Statue","Mark of Pain","Torii","Ornamental Fan","Omamori","Enchiridion","Philosopher\u0027s Stone","Orichalcum","Whetstone","Gambling Chip","Frozen Egg 2","Bag of Preparation"],"acts_visited":["Exordium","TheCity","TheBeyond","TheEnding"],"potions_floor_usage":[33,35,44,55,55,55],"damage_taken":[{"damage":0,"enemies":"Small Slimes","floor":1,"turns":2},{"damage":0,"enemies":"2 Louse","floor":3,"turns":2},{"damage":0,"enemies":"Cultist","floor":4,"turns":3},{"damage":26,"enemies":"3 Sentries","floor":6,"turns":8},{"damage":10,"enemies":"Exordium Thugs","floor":7,"turns":3},{"damage":0,"enemies":"Blue Slaver","floor":10,"turns":3},{"damage":7,"enemies":"Gremlin Nob","floor":11,"turns":3},{"damage":15,"enemies":"The Mushroom Lair","floor":12,"turns":3},{"damage":0,"enemies":"Slime Boss","floor":16,"turns":3},{"damage":10,"enemies":"Spheric Guardian","floor":18,"turns":3},{"damage":2,"enemies":"Shell Parasite","floor":19,"turns":3},{"damage":1,"enemies":"3 Cultists","floor":21,"turns":3},{"damage":0,"enemies":"Snecko","floor":22,"turns":2},{"damage":0,"enemies":"Gremlin Leader","floor":24,"turns":3},{"damage":8,"enemies":"Centurion and Healer","floor":27,"turns":3},{"damage":1,"enemies":"Slavers","floor":28,"turns":2},{"damage":1,"enemies":"Shelled Parasite and Fungi","floor":30,"turns":4},{"damage":48,"enemies":"Automaton","floor":33,"turns":7},{"damage":1,"enemies":"3 Darklings","floor":35,"turns":4},{"damage":1,"enemies":"3 Shapes","floor":37,"turns":3},{"damage":1,"enemies":"3 Darklings","floor":38,"turns":4},{"damage":30,"enemies":"Giant Head","floor":40,"turns":6},{"damage":0,"enemies":"4 Shapes","floor":45,"turns":4},{"damage":22,"enemies":"Nemesis","floor":47,"turns":5},{"damage":9,"enemies":"Maw","floor":48,"turns":6},{"damage":39,"enemies":"Time Eater","floor":50,"turns":7},{"damage":33,"enemies":"Shield and Spear","floor":54,"turns":3},{"damage":52,"enemies":"The Heart","floor":55,"turns":5}],"seed_played":"2768295843881504779","potions_obtained":[{"floor":6,"key":"CultistPotion"},{"floor":10,"key":"ColorlessPotion"},{"floor":11,"key":"GamblersBrew"},{"floor":18,"key":"Strength Potion"},{"floor":19,"key":"Fire Potion"},{"floor":33,"key":"ElixirPotion"},{"floor":35,"key":"bronze:BurnAndBuffPotion"},{"floor":38,"key":"Weak Potion"},{"floor":40,"key":"PowerPotion"},{"floor":45,"key":"Explosive Potion"}],"is_trial":false,"path_per_floor":["M","?","M","M","?","E","M","R","T","M","E","?","$","?","R","B",null,"M","M","$","M","M","R","E","R","T","M","E","?","M","?","R","B",null,"M","?","M","M","?","E","R","?","T","$","M","R","E","M","R","B",null,"R","$","E","B"],"character_chosen":"IRONCLAD","items_purchased":["Shrug It Off","Whirlwind","Gambling Chip","Fruit Juice"],"campfire_rested":3,"item_purchase_floors":[13,20,44,44],"current_hp_per_floor":[80,80,80,80,80,54,44,44,44,44,37,22,22,15,39,39,80,70,68,68,67,67,67,67,67,67,59,58,42,41,41,65,17,80,79,79,78,77,77,47,47,47,47,52,52,52,30,21,46,7,85,85,85,52,0,0],"gold":102,"neow_bonus":"BOSS_RELIC","is_daily":false,"chose_seed":false,"campfire_upgraded":5,"win_rate":0.0,"timestamp":1612908359,"path_taken":["M","?","M","M","?","E","M","R","T","M","E","?","$","?","R","BOSS","M","M","$","M","M","R","E","R","T","M","E","?","M","?","R","BOSS","M","?","M","M","?","E","R","?","T","$","?","R","E","M","R","BOSS","R","$","E","BOSS"],"items_purchased_type":["Card","Card","Relic","Potion"],"build_version":"2020-12-22","purchased_purges":2,"victory":false,"max_hp_per_floor":[80,80,80,80,80,80,80,80,80,80,80,80,80,80,80,80,80,80,80,80,80,80,80,80,80,80,80,80,80,80,80,80,80,80,80,80,80,80,80,80,80,80,80,85,85,85,85,85,85,85,85,85,85,85,85,85],"card_choices":[{"not_picked":["Warcry","Twin Strike"],"picked":"Heavy Blade","floor":1},{"not_picked":["Twin Strike","Perfected Strike"],"picked":"Battle Trance","floor":3},{"not_picked":["Rupture","Clash"],"picked":"Clothesline","floor":4},{"not_picked":["Sentinel","Burning Pact"],"picked":"Immolate","floor":6},{"not_picked":["Wild Strike","Second Wind"],"picked":"Flex","floor":7},{"not_picked":["Body Slam","Pommel Strike","Feel No Pain"],"picked":"SKIP","floor":10},{"not_picked":["Flex","Ghostly Armor"],"picked":"Rampage","floor":11},{"not_picked":["Double Tap","Brutality"],"picked":"Limit Break","floor":16},{"not_picked":["Armaments","Reckless Charge","Headbutt"],"picked":"SKIP","floor":18},{"not_picked":["Warcry","Body Slam"],"picked":"Inflame+1","floor":19},{"not_picked":["Battle Trance","Feed"],"picked":"Armaments+1","floor":21},{"not_picked":["Clothesline","Sword Boomerang"],"picked":"Pommel Strike+1","floor":22},{"not_picked":["Anger","Perfected Strike","Havoc+1"],"picked":"SKIP","floor":24},{"not_picked":["Warcry","Headbutt","Ghostly Armor+1"],"picked":"SKIP","floor":27},{"not_picked":["Perfected Strike+1","Blood for Blood","Wild Strike"],"picked":"SKIP","floor":28},{"not_picked":["Sword Boomerang","Headbutt"],"picked":"Flame Barrier","floor":30},{"not_picked":["Bludgeon","Immolate"],"picked":"Demon Form","floor":33},{"not_picked":["Feel No Pain+1","Intimidate"],"picked":"True Grit+1","floor":35},{"not_picked":["Cleave+1","Anger+1"],"picked":"Heavy Blade+1","floor":37},{"not_picked":["Clash","Havoc"],"picked":"Whirlwind+1","floor":38},{"not_picked":["Iron Wave","Entrench+1","True Grit+1"],"picked":"SKIP","floor":40},{"not_picked":["Dropkick+1","Ghostly Armor+1","Hemokinesis"],"picked":"SKIP","floor":45},{"not_picked":["Rage+1","Inflame+1","Bloodletting"],"picked":"SKIP","floor":47},{"not_picked":["True Grit","Intimidate","Reckless Charge"],"picked":"SKIP","floor":48},{"not_picked":["Immolate","Cleave","Shrug It Off+1"],"picked":"SKIP","floor":54}],"player_experience":680007,"relics_obtained":[{"floor":6,"key":"Happy Flower"},{"floor":11,"key":"Pocketwatch"},{"floor":12,"key":"Odd Mushroom"},{"floor":24,"key":"Torii"},{"floor":26,"key":"Ornamental Fan"},{"floor":28,"key":"Omamori"},{"floor":29,"key":"Enchiridion"},{"floor":40,"key":"Orichalcum"},{"floor":43,"key":"Whetstone"},{"floor":47,"key":"Frozen Egg 2"},{"floor":54,"key":"Bag of Preparation"}],"event_choices":[{"cards_removed":["Strike_R"],"damage_healed":0,"gold_gain":0,"player_choice":"Forget","damage_taken":0,"max_hp_gain":0,"max_hp_loss":0,"event_name":"Living Wall","floor":2,"gold_loss":0},{"cards_removed":["Strike_R"],"damage_healed":0,"gold_gain":0,"player_choice":"Card Removal","damage_taken":0,"max_hp_gain":0,"max_hp_loss":0,"event_name":"The Cleric","floor":5,"gold_loss":50},{"damage_healed":0,"gold_gain":0,"player_choice":"Fought Mushrooms","damage_taken":0,"max_hp_gain":0,"max_hp_loss":0,"event_name":"Mushrooms","floor":12,"gold_loss":0},{"damage_healed":0,"gold_gain":0,"player_choice":"Success","damage_taken":7,"relics_obtained":["White Beast Statue"],"max_hp_gain":0,"max_hp_loss":0,"event_name":"Scrap Ooze","floor":14,"gold_loss":0},{"damage_healed":0,"gold_gain":0,"player_choice":"Obtained Book","damage_taken":16,"max_hp_gain":0,"max_hp_loss":0,"event_name":"Cursed Tome","floor":29,"gold_loss":0},{"damage_healed":0,"gold_gain":0,"player_choice":"Ignored","damage_taken":0,"max_hp_gain":0,"max_hp_loss":0,"event_name":"Ghosts","floor":31,"gold_loss":0},{"cards_removed":["Bash"],"damage_healed":0,"gold_gain":0,"player_choice":"Removed Attack","damage_taken":0,"max_hp_gain":0,"max_hp_loss":0,"event_name":"Falling","floor":36,"gold_loss":0},{"damage_healed":0,"gold_gain":0,"player_choice":"Ignored","damage_taken":0,"max_hp_gain":0,"max_hp_loss":0,"event_name":"Tomb of Lord Red Mask","floor":39,"gold_loss":0},{"damage_healed":0,"gold_gain":0,"player_choice":"Upgraded","damage_taken":0,"max_hp_gain":0,"max_hp_loss":0,"event_name":"Upgrade Shrine","floor":42,"gold_loss":0,"cards_upgraded":["Battle Trance"]}],"is_beta":false,"boss_relics":[{"not_picked":["Sozu","Pandora\u0027s Box"],"picked":"Mark of Pain"},{"not_picked":["Fusion Hammer","bronze:MakeshiftBattery"],"picked":"Philosopher\u0027s Stone"}],"items_purged_floors":[13,20],"is_endless":false,"potions_floor_spawned":[6,10,11,16,18,19,21,22,24,27,28,30,33,35,37,38,40,45,47,48,54],"killed_by":"The Heart","ascension_level":0}}