{"host":"fff5e1uasnm04x18","time":1612835032,"event":{"mods":["BaseMod","Highlight Path","Minty Spire (QoL Compilation)","StSLib"],"gold_per_floor":[111,111,111,121,137,171,186,186,186],"floor_reached":8,"language":"ENG","playtime":389,"items_purged":[],"score":67,"play_id":"33725277-6222-4841-868e-1f6d493d9aad","local_time":"20210208204352","is_ascension_mode":true,"campfire_choices":[],"circlet_count":0,"master_deck":["Strike_B","Strike_B","Strike_B","Strike_B","Defend_B","Defend_B","Defend_B","Zap","Dualcast","Genetic Algorithm","Gash"],"relics":["Cracked Core","Vajra","Matryoshka","Ornamental Fan"],"acts_visited":["Exordium"],"potions_floor_usage":[8],"damage_taken":[{"damage":0,"enemies":"2 Louse","floor":1,"turns":2},{"damage":3,"enemies":"Jaw Worm","floor":4,"turns":3},{"damage":0,"enemies":"Cultist","floor":5,"turns":3},{"damage":44,"enemies":"Gremlin Nob","floor":6,"turns":5},{"damage":9,"enemies":"3 Louse","floor":7,"turns":3},{"damage":16,"enemies":"Lagavulin","floor":8,"turns":3}],"seed_played":"-5274127907830724749","potions_obtained":[{"floor":1,"key":"GamblersBrew"},{"floor":4,"key":"DuplicationPotion"},{"floor":5,"key":"DuplicationPotion"},{"floor":6,"key":"AttackPotion"}],"is_trial":false,"path_per_floor":["M","?","?","M","M","E","M","E"],"character_chosen":"DEFECT","items_purchased":[],"campfire_rested":0,"item_purchase_floors":[],"current_hp_per_floor":[75,68,68,65,65,21,12,0,0],"gold":186,"neow_bonus":"RANDOM_COMMON_RELIC","is_daily":false,"chose_seed":false,"campfire_upgraded":0,"win_rate":0.0,"timestamp":1612835032,"path_taken":["M","?","?","M","?","E","M","E"],"items_purchased_type":[],"build_version":"2020-12-22","purchased_purges":0,"victory":false,"max_hp_per_floor":[75,75,75,75,75,75,75,75,75],"card_choices":[{"not_picked":["Chill","Defragment"],"picked":"Genetic Algorithm","floor":1},{"not_picked":["Sunder","Ball Lightning","Redo"],"picked":"SKIP","floor":4},{"not_picked":["Genetic Algorithm","Leap","Redo"],"picked":"SKIP","floor":5},{"not_picked":["Leap","Hello World"],"picked":"Gash","floor":6},{"not_picked":["Double Energy","Streamline","Redo"],"picked":"SKIP","floor":7}],"player_experience":531938,"relics_obtained":[{"floor":6,"key":"Ornamental Fan"}],"event_choices":[{"cards_removed":["Defend_B"],"damage_healed":0,"gold_gain":0,"player_choice":"Card Removal","damage_taken":7,"max_hp_gain":0,"max_hp_loss":0,"event_name":"Golden Wing","floor":2,"gold_loss":0},{"damage_healed":0,"gold_gain":0,"player_choice":"Gave Potion","damage_taken":0,"relics_obtained":["Matryoshka"],"max_hp_gain":0,"max_hp_loss":0,"event_name":"WeMeetAgain","floor":3,"gold_loss":0}],"is_beta":false,"boss_relics":[],"items_purged_floors":[],"is_endless":false,"potions_floor_spawned":[1,4,5,6],"killed_by":"Lagavulin","ascension_level":3}}