{"host":"nptej036rrbiurf5","time":1612833469,"event":{"mods":["BaseMod","Colored Map","Colored Powertips","DeckTracker","Minty Spire (QoL Compilation)","StSLib","SuperFastMode"],"gold_per_floor":[113,127,127,142,158,158,2,2,2,21,38,70,70,86,86,189,189,209,227,227,227],"floor_reached":20,"language":"KOR","playtime":538,"items_purged":["Strike_R"],"score":178,"play_id":"9861f474-666a-40ee-b84d-71aa18072d11","local_time":"20210209101749","is_ascension_mode":false,"campfire_choices":[{"data":"Thunderclap","floor":6,"key":"SMITH"},{"data":"Bash","floor":8,"key":"SMITH"},{"data":"Spot Weakness","floor":15,"key":"SMITH"}],"circlet_count":0,"master_deck":["Strike_R","Strike_R","Strike_R","Strike_R","Defend_R","Defend_R","Defend_R","Bash+1","Sword Boomerang","Shrug It Off","Thunderclap+1","Twin Strike","Power Through","Spot Weakness+1","Second Wind","Feed","Pummel+1"],"relics":["Burning Blood"],"acts_visited":["Exordium","TheCity"],"potions_floor_usage":[5,10,16,16,16],"damage_taken":[{"damage":6,"enemies":"Cultist","floor":1,"turns":3},{"damage":1,"enemies":"Jaw Worm","floor":2,"turns":3},{"damage":0,"enemies":"Small Slimes","floor":4,"turns":4},{"damage":18,"enemies":"Exordium Thugs","floor":5,"turns":5},{"damage":0,"enemies":"Exordium Wildlife","floor":10,"turns":2},{"damage":0,"enemies":"3 Louse","floor":11,"turns":3},{"damage":10,"enemies":"Gremlin Nob","floor":12,"turns":3},{"damage":4,"enemies":"Blue Slaver","floor":14,"turns":2},{"damage":13,"enemies":"Slime Boss","floor":16,"turns":8},{"damage":33,"enemies":"2 Thieves","floor":18,"turns":5},{"damage":14,"enemies":"Shell Parasite","floor":19,"turns":4},{"damage":18,"enemies":"Masked Bandits","floor":20,"turns":3}],"seed_played":"-316423854116958338","potions_obtained":[{"floor":2,"key":"GamblersBrew"},{"floor":3,"key":"SmokeBomb"},{"floor":3,"key":"Fire Potion"},{"floor":5,"key":"Fire Potion"},{"floor":11,"key":"Strength Potion"},{"floor":12,"key":"Block Potion"}],"is_trial":false,"path_per_floor":["M","M","?","M","M","R","$","R","T","M","M","E","?","M","R","B",null,"M","M","?"],"character_chosen":"IRONCLAD","items_purchased":["Power Through"],"campfire_rested":0,"item_purchase_floors":[7],"current_hp_per_floor":[88,88,88,88,76,76,76,76,76,82,88,84,84,86,86,79,88,64,56,38,38],"gold":227,"neow_bonus":"TEN_PERCENT_HP_BONUS","is_daily":false,"chose_seed":false,"campfire_upgraded":3,"win_rate":0.0,"timestamp":1612833469,"path_taken":["M","M","?","?","M","R","$","R","T","M","M","E","?","M","R","BOSS","M","M","?"],"items_purchased_type":["Card"],"build_version":"2020-12-22","purchased_purges":1,"victory":false,"max_hp_per_floor":[88,88,88,88,88,88,88,88,88,88,88,88,88,88,88,88,88,91,91,91,91],"card_choices":[{"not_picked":["Pommel Strike","Havoc"],"picked":"Sword Boomerang","floor":1},{"not_picked":["Anger","Rampage"],"picked":"Shrug It Off","floor":2},{"not_picked":["Rupture","Battle Trance"],"picked":"Thunderclap","floor":4},{"not_picked":["Shrug It Off","Blood for Blood"],"picked":"Twin Strike","floor":5},{"not_picked":["Uppercut","Flex","Armaments"],"picked":"SKIP","floor":10},{"not_picked":["Seeing Red","Dark Embrace"],"picked":"Spot Weakness","floor":11},{"not_picked":["Cleave","Body Slam","Twin Strike"],"picked":"SKIP","floor":12},{"not_picked":["Entrench","Sever Soul"],"picked":"Second Wind","floor":14},{"not_picked":["Brutality","Barricade"],"picked":"Feed","floor":16},{"not_picked":["Dropkick","Seeing Red+1"],"picked":"Pummel+1","floor":18},{"not_picked":["True Grit","Headbutt","Reckless Charge"],"picked":"SKIP","floor":19}],"player_experience":913502,"relics_obtained":[],"event_choices":[{"damage_healed":0,"gold_gain":0,"player_choice":"Got Potions","damage_taken":0,"max_hp_gain":0,"max_hp_loss":0,"event_name":"Lab","floor":3,"gold_loss":0},{"cards_removed":["Defend_R"],"damage_healed":0,"gold_gain":0,"player_choice":"Forget","damage_taken":0,"max_hp_gain":0,"max_hp_loss":0,"event_name":"Living Wall","floor":13,"gold_loss":0},{"damage_healed":0,"gold_gain":0,"player_choice":"Fought Bandits","damage_taken":0,"max_hp_gain":0,"max_hp_loss":0,"event_name":"Masked Bandits","floor":20,"gold_loss":0}],"is_beta":false,"boss_relics":[{"not_picked":["Ectoplasm","Philosopher\u0027s Stone","Calling Bell"]}],"items_purged_floors":[7],"is_endless":false,"potions_floor_spawned":[2,5,11,12,14],"killed_by":"Masked Bandits","ascension_level":0}}