{"host":"lxu17chzujqn8whl","time":1612837742,"event":{"mods":["BaseMod","Minty Spire (QoL Compilation)","Relic Stats","StSLib"],"gold_per_floor":[119,294,294,14,14,48,67,67,114,148,48,73,89,89,89,192,192,202,4,274,288,300,330,347,48,124,124,137,137,137,168,168,271,271,288,86,100,0,0,0,30,30,107,107,126,176,476,487,487,487],"floor_reached":51,"language":"ENG","playtime":2139,"items_purged":["Doubt","Strike_P","Defend_P","Writhe"],"score":829,"play_id":"f1542329-c1fd-4286-a3ab-4b1c21ad0978","local_time":"20210208182902","is_ascension_mode":false,"campfire_choices":[{"floor":8,"key":"REST"},{"data":"Eruption","floor":15,"key":"SMITH"},{"data":"DevaForm","floor":29,"key":"SMITH"},{"floor":32,"key":"REST"},{"data":"Vault","floor":40,"key":"SMITH"},{"data":"Vault","floor":42,"key":"SMITH"},{"data":"Vault","floor":49,"key":"SMITH"}],"circlet_count":0,"master_deck":["Strike_P","Strike_P","Strike_P","Defend_P","Defend_P","Defend_P","Eruption+1","Vigilance+1","CutThroughFate","Protect","FollowUp","Consecrate","Evaluate","Vault+1","TalkToTheHand+1","Swivel","SashWhip+1","WheelKick","DevaForm+1","Vault+1","ClearTheMind","ThirdEye+1","Vault+1","ReachHeaven+1","Normality","Vault+1","EmptyBody+1"],"relics":["HolyWater","Thread and Needle","Ancient Tea Set","StoneCalendar","Happy Flower","Question Card","Damaru","Cursed Key","Orichalcum","DollysMirror","Nunchaku","Pear","MutagenicStrength","Eternal Feather","Red Mask","Bottled Tornado","White Beast Statue","Turnip"],"acts_visited":["Exordium","TheCity","TheBeyond"],"potions_floor_usage":[10,10,12,21,22,31,41,41,50,50],"damage_taken":[{"damage":3,"enemies":"Jaw Worm","floor":1,"turns":4},{"damage":40,"enemies":"3 Sentries","floor":6,"turns":10},{"damage":0,"enemies":"2 Louse","floor":7,"turns":3},{"damage":0,"enemies":"Lagavulin","floor":10,"turns":4},{"damage":6,"enemies":"3 Sentries","floor":12,"turns":6},{"damage":0,"enemies":"Small Slimes","floor":13,"turns":4},{"damage":35,"enemies":"Hexaghost","floor":16,"turns":9},{"damage":5,"enemies":"2 Thieves","floor":18,"turns":4},{"damage":0,"enemies":"3 Byrds","floor":21,"turns":4},{"damage":0,"enemies":"Centurion and Healer","floor":22,"turns":6},{"damage":0,"enemies":"Book of Stabbing","floor":23,"turns":6},{"damage":0,"enemies":"Snake Plant","floor":24,"turns":4},{"damage":1,"enemies":"Shelled Parasite and Fungi","floor":28,"turns":6},{"damage":10,"enemies":"Slavers","floor":31,"turns":5},{"damage":15,"enemies":"Champ","floor":33,"turns":10},{"damage":0,"enemies":"3 Darklings","floor":35,"turns":6},{"damage":0,"enemies":"3 Shapes","floor":37,"turns":7},{"damage":13,"enemies":"Nemesis","floor":41,"turns":8},{"damage":6,"enemies":"Sphere and 2 Shapes","floor":45,"turns":5},{"damage":0,"enemies":"Mind Bloom Boss Battle","floor":46,"turns":7},{"damage":0,"enemies":"Jaw Worm Horde","floor":48,"turns":5},{"damage":85,"enemies":"Time Eater","floor":50,"turns":18}],"seed_played":"-8517842771176344520","potions_obtained":[{"floor":6,"key":"Fire Potion"},{"floor":7,"key":"Swift Potion"},{"floor":10,"key":"EssenceOfSteel"},{"floor":18,"key":"EssenceOfSteel"},{"floor":28,"key":"Dexterity Potion"},{"floor":31,"key":"Fire Potion"},{"floor":41,"key":"Regen Potion"},{"floor":45,"key":"Explosive Potion"}],"is_trial":false,"path_per_floor":["M","?","?","$","?","E","M","R","T","E","$","E","M","?","R","B",null,"M","$","?","M","M","E","M","$","T","?","M","R","$","E","R","B",null,"M","$","M","?","?","R","E","R","T","?","M","?","?","M","R","B",null],"character_chosen":"WATCHER","items_purchased":["Ancient Tea Set","CutThroughFate","Swivel","DollysMirror","Nunchaku","AttackPotion"],"campfire_rested":2,"item_purchase_floors":[4,4,19,25,25,36],"current_hp_per_floor":[76,76,73,73,73,33,33,56,56,56,56,50,50,76,76,41,79,74,74,34,34,34,34,34,34,44,44,43,43,43,33,71,56,89,89,89,89,89,85,85,72,84,84,84,78,78,78,78,85,6],"gold":487,"neow_bonus":"TEN_PERCENT_HP_BONUS","is_daily":false,"chose_seed":false,"campfire_upgraded":5,"win_rate":0.0,"timestamp":1612837742,"path_taken":["M","?","?","$","?","E","M","R","T","E","$","E","M","?","R","BOSS","M","$","?","M","M","E","M","?","T","?","M","R","$","E","R","BOSS","M","$","M","?","?","R","E","R","T","?","?","?","?","M","R","BOSS"],"items_purchased_type":["Relic","Card","Card","Relic","Relic","Potion"],"build_version":"2020-12-22","purchased_purges":4,"victory":true,"max_hp_per_floor":[79,79,79,79,79,79,79,79,79,79,79,79,79,79,79,79,79,79,79,79,79,79,79,79,79,89,89,89,89,89,89,89,89,89,89,89,89,89,85,85,85,85,85,85,85,85,85,85,85,85],"relic_stats":{"Nunchaku":[16],"Happy Flower":[41],"counters":[22,141],"StoneCalendar":[206],"Eternal Feather":31,"Turnip":[0],"Orichalcum":[114],"Question Card":17,"Cursed Key":2,"obtain_stats":[{"Pear":26,"Happy Flower":9,"Damaru":12,"Thread and Needle":3,"StoneCalendar":6,"Eternal Feather":31,"Orichalcum":23,"Bottled Tornado":41,"Ancient Tea Set":4,"Question Card":10,"Cursed Key":17,"White Beast Statue":43,"Nunchaku":25,"DollysMirror":25,"MutagenicStrength":27,"HolyWater":34,"Turnip":46,"Red Mask":38,"PureWater":0},{"Pear":12,"Happy Flower":3,"Damaru":5,"Thread and Needle":1,"StoneCalendar":2,"Eternal Feather":14,"Orichalcum":11,"Bottled Tornado":18,"Ancient Tea Set":1,"Question Card":4,"Cursed Key":7,"White Beast Statue":18,"Nunchaku":12,"DollysMirror":12,"MutagenicStrength":12,"HolyWater":15,"Turnip":20,"Red Mask":17,"PureWater":0},{"Pear":64,"Happy Flower":17,"Damaru":27,"Thread and Needle":4,"StoneCalendar":14,"Eternal Feather":75,"Orichalcum":60,"Bottled Tornado":106,"Ancient Tea Set":4,"Question Card":21,"Cursed Key":40,"White Beast Statue":106,"Nunchaku":64,"DollysMirror":64,"MutagenicStrength":64,"HolyWater":85,"Turnip":118,"Red Mask":98,"PureWater":0}]},"card_choices":[{"not_picked":["ThirdEye","LikeWater","Perseverance"],"picked":"SKIP","floor":1},{"not_picked":["FlurryOfBlows","FlyingSleeves"],"picked":"Protect","floor":6},{"not_picked":["FlyingSleeves","EmptyBody"],"picked":"FollowUp","floor":7},{"not_picked":["FollowUp","PathToVictory","FlurryOfBlows"],"picked":"SKIP","floor":10},{"not_picked":["Alpha","Indignation","BowlingBash"],"picked":"Consecrate","floor":12},{"not_picked":["ThirdEye","JustLucky","SandsOfTime"],"picked":"Evaluate","floor":13},{"not_picked":["Alpha","Scrawl","MasterReality"],"picked":"Vault","floor":16},{"not_picked":["ThirdEye","Crescendo+1","JustLucky"],"picked":"TalkToTheHand+1","floor":18},{"not_picked":["Crescendo+1","FlyingSleeves","FlurryOfBlows","Prostrate"],"picked":"SKIP","floor":21},{"not_picked":["CutThroughFate","WaveOfTheHand","Alpha"],"picked":"SashWhip+1","floor":22},{"not_picked":["Prostrate+1","FollowUp","Meditate"],"picked":"WheelKick","floor":23},{"not_picked":["FlurryOfBlows","FlyingSleeves","Study"],"picked":"DevaForm","floor":24},{"not_picked":["CutThroughFate","Adaptation","Weave"],"picked":"ClearTheMind","floor":28},{"not_picked":["CrushJoints","Nirvana","FollowUp"],"picked":"ThirdEye+1","floor":31},{"not_picked":["Brilliance","DeusExMachina","DevaForm"],"picked":"Vault","floor":33},{"not_picked":["FlyingSleeves","JustLucky","Consecrate+1"],"picked":"ReachHeaven+1","floor":35},{"not_picked":["Protect+1","Nirvana+1","Crescendo+1","ClearTheMind"],"picked":"SKIP","floor":37},{"not_picked":["Prostrate+1","Weave+1","BowlingBash+1","Adaptation+1"],"picked":"SKIP","floor":41},{"not_picked":["DevaForm","Halt+1","CutThroughFate"],"picked":"EmptyBody+1","floor":45},{"not_picked":["TalkToTheHand","Evaluate","SashWhip+1","ReachHeaven"],"picked":"SKIP","floor":48}],"player_experience":653185,"relics_obtained":[{"floor":6,"key":"StoneCalendar"},{"floor":9,"key":"Happy Flower"},{"floor":10,"key":"Question Card"},{"floor":12,"key":"Damaru"},{"floor":23,"key":"Orichalcum"},{"floor":26,"key":"Pear"},{"floor":31,"key":"Eternal Feather"},{"floor":41,"key":"Bottled Tornado"},{"floor":43,"key":"White Beast Statue"},{"floor":46,"key":"Turnip"}],"event_choices":[{"damage_healed":0,"gold_gain":175,"player_choice":"AGREE","damage_taken":0,"max_hp_gain":0,"max_hp_loss":0,"event_name":"Liars Game","floor":2,"gold_loss":0,"cards_obtained":["Doubt"]},{"damage_healed":0,"gold_gain":0,"player_choice":"Success","damage_taken":3,"relics_obtained":["Thread and Needle"],"max_hp_gain":0,"max_hp_loss":0,"event_name":"Scrap Ooze","floor":3,"gold_loss":0},{"damage_healed":0,"gold_gain":0,"player_choice":"Grow","damage_taken":0,"max_hp_gain":0,"max_hp_loss":0,"event_name":"Living Wall","floor":5,"gold_loss":0,"cards_upgraded":["Vigilance"]},{"damage_healed":26,"gold_gain":0,"player_choice":"Banana","damage_taken":0,"max_hp_gain":0,"max_hp_loss":0,"event_name":"Big Fish","floor":14,"gold_loss":0},{"damage_healed":0,"gold_gain":270,"player_choice":"GOLD GOLD POTION POTION GOLD ","damage_taken":40,"max_hp_gain":0,"max_hp_loss":0,"event_name":"Knowing Skull","floor":20,"potions_obtained":["FairyPotion","LiquidBronze"],"gold_loss":0,"cards_obtained":[]},{"damage_healed":0,"gold_gain":0,"player_choice":"Inject Mutagens","damage_taken":0,"relics_obtained":["MutagenicStrength"],"max_hp_gain":0,"max_hp_loss":0,"event_name":"Drug Dealer","floor":27,"gold_loss":0},{"damage_healed":0,"gold_gain":0,"player_choice":"Paid","damage_taken":0,"relics_obtained":["Red Mask"],"max_hp_gain":0,"max_hp_loss":0,"event_name":"Tomb of Lord Red Mask","floor":38,"gold_loss":100},{"damage_healed":0,"gold_gain":0,"player_choice":"Max HP","damage_taken":0,"max_hp_gain":0,"max_hp_loss":4,"event_name":"Winding Halls","floor":39,"gold_loss":0},{"damage_healed":0,"gold_gain":0,"player_choice":"Copied","damage_taken":0,"max_hp_gain":0,"max_hp_loss":0,"event_name":"Duplicator","floor":44,"gold_loss":0,"cards_obtained":["Vault"]},{"damage_healed":0,"gold_gain":0,"player_choice":"Fight","damage_taken":0,"max_hp_gain":0,"max_hp_loss":0,"event_name":"MindBloom","floor":46,"gold_loss":0},{"damage_healed":0,"gold_gain":300,"player_choice":"Gold","damage_taken":0,"max_hp_gain":0,"max_hp_loss":0,"event_name":"Wheel of Change","floor":47,"gold_loss":0}],"is_beta":false,"boss_relics":[{"not_picked":["Calling Bell","Fusion Hammer"],"picked":"Cursed Key"},{"not_picked":["Snecko Eye","SacredBark"],"picked":"HolyWater"}],"items_purged_floors":[4,11,19,36],"is_endless":false,"potions_floor_spawned":[6,7,10,18,28,31,41,45,46,48],"ascension_level":0}}