{"host":"mcmflfjoldkjkv7m","time":1612863273,"event":{"mods":["AchievementEnabler","BaseMod","DeckTracker","Minty Spire (QoL Compilation)","SuperFastMode"],"gold_per_floor":[211,226,245,257,332,332,348,348,348],"floor_reached":8,"language":"KOR","playtime":156,"items_purged":[],"score":73,"play_id":"097b3e20-753d-45fe-97b4-e72faa9180d0","local_time":"20210209183433","is_ascension_mode":true,"campfire_choices":[{"data":"Defragment","floor":6,"key":"SMITH"}],"circlet_count":0,"master_deck":["Strike_B","Strike_B","Strike_B","Strike_B","Defend_B","Defend_B","Defend_B","Defend_B","Zap","Dualcast","Go for the Eyes","Conserve Battery","Defragment+1","Gash","Capacitor"],"relics":["Cracked Core"],"acts_visited":["Exordium"],"potions_floor_usage":[8],"damage_taken":[{"damage":6,"enemies":"Cultist","floor":1,"turns":4},{"damage":7,"enemies":"Jaw Worm","floor":2,"turns":3},{"damage":10,"enemies":"Small Slimes","floor":3,"turns":3},{"damage":6,"enemies":"Looter","floor":4,"turns":4},{"damage":0,"enemies":"Large Slime","floor":7,"turns":4},{"damage":33,"enemies":"3 Sentries","floor":8,"turns":5}],"seed_played":"6371479139670482220","potions_obtained":[{"floor":2,"key":"DuplicationPotion"},{"floor":4,"key":"GamblersBrew"}],"is_trial":false,"path_per_floor":["M","M","M","M","?","R","M","E"],"character_chosen":"DEFECT","items_purchased":[],"campfire_rested":0,"item_purchase_floors":[],"current_hp_per_floor":[62,55,45,39,28,28,28,0,0],"gold":348,"neow_bonus":"HUNDRED_GOLD","is_daily":false,"chose_seed":false,"campfire_upgraded":1,"win_rate":0.0,"timestamp":1612863273,"path_taken":["M","?","?","M","?","R","M","E"],"items_purchased_type":[],"build_version":"2020-12-22","purchased_purges":0,"victory":false,"max_hp_per_floor":[75,75,75,75,75,75,75,75,75],"card_choices":[{"not_picked":["Streamline","Leap"],"picked":"Go for the Eyes","floor":1},{"not_picked":["Stack","Thunder Strike"],"picked":"Conserve Battery","floor":2},{"not_picked":["Compile Driver","Chaos"],"picked":"Defragment","floor":3},{"not_picked":["Static Discharge","Undo"],"picked":"Gash","floor":4},{"not_picked":["Turbo","Rebound"],"picked":"Capacitor","floor":7}],"player_experience":369914,"relics_obtained":[],"event_choices":[{"damage_healed":0,"gold_gain":75,"player_choice":"Gather Gold","damage_taken":11,"max_hp_gain":0,"max_hp_loss":0,"event_name":"World of Goop","floor":5,"gold_loss":0}],"is_beta":false,"boss_relics":[],"items_purged_floors":[],"is_endless":false,"potions_floor_spawned":[2,4],"killed_by":"3 Sentries","ascension_level":9}}