{"host":"oopoa2qluour3scl","time":1612857387,"event":{"mods":["2.2 Compatiblity","AchievementEnabler","AlwaysNeverKeys","BaseMod","Better Match","Better Note","Better Sensory Stone","Better Synergies","Better Third Choice","Better Vampires","BetterRewards","Bossed Relics","Colored Powertips","Communication Mod","Infinite Spire","Minty Spire (QoL Compilation)","Practice Mode","Random Character Button","Relic Filter Mod","Relic Stats","Smile Girya","StS++","StSLib","SuperFastMode","Swap Starting Deck Mod","Weighted Paths"],"gold_per_floor":[215,66,0,0,16,16,16],"floor_reached":6,"language":"ENG","playtime":146,"items_purged":[],"score":37,"play_id":"3b849371-5c83-45db-9e66-a09d2483d27d","local_time":"20210209085627","is_ascension_mode":true,"campfire_choices":[],"circlet_count":0,"master_deck":["Strike_R","Strike_R","Strike_R","Strike_R","Strike_R","Defend_R","Defend_R","Defend_R","Defend_R","Bash","Inflame","Enlightenment","Armaments"],"relics":["Burning Blood","Bronze Scales","Golden Idol"],"acts_visited":["Exordium"],"potions_floor_usage":[],"damage_taken":[{"damage":18,"enemies":"Small Slimes","floor":1,"turns":4},{"damage":18,"enemies":"Jaw Worm","floor":5,"turns":3},{"damage":43,"enemies":"3 Sentries","floor":6,"turns":6}],"seed_played":"7146135617778301167","potions_obtained":[{"floor":5,"key":"Dexterity Potion"}],"is_trial":false,"path_per_floor":["M","$","?","?","M","E"],"character_chosen":"IRONCLAD","items_purchased":["Bronze Scales"],"campfire_rested":0,"item_purchase_floors":[2],"current_hp_per_floor":[68,68,74,53,41,0,0],"gold":16,"neow_bonus":"HUNDRED_GOLD","is_daily":false,"chose_seed":false,"campfire_upgraded":0,"win_rate":0.0,"timestamp":1612857387,"path_taken":["M","$","?","?","M","E"],"items_purchased_type":["Relic"],"build_version":"2020-12-22","purchased_purges":0,"victory":false,"max_hp_per_floor":[80,80,86,86,86,86,86],"relic_stats":{"counters":[274,1121],"Golden Idol":3,"Bronze Scales":[25],"obtain_stats":[{"Whetstone":26,"Bottled Tornado":43,"Sling":20,"Boot":12,"Sundial":7,"MealTicket":10,"Fusion Hammer":17,"Kunai":0,"Runic Cube":17,"Pear":26,"Blue Candle":9,"Eternal Feather":8,"Pen Nib":24,"Akabeko":43,"Cables":0,"SlaversCollar":34,"Bird Faced Urn":9,"Snecko Eye":17,"CultistMask":29,"Mark of Pain":17,"StrikeDummy":6,"Regal Pillow":0,"Lantern":26,"Singing Bowl":25,"Bag of Preparation":4,"Ancient Tea Set":43,"Smiling Mask":47,"Cursed Key":34,"Shovel":0,"Toolbox":8,"WingedGreaves":0,"Ring of the Snake":0,"Potion Belt":44,"Lee\u0027s Waffle":12,"NeowsBlessing":0,"Golden Idol":0,"Self Forming Clay":26,"Thread and Needle":53,"The Courier":9,"swapstartingdeckmod:Bellows":0,"PreservedInsect":3,"Omamori":30,"Frozen Egg 2":23,"GoldenEye":8,"MawBank":42,"Ornamental Fan":46,"betterThird:SlimedRelic":12,"Orrery":0,"StSpp:BrokenTotem":7,"Ectoplasm":0,"Turnip":46,"Art of War":30,"Bottled Lightning":54,"Toy Ornithopter":23,"Gremlin Horn":6,"CeramicFish":48,"Vajra":28,"Sozu":0,"Centennial Puzzle":13,"Lizard Tail":10,"HornCleat":30,"Strawberry":25,"Prayer Wheel":29,"Toxic Egg 2":23,"StSpp:XCola":13,"Girya":37,"Happy Flower":26,"Astrolabe":17,"Dead Branch":30,"Oddly Smooth Stone":13,"Letter Opener":24,"War Paint":40,"Question Card":38,"WarpedTongs":7,"Bottled Flame":10,"Shuriken":38,"Bronze Scales":0,"Molten Egg 2":26,"Black Star":17,"Pocketwatch":6,"Meat on the Bone":25,"Darkstone Periapt":43,"Mango":24,"Snake Skull":0,"Juzu Bracelet":10,"Incense Burner":6,"StSpp:CrystalBall":17,"ClockworkSouvenir":0,"Nunchaku":53,"Dream Catcher":27,"Mummified Hand":0,"Pantograph":0,"Tiny Chest":0,"Red Mask":21,"Cracked Core":0,"Red Skull":7,"infinitespire:FocusingShard":14,"StSpp:SailingBoat":45,"Orichalcum":0,"Peace Pipe":39,"DataDisk":40,"Anchor":23,"CaptainsWheel":45,"infinitespire:Satchel":38,"Coffee Dripper":34,"Bag of Marbles":0,"Membership Card":10,"TungstenRod":0,"FossilizedHelix":0},{"Whetstone":4,"Bottled Tornado":28,"Sling":43,"Boot":135,"Sundial":65,"MealTicket":110,"Fusion Hammer":70,"Kunai":239,"Runic Cube":218,"Pear":76,"Blue Candle":133,"Eternal Feather":81,"Pen Nib":222,"Akabeko":206,"Cables":0,"SlaversCollar":121,"Bird Faced Urn":9,"Snecko Eye":42,"CultistMask":142,"Mark of Pain":169,"StrikeDummy":37,"Regal Pillow":33,"Lantern":223,"Singing Bowl":19,"Bag of Preparation":48,"Ancient Tea Set":98,"Smiling Mask":183,"Cursed Key":228,"Shovel":185,"Toolbox":109,"WingedGreaves":46,"Ring of the Snake":0,"Potion Belt":99,"Lee\u0027s Waffle":67,"NeowsBlessing":61,"Golden Idol":0,"Self Forming Clay":141,"Thread and Needle":237,"The Courier":50,"swapstartingdeckmod:Bellows":105,"PreservedInsect":241,"Omamori":120,"Frozen Egg 2":17,"GoldenEye":38,"MawBank":206,"Ornamental Fan":101,"betterThird:SlimedRelic":216,"Orrery":46,"StSpp:BrokenTotem":215,"Ectoplasm":78,"Turnip":235,"Art of War":226,"Bottled Lightning":32,"Toy Ornithopter":3,"Gremlin Horn":265,"CeramicFish":30,"Vajra":20,"Sozu":0,"Centennial Puzzle":52,"Lizard Tail":82,"HornCleat":21,"Strawberry":76,"Prayer Wheel":120,"Toxic Egg 2":158,"StSpp:XCola":269,"Girya":25,"Happy Flower":174,"Astrolabe":85,"Dead Branch":91,"Oddly Smooth Stone":135,"Letter Opener":45,"War Paint":97,"Question Card":25,"WarpedTongs":148,"Bottled Flame":39,"Shuriken":25,"Bronze Scales":0,"Molten Egg 2":19,"Black Star":54,"Pocketwatch":9,"Meat on the Bone":174,"Darkstone Periapt":123,"Mango":198,"Snake Skull":46,"Juzu Bracelet":66,"Incense Burner":164,"StSpp:CrystalBall":193,"ClockworkSouvenir":239,"Nunchaku":31,"Dream Catcher":77,"Mummified Hand":0,"Pantograph":0,"Tiny Chest":239,"Red Mask":73,"Cracked Core":0,"Red Skull":188,"infinitespire:FocusingShard":248,"StSpp:SailingBoat":234,"Orichalcum":46,"Peace Pipe":230,"DataDisk":27,"Anchor":117,"CaptainsWheel":207,"infinitespire:Satchel":258,"Coffee Dripper":23,"Bag of Marbles":128,"Membership Card":215,"TungstenRod":239,"FossilizedHelix":239},{"Whetstone":18,"Bottled Tornado":90,"Sling":156,"Boot":533,"Sundial":230,"MealTicket":431,"Fusion Hammer":257,"Kunai":987,"Runic Cube":886,"Pear":283,"Blue Candle":524,"Eternal Feather":304,"Pen Nib":906,"Akabeko":827,"Cables":0,"SlaversCollar":470,"Bird Faced Urn":31,"Snecko Eye":150,"CultistMask":569,"Mark of Pain":674,"StrikeDummy":121,"Regal Pillow":102,"Lantern":911,"Singing Bowl":61,"Bag of Preparation":176,"Ancient Tea Set":384,"Smiling Mask":731,"Cursed Key":934,"Shovel":739,"Toolbox":427,"WingedGreaves":169,"Ring of the Snake":0,"Potion Belt":388,"Lee\u0027s Waffle":239,"NeowsBlessing":219,"Golden Idol":0,"Self Forming Clay":565,"Thread and Needle":976,"The Courier":182,"swapstartingdeckmod:Bellows":417,"PreservedInsect":994,"Omamori":464,"Frozen Egg 2":54,"GoldenEye":124,"MawBank":827,"Ornamental Fan":396,"betterThird:SlimedRelic":870,"Orrery":169,"StSpp:BrokenTotem":867,"Ectoplasm":289,"Turnip":963,"Art of War":923,"Bottled Lightning":99,"Toy Ornithopter":14,"Gremlin Horn":1086,"CeramicFish":94,"Vajra":64,"Sozu":0,"Centennial Puzzle":191,"Lizard Tail":312,"HornCleat":66,"Strawberry":283,"Prayer Wheel":464,"Toxic Egg 2":634,"StSpp:XCola":1100,"Girya":81,"Happy Flower":693,"Astrolabe":329,"Dead Branch":355,"Oddly Smooth Stone":533,"Letter Opener":167,"War Paint":380,"Question Card":81,"WarpedTongs":592,"Bottled Flame":133,"Shuriken":81,"Bronze Scales":0,"Molten Egg 2":61,"Black Star":200,"Pocketwatch":31,"Meat on the Bone":693,"Darkstone Periapt":477,"Mango":799,"Snake Skull":169,"Juzu Bracelet":234,"Incense Burner":656,"StSpp:CrystalBall":781,"ClockworkSouvenir":987,"Nunchaku":96,"Dream Catcher":287,"Mummified Hand":0,"Pantograph":0,"Tiny Chest":987,"Red Mask":270,"Cracked Core":0,"Red Skull":753,"infinitespire:FocusingShard":1016,"StSpp:SailingBoat":960,"Orichalcum":169,"Peace Pipe":940,"DataDisk":86,"Anchor":454,"CaptainsWheel":832,"infinitespire:Satchel":1064,"Coffee Dripper":73,"Bag of Marbles":499,"Membership Card":867,"TungstenRod":987,"FossilizedHelix":987}],"Burning Blood":825},"card_choices":[{"not_picked":["StSpp:MuscleMemory","Uppercut"],"picked":"Inflame","floor":1},{"not_picked":["StSpp:Succumb","Sever Soul"],"picked":"Armaments","floor":5}],"player_experience":513934,"relics_obtained":[],"event_choices":[{"damage_healed":0,"gold_gain":0,"player_choice":"RENOUNCE","damage_taken":66,"max_hp_gain":0,"max_hp_loss":0,"event_name":"betterThird:BetterSerpent","floor":3,"gold_loss":66,"cards_obtained":["Enlightenment"]},{"damage_healed":0,"gold_gain":0,"player_choice":"Take Damage","damage_taken":21,"relics_obtained":["Golden Idol"],"max_hp_gain":0,"max_hp_loss":0,"event_name":"Golden Idol","floor":4,"gold_loss":0}],"is_beta":false,"boss_relics":[],"items_purged_floors":[],"is_endless":false,"potions_floor_spawned":[5],"killed_by":"3 Sentries","ascension_level":2}}