{"host":"ydg0vn0pu4pubmdt","time":1612892490,"event":{"mods":["AchievementEnabler","BaseMod","Colored Map","Gold Saver","Minty Spire (QoL Compilation)","Quick Restart","SuperFastMode"],"gold_per_floor":[694,162,162,172,172,172,27,27,27,39,54,54,54,81,81,155,155,172,185,202,54,54,88,100,147,159,197,226,153,165,195,207,298,310,338,77,87,103,103,133,133,163,163,196,46,60,73,98,98,98],"floor_reached":51,"language":"KOR","playtime":1306,"items_purged":["Strike_P","Defend_P","Defend_P","FollowUp"],"score":1788,"play_id":"0bbf13fd-3941-44ce-9863-cd9926c05e16","local_time":"20210210024130","is_ascension_mode":true,"campfire_choices":[{"data":"Eruption","floor":6.0,"key":"SMITH"},{"data":"Scrawl","floor":8.0,"key":"SMITH"},{"data":"Adaptation","floor":12.0,"key":"SMITH"},{"data":"MentalFortress","floor":15.0,"key":"SMITH"},{"floor":32.0,"key":"REST"},{"data":"Scrawl","floor":41.0,"key":"SMITH"},{"floor":49,"key":"REST"}],"circlet_count":0,"master_deck":["AscendersBane","Eruption+1","Vigilance","Scrawl+1","Apotheosis+1","Tantrum","MentalFortress+1","EmptyFist","Adaptation+1","Scrawl+1","Adaptation+1","InnerPeace","Devotion","ThirdEye","Fasting2+1"],"relics":["PureWater","Kunai","Pear","Ancient Tea Set","VioletLotus","DollysMirror","MawBank","Dream Catcher","Blue Candle","Mercury Hourglass","PreservedInsect","Empty Cage","Centennial Puzzle","Frozen Egg 2","Nunchaku","Darkstone Periapt","Vajra","Du-Vu Doll"],"acts_visited":["Exordium","TheCity","TheBeyond"],"potions_floor_usage":[50,50],"damage_taken":[{"damage":8.0,"enemies":"Small Slimes","floor":1.0,"turns":4.0},{"damage":0.0,"enemies":"Cultist","floor":4.0,"turns":2.0},{"damage":0.0,"enemies":"Jaw Worm","floor":10.0,"turns":2.0},{"damage":6.0,"enemies":"Exordium Thugs","floor":11.0,"turns":3.0},{"damage":0.0,"enemies":"Gremlin Nob","floor":14.0,"turns":2.0},{"damage":0.0,"enemies":"Slime Boss","floor":16.0,"turns":6.0},{"damage":0.0,"enemies":"2 Thieves","floor":18.0,"turns":3.0},{"damage":0.0,"enemies":"3 Byrds","floor":19.0,"turns":3.0},{"damage":0.0,"enemies":"Snecko","floor":20.0,"turns":3.0},{"damage":30.0,"enemies":"Book of Stabbing","floor":23.0,"turns":4.0},{"damage":29.0,"enemies":"Slavers","floor":25.0,"turns":3.0},{"damage":0.0,"enemies":"Gremlin Leader","floor":27.0,"turns":3.0},{"damage":0.0,"enemies":"Sentry and Sphere","floor":28.0,"turns":2.0},{"damage":0.0,"enemies":"Cultist and Chosen","floor":31.0,"turns":2.0},{"damage":14.0,"enemies":"Champ","floor":33.0,"turns":2.0},{"damage":0.0,"enemies":"3 Darklings","floor":35.0,"turns":2.0},{"damage":0.0,"enemies":"3 Shapes","floor":37.0,"turns":1.0},{"damage":0.0,"enemies":"Spire Growth","floor":38.0,"turns":2.0},{"damage":0.0,"enemies":"Reptomancer","floor":40.0,"turns":1.0},{"damage":0.0,"enemies":"Nemesis","floor":42.0,"turns":1.0},{"damage":0.0,"enemies":"Reptomancer","floor":44.0,"turns":2.0},{"damage":0.0,"enemies":"3 Darklings","floor":46.0,"turns":1.0},{"damage":0,"enemies":"Sphere and 2 Shapes","floor":47,"turns":1},{"damage":0,"enemies":"Mind Bloom Boss Battle","floor":48,"turns":1},{"damage":0,"enemies":"Donu and Deca","floor":50,"turns":2}],"seed_played":"6625597028987430867","potions_obtained":[{"floor":10.0,"key":"Ancient Potion"},{"floor":11.0,"key":"AttackPotion"},{"floor":14.0,"key":"BlessingOfTheForge"},{"floor":28.0,"key":"PowerPotion"},{"floor":35.0,"key":"FearPotion"}],"is_trial":false,"path_per_floor":["M","$","?","M","?","R","$","R","T","M","M","R","$","E","R","B",null,"M","M","M","$","?","E","$","E","T","E","M","?","?","M","R","B",null,"M","$","M","M","?","E","R","E","T","E","$","M","M","?","R","B",null],"character_chosen":"WATCHER","items_purchased":["Kunai","Apotheosis","Tantrum","EmptyFist","DollysMirror","Centennial Puzzle"],"campfire_rested":2,"item_purchase_floors":[2,2,2,7,21,36],"current_hp_per_floor":[53,53,53,53,53,53,53,53,63,63,57,57,57,57,57,57,73,73,73,73,73,73,43,43,14,14,14,14,14,14,14,37,23,64,64,64,64,64,54,54,54,54,54,54,54,54,54,54,77,77],"gold":98,"neow_bonus":"ONE_RANDOM_RARE_CARD","is_daily":false,"chose_seed":false,"campfire_upgraded":5,"win_rate":0.0,"timestamp":1612892490,"path_taken":["M","$","?","?","?","R","$","R","T","M","M","R","?","E","R","BOSS","M","M","M","$","?","E","$","E","T","E","M","?","?","M","R","BOSS","M","$","M","M","?","E","R","E","T","E","$","M","M","?","R","BOSS"],"items_purchased_type":["Relic","Card","Card","Card","Relic","Relic"],"build_version":"2020-12-22","purchased_purges":4,"victory":true,"max_hp_per_floor":[68,68,68,68,68,68,68,68,78,78,78,78,78,78,78,78,78,78,78,78,78,78,78,78,78,78,78,78,78,78,78,78,78,78,78,78,78,78,78,78,78,78,78,78,78,78,78,78,78,78],"card_choices":[{"not_picked":["Crescendo","Wallop"],"picked":"FollowUp","floor":1.0},{"not_picked":["Protect","ClearTheMind","Evaluate"],"picked":"SKIP","floor":4.0},{"not_picked":["FlyingSleeves","BattleHymn"],"picked":"Adaptation","floor":10.0},{"not_picked":["Swivel","ReachHeaven","JustLucky"],"picked":"SKIP","floor":11.0},{"not_picked":["DeusExMachina","Consecrate","CutThroughFate"],"picked":"SKIP","floor":14.0},{"not_picked":["Judgement","DevaForm"],"picked":"Scrawl","floor":16.0},{"not_picked":["ThirdEye","Halt","Perseverance+1"],"picked":"SKIP","floor":18.0},{"not_picked":["Pray","CarveReality","Sanctity"],"picked":"SKIP","floor":19.0},{"not_picked":["FlurryOfBlows","ThirdEye","ClearTheMind"],"picked":"SKIP","floor":20.0},{"not_picked":["ThirdEye","ReachHeaven","CarveReality+1"],"picked":"SKIP","floor":23.0},{"not_picked":["FlurryOfBlows","Protect","DeusExMachina"],"picked":"SKIP","floor":25.0},{"not_picked":["Prostrate","Wish"],"picked":"InnerPeace","floor":27.0},{"not_picked":["Halt","CrushJoints","EmptyFist+1"],"picked":"SKIP","floor":28.0},{"not_picked":["Protect","Study+1","MentalFortress"],"picked":"SKIP","floor":31.0},{"not_picked":["BowlingBash","ThirdEye","ClearTheMind+1"],"picked":"SKIP","floor":35.0},{"not_picked":["Meditate+1","MentalFortress","ClearTheMind"],"picked":"SKIP","floor":37.0},{"not_picked":["Prostrate","Pray+1","Perseverance"],"picked":"SKIP","floor":38.0},{"not_picked":["Crescendo+1","Halt","EmptyFist"],"picked":"SKIP","floor":40.0},{"not_picked":["FollowUp","Prostrate","Halt"],"picked":"SKIP","floor":42.0},{"not_picked":["Vengeance+1","Pray"],"picked":"Fasting2+1","floor":44.0},{"not_picked":["ReachHeaven","Protect","WindmillStrike"],"picked":"SKIP","floor":46.0},{"not_picked":["LikeWater+1","EmptyFist","Crescendo"],"picked":"SKIP","floor":47}],"player_experience":528276,"relics_obtained":[{"floor":9.0,"key":"Pear"},{"floor":14.0,"key":"Ancient Tea Set"},{"floor":23.0,"key":"MawBank"},{"floor":25.0,"key":"Dream Catcher"},{"floor":26.0,"key":"Blue Candle"},{"floor":27.0,"key":"Mercury Hourglass"},{"floor":40.0,"key":"Frozen Egg 2"},{"floor":42.0,"key":"Nunchaku"},{"floor":43.0,"key":"Darkstone Periapt"},{"floor":44.0,"key":"Vajra"},{"floor":48,"key":"Du-Vu Doll"}],"event_choices":[{"damage_healed":0.0,"max_hp_gain":0.0,"max_hp_loss":0.0,"gold_gain":0.0,"event_name":"Upgrade Shrine","player_choice":"Upgraded","floor":3.0,"gold_loss":0.0,"damage_taken":0.0,"cards_upgraded":["Apotheosis"]},{"damage_healed":0.0,"max_hp_gain":0.0,"max_hp_loss":0.0,"gold_gain":0.0,"cards_transformed":["Strike_P"],"event_name":"Transmorgrifier","player_choice":"Transformed","floor":5.0,"gold_loss":0.0,"damage_taken":0.0,"cards_obtained":["MentalFortress"]},{"damage_healed":0.0,"max_hp_gain":0.0,"max_hp_loss":0.0,"gold_gain":0.0,"event_name":"Cursed Tome","player_choice":"Ignored","floor":22.0,"gold_loss":0.0,"damage_taken":0.0},{"damage_healed":0.0,"max_hp_gain":0.0,"max_hp_loss":0.0,"gold_gain":0.0,"event_name":"Addict","player_choice":"Obtained Relic","floor":29.0,"gold_loss":85.0,"damage_taken":0.0,"relics_obtained":["PreservedInsect"]},{"damage_healed":0.0,"max_hp_gain":0.0,"max_hp_loss":0.0,"gold_gain":0.0,"cards_transformed":["Strike_P","Defend_P"],"event_name":"Drug Dealer","player_choice":"Became Test Subject","floor":30.0,"gold_loss":0.0,"damage_taken":0.0,"cards_obtained":["Devotion","ThirdEye"]},{"damage_healed":0.0,"max_hp_gain":0.0,"max_hp_loss":0.0,"gold_gain":0.0,"event_name":"SensoryStone","player_choice":"Memory 3","floor":39.0,"gold_loss":0.0,"damage_taken":10.0},{"damage_healed":0,"gold_gain":0,"player_choice":"Fight","damage_taken":0,"max_hp_gain":0,"max_hp_loss":0,"event_name":"MindBloom","floor":48,"gold_loss":0}],"is_beta":false,"boss_relics":[{"not_picked":["Runic Pyramid","SlaversCollar"],"picked":"VioletLotus"},{"not_picked":["Sozu","Black Star"],"picked":"Empty Cage"}],"items_purged_floors":[2,7,36,45],"is_endless":false,"potions_floor_spawned":[10,11,14,18,19,28,31,35,40,42,44],"ascension_level":15}}