{"host":"7caq7bqinjqlxdab","time":1612897113,"event":{"mods":["AchievementEnabler","Aspiration","BaseMod","Better Third Choice","BetterRewards","Bossed Relics","Colored Map","Colored Powertips","Conspire","Curses Come First","Downfall","Hermit","Highlight Path","Hubris","Infinite Spire","Minty Spire (QoL Compilation)","Quick Restart","Rare Cards Sparkle","Replay The Spire","Shop Mod","StSLib","Transform Curses"],"gold_per_floor":[111,123,298,298,313,348,348,358,358,433,433,453,470,545,545,545,545],"floor_reached":16,"language":"ENG","playtime":771,"items_purged":[],"score":102,"play_id":"a8712c00-7f5b-4a36-811e-7cc0bb1420c5","local_time":"20210209195833","is_ascension_mode":false,"campfire_choices":[{"floor":7,"key":"REST"},{"floor":11,"key":"REST"},{"floor":15,"key":"REST"}],"circlet_count":0,"master_deck":["Strike_B","Strike_B","Strike_B","Strike_B","Defend_B","Defend_B","Defend_B","Defend_B","Zap","Dualcast","Static Discharge","Hologram","Doubt","ReplayTheSpireMod:Dual Polarity","Loop","ReplaySolidLightProjector","Streamline"],"relics":["Cracked Core","Blue Candle","Replay:Wax Seal","hubris:DeckOfHolding"],"acts_visited":["Exordium"],"potions_floor_usage":[6,6],"damage_taken":[{"damage":7,"enemies":"Small Slimes","floor":1,"turns":2},{"damage":6,"enemies":"Jaw Worm","floor":2,"turns":3},{"damage":6,"enemies":"2 Louse","floor":5,"turns":3},{"damage":14,"enemies":"Gremlin Nob","floor":6,"turns":3},{"damage":16,"enemies":"Red Slaver","floor":8,"turns":4},{"damage":7,"enemies":"Blue Slaver","floor":12,"turns":3},{"damage":9,"enemies":"2 Fungi Beasts","floor":13,"turns":5},{"damage":0,"enemies":"The Guardian","floor":16,"turns":1}],"seed_played":"2446356620873943811","potions_obtained":[{"floor":1,"key":"AttackPotion"},{"floor":2,"key":"Explosive Potion"},{"floor":5,"key":"Cursed Concoction"}],"is_trial":false,"path_per_floor":["M","M","?","?","M","E","R","M","T","?","R","M","M","?","R","B"],"character_chosen":"DEFECT","items_purchased":[],"campfire_rested":3,"item_purchase_floors":[],"current_hp_per_floor":[75,69,69,64,58,44,68,52,52,44,68,61,52,41,65,65,65],"gold":545,"neow_bonus":"TEN_PERCENT_HP_BONUS","is_daily":false,"chose_seed":false,"campfire_upgraded":0,"win_rate":0.0,"timestamp":1612897113,"path_taken":["M","M","?","?","M","E","R","M","T","?","R","?","M","?","R","BOSS"],"items_purchased_type":[],"build_version":"2020-12-22","purchased_purges":0,"victory":false,"max_hp_per_floor":[82,82,82,82,82,82,82,82,82,82,82,82,82,82,82,82,82],"card_choices":[{"not_picked":["Reprogram","Ball Lightning"],"picked":"Static Discharge","floor":1},{"not_picked":["Consume","Leap"],"picked":"Hologram","floor":2},{"not_picked":["ReplayTheSpireMod:System Scan","Coolheaded"],"picked":"ReplayTheSpireMod:Dual Polarity","floor":5},{"not_picked":["Steam Power","Leap"],"picked":"Loop","floor":6},{"not_picked":["Rainbow","Ball Lightning"],"picked":"ReplaySolidLightProjector","floor":8},{"not_picked":["Turbo","Steam"],"picked":"Streamline","floor":12},{"not_picked":["Rebound","Hologram","Genetic Algorithm"],"picked":"SKIP","floor":13}],"player_experience":654176,"relics_obtained":[{"floor":6,"key":"Replay:Wax Seal"},{"floor":9,"key":"hubris:DeckOfHolding"}],"event_choices":[{"damage_healed":0,"gold_gain":175,"player_choice":"AGREE","damage_taken":123,"max_hp_gain":0,"max_hp_loss":0,"event_name":"betterThird:BetterSerpent","floor":3,"gold_loss":0},{"damage_healed":0,"gold_gain":75,"player_choice":"Touch","damage_taken":8,"max_hp_gain":0,"max_hp_loss":0,"event_name":"FaceTrader","floor":10,"gold_loss":0},{"damage_healed":0,"gold_gain":75,"player_choice":"Gold","damage_taken":11,"max_hp_gain":0,"max_hp_loss":0,"event_name":"betterThird:BetterGoop","floor":14,"gold_loss":0}],"is_beta":false,"boss_relics":[],"items_purged_floors":[],"is_endless":false,"potions_floor_spawned":[1,2,5],"killed_by":"The Guardian","ascension_level":0}}