{"host":"qy1e0kd24tpj3i2m","time":1612897337,"event":{"mods":["Act Like it!","BaseMod","Better Skull","Better Vampires","Colored Map","Colored Powertips","Custom Start","Displayed Cursed Tome","Faster Ascension Climbing","Friendly Minions","GifTheSpireLib","Gremlin Skip","Highlight Path","Minty Spire (QoL Compilation)","Permanent Neow","Poor People Problems","Quick Restart","Red Circlet Mod","Relic Filter Mod","Relic Sorter","Reorder Act Four","SacredBarkPlus","Shop Mod","StSLib","SuperFastMode","Transform Curses","没有小屋子和绿帽子啦"],"gold_per_floor":[119,194,194,194,194,194,228,228,254,274,55,79,94,44,44,142,142,165,181,181,13,13,48,4,4,4],"floor_reached":25,"language":"ZHS","playtime":589,"items_purged":["Injury","Bash"],"score":509,"play_id":"92479e4e-2265-4746-b149-a82b4ae7b38e","local_time":"20210210040217","is_ascension_mode":true,"campfire_choices":[{"data":"Blood for Blood","floor":6.0,"key":"SMITH"},{"data":"Spot Weakness","floor":8.0,"key":"SMITH"},{"data":"True Grit","floor":15.0,"key":"SMITH"}],"circlet_count":0,"master_deck":["AscendersBane","Defend_R","Defend_R","Defend_R","Defend_R","Fire Breathing","Blood for Blood+1","Spot Weakness+1","True Grit+1","Pommel Strike","Pommel Strike","Berserk","Rage","Bite","Bite","Bite","Bite","Bite","Blood for Blood+1","Seeing Red","Dark Embrace"],"relics":["Burning Blood","NeowsBlessing","HornCleat","Golden Idol","Toy Ornithopter","Smiling Mask","Black Star","PreservedInsect","Ginger","Orichalcum"],"acts_visited":["Exordium","TheCity"],"potions_floor_usage":[],"damage_taken":[{"damage":0.0,"enemies":"2 Louse","floor":1.0,"turns":1.0},{"damage":0.0,"enemies":"3 Sentries","floor":7.0,"turns":1.0},{"damage":0.0,"enemies":"Jaw Worm","floor":10.0,"turns":1.0},{"damage":0.0,"enemies":"Small Slimes","floor":12.0,"turns":4.0},{"damage":27.0,"enemies":"Gremlin Gang","floor":13.0,"turns":4.0},{"damage":34.0,"enemies":"The Guardian","floor":16.0,"turns":12.0},{"damage":52.0,"enemies":"Shell Parasite","floor":18.0,"turns":7.0},{"damage":27.0,"enemies":"Chosen","floor":19.0,"turns":5.0},{"damage":22.0,"enemies":"Book of Stabbing","floor":23.0,"turns":4.0},{"damage":10,"enemies":"Gremlin Leader","floor":25,"turns":5}],"seed_played":"7125636720393281584","potions_obtained":[{"floor":7.0,"key":"PowerPotion"},{"floor":16.0,"key":"BloodPotion"},{"floor":19.0,"key":"DuplicationPotion"}],"is_trial":false,"path_per_floor":["M","?","?","?","?","R","E","R","T","M","$","M","M","$","R","B",null,"M","M","?","$","?","E","$","E"],"character_chosen":"IRONCLAD","items_purchased":["Blood Vial","PreservedInsect","Dark Embrace"],"campfire_rested":0,"item_purchase_floors":[11,21,24],"current_hp_per_floor":[74,63,63,63,63,63,69,69,69,75,75,75,54,54,54,33,65,41,22,22,22,22,19,19,17,17],"gold":4,"neow_bonus":"THREE_ENEMY_KILL","is_daily":false,"chose_seed":false,"campfire_upgraded":3,"win_rate":0.0,"timestamp":1612897337,"path_taken":["M","?","?","?","?","R","E","R","T","M","$","M","M","$","R","BOSS","M","M","?","$","?","E","$","E"],"items_purchased_type":["Relic","Relic","Card"],"build_version":"2020-12-22","purchased_purges":2,"victory":false,"max_hp_per_floor":[75,75,75,75,75,75,75,75,75,75,75,75,75,75,75,75,75,75,75,75,75,75,75,75,75,75],"card_choices":[{"not_picked":["Clash","Armaments"],"picked":"Fire Breathing","floor":1.0},{"not_picked":["Dual Wield","Havoc"],"picked":"Spot Weakness","floor":7.0},{"not_picked":["Havoc","Warcry"],"picked":"True Grit","floor":10.0},{"not_picked":["Iron Wave","Clothesline"],"picked":"Pommel Strike","floor":12.0},{"not_picked":["Thunderclap","Battle Trance"],"picked":"Pommel Strike","floor":13.0},{"not_picked":["Fiend Fire","Bludgeon"],"picked":"Berserk","floor":16.0},{"not_picked":["Battle Trance","Power Through"],"picked":"Rage","floor":18.0},{"not_picked":["Warcry","Cleave","Dual Wield"],"picked":"SKIP","floor":19.0},{"not_picked":["Twin Strike","Cleave"],"picked":"Seeing Red","floor":23.0}],"player_experience":1001113,"relics_obtained":[{"floor":7.0,"key":"Toy Ornithopter"},{"floor":9.0,"key":"Smiling Mask"},{"floor":23.0,"key":"Ginger"},{"floor":23.0,"key":"Orichalcum"}],"event_choices":[{"damage_healed":0.0,"max_hp_gain":0.0,"max_hp_loss":0.0,"gold_gain":75.0,"event_name":"World of Goop","player_choice":"Gather Gold","floor":2.0,"gold_loss":0.0,"damage_taken":11.0},{"damage_healed":0.0,"max_hp_gain":0.0,"max_hp_loss":0.0,"gold_gain":0.0,"event_name":"Big Fish","player_choice":"Box","floor":3.0,"gold_loss":0.0,"damage_taken":0.0,"relics_obtained":["HornCleat"],"cards_obtained":["Regret"]},{"damage_healed":0.0,"max_hp_gain":0.0,"max_hp_loss":0.0,"gold_gain":0.0,"event_name":"Golden Idol","player_choice":"Take Wound","floor":4.0,"gold_loss":0.0,"damage_taken":0.0,"relics_obtained":["Golden Idol"],"cards_obtained":["Injury"]},{"damage_healed":0.0,"max_hp_gain":0.0,"max_hp_loss":0.0,"gold_gain":0.0,"cards_transformed":["Regret"],"event_name":"Living Wall","player_choice":"Change","floor":5.0,"gold_loss":0.0,"damage_taken":0.0,"cards_obtained":["Blood for Blood"]},{"damage_healed":0.0,"max_hp_gain":0.0,"max_hp_loss":0.0,"gold_gain":0.0,"event_name":"Vampires","player_choice":"Became a vampire (Vial)","floor":20.0,"relics_lost":["Blood Vial"],"gold_loss":0.0,"damage_taken":0.0,"cards_obtained":["Bite","Bite","Bite","Bite","Bite"]},{"damage_healed":0.0,"max_hp_gain":0.0,"max_hp_loss":0.0,"gold_gain":0.0,"event_name":"Duplicator","player_choice":"Copied","floor":22.0,"gold_loss":0.0,"damage_taken":0.0,"cards_obtained":["Blood for Blood"]}],"is_beta":false,"boss_relics":[{"not_picked":["Pandora\u0027s Box","Philosopher\u0027s Stone"],"picked":"Black Star"}],"items_purged_floors":[11,14],"is_endless":false,"potions_floor_spawned":[7,16,19],"killed_by":"Gremlin Leader","ascension_level":20}}