{"host":"ixpjvd0r4p7lnmut","time":1612860294,"event":{"mods":["Act Like it!","BaseMod","Block Reminder","Colored Map","Colored Powertips","Minty Spire (QoL Compilation)","Rare Cards Sparkle","Relic Stats","StSLib","The Bug Knight"],"gold_per_floor":[111,175,32,44,57,89,89,109,109,109,42,117,132,166,166,166,166],"floor_reached":16,"language":"ENG","playtime":541,"items_purged":[],"score":110,"play_id":"7b8c9430-d651-47e0-8a6c-458c0818e347","local_time":"20210209004454","is_ascension_mode":false,"campfire_choices":[{"data":"HollowMod:MawleksShell","floor":7,"key":"SMITH"},{"data":"HollowMod:ZotesMagnificence","floor":10,"key":"SMITH"},{"floor":15,"key":"REST"}],"circlet_count":0,"master_deck":["HollowMod:NailStrikeStart","HollowMod:NailStrikeStart","HollowMod:NailStrikeStart","HollowMod:NailStrikeStart","HollowMod:QuickDashStart","HollowMod:QuickDashStart","HollowMod:QuickDashStart","HollowMod:QuickDashStart","HollowMod:FocusHealStart","HollowMod:PogoStrike","HollowMod:HeavyBlow","HollowMod:GreatSlash","HollowMod:ShapeofUnn","HollowMod:MawleksShell+1","HollowMod:ZotesMagnificence+1","HollowMod:DesolateDive","HollowMod:CycloneSlash","HollowMod:MonarchWings"],"relics":["HollowMod:VesselMask","Akabeko","Lantern","Mercury Hourglass","HollowMod:MantisClawRelic","Darkstone Periapt"],"acts_visited":["Exordium"],"potions_floor_usage":[8,14,16],"damage_taken":[{"damage":1,"enemies":"Cultist","floor":1,"turns":3},{"damage":3,"enemies":"Small Slimes","floor":4,"turns":2},{"damage":0,"enemies":"2 Louse","floor":5,"turns":1},{"damage":13,"enemies":"3 Sentries","floor":6,"turns":4},{"damage":0,"enemies":"Large Slime","floor":8,"turns":2},{"damage":4,"enemies":"Exordium Wildlife","floor":13,"turns":2},{"damage":22,"enemies":"Lagavulin","floor":14,"turns":4},{"damage":66,"enemies":"Slime Boss","floor":16,"turns":8}],"seed_played":"3278886365767860101","potions_obtained":[{"floor":5,"key":"ColorlessPotion"},{"floor":13,"key":"ColorlessPotion"},{"floor":14,"key":"EssenceOfSteel"}],"is_trial":false,"path_per_floor":["M","?","$","M","M","E","R","M","T","R","$","?","M","E","R","B"],"character_chosen":"THE_BUGKNIGHT","items_purchased":["Lantern","HollowMod:DesolateDive"],"campfire_rested":1,"item_purchase_floors":[3,11],"current_hp_per_floor":[74,74,74,71,71,64,64,64,64,64,64,53,49,33,55,0,0],"gold":166,"neow_bonus":"RANDOM_COMMON_RELIC","is_daily":false,"chose_seed":false,"campfire_upgraded":2,"win_rate":0.0,"timestamp":1612860294,"path_taken":["M","?","$","M","M","E","R","M","T","R","$","?","M","E","R","BOSS"],"items_purchased_type":["Relic","Card"],"build_version":"2020-12-22","purchased_purges":0,"victory":false,"max_hp_per_floor":[75,75,75,75,75,75,75,75,75,75,75,75,75,75,75,75,75],"relic_stats":{"Darkstone Periapt":0,"counters":[8,26],"obtain_stats":[{"Darkstone Periapt":14,"Lantern":3,"HollowMod:VesselMask":0,"HollowMod:MantisClawRelic":9,"Akabeko":0,"Mercury Hourglass":6},{"Darkstone Periapt":7,"Lantern":1,"HollowMod:VesselMask":0,"HollowMod:MantisClawRelic":5,"Akabeko":0,"Mercury Hourglass":4},{"Darkstone Periapt":18,"Lantern":3,"HollowMod:VesselMask":0,"HollowMod:MantisClawRelic":12,"Akabeko":0,"Mercury Hourglass":10}],"Mercury Hourglass":[81]},"card_choices":[{"not_picked":["HollowMod:CloakDash","HollowMod:FastStrike"],"picked":"HollowMod:HeavyBlow","floor":1},{"not_picked":["HollowMod:RecoilStrike","HollowMod:SiblingsShadow"],"picked":"HollowMod:GreatSlash","floor":4},{"not_picked":["HollowMod:FastStrike","HollowMod:HeavyBlow"],"picked":"HollowMod:ShapeofUnn","floor":5},{"not_picked":["HollowMod:DescendingDark","HollowMod:ChannelNail"],"picked":"HollowMod:MawleksShell","floor":6},{"not_picked":["HollowMod:ShapeofUnn","HollowMod:LuriensSpire"],"picked":"HollowMod:ZotesMagnificence","floor":8},{"not_picked":["HollowMod:CoiledNail","HollowMod:WraithStrike"],"picked":"HollowMod:CycloneSlash","floor":13},{"not_picked":["HollowMod:DreamGate","HollowMod:MonomonsArchive"],"picked":"HollowMod:MonarchWings","floor":14}],"player_experience":145955,"relics_obtained":[{"floor":6,"key":"Mercury Hourglass"},{"floor":9,"key":"HollowMod:MantisClawRelic"},{"floor":14,"key":"Darkstone Periapt"}],"event_choices":[{"damage_healed":0,"gold_gain":64,"player_choice":"Gained Gold","damage_taken":0,"max_hp_gain":0,"max_hp_loss":0,"event_name":"Golden Wing","floor":2,"gold_loss":0},{"damage_healed":0,"gold_gain":75,"player_choice":"Gather Gold","damage_taken":11,"max_hp_gain":0,"max_hp_loss":0,"event_name":"World of Goop","floor":12,"gold_loss":0}],"is_beta":false,"boss_relics":[],"items_purged_floors":[],"is_endless":false,"potions_floor_spawned":[5,13,14],"killed_by":"Slime Boss","ascension_level":0}}