{"host":"f5gffvlv6a66yqkd","time":1612852300,"event":{"mods":["2.2 Compatiblity","BaseMod","Colored Map","Custom Start","DeckTracker","Keyboard Shortcuts","Minty Spire (QoL Compilation)","Permanent Neow","Quick Restart","Relic Stats","StSLib","SuperFastMode"],"gold_per_floor":[18,36,50,64,74,74,88,88,115,115,134,134,148,17,17,92,92,109,29,29,42,92,92,103,113,139,64,84,95,95,107,107,179,229,243,260,260,260],"floor_reached":37,"language":"KOR","playtime":1241,"items_purged":["Strike_B"],"score":763,"play_id":"fe65e64a-c241-4b9d-bf3e-7c9bb0cddbf7","local_time":"20210209153140","is_ascension_mode":true,"campfire_choices":[{"floor":6.0,"key":"REST"},{"data":"Reboot","floor":8.0,"key":"SMITH"},{"data":"Dualcast","floor":12.0,"key":"SMITH"},{"data":"Defragment","floor":15.0,"key":"SMITH"},{"floor":23.0,"key":"REST"},{"floor":30.0,"key":"RECALL"},{"floor":32,"key":"REST"}],"circlet_count":0,"master_deck":["AscendersBane","Strike_B","Strike_B","Defend_B","Defend_B","Defend_B","Defend_B","Zap","Dualcast+1","Coolheaded","Go for the Eyes","Ball Lightning","Turbo","Coolheaded","Cold Snap","Reboot+1","Genetic Algorithm","Gash","Recycle","FTL","Stack","Self Repair","BootSequence","Sunder","Meteor Strike","Defragment+1","Compile Driver","All For One","Hologram","Doom and Gloom","Loop","Reinforced Body","Compile Driver","Aggregate","Tempest","Defragment","Self Repair","Redo+1","White Noise+1","Rebound","Heatsinks+1","Coolheaded+1","Biased Cognition","Cold Snap","Glacier","Turbo","Defragment"],"relics":["Cracked Core","Prayer Wheel","Potion Belt","Fusion Hammer","Omamori","Tiny House"],"acts_visited":["Exordium","TheCity","TheBeyond"],"potions_floor_usage":[33,33,33],"damage_taken":[{"damage":2.0,"enemies":"Cultist","floor":1.0,"turns":4.0},{"damage":11.0,"enemies":"Small Slimes","floor":2.0,"turns":3.0},{"damage":7.0,"enemies":"2 Louse","floor":3.0,"turns":2.0},{"damage":9.0,"enemies":"Blue Slaver","floor":4.0,"turns":3.0},{"damage":12.0,"enemies":"Large Slime","floor":5.0,"turns":7.0},{"damage":3.0,"enemies":"Lots of Slimes","floor":7.0,"turns":4.0},{"damage":0.0,"enemies":"2 Fungi Beasts","floor":11.0,"turns":3.0},{"damage":0.0,"enemies":"Red Slaver","floor":13.0,"turns":3.0},{"damage":35.0,"enemies":"Hexaghost","floor":16.0,"turns":12.0},{"damage":16.0,"enemies":"2 Thieves","floor":18.0,"turns":4.0},{"damage":12.0,"enemies":"Shell Parasite","floor":21.0,"turns":5.0},{"damage":24.0,"enemies":"Snake Plant","floor":24.0,"turns":5.0},{"damage":0.0,"enemies":"Chosen and Byrds","floor":25.0,"turns":4.0},{"damage":0.0,"enemies":"Snecko","floor":28.0,"turns":4.0},{"damage":13.0,"enemies":"Snake Plant","floor":29.0,"turns":6.0},{"damage":23,"enemies":"Cultist and Chosen","floor":31,"turns":5},{"damage":36,"enemies":"Collector","floor":33,"turns":10},{"damage":39,"enemies":"3 Darklings","floor":35,"turns":13},{"damage":0,"enemies":"3 Shapes","floor":36,"turns":3},{"damage":52,"enemies":"Maw","floor":37,"turns":9}],"seed_played":"4324144129516992534","potions_obtained":[{"floor":2.0,"key":"SneckoOil"},{"floor":5.0,"key":"PowerPotion"},{"floor":11.0,"key":"FearPotion"},{"floor":16.0,"key":"PotionOfCapacity"},{"floor":18.0,"key":"LiquidMemories"},{"floor":21.0,"key":"FocusPotion"},{"floor":28.0,"key":"EssenceOfDarkness"},{"floor":29.0,"key":"FocusPotion"},{"floor":34,"key":"PotionOfCapacity"},{"floor":36,"key":"Dexterity Potion"}],"is_trial":false,"path_per_floor":["M","M","M","M","M","R","M","R","T","?","M","R","M","$","R","B",null,"M","$","?","M","?","R","M","M","T","$","M","M","R","M","R","B",null,"M","M","M"],"character_chosen":"DEFECT","items_purchased":["Defragment","Compile Driver","Loop"],"campfire_rested":3,"item_purchase_floors":[14,14,19],"current_hp_per_floor":[62,51,44,35,23,44,41,41,41,34,34,34,41,41,41,13,57,41,41,41,36,36,57,40,40,40,40,54,48,48,39,60,38,68,43,50,0,0],"gold":260,"neow_bonus":"ONE_RARE_RELIC","is_daily":false,"chose_seed":false,"campfire_upgraded":3,"win_rate":0.0,"timestamp":1612852300,"path_taken":["M","M","M","M","M","R","?","R","T","?","M","R","M","$","R","BOSS","M","$","?","M","?","R","M","M","T","$","M","M","R","M","R","BOSS","M","M","M"],"items_purchased_type":["Card","Card","Card"],"build_version":"2020-12-22","purchased_purges":1,"victory":false,"max_hp_per_floor":[71,71,71,71,71,71,71,71,71,71,71,71,71,71,71,71,71,71,71,71,71,71,71,71,71,71,71,71,71,71,71,71,71,76,76,76,76,76],"relic_stats":{"counters":[20,109],"Prayer Wheel":18,"obtain_stats":[{"Potion Belt":9,"Tiny House":34,"Prayer Wheel":0,"Fusion Hammer":17,"Omamori":26,"Cracked Core":0},{"Potion Belt":6,"Tiny House":17,"Prayer Wheel":0,"Fusion Hammer":9,"Omamori":13,"Cracked Core":0},{"Potion Belt":23,"Tiny House":84,"Prayer Wheel":0,"Fusion Hammer":41,"Omamori":59,"Cracked Core":0}]},"card_choices":[{"not_picked":["Auto Shields","Steam"],"picked":"Coolheaded","floor":1.0},{"not_picked":["Streamline","Aggregate"],"picked":"Go for the Eyes","floor":1.0},{"not_picked":["Fusion","Stack"],"picked":"Ball Lightning","floor":2.0},{"not_picked":["Stack","Rebound"],"picked":"Turbo","floor":2.0},{"not_picked":["Steam Power","Barrage"],"picked":"Coolheaded","floor":3.0},{"not_picked":["Steam","Streamline"],"picked":"Cold Snap","floor":3.0},{"not_picked":["Reinforced Body","Reprogram"],"picked":"Reboot","floor":4.0},{"not_picked":["Loop","Redo"],"picked":"Genetic Algorithm","floor":4.0},{"not_picked":["Fusion","Force Field"],"picked":"Gash","floor":5.0},{"not_picked":["Redo","Melter"],"picked":"Recycle","floor":5.0},{"not_picked":["Barrage","Redo"],"picked":"FTL","floor":7.0},{"not_picked":["Sweeping Beam","Streamline"],"picked":"Stack","floor":7.0},{"not_picked":["Redo","Beam Cell"],"picked":"Self Repair","floor":11.0},{"not_picked":["Barrage","Conserve Battery"],"picked":"BootSequence","floor":11.0},{"not_picked":["Coolheaded","Go for the Eyes"],"picked":"Sunder","floor":13.0},{"not_picked":["Double Energy","Undo"],"picked":"Meteor Strike","floor":13.0},{"not_picked":["Buffer","Meteor Strike"],"picked":"All For One","floor":16.0},{"not_picked":["Barrage","Coolheaded"],"picked":"Hologram","floor":18.0},{"not_picked":["FTL","Turbo"],"picked":"Doom and Gloom","floor":18.0},{"not_picked":["Undo","Hologram"],"picked":"Reinforced Body","floor":21.0},{"not_picked":["Cold Snap","Ball Lightning"],"picked":"Compile Driver","floor":21.0},{"not_picked":["Streamline","Rip and Tear"],"picked":"Aggregate","floor":24.0},{"not_picked":["Barrage","Hyperbeam"],"picked":"Tempest","floor":24.0},{"not_picked":["Blizzard","Stack"],"picked":"Defragment","floor":25.0},{"not_picked":["Streamline","Steam"],"picked":"Self Repair","floor":25.0},{"not_picked":["Conserve Battery","Sweeping Beam"],"picked":"Redo+1","floor":28.0},{"not_picked":["Redo","Coolheaded","Auto Shields"],"picked":"SKIP","floor":28.0},{"not_picked":["Loop","Steam Power"],"picked":"White Noise","floor":29.0},{"not_picked":["Compile Driver","Scrape"],"picked":"Rebound","floor":29.0},{"not_picked":["Force Field","Ball Lightning"],"picked":"Heatsinks+1","floor":31},{"not_picked":["Barrage","Reinforced Body"],"picked":"Coolheaded+1","floor":31},{"not_picked":["Rainbow","Meteor Strike"],"picked":"Biased Cognition","floor":33},{"not_picked":["Static Discharge","Genetic Algorithm"],"picked":"Cold Snap","floor":34},{"not_picked":["Fusion","Stack"],"picked":"Glacier","floor":35},{"not_picked":["Go for the Eyes","Rebound"],"picked":"Turbo","floor":35},{"not_picked":["Steam Power+1","Streamline+1"],"picked":"Defragment","floor":36},{"not_picked":["Coolheaded","Streamline","BootSequence"],"picked":"SKIP","floor":36}],"player_experience":1711126,"relics_obtained":[{"floor":9.0,"key":"Potion Belt"},{"floor":26.0,"key":"Omamori"}],"event_choices":[{"cards_removed":["Strike_B"],"damage_healed":0.0,"max_hp_gain":0.0,"max_hp_loss":0.0,"gold_gain":0.0,"event_name":"Golden Wing","player_choice":"Card Removal","floor":10.0,"gold_loss":0.0,"damage_taken":7.0},{"damage_healed":0.0,"max_hp_gain":0.0,"max_hp_loss":0.0,"gold_gain":50.0,"event_name":"Nest","player_choice":"Stole From Cult","floor":22.0,"gold_loss":0.0,"damage_taken":0.0}],"is_beta":false,"boss_relics":[{"not_picked":["Black Star","Busted Crown"],"picked":"Fusion Hammer"},{"not_picked":["SlaversCollar","Velvet Choker"],"picked":"Tiny House"}],"items_purged_floors":[27],"is_endless":false,"potions_floor_spawned":[2,5,11,16,18,21,28,29,36],"killed_by":"Maw","ascension_level":20}}