{"host":"ao4lxi9bhtts409i","time":1612883395,"event":{"mods":["AchievementEnabler","BaseMod","Colored Map","Colored Powertips","Minty Spire (QoL Compilation)","SuperFastMode"],"gold_per_floor":[110,124,45,45,45,89,89,89,166,202,227,253,271,286,286,405,405,420,434,448,448,4,4,4,4,4,4,4,43,61,76,76,204,204,204,204,228,228,241,241,259,259,259,259,299,314,43,59,59,59,59],"floor_reached":50,"language":"ENG","playtime":1862,"items_purged":["Strike_G","Masterful Stab"],"score":707,"play_id":"d3cc95b5-0989-444a-8520-66e962279146","local_time":"20210209160955","is_ascension_mode":true,"campfire_choices":[{"data":"Neutralize","floor":8,"key":"SMITH"},{"floor":15,"key":"REST"},{"data":"Blade Dance","floor":23,"key":"SMITH"},{"data":"Wraith Form v2","floor":25,"key":"SMITH"},{"floor":32,"key":"REST"},{"floor":40,"key":"REST"},{"floor":42,"key":"REST"},{"floor":44,"key":"REST"},{"floor":49,"key":"REST"}],"circlet_count":0,"master_deck":["Defend_G","Defend_G","Defend_G","Defend_G","Defend_G","Survivor","Neutralize+1","Dash","Leg Sweep","Footwork","Outmaneuver","Accuracy","Well Laid Plans","Predator","Bullet Time","Blade Dance+1","Wraith Form v2+1","Blade Dance+1","Backflip","Footwork","Accuracy","Bite","Bite","Bite","Bite","Bite","Deflect","Infinite Blades","Blade Dance+1","After Image","Cloak And Dagger+1","Blade Dance+1","After Image","PiercingWail+1","Burst","Metamorphosis"],"relics":["Ring of the Snake","NeowsBlessing","Golden Idol","Lizard Tail","Ninja Scroll","Pear","Odd Mushroom","WristBlade","DollysMirror","Bronze Scales","Paper Crane","Boot","SacredBark","FossilizedHelix","Frozen Egg 2"],"acts_visited":["Exordium","TheCity","TheBeyond"],"potions_floor_usage":[16,16,16,30,33,33,33,33,33,45,48,48,50],"damage_taken":[{"damage":0,"enemies":"Jaw Worm","floor":1,"turns":1},{"damage":0,"enemies":"2 Louse","floor":2,"turns":1},{"damage":0,"enemies":"Gremlin Nob","floor":6,"turns":1},{"damage":58,"enemies":"Lagavulin","floor":10,"turns":15},{"damage":0,"enemies":"Small Slimes","floor":11,"turns":2},{"damage":5,"enemies":"The Mushroom Lair","floor":12,"turns":5},{"damage":0,"enemies":"2 Fungi Beasts","floor":13,"turns":2},{"damage":11,"enemies":"3 Louse","floor":14,"turns":4},{"damage":9,"enemies":"Hexaghost","floor":16,"turns":12},{"damage":0,"enemies":"Chosen","floor":18,"turns":3},{"damage":1,"enemies":"Spheric Guardian","floor":19,"turns":3},{"damage":16,"enemies":"Cultist and Chosen","floor":20,"turns":5},{"damage":39,"enemies":"Book of Stabbing","floor":29,"turns":5},{"damage":18,"enemies":"Shelled Parasite and Fungi","floor":30,"turns":5},{"damage":2,"enemies":"Sentry and Sphere","floor":31,"turns":3},{"damage":26,"enemies":"Collector","floor":33,"turns":6},{"damage":0,"enemies":"Orb Walker","floor":35,"turns":3},{"damage":57,"enemies":"3 Shapes","floor":37,"turns":4},{"damage":26,"enemies":"Spire Growth","floor":39,"turns":5},{"damage":12,"enemies":"Jaw Worm Horde","floor":41,"turns":3},{"damage":20,"enemies":"Giant Head","floor":45,"turns":7},{"damage":21,"enemies":"Transient","floor":46,"turns":5},{"damage":0,"enemies":"Sphere and 2 Shapes","floor":48,"turns":1},{"damage":47,"enemies":"Awakened One","floor":50,"turns":6}],"seed_played":"-8724741003239691594","potions_obtained":[{"floor":2,"key":"AttackPotion"},{"floor":10,"key":"DuplicationPotion"},{"floor":12,"key":"PowerPotion"},{"floor":29,"key":"Regen Potion"},{"floor":30,"key":"BlessingOfTheForge"},{"floor":31,"key":"EntropicBrew"},{"floor":33,"key":"Explosive Potion"},{"floor":37,"key":"Explosive Potion"},{"floor":41,"key":"Regen Potion"},{"floor":46,"key":"BlessingOfTheForge"}],"is_trial":false,"path_per_floor":["M","M","$","?","?","E","?","R","T","E","M","?","M","M","R","B",null,"M","M","M","?","$","R","$","R","T","?","?","E","M","M","R","B",null,"M","$","M","?","M","R","M","R","T","R","E","M","$","M","R","B"],"character_chosen":"THE_SILENT","items_purchased":["Footwork","Footwork","DollysMirror","Bronze Scales","Metamorphosis"],"campfire_rested":6,"item_purchase_floors":[3,22,22,22,47],"current_hp_per_floor":[70,70,70,65,65,65,65,65,65,17,17,12,12,1,23,14,75,75,74,58,58,58,58,58,58,58,52,52,19,21,23,38,21,52,52,52,26,26,4,19,11,26,26,41,34,15,15,19,34,0,0],"gold":59,"neow_bonus":"THREE_ENEMY_KILL","is_daily":false,"chose_seed":false,"campfire_upgraded":3,"win_rate":0.0,"timestamp":1612883395,"path_taken":["M","M","$","?","?","E","?","R","T","E","M","?","M","M","R","BOSS","M","M","M","?","$","R","$","R","T","?","?","E","M","M","R","BOSS","M","$","M","?","M","R","?","R","T","R","E","M","$","M","R","BOSS"],"items_purchased_type":["Card","Card","Relic","Relic","Card"],"build_version":"2020-12-22","purchased_purges":2,"victory":false,"max_hp_per_floor":[70,70,70,65,65,65,65,65,65,75,75,75,75,75,75,75,75,75,75,75,75,75,75,75,75,75,52,52,52,52,52,52,52,52,52,52,52,52,52,52,52,52,52,52,52,52,52,52,52,52,52],"card_choices":[{"not_picked":["Acrobatics","Slice"],"picked":"Dash","floor":1},{"not_picked":["Deflect","Sucker Punch"],"picked":"Leg Sweep","floor":2},{"not_picked":["Dodge and Roll","Eviscerate"],"picked":"Masterful Stab","floor":6},{"not_picked":["Outmaneuver","Quick Slash"],"picked":"Accuracy","floor":10},{"not_picked":["Crippling Poison","Flying Knee"],"picked":"Well Laid Plans","floor":11},{"not_picked":["Underhanded Strike","Reflex"],"picked":"Predator","floor":12},{"not_picked":["Prepared","Quick Slash"],"picked":"Bullet Time","floor":13},{"not_picked":["Bane","Cloak And Dagger"],"picked":"Blade Dance","floor":14},{"not_picked":["Phantasmal Killer","A Thousand Cuts"],"picked":"Wraith Form v2","floor":16},{"not_picked":["Poisoned Stab+1","Catalyst","Sucker Punch"],"picked":"SKIP","floor":18},{"not_picked":["Cloak And Dagger","Dagger Spray"],"picked":"Blade Dance+1","floor":19},{"not_picked":["Prepared+1","Envenom"],"picked":"Backflip","floor":20},{"not_picked":["Predator","Leg Sweep"],"picked":"Deflect","floor":29},{"not_picked":["Prepared","Sucker Punch"],"picked":"Infinite Blades","floor":30},{"not_picked":["Setup","Quick Slash"],"picked":"Blade Dance+1","floor":31},{"not_picked":["Unload","Envenom"],"picked":"After Image","floor":33},{"not_picked":["Prepared+1","Quick Slash"],"picked":"Cloak And Dagger+1","floor":35},{"not_picked":["Bane+1","Bouncing Flask+1"],"picked":"Blade Dance+1","floor":37},{"not_picked":["Noxious Fumes+1","Dagger Spray+1","Sucker Punch"],"picked":"SKIP","floor":39},{"not_picked":["Underhanded Strike","Acrobatics+1","Deadly Poison+1"],"picked":"SKIP","floor":41},{"not_picked":["Deflect","Sucker Punch"],"picked":"PiercingWail+1","floor":45},{"not_picked":["Deflect+1","Slice"],"picked":"Burst","floor":46},{"not_picked":["Flechettes+1","Deadly Poison","Dash+1"],"picked":"SKIP","floor":48}],"player_experience":289743,"relics_obtained":[{"floor":6,"key":"Lizard Tail"},{"floor":9,"key":"Ninja Scroll"},{"floor":10,"key":"Pear"},{"floor":12,"key":"Odd Mushroom"},{"floor":26,"key":"Paper Crane"},{"floor":29,"key":"Boot"},{"floor":43,"key":"FossilizedHelix"},{"floor":45,"key":"Frozen Egg 2"}],"event_choices":[{"damage_healed":0,"gold_gain":0,"player_choice":"Lose Max HP","damage_taken":0,"relics_obtained":["Golden Idol"],"max_hp_gain":0,"max_hp_loss":5,"event_name":"Golden Idol","floor":4,"gold_loss":0},{"damage_healed":0,"gold_gain":0,"player_choice":"Leave","damage_taken":0,"max_hp_gain":0,"max_hp_loss":0,"event_name":"The Cleric","floor":5,"gold_loss":0},{"damage_healed":0,"gold_gain":0,"cards_transformed":["Strike_G"],"player_choice":"Change","damage_taken":0,"max_hp_gain":0,"max_hp_loss":0,"event_name":"Living Wall","floor":7,"gold_loss":0,"cards_obtained":["Outmaneuver"]},{"damage_healed":0,"gold_gain":0,"player_choice":"Fought Mushrooms","damage_taken":0,"max_hp_gain":0,"max_hp_loss":0,"event_name":"Mushrooms","floor":12,"gold_loss":0},{"damage_healed":0,"gold_gain":0,"player_choice":"Ignored","damage_taken":0,"max_hp_gain":0,"max_hp_loss":0,"event_name":"Ghosts","floor":21,"gold_loss":0},{"damage_healed":0,"gold_gain":0,"player_choice":"Became a vampire","damage_taken":0,"max_hp_gain":0,"max_hp_loss":23,"event_name":"Vampires","floor":27,"gold_loss":0,"cards_obtained":["Bite","Bite","Bite","Bite","Bite"]},{"damage_healed":0,"gold_gain":0,"player_choice":"Ignored","damage_taken":0,"max_hp_gain":0,"max_hp_loss":0,"event_name":"The Mausoleum","floor":28,"gold_loss":0},{"damage_healed":0,"gold_gain":0,"player_choice":"Copied","damage_taken":0,"max_hp_gain":0,"max_hp_loss":0,"event_name":"Duplicator","floor":38,"gold_loss":0,"cards_obtained":["After Image"]}],"is_beta":false,"boss_relics":[{"not_picked":["Coffee Dripper","Calling Bell"],"picked":"WristBlade"},{"not_picked":["Velvet Choker","Runic Dome"],"picked":"SacredBark"}],"items_purged_floors":[22,47],"is_endless":false,"potions_floor_spawned":[2,10,12,13,29,30,31,33,37,41,46],"killed_by":"Awakened One","ascension_level":4}}