{"host":"6p0attdrtjqaih7v","time":1612844853,"event":{"mods":["2.2 Compatiblity","AchievementEnabler","Aspiration","Bard","BaseMod","Better Skull","Better Third Choice","Colored Powertips","Hermit","Highlight Path","Key Reminder","Minty Spire (QoL Compilation)","Permanent Neow","Quick Restart","Random Character Button","Relic Stats","Reliquary","Replay The Spire","Robot Space Explorer","StSLib","The Hayseed","The Witch"],"gold_per_floor":[118,133,133,152,168,195,195,195,195,195,31,31,31,60,60,60,60],"floor_reached":16,"language":"ENG","playtime":538,"items_purged":[],"score":266,"play_id":"405fd3f3-fc48-4422-9d1b-62885042967d","local_time":"20210208232733","is_ascension_mode":true,"campfire_choices":[{"floor":10,"key":"REST"},{"data":"Neutralize","floor":12,"key":"SMITH"},{"data":"Dash","floor":12,"key":"SMITH"},{"data":"Acrobatics","floor":15,"key":"SMITH"},{"data":"Survivor","floor":15,"key":"SMITH"}],"circlet_count":0,"master_deck":["AscendersBane","Strike_G+1","Strike_G+1","Strike_G+1","Strike_G+1","Strike_G+1","Defend_G","Defend_G","Defend_G","Defend_G","Defend_G","Survivor+1","Neutralize+1","Panache+1","Acrobatics+1","Masterful Stab+1","Flying Knee+1","Flying Knee+1","Dash+1"],"relics":["Ring of the Snake","reliquary:SharkskinSheath","Replay:Arrowhead","Paper Crane"],"acts_visited":["Exordium"],"potions_floor_usage":[6],"damage_taken":[{"damage":1,"enemies":"2 Louse","floor":1,"turns":3},{"damage":3,"enemies":"Small Slimes","floor":2,"turns":5},{"damage":0,"enemies":"Jaw Worm","floor":4,"turns":3},{"damage":0,"enemies":"Looter","floor":5,"turns":3},{"damage":46,"enemies":"3 Sentries","floor":6,"turns":16},{"damage":0,"enemies":"Replay:BlueRogue","floor":14,"turns":5},{"damage":37,"enemies":"Hexaghost","floor":16,"turns":11}],"seed_played":"843002396478868258","potions_obtained":[{"floor":1,"key":"EssenceOfSteel"},{"floor":6,"key":"Explosive Potion"}],"is_trial":false,"path_per_floor":["M","M","?","M","M","E","?","?","T","R","$","R","?","E","R","B"],"character_chosen":"THE_SILENT","items_purchased":["PreservedInsect"],"campfire_rested":1,"item_purchase_floors":[11],"current_hp_per_floor":[58,55,60,60,60,14,14,14,14,33,33,33,33,33,33,0,0],"gold":60,"neow_bonus":"RANDOM_COLORLESS_2","is_daily":false,"chose_seed":false,"campfire_upgraded":4,"win_rate":0.0,"timestamp":1612844853,"path_taken":["M","M","?","M","M","E","?","?","T","R","$","R","?","E","R","BOSS"],"items_purchased_type":["Relic"],"build_version":"2020-12-22","purchased_purges":0,"victory":false,"max_hp_per_floor":[60,60,65,65,65,65,65,65,65,65,65,65,65,65,65,65,65],"relic_stats":{"counters":[7,46],"obtain_stats":[{"PreservedInsect":11,"Paper Crane":14,"Replay:Arrowhead":9,"Ring of the Snake":0,"reliquary:SharkskinSheath":6},{"PreservedInsect":5,"Paper Crane":6,"Replay:Arrowhead":5,"Ring of the Snake":0,"reliquary:SharkskinSheath":5},{"PreservedInsect":30,"Paper Crane":35,"Replay:Arrowhead":30,"Ring of the Snake":0,"reliquary:SharkskinSheath":30}],"Ring of the Snake":[14]},"card_choices":[{"not_picked":["Secret Technique","The Bomb"],"picked":"Panache","floor":0},{"not_picked":["Backflip","Outmaneuver"],"picked":"Acrobatics","floor":1},{"not_picked":["Quick Slash","Slice"],"picked":"Masterful Stab","floor":2},{"not_picked":["PiercingWail","Bane"],"picked":"Flying Knee","floor":4},{"not_picked":["Toxin Wave","Acrobatics"],"picked":"Flying Knee","floor":5},{"not_picked":["Quick Slash","Acrobatics"],"picked":"Dash","floor":6},{"not_picked":["Underhanded Strike","Dagger Throw","Reflex"],"picked":"SKIP","floor":14}],"player_experience":1082757,"relics_obtained":[{"floor":6,"key":"reliquary:SharkskinSheath"},{"floor":9,"key":"Replay:Arrowhead"},{"floor":14,"key":"Paper Crane"}],"event_choices":[{"damage_healed":0,"gold_gain":0,"player_choice":"Donut","damage_taken":0,"max_hp_gain":5,"max_hp_loss":0,"event_name":"Big Fish","floor":3,"gold_loss":0}],"is_beta":false,"boss_relics":[],"items_purged_floors":[],"is_endless":false,"potions_floor_spawned":[1,6],"killed_by":"Hexaghost","ascension_level":20}}