{"host":"3j2m8n0ywf988fwb","time":1612843722,"event":{"mods":["2.2 Compatiblity","AchievementEnabler","Act Like it!","Aspiration","Astrologer","BaseMod","Better Altar","Better Match","Better Note","Better Sensory Stone","Better Skull","Better Third Choice","CCEM2","ChefMod","Colored Map","Colored Powertips","Conspire","Dark Map","Energized Spire","GifTheSpireLib","Halation","Hallownest","Highlight Path","Hubris","Infinite Spire","Jedi Mod","Marisa????????","Marked Mod","Mimic Mod","Minty Spire (QoL Compilation)","Monster B Gone","Random Character Button","Relic Filter Mod","Relic Stats","Reliquary","Replay The Spire","Robot Space Explorer","Shade Mod","Shop Mod","Somnambulant","StS++","StSLib","Stuff the Spire","The Bug Knight","The Elementalist","The Hierophant","The Marked","The Runesmith","TheBandit","TheFirefly","Unceasing Turn Reminder","Weighted Paths","everything is the same but u backflip on backflip"],"gold_per_floor":[109,142,155,4,65,65,32,62,62,80,100,119,119,132,132,227,227,244,244,244,244,261,261,274,274,274,274,285,301,301,315,315,414,514,525,525,539,539,539,539],"floor_reached":39,"language":"ENG","playtime":1438,"items_purged":[],"score":485,"play_id":"e8f76966-c94f-49a7-95c0-91b13a59720f","local_time":"20210208220842","is_ascension_mode":true,"campfire_choices":[{"data":"Crystallizer","floor":6,"key":"SMITH"},{"floor":15,"key":"REST"},{"data":"Zap","floor":23,"key":"SMITH"},{"data":"Fission","floor":25,"key":"SMITH"},{"data":"Dualcast","floor":32,"key":"SMITH"}],"circlet_count":0,"master_deck":["Strike_B","Strike_B","Strike_B","Strike_B","Defend_B","Defend_B","Defend_B","Defend_B","Zap+1","Dualcast+1","jedi:locknload","jedi:blockon","jedi:BurstLightning","Pot Of Greed","Pot Of Greed","Crystallizer+1","Loop","StSpp:Saturation","Barrage","StuffTheSpire:Snapshot","jedi:BurstDark","StuffTheSpire:Plugnplay","Fission+1","Redo+1","ReplayTheSpireMod:Dual Polarity","Pot Of Greed","StuffTheSpire:LoadUp+1","J.A.X.","Electrodynamics","FIFO Queue"],"relics":["Cracked Core","NeowsBlessing","DataDisk","jedi:cryingmask","Grinning Jar","Pet Ghost","Calipers","CCEMRelics:PocketTank","Runic Dome","halation:StarCompass","Gambling Chip","Replay:Wanted Poster"],"acts_visited":["Exordium","TheCity","TheBeyond"],"potions_floor_usage":[],"damage_taken":[{"damage":0,"enemies":"Cultist","floor":1,"turns":1},{"damage":0,"enemies":"Small Slimes","floor":2,"turns":1},{"damage":0,"enemies":"Small Slimes","floor":3,"turns":1},{"damage":20,"enemies":"Gremlin Nob","floor":8,"turns":3},{"damage":0,"enemies":"2 Louse","floor":10,"turns":2},{"damage":2,"enemies":"Blue Slaver","floor":11,"turns":2},{"damage":11,"enemies":"Looter","floor":12,"turns":2},{"damage":30,"enemies":"Gremlin Gang","floor":14,"turns":3},{"damage":33,"enemies":"Slime Boss","floor":16,"turns":6},{"damage":8,"enemies":"conspire:FuzzyDice","floor":18,"turns":4},{"damage":11,"enemies":"Spheric Guardian","floor":22,"turns":3},{"damage":29,"enemies":"conspire:HollyBat","floor":24,"turns":6},{"damage":5,"enemies":"Snecko","floor":28,"turns":3},{"damage":10,"enemies":"Centurion and Healer","floor":29,"turns":4},{"damage":1,"enemies":"Shelled Parasite and Fungi","floor":31,"turns":3},{"damage":85,"enemies":"Automaton","floor":33,"turns":8},{"damage":9,"enemies":"3 Shapes","floor":35,"turns":2},{"damage":41,"enemies":"3 Darklings","floor":37,"turns":5},{"damage":38,"enemies":"Writhing Mass","floor":39,"turns":1}],"seed_played":"-4217746716415032670","potions_obtained":[{"floor":5,"key":"StSpp:ScatteredPotion"},{"floor":5,"key":"Cursed Concoction"},{"floor":8,"key":"jedi:coolantleak"},{"floor":10,"key":"PowerPotion"},{"floor":11,"key":"FairyPotion"},{"floor":37,"key":"LiquidMemories"}],"is_trial":false,"path_per_floor":["M","MIM","M","$","?","R","$","E","T","M","M","M","T","M","R","B",null,"M","?","?","?","M","R","M","R","T","?","M","M","?","M","R","B",null,"M","?","M","?","M"],"character_chosen":"DEFECT","items_purchased":["jedi:cryingmask","Loop"],"campfire_rested":1,"item_purchase_floors":[4,7],"current_hp_per_floor":[75,75,75,75,75,75,75,55,55,55,53,42,42,12,34,1,75,67,75,75,75,64,64,35,35,35,75,70,60,60,59,59,22,75,66,66,25,25,0,0],"gold":539,"neow_bonus":"THREE_ENEMY_KILL","is_daily":false,"chose_seed":false,"campfire_upgraded":4,"win_rate":0.0,"timestamp":1612843722,"path_taken":["M","?","M","$","?","R","?","E","T","M","?","?","?","M","R","BOSS","M","?","?","?","?","R","M","R","T","?","M","?","?","M","R","BOSS","M","?","M","?","?"],"items_purchased_type":["Relic","Card"],"build_version":"2020-12-22","purchased_purges":0,"victory":false,"max_hp_per_floor":[75,75,75,75,75,75,75,75,75,75,75,75,75,75,75,75,75,75,75,75,75,75,75,75,75,75,75,75,75,75,75,75,75,75,75,75,75,75,75,75],"relic_stats":{"counters":[19,60],"Gambling Chip":[12],"obtain_stats":[{"Replay:Wanted Poster":34,"Runic Dome":17,"DataDisk":2,"Calipers":9,"NeowsBlessing":0,"Gambling Chip":26,"jedi:cryingmask":4,"CCEMRelics:PocketTank":13,"Grinning Jar":5,"Cracked Core":0,"halation:StarCompass":21,"Pet Ghost":8},{"Replay:Wanted Poster":16,"Runic Dome":9,"DataDisk":2,"Calipers":4,"NeowsBlessing":0,"Gambling Chip":12,"jedi:cryingmask":3,"CCEMRelics:PocketTank":7,"Grinning Jar":3,"Cracked Core":0,"halation:StarCompass":10,"Pet Ghost":4},{"Replay:Wanted Poster":52,"Runic Dome":21,"DataDisk":2,"Calipers":6,"NeowsBlessing":0,"Gambling Chip":34,"jedi:cryingmask":3,"CCEMRelics:PocketTank":12,"Grinning Jar":3,"Cracked Core":0,"halation:StarCompass":25,"Pet Ghost":6}]},"card_choices":[{"not_picked":["StSpp:Fierceness","Conserve Battery"],"picked":"jedi:locknload","floor":1},{"not_picked":["Hologram","Steam Power"],"picked":"jedi:blockon","floor":2},{"not_picked":["StuffTheSpire:CleanHardDrive","StSpp:Fierceness"],"picked":"jedi:BurstLightning","floor":3},{"not_picked":["Streamline","Leap"],"picked":"Crystallizer","floor":5},{"not_picked":["ReplaySort","Conserve Battery"],"picked":"StSpp:Saturation","floor":8},{"not_picked":["Reprogram","Compile Driver"],"picked":"Barrage","floor":10},{"not_picked":["Time Bomb","jedi:BurstLightning"],"picked":"StuffTheSpire:SnapShoot","floor":11},{"not_picked":["Leap","jedi:BurstLightning"],"picked":"jedi:BurstDark","floor":12},{"not_picked":["Doom and Gloom","BootSequence"],"picked":"StuffTheSpire:Plugnplay","floor":14},{"not_picked":["Amplify","StSpp:CopyPaste"],"picked":"Fission","floor":16},{"not_picked":["ReplaySort","Go for the Eyes"],"picked":"Redo+1","floor":18},{"not_picked":["StuffTheSpire:GlassShard","StSpp:TargetLocked+1"],"picked":"ReplayTheSpireMod:Dual Polarity","floor":22},{"not_picked":["Panic Button","Blizzard"],"picked":"StuffTheSpire:LoadUp+1","floor":24},{"not_picked":["Genetic Algorithm+1","FTL"],"picked":"conspire:SharedLibrary+1","floor":28},{"not_picked":["StSpp:Mask","jedi:BurstLightning","Barrage+1"],"picked":"SKIP","floor":29},{"not_picked":["StSpp:Fierceness+1","Streamline","Leap"],"picked":"SKIP","floor":31},{"not_picked":["Seek","Fission"],"picked":"Electrodynamics","floor":33},{"not_picked":["Turbo+1","jedi:BurstFrost","Leap"],"picked":"SKIP","floor":35},{"not_picked":["Glacier+1","StSpp:TargetLocked+1"],"picked":"FIFO Queue","floor":37}],"player_experience":1102778,"relics_obtained":[{"floor":2,"key":"DataDisk"},{"floor":5,"key":"Grinning Jar"},{"floor":8,"key":"Pet Ghost"},{"floor":9,"key":"Calipers"},{"floor":13,"key":"CCEMRelics:PocketTank"},{"floor":26,"key":"Gambling Chip"}],"event_choices":[{"cards_removed":["StSpp:Saturation"],"damage_healed":0,"gold_gain":0,"player_choice":"Give","damage_taken":0,"max_hp_gain":0,"max_hp_loss":0,"event_name":"betterNote:BetterNote","floor":20,"gold_loss":0,"cards_obtained":["None"]},{"damage_healed":40,"gold_gain":0,"player_choice":"Full Heal","damage_taken":0,"max_hp_gain":0,"max_hp_loss":0,"event_name":"Wheel of Change","floor":27,"gold_loss":0},{"damage_healed":0,"gold_gain":0,"player_choice":"Obtain J.A.X.","damage_taken":0,"max_hp_gain":0,"max_hp_loss":0,"event_name":"Drug Dealer","floor":30,"gold_loss":0,"cards_obtained":["J.A.X."]},{"cards_removed":["conspire:SharedLibrary"],"damage_healed":0,"gold_gain":0,"player_choice":"Removed Power","damage_taken":0,"max_hp_gain":0,"max_hp_loss":0,"event_name":"Falling","floor":36,"gold_loss":0},{"damage_healed":0,"gold_gain":0,"player_choice":"Bought 0 Potions","damage_taken":0,"max_hp_gain":0,"max_hp_loss":0,"event_name":"The Woman in Blue","floor":38,"gold_loss":0}],"is_beta":false,"boss_relics":[{"not_picked":["hubris:BlackHole","reliquary:Craggleroot"],"picked":"Runic Dome"},{"not_picked":["conspire:RoyalGoblet","halation:Prosthetics"],"picked":"Replay:Wanted Poster"}],"items_purged_floors":[],"is_endless":false,"potions_floor_spawned":[8,10,11,12,16,18,22,29,37],"killed_by":"Writhing Mass","ascension_level":4}}