{"host":"92wx9z21c4p52du4","time":1612892165,"event":{"mods":["Act Like it!","Arknights","Bard","BaseMod","ChefMod","Elementarium","Evolution","Infinite Spire","Lobotomy","Minty Spire (QoL Compilation)","Relic Stats","Reliquary","Robot Space Explorer","StSLib","SuperFastMode","The Blue Laboratory","The Disciple","The Hierophant","The Jungle","The Runesmith","TheSurvivalist"],"gold_per_floor":[119,131,57,74,87,122,137,137,137,137,156,156,166,180,180,180,180],"floor_reached":16,"language":"ENG","playtime":782,"items_purged":[],"score":105,"play_id":"5afcb341-e922-4f98-b458-92114b176166","local_time":"20210209113605","is_ascension_mode":false,"campfire_choices":[{"data":"chefmod:TodaysSpecial","floor":15,"key":"SMITH"}],"circlet_count":0,"master_deck":["chefmod:Strike","chefmod:Strike","chefmod:Strike","chefmod:Strike","chefmod:QuickThaw","chefmod:Defend","chefmod:Defend","chefmod:Defend","chefmod:Defend","chefmod:TodaysSpecial+1","chefmod:Fillet","chefmod:AllYouCanEat","chefmod:FiveAlarmChili","chefmod:SearedScallops","chefmod:KnifeFlurry","chefmod:ColdSteel","chefmod:GroceryDelivery","chefmod:FireUp","chefmod:Granita","chefmod:FryPan"],"relics":["chefmod:TrustyPot","EVO:Axolotl","NeowsBlessing","Bird Faced Urn","Darkstone Periapt","Runesmith:Nanobots","Spirit Poop"],"acts_visited":["Exordium"],"potions_floor_usage":[6,11,16],"damage_taken":[{"damage":0,"enemies":"Cultist","floor":1,"turns":1},{"damage":0,"enemies":"Small Slimes","floor":2,"turns":1},{"damage":0,"enemies":"ats:Genji","floor":4,"turns":1},{"damage":8,"enemies":"Red Slaver","floor":5,"turns":4},{"damage":24,"enemies":"3 Sentries","floor":6,"turns":9},{"damage":4,"enemies":"3 Louse","floor":7,"turns":4},{"damage":1,"enemies":"Lots of Slimes","floor":11,"turns":3},{"damage":3,"enemies":"2 Fungi Beasts","floor":13,"turns":3},{"damage":1,"enemies":"Exordium Wildlife","floor":14,"turns":3},{"damage":52,"enemies":"Hexaghost","floor":16,"turns":14}],"seed_played":"-6983406159904439666","potions_obtained":[{"floor":5,"key":"PowerPotion"},{"floor":6,"key":"blueLaboratory:PyrophylliteBrew"},{"floor":7,"key":"Explosive Potion"},{"floor":13,"key":"blueLaboratory:BottleOfVodka"}],"is_trial":false,"path_per_floor":["M","M","$","M","M","E","M","?","T","?","M","?","M","M","R","B"],"character_chosen":"THE_CHEF","items_purchased":["chefmod:FiveAlarmChili"],"campfire_rested":0,"item_purchase_floors":[3],"current_hp_per_floor":[76,76,76,76,68,44,42,48,48,48,47,47,46,47,47,0,0],"gold":180,"neow_bonus":"THREE_ENEMY_KILL","is_daily":false,"chose_seed":false,"campfire_upgraded":1,"win_rate":0.0,"timestamp":1612892165,"path_taken":["M","M","?","M","M","E","M","?","T","?","?","?","M","?","R","BOSS"],"items_purchased_type":["Card"],"build_version":"2020-12-22","purchased_purges":0,"victory":false,"max_hp_per_floor":[76,76,76,76,76,76,76,82,82,82,82,82,82,82,82,82,82],"relic_stats":{"Darkstone Periapt":6,"counters":[10,43],"Bird Faced Urn":[8],"obtain_stats":[{"Darkstone Periapt":8,"chefmod:TrustyPot":0,"Runesmith:Nanobots":9,"NeowsBlessing":0,"Bird Faced Urn":6,"Spirit Poop":10,"EVO:Axolotl":0},{"Darkstone Periapt":6,"chefmod:TrustyPot":0,"Runesmith:Nanobots":6,"NeowsBlessing":0,"Bird Faced Urn":5,"Spirit Poop":6,"EVO:Axolotl":0},{"Darkstone Periapt":20,"chefmod:TrustyPot":0,"Runesmith:Nanobots":20,"NeowsBlessing":0,"Bird Faced Urn":16,"Spirit Poop":20,"EVO:Axolotl":0}]},"card_choices":[{"not_picked":["chefmod:FryPan","chefmod:VegetableTart"],"picked":"chefmod:Fillet","floor":1},{"not_picked":["chefmod:FireUp","chefmod:Bruschetta"],"picked":"chefmod:AllYouCanEat","floor":2},{"not_picked":["chefmod:Defrost","chefmod:FireUp"],"picked":"chefmod:SearedScallops","floor":4},{"not_picked":["chefmod:AllYouCanEat","chefmod:AlooGobi"],"picked":"chefmod:KnifeFlurry","floor":5},{"not_picked":["chefmod:FryPan","chefmod:BananaSplit"],"picked":"chefmod:ColdSteel","floor":6},{"not_picked":["chefmod:Sorbet","chefmod:MonsterBait"],"picked":"chefmod:GroceryDelivery","floor":7},{"not_picked":["chefmod:ZaruSoba","chefmod:ColdSteel"],"picked":"chefmod:FireUp","floor":11},{"not_picked":["chefmod:FryPan","chefmod:ZaruSoba"],"picked":"chefmod:Granita","floor":13},{"not_picked":["chefmod:HotSoup","chefmod:Granita"],"picked":"chefmod:FryPan","floor":14}],"player_experience":241834,"relics_obtained":[{"floor":6,"key":"Bird Faced Urn"},{"floor":9,"key":"Runesmith:Nanobots"}],"event_choices":[{"damage_healed":0,"gold_gain":0,"player_choice":"Box","damage_taken":0,"relics_obtained":["Darkstone Periapt"],"max_hp_gain":0,"max_hp_loss":0,"event_name":"Big Fish","floor":8,"gold_loss":0,"cards_obtained":["Regret"]},{"cards_removed":["Regret"],"damage_healed":0,"gold_gain":0,"player_choice":"Offered Curse","damage_taken":0,"relics_obtained":["Spirit Poop"],"max_hp_gain":0,"max_hp_loss":0,"event_name":"Bonfire Elementals","floor":10,"gold_loss":0},{"damage_healed":0,"gold_gain":0,"player_choice":"Ignored","damage_taken":0,"max_hp_gain":0,"max_hp_loss":0,"event_name":"NoteForYourself","floor":12,"gold_loss":0}],"is_beta":false,"boss_relics":[],"items_purged_floors":[],"is_endless":false,"potions_floor_spawned":[5,6,7,13],"killed_by":"Hexaghost","ascension_level":0}}