{"host":"zoyu9oa60f8m99tp","time":1612888729,"event":{"mods":["Act Like it!","BaseMod","Colored Map","Gensokyo","Luminous","Minty Spire (QoL Compilation)","Shop Mod","StSLib","Yakumo Yukari mod"],"gold_per_floor":[138,38,38,52,71,101,121,155,179,179,179,191,191,209,209,307,307,327,207,207,226,241,268,0,19,43,61,22,22,22],"floor_reached":29,"language":"ZHS","playtime":1411,"items_purged":[],"score":257,"play_id":"4119589e-4823-44d6-882d-e31039b2787f","local_time":"20210210003849","is_ascension_mode":false,"campfire_choices":[{"floor":10,"key":"REST"},{"data":"Bait_HighSpeedFlying_purple","floor":13,"key":"SMITH"},{"floor":15,"key":"REST"}],"circlet_count":0,"master_deck":["AT_purpleEX","AT_purpleEX+1","AT_purpleEX","AT_purpleEX","Defend_purpleEX","Defend_purpleEX","Defend_purpleEX","Defend_purpleEX","Observe_purple_1","Observe_purple_2","Bait_HighSpeedFlying_purple+1","EighthInstrument_OneDividesIntoTwo_purple","MeetDecomposer_purple","WangLiang_LineAndCurveDreams_purple","Boundary_of_Extermination_purpleEX+1","Charmbait_purple","Injury","Nest_LightFlightworm_purple","DimensionStaggered_purple","ContainerChange_purple","Photoelasticity_Doppler_Effect_purple+1","Gensokyo:SevenSchoolMysteries","Umbrella_purple+1","WatchEChange_purple+1","Know_ledgeAbilityRealm_purple","Shallow_ocean_purpleEX","StateErode_purple+1","WeekHit_purple"],"relics":["Boundary_crack","Memoryfragments_purpleEX","Kunai","Gensokyo:YoukaiFlower","Ginger","MealTicket","Orichalcum","PreservedInsect","Runic Pyramid","Gensokyo:LionMask","Pen Nib","Dream Catcher"],"acts_visited":["Exordium","Gensokyo:Gensokyo"],"potions_floor_usage":[8,16,16,23,23],"damage_taken":[{"damage":0,"enemies":"Gensokyo:2_Kodama","floor":1,"turns":2},{"damage":1,"enemies":"Gensokyo:Python","floor":4,"turns":4},{"damage":2,"enemies":"Gensokyo:Gryphon","floor":5,"turns":3},{"damage":43,"enemies":"Gensokyo:Mamizou","floor":6,"turns":12},{"damage":3,"enemies":"Gensokyo:Python_and_Kodama","floor":7,"turns":3},{"damage":11,"enemies":"Gensokyo:Cirno","floor":8,"turns":9},{"damage":2,"enemies":"Gensokyo:2_Rabbits","floor":12,"turns":3},{"damage":4,"enemies":"Gensokyo:3_Kodama","floor":14,"turns":3},{"damage":17,"enemies":"Gensokyo:Yukari","floor":16,"turns":8},{"damage":15,"enemies":"Gensokyo:AngelMirror","floor":18,"turns":4},{"damage":6,"enemies":"Gensokyo:Chomper","floor":21,"turns":4},{"damage":22,"enemies":"Gensokyo:Swordslinger","floor":22,"turns":4},{"damage":21,"enemies":"Gensokyo:Tenshi","floor":23,"turns":2},{"damage":10,"enemies":"Gensokyo:Wraith","floor":25,"turns":4},{"damage":3,"enemies":"Gensokyo:Monolith_and_Dog","floor":27,"turns":2},{"damage":18,"enemies":"Gensokyo:Mirror_and_Dog","floor":29,"turns":2}],"seed_played":"7722419576909247989","potions_obtained":[{"floor":1,"key":"ColorlessPotion"},{"floor":4,"key":"SpeedPotion"},{"floor":6,"key":"SmokeBomb"},{"floor":12,"key":"Block Potion"},{"floor":18,"key":"LiquidBronze"},{"floor":22,"key":"Dexterity Potion"}],"is_trial":false,"path_per_floor":["M","?","?","M","M","E","M","E","T","R","?","M","R","M","R","B",null,"M","?","?","M","M","E","?","M","T","M","$","M"],"character_chosen":"Youkari","items_purchased":["WeekHit_purple"],"campfire_rested":2,"item_purchase_floors":[28],"current_hp_per_floor":[70,70,70,70,69,28,25,14,14,35,35,33,33,29,50,36,70,56,56,56,52,31,12,12,4,4,3,18,0,0],"gold":22,"neow_bonus":"THREE_CARDS","is_daily":false,"chose_seed":false,"campfire_upgraded":1,"win_rate":0.0,"timestamp":1612888729,"path_taken":["M","?","?","M","?","E","?","E","T","R","?","M","R","M","R","BOSS","M","?","?","M","M","E","?","?","T","M","$","M"],"items_purchased_type":["Card"],"build_version":"2020-12-22","purchased_purges":0,"victory":false,"max_hp_per_floor":[70,70,70,70,70,70,70,70,70,70,70,70,70,70,70,70,70,70,70,63,63,63,63,63,63,63,63,63,63,63],"card_choices":[{"not_picked":["Line_surface_state_purple","MeetDecomposer_purple"],"picked":"Bait_HighSpeedFlying_purple","floor":0},{"not_picked":["AdvanceAttack_purple","Line_surface_state_purple"],"picked":"ExistenceContinue_purple","floor":1},{"not_picked":["RuptureOfTimeAndSpace_purple","DimensionStaggered_purple"],"picked":"EighthInstrument_OneDividesIntoTwo_purple","floor":4},{"not_picked":["OmniscientAndOmnipotent_Monster_purple","Realm_recovery_purpleEX"],"picked":"MeetDecomposer_purple","floor":5},{"not_picked":["Charmbait_purple","Worldmountain_purple"],"picked":"WangLiang_LineAndCurveDreams_purple","floor":6},{"not_picked":["AdvanceAttack_purple","Line_surface_state_purple"],"picked":"Boundary_of_Extermination_purpleEX","floor":7},{"not_picked":["StateDuplicate_purple","WingOfChimera_purple"],"picked":"Charmbait_purple","floor":8},{"not_picked":["StateErode_purple","Worldmountain_purple"],"picked":"Nest_LightFlightworm_purple","floor":12},{"not_picked":["Extrememeaning_purpleEX","AdvanceAttack_purple"],"picked":"DimensionStaggered_purple","floor":14},{"not_picked":["MagicEyes_LaplaceDemon_purple","Price_of_realm_purpleEX"],"picked":"ContainerChange_purple","floor":16},{"not_picked":["ExistenceContinue_purple","Anti_communist_purple"],"picked":"Photoelasticity_Doppler_Effect_purple+1","floor":18},{"not_picked":["Gensokyo:SlitMouthedWoman","Gensokyo:MenInBlack"],"picked":"Gensokyo:SevenSchoolMysteries","floor":20},{"not_picked":["SfantasyHide_purple+1","RuleDissolution_purple"],"picked":"Umbrella_purple","floor":21},{"not_picked":["Bait_HighSpeedFlying_purple","RealityDreamConfluencek_purple"],"picked":"WatchEChange_purple+1","floor":22},{"not_picked":["Mirror_WaveAndshot_purple","Boundary_LightAndDark_purple"],"picked":"Know_ledgeAbilityRealm_purple","floor":23},{"not_picked":["Yakumo_Ran_purple","Nest_LightFlightworm_purple"],"picked":"Shallow_ocean_purpleEX","floor":25},{"not_picked":["Boundary_ObjectiveBoundary_purple","MeetDecomposer_purple"],"picked":"StateErode_purple+1","floor":27}],"player_experience":8107,"relics_obtained":[{"floor":6,"key":"Ginger"},{"floor":8,"key":"MealTicket"},{"floor":9,"key":"Orichalcum"},{"floor":23,"key":"Pen Nib"},{"floor":26,"key":"Dream Catcher"}],"event_choices":[],"is_beta":false,"boss_relics":[{"not_picked":["SacredBark","Tiny House"],"picked":"Runic Pyramid"}],"items_purged_floors":[],"is_endless":false,"potions_floor_spawned":[1,4,6,12,18,22],"killed_by":"Gensokyo:Mirror_and_Dog","ascension_level":0}}