{"host":"yrtk68ixj64vhhh3","time":1612841528,"event":{"mods":["2.2 Compatiblity","AchievementEnabler","Aspiration","BaseMod","Better Altar","Better Match","Better Note","Better Silent Start","Better Skull","Better Third Choice","Colored Map","Colored Powertips","Conspire","Dio Mod","Downfall","Energized Spire","Hubris","Infinite Spire","Minty Spire (QoL Compilation)","Prisma Mod","RNG Fix","Random Character Button","Random Character Mod","Reliquary","StSLib","Steal the Spire","Td1madao Mod","The Animator","The Bug Knight","The Mystic","The Poker Player","The Wild Card","TheBandit","TheHero"],"gold_per_floor":[119,119,119,131,182,1,1,1,1],"floor_reached":8,"language":"ENG","playtime":415,"items_purged":["Regret"],"score":44,"play_id":"ece19849-c84b-4e75-bfe8-1e6f33475913","local_time":"20210209163208","is_ascension_mode":false,"campfire_choices":[{"data":"mysticmod:ComboCaster","floor":7,"key":"SMITH"}],"circlet_count":0,"master_deck":["mysticmod:Strike_Mystic","mysticmod:Strike_Mystic","mysticmod:Strike_Mystic","mysticmod:Strike_Mystic","mysticmod:Defend_Mystic","mysticmod:Defend_Mystic","mysticmod:Defend_Mystic","mysticmod:Defend_Mystic","mysticmod:ArcaneDodge","mysticmod:ShockingGrasp","mysticmod:ComponentsPouch","Injury","mysticmod:CorrosiveTouch","mysticmod:ComboCaster+1","mysticmod:Feint"],"relics":["mysticmod:SpellBook","aspiration:Nostalgia","animator:TheMissingPiece","Toxic Egg 2","The Courier"],"acts_visited":["Exordium"],"potions_floor_usage":[],"damage_taken":[{"damage":1,"enemies":"Cultist","floor":1,"turns":4},{"damage":5,"enemies":"Jaw Worm","floor":4,"turns":5},{"damage":71,"enemies":"Gremlin Nob","floor":8,"turns":5}],"seed_played":"-4883910478115152062","potions_obtained":[{"floor":4,"key":"Guardian:BlockOnCardUsePotion"}],"is_trial":false,"path_per_floor":["M","?","?","M","T","$","R","E"],"character_chosen":"MYSTIC_CLASS","items_purchased":["mysticmod:ComboCaster","mysticmod:Feint"],"campfire_rested":0,"item_purchase_floors":[6,6],"current_hp_per_floor":[76,76,76,71,71,71,71,0,0],"gold":1,"neow_bonus":"NOSTALGIA","is_daily":false,"chose_seed":false,"campfire_upgraded":1,"win_rate":0.0,"timestamp":1612841528,"path_taken":["M","?","?","?","?","$","R","E"],"items_purchased_type":["Card","Card"],"build_version":"2020-12-22","purchased_purges":1,"victory":false,"max_hp_per_floor":[77,77,77,77,77,77,77,77,77],"card_choices":[{"not_picked":["mysticmod:Fly","mysticmod:Shield"],"picked":"mysticmod:ComponentsPouch","floor":1},{"not_picked":["mysticmod:PowerSlash","mysticmod:Sideswipe"],"picked":"mysticmod:CorrosiveTouch","floor":4}],"player_experience":796618,"relics_obtained":[{"floor":5,"key":"reliquary:FerryPass"}],"event_choices":[{"damage_healed":0,"gold_gain":0,"player_choice":"Box","damage_taken":0,"relics_obtained":["The Courier"],"max_hp_gain":0,"max_hp_loss":0,"event_name":"Big Fish","floor":3,"gold_loss":0,"cards_obtained":["Regret"]}],"is_beta":false,"boss_relics":[],"items_purged_floors":[6],"is_endless":false,"potions_floor_spawned":[4],"killed_by":"Gremlin Nob","ascension_level":0}}