{"host":"l029r2dqxfiqiq5i","time":1612873455,"event":{"mods":["Act Like it!","Arknights","BaseMod","Minty Spire (QoL Compilation)","StSLib","óô»ðÖ¸ÄÏ"],"gold_per_floor":[116,129,142,156,175,201,233,550,550,567,601,5,21,37,37,143,193,203,232,259,284,310,401,428,500,619,675,403,403,403,430,430,541,541,570,249,281,314,344,385,45,45,85,110,110,151,151,195,195,313,313,342,369,400,350,110,183,183,183,183,257,285,310,310,345,369,506,506,547,143,174,203,228,276,25,25,68,68,110,156,203,2,2,145,145,170,202,230,262,292,342,15,62,102,136,102,70,111,136,136,275,275,301,63,93,127,161,202,202,202,248,283,310,310,382,416,416,531,531,564,594,629,148,182,230,79,125,170,170,219,253,286,327,327,445,445,478,512,543,575,605,650,650,650,693,693,742,742,98,130,9,121,121,147,147],"floor_reached":154,"language":"ZHS","playtime":5508,"items_purged":["ats:Explosion Area Strengthen","ats:Sashimi Platter","ats:Poison Spread","ats:Poison Spread","ats:Overload+1","ats:Blood Oath","ats:Blood Oath+1"],"score":5006,"play_id":"df031b80-6607-4f22-9594-de1a3d5a5216","local_time":"20210209202414","daily_mods":["SealedDeck","Vintage","Heirloom","Time Dilation","Flight","DeadlyEvents"],"is_ascension_mode":false,"campfire_choices":[{"floor":15,"key":"REST"},{"floor":24,"key":"REST"},{"floor":29,"key":"REST"},{"floor":30,"key":"REST"},{"floor":32,"key":"REST"},{"floor":42,"key":"REST"},{"floor":45,"key":"REST"},{"floor":47,"key":"REST"},{"floor":49,"key":"REST"},{"floor":58,"key":"REST"},{"floor":59,"key":"REST"},{"floor":64,"key":"REST"},{"floor":66,"key":"REST"},{"data":"ats:Soul Rend","floor":76,"key":"SMITH"},{"data":"ats:Soul Rend","floor":78,"key":"SMITH"},{"data":"ats:Serious Mode","floor":83,"key":"SMITH"},{"data":"ats:Magnetic Hammer","floor":100,"key":"SMITH"},{"data":"1","floor":109,"key":"LIFT"},{"data":"2","floor":110,"key":"LIFT"},{"data":"3","floor":114,"key":"LIFT"},{"data":"ats:Calcification","floor":117,"key":"SMITH"},{"data":"ats:True Silver Slash","floor":129,"key":"SMITH"},{"data":"ats:Shadow Assault","floor":134,"key":"SMITH"},{"data":"ats:Fractured Body","floor":143,"key":"SMITH"},{"data":"ats:Red Shift","floor":144,"key":"SMITH"},{"data":"ats:Thermite Blade","floor":146,"key":"PURGE"},{"data":"ats:Cat Scratch","floor":148,"key":"PURGE"}],"circlet_count":1,"master_deck":["ats:Serious Mode+1","ats:Red Shift+1","ats:Red Shift+1","ats:Soul Rend+1","ats:Charging Defense+1","ats:Soul Rend+1","ats:True Silver Slash+1","ats:Thorns+1","ats:Healing Strengthening+1","ats:Calcification+1","ats:Soul Rend+1","ats:Healing Strengthening+1","ats:Shadow Assault+1","ats:Magnetic Hammer+1","ats:Composite Medical Shells+1","ats:Fractured Body+1","ats:Calcification+1","ats:Demon Strength+1","ats:Healing Strengthening+1"],"relics":["ats:Sanity Plus","StoneCalendar","Orichalcum","The Courier","Lantern","Bronze Scales","Pantograph","ats:Originium","HornCleat","Dream Catcher","Old Coin","StrikeDummy","CaptainsWheel","CeramicFish","Sundial","Singing Bowl","Mummified Hand","Torii","ats:Bonebreaker","Tiny House","MawBank","White Beast Statue","Bottled Tornado","ats:Ability Aura","ats:Gyao","ats:Berate","ats:Hidden Killer","Letter Opener","Happy Flower","Pen Nib","Boot","Akabeko","SacredBark","Blood Vial","Mango","Lizard Tail","MealTicket","Tiny Chest","War Paint","Lee\u0027s Waffle","Anchor","Smiling Mask","ats:Spiritual Recovery","ats:Rhine Circuitry","Bag of Preparation","Black Star","ats:Industrial Water Cannon","Oddly Smooth Stone","Vajra","Frozen Egg 2","Omamori","Question Card","Bottled Flame","Coffee Dripper","PreservedInsect","Mercury Hourglass","Whetstone","Regal Pillow","Gambling Chip","Centennial Puzzle","Art of War","Kunai","Darkstone Periapt","FossilizedHelix","Toy Ornithopter","Turnip","Potion Belt","Shuriken","Nunchaku","Ornamental Fan","Gremlin Horn","Runic Pyramid","Strawberry","Girya","ats:Omniscience","ats:Lavender","Bag of Marbles","Ancient Tea Set","Toxic Egg 2","ats:Military Tradition","Philosopher\u0027s Stone","Peace Pipe","InkBottle","Molten Egg 2","Unceasing Top","Ginger","Prayer Wheel","Sling","Ice Cream","ats:Emergency Defibrillator","TungstenRod","Calipers","ats:Remnant Ash","Incense Burner","Dead Branch","Thread and Needle","Pocketwatch","Toolbox","Circlet","ClockworkSouvenir","SlaversCollar","Blue Candle"],"acts_visited":["Exordium","TheCity","TheBeyond","Exordium","TheCity","TheBeyond","Exordium","TheCity","TheBeyond","Exordium"],"potions_floor_usage":[10,17,75,98],"damage_taken":[{"damage":0,"enemies":"2 Louse","floor":1,"turns":1},{"damage":0,"enemies":"Small Slimes","floor":2,"turns":1},{"damage":0,"enemies":"Cultist","floor":3,"turns":2},{"damage":1,"enemies":"Blue Slaver","floor":4,"turns":2},{"damage":0,"enemies":"3 Louse","floor":5,"turns":1},{"damage":19,"enemies":"Lagavulin","floor":6,"turns":4},{"damage":3,"enemies":"3 Sentries","floor":7,"turns":4},{"damage":0,"enemies":"Gremlin Gang","floor":8,"turns":1},{"damage":0,"enemies":"Large Slime","floor":10,"turns":2},{"damage":0,"enemies":"Gremlin Nob","floor":11,"turns":2},{"damage":0,"enemies":"2 Fungi Beasts","floor":13,"turns":2},{"damage":1,"enemies":"Looter","floor":14,"turns":2},{"damage":19,"enemies":"The Guardian","floor":16,"turns":6},{"damage":0,"enemies":"Spheric Guardian","floor":18,"turns":2},{"damage":1,"enemies":"Shell Parasite","floor":19,"turns":3},{"damage":2,"enemies":"Centurion and Healer","floor":20,"turns":5},{"damage":0,"enemies":"Snecko","floor":21,"turns":3},{"damage":0,"enemies":"3 Cultists","floor":22,"turns":4},{"damage":8,"enemies":"Book of Stabbing","floor":23,"turns":4},{"damage":30,"enemies":"Gremlin Leader","floor":25,"turns":5},{"damage":1,"enemies":"Snake Plant","floor":27,"turns":4},{"damage":14,"enemies":"Centurion and Healer","floor":31,"turns":5},{"damage":11,"enemies":"Automaton","floor":33,"turns":7},{"damage":1,"enemies":"Orb Walker","floor":35,"turns":2},{"damage":20,"enemies":"3 Shapes","floor":37,"turns":2},{"damage":0,"enemies":"3 Darklings","floor":38,"turns":2},{"damage":20,"enemies":"Transient","floor":39,"turns":5},{"damage":16,"enemies":"Reptomancer","floor":40,"turns":4},{"damage":12,"enemies":"Writhing Mass","floor":44,"turns":4},{"damage":0,"enemies":"Nemesis","floor":46,"turns":5},{"damage":0,"enemies":"Giant Head","floor":48,"turns":7},{"damage":2,"enemies":"Time Eater","floor":50,"turns":8},{"damage":0,"enemies":"2 Louse","floor":52,"turns":1},{"damage":0,"enemies":"Jaw Worm","floor":53,"turns":1},{"damage":0,"enemies":"Small Slimes","floor":54,"turns":1},{"damage":0,"enemies":"3 Sentries","floor":57,"turns":2},{"damage":0,"enemies":"Gremlin Nob","floor":61,"turns":1},{"damage":0,"enemies":"Blue Slaver","floor":62,"turns":1},{"damage":0,"enemies":"Exordium Thugs","floor":63,"turns":2},{"damage":0,"enemies":"Red Slaver","floor":65,"turns":1},{"damage":96,"enemies":"Hexaghost","floor":67,"turns":4},{"damage":23,"enemies":"2 Thieves","floor":69,"turns":2},{"damage":0,"enemies":"3 Byrds","floor":71,"turns":2},{"damage":1,"enemies":"Snecko","floor":72,"turns":3},{"damage":0,"enemies":"3 Cultists","floor":73,"turns":1},{"damage":13,"enemies":"Book of Stabbing","floor":74,"turns":2},{"damage":25,"enemies":"Gremlin Leader","floor":77,"turns":2},{"damage":0,"enemies":"Book of Stabbing","floor":79,"turns":1},{"damage":20,"enemies":"Slavers","floor":80,"turns":2},{"damage":8,"enemies":"Book of Stabbing","floor":81,"turns":2},{"damage":8,"enemies":"Champ","floor":84,"turns":6},{"damage":17,"enemies":"3 Darklings","floor":86,"turns":2},{"damage":8,"enemies":"3 Shapes","floor":87,"turns":3},{"damage":0,"enemies":"Spire Growth","floor":88,"turns":3},{"damage":0,"enemies":"Jaw Worm Horde","floor":89,"turns":3},{"damage":1,"enemies":"4 Shapes","floor":90,"turns":2},{"damage":0,"enemies":"Giant Head","floor":91,"turns":6},{"damage":12,"enemies":"Nemesis","floor":93,"turns":3},{"damage":0,"enemies":"Reptomancer","floor":94,"turns":2},{"damage":14,"enemies":"Sphere and 2 Shapes","floor":95,"turns":3},{"damage":8,"enemies":"Giant Head","floor":98,"turns":4},{"damage":0,"enemies":"Writhing Mass","floor":99,"turns":2},{"damage":30,"enemies":"Awakened One","floor":101,"turns":6},{"damage":0,"enemies":"Jaw Worm","floor":103,"turns":1},{"damage":0,"enemies":"2 Louse","floor":105,"turns":1},{"damage":0,"enemies":"Cultist","floor":106,"turns":1},{"damage":0,"enemies":"Large Slime","floor":107,"turns":2},{"damage":0,"enemies":"Lagavulin","floor":108,"turns":1},{"damage":0,"enemies":"3 Sentries","floor":111,"turns":1},{"damage":0,"enemies":"Blue Slaver","floor":112,"turns":1},{"damage":0,"enemies":"Exordium Wildlife","floor":113,"turns":1},{"damage":0,"enemies":"Lagavulin","floor":115,"turns":2},{"damage":0,"enemies":"Red Slaver","floor":116,"turns":1},{"damage":138,"enemies":"Hexaghost","floor":118,"turns":3},{"damage":0,"enemies":"Spheric Guardian","floor":120,"turns":1},{"damage":0,"enemies":"Chosen","floor":121,"turns":1},{"damage":0,"enemies":"Centurion and Healer","floor":122,"turns":1},{"damage":0,"enemies":"Snake Plant","floor":124,"turns":1},{"damage":0,"enemies":"Gremlin Leader","floor":125,"turns":1},{"damage":0,"enemies":"Slavers","floor":127,"turns":1},{"damage":0,"enemies":"Gremlin Leader","floor":128,"turns":1},{"damage":0,"enemies":"Book of Stabbing","floor":130,"turns":1},{"damage":0,"enemies":"Sentry and Sphere","floor":131,"turns":1},{"damage":0,"enemies":"Chosen and Byrds","floor":132,"turns":1},{"damage":0,"enemies":"Slavers","floor":133,"turns":1},{"damage":0,"enemies":"Champ","floor":135,"turns":3},{"damage":0,"enemies":"3 Shapes","floor":137,"turns":1},{"damage":0,"enemies":"Orb Walker","floor":138,"turns":1},{"damage":0,"enemies":"Jaw Worm Horde","floor":139,"turns":1},{"damage":0,"enemies":"Spire Growth","floor":140,"turns":2},{"damage":0,"enemies":"Sphere and 2 Shapes","floor":141,"turns":1},{"damage":0,"enemies":"Giant Head","floor":142,"turns":3},{"damage":0,"enemies":"Nemesis","floor":145,"turns":1},{"damage":0,"enemies":"Giant Head","floor":147,"turns":2},{"damage":0,"enemies":"Transient","floor":150,"turns":4},{"damage":0,"enemies":"Awakened One","floor":152,"turns":5},{"damage":0,"enemies":"Small Slimes","floor":154,"turns":1}],"seed_played":"5796508355820339293","potions_obtained":[{"floor":2,"key":"SkillPotion"},{"floor":3,"key":"Block Potion"},{"floor":4,"key":"Block Potion"},{"floor":10,"key":"Fruit Juice"},{"floor":11,"key":"FairyPotion"},{"floor":16,"key":"Ancient Potion"},{"floor":17,"key":"Fruit Juice"},{"floor":20,"key":"Ancient Potion"},{"floor":79,"key":"PowerPotion"},{"floor":90,"key":"DistilledChaos"},{"floor":91,"key":"DuplicationPotion"},{"floor":98,"key":"Fruit Juice"},{"floor":99,"key":"Weak Potion"},{"floor":135,"key":"FairyPotion"},{"floor":141,"key":"Ancient Potion"}],"is_trial":true,"path_per_floor":["M","M","M","M","M","E","E","M","T","M","E","$","M","M","R","B",null,"M","M","M","M","M","E","R","E","T","M","$","R","R","M","R","B",null,"M","$","M","M","M","E","$","R","T","M","R","E","R","E","R","B",null,"M","M","M","$","$","E","R","R","T","E","M","M","R","M","R","B",null,"M","$","M","M","M","E","R","R","E","R","E","E","E","$","R","B",null,"M","M","M","M","M","E","$","E","E","M","R","$","E","M","R","B",null,"M","$","M","M","M","E","R","R","E","M","M","R","E","M","R","B",null,"M","M","M","$","M","E","$","E","E","R","E","M","M","E","R","B",null,"M","M","M","M","M","E","R","R","E","R","E","R","$","M","R","B",null,"M"],"character_chosen":"DOCTOR_CLASS","items_purchased":["ats:Charging Defense","Sundial","Singing Bowl","Mummified Hand","Pen Nib","Boot","Mango","Lee\u0027s Waffle","Anchor","Frozen Egg 2","ats:Healing Strengthening+1","Mercury Hourglass","Whetstone","Fruit Juice","Art of War","Kunai","Shuriken","Nunchaku","ats:Magnetic Hammer","ats:Composite Medical Shells+1","Girya","Unceasing Top","Ginger","ats:Demon Strength+1","Sling","ats:Healing Strengthening+1","Thread and Needle","Pocketwatch","Toolbox","ClockworkSouvenir"],"campfire_rested":13,"item_purchase_floors":[12,12,12,12,28,28,36,41,41,56,70,70,70,75,75,82,92,92,96,97,104,123,123,126,126,149,149,149,149,151],"current_hp_per_floor":[72,72,72,72,72,64,67,67,67,75,75,75,77,77,79,76,91,91,91,91,91,91,91,93,85,85,95,95,97,99,99,101,103,103,103,117,105,117,97,119,126,128,128,121,130,132,134,136,138,140,140,140,140,140,140,140,140,142,144,144,144,144,144,146,146,146,146,146,146,146,146,146,146,148,158,158,160,160,162,148,166,166,166,166,166,166,166,166,166,166,168,168,170,172,172,172,172,184,184,184,184,184,191,191,191,191,191,193,193,193,195,195,195,195,195,195,195,63,197,197,197,197,197,197,199,199,201,203,203,205,205,205,207,207,209,209,209,209,209,209,209,211,211,211,213,213,215,215,215,215,215,217,217,217,217],"gold":147,"neow_bonus":"","is_daily":false,"chose_seed":false,"campfire_upgraded":9,"win_rate":0.0,"timestamp":1612873454,"path_taken":["M","M","M","M","M","E","E","M","T","M","E","$","M","M","R","BOSS","M","M","M","M","M","E","R","E","T","M","$","R","R","M","R","BOSS","M","$","M","M","M","E","$","R","T","M","R","E","R","E","R","BOSS","M","M","M","$","$","E","R","R","T","E","M","M","R","M","R","BOSS","M","$","M","M","M","E","R","R","E","R","E","E","E","$","R","BOSS","M","M","M","M","M","E","$","E","E","M","R","$","E","M","R","BOSS","M","$","M","M","M","E","R","R","E","M","M","R","E","M","R","BOSS","M","M","M","$","M","E","$","E","E","R","E","M","M","E","R","BOSS","M","M","M","M","M","E","R","R","E","R","E","R","$","M","R","BOSS","M"],"items_purchased_type":["Card","Relic","Relic","Relic","Relic","Relic","Relic","Relic","Relic","Relic","Card","Relic","Relic","Potion","Relic","Relic","Relic","Relic","Card","Card","Relic","Relic","Relic","Card","Relic","Card","Relic","Relic","Relic","Relic"],"build_version":"2020-12-22","purchased_purges":7,"victory":false,"max_hp_per_floor":[72,72,72,72,72,72,72,72,72,77,77,77,77,77,79,79,91,91,91,91,91,91,91,93,95,95,95,95,97,99,99,101,103,103,103,117,117,117,117,119,126,128,128,128,130,132,134,136,138,140,140,140,140,140,140,140,140,142,144,144,144,144,144,146,146,146,146,146,146,146,146,146,146,148,158,158,160,160,162,164,166,166,166,166,166,166,166,166,166,166,168,168,170,172,172,172,172,184,184,184,184,184,191,191,191,191,191,193,193,193,195,195,195,195,195,195,195,197,197,197,197,197,197,197,199,199,201,203,203,205,205,205,207,207,209,209,209,209,209,209,209,211,211,211,213,213,215,215,215,215,215,217,217,217,217],"card_choices":[{"not_picked":["ats:Sword Rain","ats:Spore Proliferation"],"picked":"ats:Thermite Blade","floor":6},{"not_picked":["ats:Burning Ground","ats:Absolute Focus"],"picked":"ats:Red Shift","floor":7},{"not_picked":["ats:Healing Strengthening","ats:Explosion Area Strengthen"],"picked":"ats:Soul Rend","floor":11},{"not_picked":["ats:Burning Ground","ats:Curse Doll","ats:Counter Healing Mode"],"picked":"Singing Bowl","floor":15},{"not_picked":["ats:Nebulous Foxfire","ats:Durian"],"picked":"ats:Soul Rend","floor":16},{"not_picked":["ats:Demon Strength","ats:Chain Hook","ats:Apocalypse"],"picked":"Singing Bowl","floor":17},{"not_picked":["ats:Flexible Camouflage+1","ats:Shell Defense+1"],"picked":"ats:True Silver Slash","floor":23},{"not_picked":["ats:Closed Bolt Burst Fire","ats:Ignite","ats:Literary Storm+1"],"picked":"Singing Bowl","floor":24},{"not_picked":["ats:Ignite","ats:Revitalization+1","ats:Sword Rain"],"picked":"Singing Bowl","floor":25},{"not_picked":["ats:Curse Doll+1","ats:Guard Mode","ats:Powerful Strike"],"picked":"Singing Bowl","floor":29},{"not_picked":["ats:Guardian Obelisk","ats:Rat Pack","ats:Revitalization"],"picked":"Singing Bowl","floor":30},{"not_picked":["ats:Absolute Focus","ats:Shadow Raid+1","ats:Revitalization+1"],"picked":"Singing Bowl","floor":32},{"not_picked":["ats:Durian","ats:Ambush","ats:Wolf Pack"],"picked":"Singing Bowl","floor":33},{"not_picked":["ats:Directed Diagnosis+1","ats:Guard Mode+1","ats:Thermite Blade"],"picked":"Singing Bowl","floor":40},{"not_picked":["ats:Flexible Camouflage","ats:Ignite","ats:Powerful Strike"],"picked":"Singing Bowl","floor":42},{"not_picked":["ats:Rapid Magazine","ats:Demon Strength+1","ats:Assault Order+1"],"picked":"Singing Bowl","floor":45},{"not_picked":["ats:Consecutive Shot Auto+1","ats:Sword Rain","ats:Charging Defense+1"],"picked":"Singing Bowl","floor":46},{"not_picked":["ats:Encircling Forest","ats:Flexible Camouflage+1","ats:Mental Burst"],"picked":"Singing Bowl","floor":47},{"not_picked":["ats:Spore Proliferation+1","ats:Burning Ground","ats:Serious Mode"],"picked":"Singing Bowl","floor":48},{"not_picked":["ats:Steam Pump","ats:Hammer On","ats:Assault Order"],"picked":"Singing Bowl","floor":49},{"not_picked":["ats:Echo Reverb","ats:Wolf Pack","ats:Ambush"],"picked":"Singing Bowl","floor":50},{"not_picked":["ats:Thermite Blade","ats:Apocalypse"],"picked":"ats:Thorns+1","floor":57},{"not_picked":["ats:Powerful Strike","ats:Steam Pump","ats:Very Hot Blade"],"picked":"Singing Bowl","floor":58},{"not_picked":["ats:Revitalization","ats:Guard Mode","ats:Counter Healing Mode+1"],"picked":"Singing Bowl","floor":59},{"not_picked":["ats:Guard Mode","ats:Serious Mode+1"],"picked":"ats:Healing Strengthening+1","floor":61},{"not_picked":["ats:Steam Pump","ats:Magnetic Hammer","ats:Consecutive Shot Auto","ats:Very Hot Blade"],"picked":"Singing Bowl","floor":64},{"not_picked":["ats:Serious Mode+1","ats:Support Order","ats:Blood Oath"],"picked":"ats:Calcification","floor":66},{"not_picked":["ats:Disruption Kick","ats:Echo Reverb","ats:Rat Pack"],"picked":"ats:Soul Rend+1","floor":67},{"not_picked":["ats:Blood Oath+1","ats:Ignite","ats:Steam Pump+1","ats:Rapid Magazine+1"],"picked":"Singing Bowl","floor":74},{"not_picked":["ats:Support Order","ats:Cat Scratch","ats:Soul Absorption","ats:Sunburst"],"picked":"Singing Bowl","floor":77},{"not_picked":["ats:Roar Of Ursus+1","ats:Poison Spread","ats:Chain Hook","ats:Assault Order+1"],"picked":"Singing Bowl","floor":79},{"not_picked":["ats:Explosion Area Strengthen","ats:Rat Pack","ats:Curse Doll","ats:Powerful Strike"],"picked":"Singing Bowl","floor":80},{"not_picked":["ats:Guard Mode","ats:Very Hot Blade+1","ats:Literary Storm","ats:Closed Bolt Burst Fire"],"picked":"Singing Bowl","floor":81},{"not_picked":["ats:True Silver Slash","ats:Roar Of Ursus+1","ats:Volcano"],"picked":"ats:Shadow Assault","floor":84},{"not_picked":["ats:Blood Oath","ats:Hammer On+1","ats:Closed Bolt Burst Fire","ats:Echo Reverb"],"picked":"Singing Bowl","floor":91},{"not_picked":["ats:Consecutive Shot Auto","ats:Poison Spread","ats:Sunburst","ats:Shell Defense+1"],"picked":"Singing Bowl","floor":93},{"not_picked":["ats:Closed Bolt Burst Fire+1","ats:Ignite","ats:Consecutive Shot Auto","ats:Counter Healing Mode+1"],"picked":"Singing Bowl","floor":94},{"not_picked":["ats:Nebulous Foxfire","ats:Apocalypse+1","ats:Ignite+1","ats:Flexible Camouflage"],"picked":"Singing Bowl","floor":98},{"not_picked":["ats:Ambush+1","ats:Disruption Kick","ats:Shadow Assault"],"picked":"ats:Fractured Body","floor":101},{"not_picked":["ats:Spore Proliferation","ats:Charging Defense","ats:Hammer On","ats:Assault Order"],"picked":"Singing Bowl","floor":108},{"not_picked":["ats:Ignite","ats:Leaping Hammer","ats:Rapid Magazine+1","ats:Counter Healing Mode+1"],"picked":"Singing Bowl","floor":111},{"not_picked":["ats:Song Of Battle+1","ats:Sashimi Platter","ats:Sunburst"],"picked":"ats:Calcification+1","floor":115},{"not_picked":["ats:Shadow Assault","ats:True Silver Slash","ats:Rat Pack+1","ats:Roar Of Ursus+1"],"picked":"Singing Bowl","floor":118},{"not_picked":["ats:Spore Proliferation+1","ats:Shell Defense+1","ats:Thorns+1","ats:Assault Order+1"],"picked":"Singing Bowl","floor":125},{"not_picked":["ats:Wolf Pack+1","ats:Consecutive Shot Auto+1","ats:Very Hot Blade+1","ats:Absolute Focus+1"],"picked":"Singing Bowl","floor":127},{"not_picked":["ats:Durian+1","ats:Consecutive Shot Auto+1","ats:Apocalypse+1","ats:Mental Burst+1"],"picked":"Singing Bowl","floor":128},{"not_picked":["ats:Blood Oath+1","ats:Consecutive Shot Auto+1","ats:Hammer On+1","ats:Overload+1"],"picked":"Singing Bowl","floor":130},{"not_picked":["ats:Ignite+1","ats:Consecutive Shot Auto+1","ats:Hammer On+1","ats:Poison Spread+1"],"picked":"Singing Bowl","floor":133},{"not_picked":["ats:Roar Of Ursus+1","ats:Ambush+1","ats:Rat Pack+1","ats:Disruption Kick+1"],"picked":"Singing Bowl","floor":135},{"not_picked":["ats:Shadow Assault+1","ats:Consecutive Shot Auto+1","ats:Blood Oath+1","ats:Explosion Area Strengthen+1"],"picked":"Singing Bowl","floor":142},{"not_picked":["ats:Blood Oath+1","ats:Shadow Assault+1","ats:Hammer On+1","ats:Guard Mode+1"],"picked":"Singing Bowl","floor":145},{"not_picked":["ats:Cat Scratch+1","ats:Ignite+1","ats:Explosion Area Strengthen+1","ats:Thorns+1"],"picked":"Singing Bowl","floor":147},{"not_picked":["ats:Dogmatic Field+1","ats:Volcano+1","ats:Ambush+1","ats:Disruption Kick+1"],"picked":"Singing Bowl","floor":152}],"player_experience":198497,"relics_obtained":[{"floor":1,"key":"Orichalcum"},{"floor":2,"key":"The Courier"},{"floor":3,"key":"Lantern"},{"floor":4,"key":"Bronze Scales"},{"floor":5,"key":"Pantograph"},{"floor":6,"key":"ats:Originium"},{"floor":6,"key":"HornCleat"},{"floor":7,"key":"ats:Originium"},{"floor":7,"key":"Dream Catcher"},{"floor":8,"key":"Old Coin"},{"floor":9,"key":"StrikeDummy"},{"floor":10,"key":"CaptainsWheel"},{"floor":11,"key":"ats:Originium"},{"floor":11,"key":"CeramicFish"},{"floor":13,"key":"Torii"},{"floor":14,"key":"ats:Bonebreaker"},{"floor":18,"key":"MawBank"},{"floor":19,"key":"White Beast Statue"},{"floor":20,"key":"Bottled Tornado"},{"floor":21,"key":"ats:Ability Aura"},{"floor":22,"key":"ats:Gyao"},{"floor":23,"key":"ats:Originium"},{"floor":23,"key":"ats:Berate"},{"floor":25,"key":"ats:Hidden Killer"},{"floor":26,"key":"Letter Opener"},{"floor":27,"key":"Happy Flower"},{"floor":31,"key":"Akabeko"},{"floor":35,"key":"Blood Vial"},{"floor":37,"key":"Lizard Tail"},{"floor":38,"key":"MealTicket"},{"floor":39,"key":"Tiny Chest"},{"floor":40,"key":"War Paint"},{"floor":43,"key":"Smiling Mask"},{"floor":44,"key":"ats:Spiritual Recovery"},{"floor":46,"key":"ats:Rhine Circuitry"},{"floor":48,"key":"Bag of Preparation"},{"floor":52,"key":"ats:Industrial Water Cannon"},{"floor":53,"key":"Oddly Smooth Stone"},{"floor":54,"key":"Vajra"},{"floor":60,"key":"Omamori"},{"floor":62,"key":"Question Card"},{"floor":63,"key":"Bottled Flame"},{"floor":69,"key":"PreservedInsect"},{"floor":71,"key":"Regal Pillow"},{"floor":72,"key":"Gambling Chip"},{"floor":73,"key":"Centennial Puzzle"},{"floor":86,"key":"Darkstone Periapt"},{"floor":87,"key":"FossilizedHelix"},{"floor":88,"key":"Toy Ornithopter"},{"floor":89,"key":"Turnip"},{"floor":90,"key":"Potion Belt"},{"floor":91,"key":"ats:Originium"},{"floor":95,"key":"Ornamental Fan"},{"floor":99,"key":"Gremlin Horn"},{"floor":103,"key":"Strawberry"},{"floor":105,"key":"ats:Omniscience"},{"floor":106,"key":"ats:Lavender"},{"floor":107,"key":"Bag of Marbles"},{"floor":112,"key":"Ancient Tea Set"},{"floor":113,"key":"Toxic Egg 2"},{"floor":116,"key":"ats:Military Tradition"},{"floor":120,"key":"Peace Pipe"},{"floor":121,"key":"InkBottle"},{"floor":122,"key":"Molten Egg 2"},{"floor":124,"key":"Prayer Wheel"},{"floor":131,"key":"Ice Cream"},{"floor":132,"key":"ats:Emergency Defibrillator"},{"floor":137,"key":"TungstenRod"},{"floor":138,"key":"Calipers"},{"floor":139,"key":"ats:Remnant Ash"},{"floor":140,"key":"Incense Burner"},{"floor":141,"key":"Dead Branch"},{"floor":150,"key":"Circlet"},{"floor":154,"key":"Blue Candle"}],"event_choices":[],"is_beta":false,"boss_relics":[{"not_picked":["Philosopher\u0027s Stone","Sozu"],"picked":"Tiny House"},{"not_picked":["Snecko Eye","Astrolabe"],"picked":"SacredBark"},{"not_picked":["Runic Dome","Runic Pyramid"],"picked":"Black Star"},{"not_picked":["Velvet Choker","Runic Dome"],"picked":"Coffee Dripper"},{"not_picked":["ats:Tactical Delivery","Calling Bell"],"picked":"ats:Sanity Plus"},{"not_picked":["Cursed Key","Philosopher\u0027s Stone"],"picked":"Runic Pyramid"},{"not_picked":["Busted Crown","Astrolabe"],"picked":"Philosopher\u0027s Stone"},{"not_picked":["Sozu","Snecko Eye","Velvet Choker"]},{"not_picked":["Fusion Hammer","Cursed Key"],"picked":"SlaversCollar"}],"items_purged_floors":[28,36,41,55,56,70,75],"is_endless":true,"potions_floor_spawned":[2,3,4,10,11,13,16,20,21,22,23,25,27,31,33,35,37,38,39,40,44,46,48,50,52,53,54,57,61,62,63,65,67,69,71,72,73,74,77,79,80,81,84,86,87,88,89,90,91,93,94,95,98,99,101,103,105,106,107,108,111,112,113,115,116,118,120,121,122,124,125,127,128,130,131,132,133,135,137,138,139,140,141,142,145,147,150,152,154],"killed_by":"Small Slimes","ascension_level":0}}