{"host":"tthpht10oetb1q7t","time":1612875643,"event":{"mods":["AchievementEnabler","BaseMod","Clockwork Mod","Conspire","GifTheSpireLib","Hermit","Hubris","Minty Spire (QoL Compilation)","Permanent Neow","Quick Restart","Replay The Spire","StSLib","SuperFastMode"],"gold_per_floor":[117,136,27,27,27,37,37,37,51,51,51,27,56,76,111,111,111,111,111],"floor_reached":18,"language":"ENG","playtime":4970,"items_purged":[],"score":120,"play_id":"272a1259-d3d8-4154-b6dd-eedbe57f31d2","local_time":"20210209140043","is_ascension_mode":false,"campfire_choices":[{"data":"Clockwork:QuantumStrike","floor":8,"key":"SMITH"},{"data":"Clockwork:ElasticNanites","floor":10,"key":"SMITH"},{"floor":17,"key":"REST"}],"circlet_count":0,"master_deck":["Clockwork:Strike","Clockwork:Strike","Clockwork:Strike","Clockwork:Shield","Clockwork:Shield","Clockwork:Shield","Clockwork:Shield","Clockwork:Tinker","Clockwork:WarmUp","Defend_R","Clockwork:Strike","Clockwork:Inspiration","Clockwork:QuantumStrike+1","Clockwork:Roundhouse","Clockwork:Inspiration+1","Clockwork:RevUp","Clockwork:ElasticNanites+1","Clockwork:Redundancy","Clockwork:RevUp","Clockwork:MechanicalBulk"],"relics":["Clockwork:MomentumEngine","CultistMask","FossilizedHelix","Bronze Scales"],"acts_visited":["Exordium"],"potions_floor_usage":[13,18,18,18],"damage_taken":[{"damage":0,"enemies":"2 Louse","floor":1,"turns":5},{"damage":6,"enemies":"Jaw Worm","floor":2,"turns":6},{"damage":18,"enemies":"Cultist","floor":6,"turns":7},{"damage":11,"enemies":"Looter","floor":9,"turns":5},{"damage":7,"enemies":"Lagavulin","floor":13,"turns":10},{"damage":28,"enemies":"Exordium Thugs","floor":14,"turns":7},{"damage":12,"enemies":"Replay:BlueRogue","floor":15,"turns":8},{"damage":33,"enemies":"Hexaghost","floor":18,"turns":11}],"seed_played":"-3588971893769801568","potions_obtained":[{"floor":6,"key":"PowerPotion"},{"floor":13,"key":"Adrenaline Potion"},{"floor":14,"key":"Reflective Coating"},{"floor":15,"key":"SteroidPotion"}],"is_trial":false,"path_per_floor":["M","M","$","PTL","PTL","M","?","R","M","R","T","$","E","M","E","?","R","B"],"character_chosen":"CLOCKWORK","items_purchased":["Clockwork:Inspiration+1","Clockwork:Redundancy"],"campfire_rested":1,"item_purchase_floors":[3,12],"current_hp_per_floor":[85,79,79,79,79,61,61,61,50,50,50,50,43,15,3,3,28,0,0],"gold":111,"neow_bonus":"THREE_RARE_CARDS","is_daily":false,"chose_seed":false,"campfire_upgraded":2,"win_rate":0.0,"timestamp":1612875643,"path_taken":["M","M","$","PTL","PTL","M","?","R","M","R","T","?","E","?","E","?","R","BOSS"],"items_purchased_type":["Card","Card"],"build_version":"2020-12-22","purchased_purges":0,"victory":false,"max_hp_per_floor":[85,85,85,85,85,85,85,85,85,85,85,85,85,85,85,85,85,85,85],"card_choices":[{"not_picked":["Clockwork:Halt","Clockwork:Randomization"],"picked":"Clockwork:Inspiration","floor":0},{"not_picked":["Clockwork:Improve","Clockwork:Minimalism"],"picked":"Clockwork:QuantumStrike","floor":1},{"not_picked":["Clockwork:PerfectForm","Clockwork:ChargingShield"],"picked":"Clockwork:Roundhouse","floor":2},{"not_picked":["Clockwork:SystemHardening","Clockwork:SnapKeep"],"picked":"Clockwork:RevUp","floor":6},{"not_picked":["Clockwork:EnthusiasticStrike","Clockwork:Redundancy"],"picked":"Clockwork:ElasticNanites","floor":9},{"not_picked":["Clockwork:Minimalism","Clockwork:EnthusiasticStrike"],"picked":"Clockwork:RevUp","floor":13},{"not_picked":["Clockwork:SystemHardening","Clockwork:CogShield"],"picked":"Clockwork:MechanicalBulk","floor":14},{"not_picked":["Clockwork:AdaptiveCannon","Clockwork:Halt","Clockwork:Pluck"],"picked":"SKIP","floor":15}],"player_experience":87484,"relics_obtained":[{"floor":13,"key":"FossilizedHelix"},{"floor":15,"key":"Bronze Scales"}],"event_choices":[{"damage_healed":0,"gold_gain":0,"player_choice":"Trade","damage_taken":0,"relics_obtained":["CultistMask"],"max_hp_gain":0,"max_hp_loss":0,"event_name":"FaceTrader","floor":7,"gold_loss":0},{"cards_removed":["Clockwork:Strike"],"damage_healed":0,"gold_gain":0,"player_choice":"Purged","damage_taken":0,"max_hp_gain":0,"max_hp_loss":0,"event_name":"Purifier","floor":16,"gold_loss":0}],"is_beta":false,"boss_relics":[],"items_purged_floors":[],"is_endless":false,"potions_floor_spawned":[6,13,14,15],"killed_by":"Hexaghost","ascension_level":0}}