{"host":"v4tuy5ykrbdcm9o9","time":1612834575,"event":{"mods":["BaseMod","Duelist Mod","Minty Spire (QoL Compilation)","Replay The Spire","StSLib"],"gold_per_floor":[111,127,194,214,230,230,265,540,622,622,129,164,189,217,217,326,326,358,383,406,436,351,393,429,429,429,461,497,497,497,529,529,646,646,670,698,733,800,800,800,851,886,886,428,476,506,506,547,547,555,555,555,83,138,148,148],"floor_reached":55,"language":"ENG","playtime":4726,"items_purged":["Regret","Replay:Hysterical Blindness"],"score":1271,"play_id":"bf1942b6-421a-45e0-bf08-f817a5ec6f53","local_time":"20210208203615","is_ascension_mode":true,"campfire_choices":[{"floor":6,"key":"RECALL"},{"floor":10,"key":"REST"},{"data":"Loop","floor":15,"key":"SMITH"},{"data":"Buffer","floor":25,"key":"SMITH"},{"data":"Beam Cell","floor":30,"key":"SMITH"},{"floor":32,"key":"REST"},{"data":"Hyperbeam","floor":40,"key":"SMITH"},{"data":"Static Discharge","floor":47,"key":"SMITH"},{"data":"Go for the Eyes","floor":49,"key":"SMITH"},{"data":"Amplify","floor":52,"key":"SMITH"}],"circlet_count":0,"master_deck":["Strike_B","Strike_B","Strike_B","Strike_B","Defend_B","Defend_B","Defend_B","Defend_B","Zap","Dualcast","Beam Cell+1","Streamline","Cold Snap","Steam","Loop+1","Beam Cell+1","Conserve Battery","Gash","Leap","Beam Cell+1","Buffer+1","Conserve Battery+1","Steam+1","Self Repair+1","Auto Shields","Hyperbeam+1","Streamline+1","Gash","Stack+1","ReplayTheSpireMod:Omega Cannon","Coolheaded+1","ReplayTheSpireMod:Repulse+1","Go for the Eyes+1","Hallucinations","Go for the Eyes+1","Reinforced Body+1","Buffer+1","Amplify+1","Compile Driver+1","White Noise","Static Discharge+1","Panic Button+1","Streamline+1","Lockon+1","Gash+1","Bandage Up","Rip and Tear+1","Hologram"],"relics":["Cracked Core","Thread and Needle","Onion Ring","Sling","Replay:Bandana","Geode","Nuclear Battery","StrikeDummy","Replay:Rubber Ducky","Bottled Flame","ReplayTheSpireMod:Lightbulb","Darkstone Periapt","Cursed Key","Anchor","Nunchaku","Symbiotic Virus","Molten Egg 2","Replay:Kaleidoscope","Replay:Bottled Eggs","Strawberry"],"acts_visited":["Exordium","TheCity","TheBeyond","TheEnding"],"potions_floor_usage":[7,12,20,24,28,37,50,55],"damage_taken":[{"damage":0,"enemies":"Small Slimes","floor":1,"turns":3},{"damage":2,"enemies":"Jaw Worm","floor":2,"turns":3},{"damage":0,"enemies":"Cultist","floor":4,"turns":3},{"damage":7,"enemies":"Exordium Wildlife","floor":5,"turns":3},{"damage":15,"enemies":"Lagavulin","floor":7,"turns":7},{"damage":4,"enemies":"3 Sentries","floor":12,"turns":8},{"damage":0,"enemies":"3 Louse","floor":13,"turns":3},{"damage":1,"enemies":"Exordium Thugs","floor":14,"turns":3},{"damage":36,"enemies":"Hexaghost","floor":16,"turns":9},{"damage":16,"enemies":"2 Thieves","floor":18,"turns":4},{"damage":10,"enemies":"Shell Parasite","floor":19,"turns":6},{"damage":0,"enemies":"Shelled Parasite and Fungi","floor":20,"turns":8},{"damage":33,"enemies":"Chosen and Byrds","floor":21,"turns":6},{"damage":0,"enemies":"theDuelist:KaibaA2","floor":23,"turns":3},{"damage":0,"enemies":"3 Cultists","floor":24,"turns":4},{"damage":0,"enemies":"Centurion and Healer","floor":27,"turns":2},{"damage":0,"enemies":"Book of Stabbing","floor":28,"turns":6},{"damage":0,"enemies":"Sentry and Sphere","floor":31,"turns":3},{"damage":29,"enemies":"Pondfish","floor":33,"turns":11},{"damage":12,"enemies":"3 Shapes","floor":35,"turns":1},{"damage":0,"enemies":"Orb Walker","floor":36,"turns":3},{"damage":12,"enemies":"Transient","floor":37,"turns":5},{"damage":0,"enemies":"Reptomancer","floor":41,"turns":7},{"damage":6,"enemies":"Sphere and 2 Shapes","floor":42,"turns":4},{"damage":0,"enemies":"R_Hoarder","floor":45,"turns":6},{"damage":0,"enemies":"Spire Growth","floor":46,"turns":6},{"damage":0,"enemies":"Giant Head","floor":48,"turns":11},{"damage":50,"enemies":"Time Eater","floor":50,"turns":14},{"damage":66,"enemies":"Shield and Spear","floor":54,"turns":5},{"damage":49,"enemies":"The Heart","floor":55,"turns":2}],"seed_played":"-8146067574877575930","potions_obtained":[{"floor":5,"key":"FocusPotion"},{"floor":7,"key":"PotionOfCapacity"},{"floor":12,"key":"SteroidPotion"},{"floor":19,"key":"Elixir"},{"floor":21,"key":"Dexterity Potion"},{"floor":23,"key":"ColorlessPotion"},{"floor":28,"key":"PotionOfCapacity"},{"floor":31,"key":"Languid Potion"},{"floor":35,"key":"BlessingOfTheForge"},{"floor":38,"key":"DistilledChaos"}],"is_trial":false,"path_per_floor":["M","M","?","M","M","R","E","?","T","R","$","E","M","M","R","B",null,"M","M","M","M","?","E","M","R","T","M","E","?","R","M","R","B",null,"M","M","M","?","?","R","E","M","T","$","E","M","R","E","R","B",null,"R","$","E","B"],"character_chosen":"DEFECT","items_purchased":["Beam Cell","Conserve Battery","Sling","Replay:Bandana","SkillPotion","Symbiotic Virus","White Noise","Static Discharge","Replay:Bottled Eggs","Gash+1","SteroidPotion","Bandage Up","Rip and Tear+1"],"campfire_rested":2,"item_purchase_floors":[11,11,11,11,11,44,44,44,53,53,53,53,53],"current_hp_per_floor":[75,73,73,73,66,66,51,51,51,75,75,71,71,70,70,34,70,54,44,44,21,21,31,41,41,41,41,51,51,51,61,82,53,75,63,73,71,77,77,77,87,81,87,87,87,94,94,94,94,54,84,84,84,25,0,0],"gold":148,"neow_bonus":"TEN_PERCENT_HP_BONUS","is_daily":false,"chose_seed":false,"campfire_upgraded":7,"win_rate":0.0,"timestamp":1612834575,"path_taken":["M","M","?","M","M","R","E","?","T","R","$","E","?","M","R","BOSS","M","M","M","M","?","E","M","R","T","M","E","?","R","M","R","BOSS","M","M","M","?","?","R","E","M","T","$","E","M","R","E","R","BOSS","R","$","E","BOSS"],"items_purchased_type":["Card","Card","Relic","Relic","Potion","Relic","Card","Card","Relic","Card","Potion","Card","Card"],"build_version":"2020-12-22","purchased_purges":2,"victory":false,"max_hp_per_floor":[82,82,82,82,82,82,82,82,82,82,82,82,82,82,82,82,82,82,82,82,82,82,82,82,82,82,82,82,82,82,82,82,82,82,82,82,82,88,88,88,88,88,94,94,94,94,94,94,94,94,94,94,94,101,101,101],"card_choices":[{"not_picked":["Streamline","Rebound"],"picked":"Beam Cell","floor":1},{"not_picked":["ReplayTheSpireMod:Reroute Power","Rebound"],"picked":"Streamline","floor":2},{"not_picked":["Turbo","Panic Button"],"picked":"Cold Snap","floor":4},{"not_picked":["Go for the Eyes","Rainbow"],"picked":"Steam","floor":5},{"not_picked":["ReplayGash","Capacitor"],"picked":"Loop","floor":7},{"not_picked":["BasicCrystalCard","Ball Lightning"],"picked":"Gash","floor":12},{"not_picked":["Chill","Turbo"],"picked":"Leap","floor":13},{"not_picked":["Sweeping Beam","Ball Lightning"],"picked":"Beam Cell","floor":14},{"not_picked":["Machine Learning","Echo Form"],"picked":"Buffer","floor":16},{"not_picked":["Turbo+1","Melter"],"picked":"Conserve Battery+1","floor":18},{"not_picked":["Conserve Battery+1","Skim"],"picked":"Steam+1","floor":19},{"not_picked":["Stack","Crystallizer"],"picked":"Self Repair+1","floor":20},{"not_picked":["Cold Snap","Ball Lightning+1"],"picked":"Auto Shields","floor":21},{"not_picked":["Coolheaded","Recycle"],"picked":"Hyperbeam","floor":23},{"not_picked":["Panic Button","Turbo"],"picked":"Streamline+1","floor":24},{"not_picked":["ReplayTheSpireMod:System Scan","Chill","Reprogram"],"picked":"SKIP","floor":27},{"not_picked":["BootSequence","BasicCrystalCard+1"],"picked":"Gash","floor":28},{"not_picked":["Darkness","Conserve Battery"],"picked":"Stack+1","floor":31},{"not_picked":["Amplify","Biased Cognition"],"picked":"ReplayTheSpireMod:Omega Cannon","floor":33},{"not_picked":["Barrage","Crystallizer"],"picked":"Coolheaded+1","floor":35},{"not_picked":["FTL","Scrape+1"],"picked":"ReplayTheSpireMod:Repulse+1","floor":36},{"not_picked":["Barrage","FTL"],"picked":"Go for the Eyes+1","floor":37},{"not_picked":["Rebound","Beam Cell"],"picked":"Go for the Eyes","floor":38},{"not_picked":["ReplayTheSpireMod:Repulse","Leap"],"picked":"Reinforced Body+1","floor":38},{"not_picked":["BasicCrystalCard+1","Rip and Tear"],"picked":"Amplify","floor":41},{"not_picked":["Stack","Redo+1"],"picked":"Compile Driver+1","floor":42},{"not_picked":["Sweeping Beam+1","Skim"],"picked":"Panic Button+1","floor":45},{"not_picked":["Sweeping Beam+1","Leap+1"],"picked":"Streamline+1","floor":46},{"not_picked":["Ball Lightning+1","FTL+1"],"picked":"Lockon+1","floor":48},{"not_picked":["ReplayTheSpireMod:Repulse","Time Bomb+1"],"picked":"Hologram","floor":54}],"player_experience":811849,"relics_obtained":[{"floor":7,"key":"Thread and Needle"},{"floor":9,"key":"Onion Ring"},{"floor":12,"key":"Geode"},{"floor":23,"key":"Replay:Rubber Ducky"},{"floor":26,"key":"Bottled Flame"},{"floor":28,"key":"ReplayTheSpireMod:Lightbulb"},{"floor":38,"key":"Anchor"},{"floor":41,"key":"Nunchaku"},{"floor":45,"key":"Molten Egg 2"},{"floor":48,"key":"Replay:Kaleidoscope"},{"floor":54,"key":"Strawberry"}],"event_choices":[{"damage_healed":0,"gold_gain":67,"player_choice":"Gained Gold","damage_taken":0,"max_hp_gain":0,"max_hp_loss":0,"event_name":"Golden Wing","floor":3,"gold_loss":0},{"damage_healed":0,"gold_gain":275,"player_choice":"Desecrate","damage_taken":0,"max_hp_gain":0,"max_hp_loss":0,"event_name":"Golden Shrine","floor":8,"gold_loss":0,"cards_obtained":["Regret"]},{"damage_healed":0,"gold_gain":0,"player_choice":"Obtained Relic","damage_taken":0,"relics_obtained":["StrikeDummy"],"max_hp_gain":0,"max_hp_loss":0,"event_name":"Addict","floor":22,"gold_loss":85},{"damage_healed":0,"gold_gain":0,"player_choice":"Gave Potion","damage_taken":0,"relics_obtained":["Darkstone Periapt"],"max_hp_gain":0,"max_hp_loss":0,"event_name":"WeMeetAgain","floor":29,"gold_loss":0},{"damage_healed":0,"gold_gain":0,"player_choice":"Copied","damage_taken":0,"max_hp_gain":0,"max_hp_loss":0,"event_name":"Duplicator","floor":39,"gold_loss":0,"cards_obtained":["Buffer"]}],"is_beta":false,"boss_relics":[{"not_picked":["Coffee Dripper","Replay:Wanted Poster"],"picked":"Nuclear Battery"},{"not_picked":["Inserter","Busted Crown"],"picked":"Cursed Key"}],"items_purged_floors":[11,44],"is_endless":false,"potions_floor_spawned":[5,7,12,19,21,23,28,31,35,45,48],"killed_by":"The Heart","ascension_level":7}}