{"host":"7wi4qgm5yw4j7oz0","time":1612891837,"event":{"mods":["AchievementEnabler","BaseMod","Block Reminder","Colored Map","Colored Powertips","Highlight Path","Minty Spire (QoL Compilation)","Permanent Neow","Random Character Button","Rare Cards Sparkle","StSLib","everything is the same but u backflip on backflip"],"gold_per_floor":[110,110,110,110,137,137,173,182,182,217,217,246,275,81,81,81,81],"floor_reached":16,"language":"KOR","playtime":3086,"items_purged":[],"score":256,"play_id":"971abc70-4963-4a0d-b1ef-04310edcfdd0","local_time":"20210210023037","is_ascension_mode":true,"campfire_choices":[{"data":"Armaments","floor":6,"key":"SMITH"},{"floor":11,"key":"REST"},{"data":"Body Slam","floor":15,"key":"SMITH"}],"circlet_count":0,"master_deck":["Strike_R","Strike_R","Strike_R","Strike_R","Strike_R","Defend_R","Defend_R","Defend_R","Defend_R","Bash","Armaments+1","Sword Boomerang","Body Slam+1","Regret","Intimidate","Corruption","Uppercut","Clothesline"],"relics":["Burning Blood","NeowsBlessing","CeramicFish","Toy Ornithopter","Pen Nib","Singing Bowl","Bag of Preparation","Lee\u0027s Waffle"],"acts_visited":["Exordium"],"potions_floor_usage":[16,16,16],"damage_taken":[{"damage":0,"enemies":"Jaw Worm","floor":1,"turns":1},{"damage":0,"enemies":"2 Louse","floor":5,"turns":1},{"damage":0,"enemies":"Lagavulin","floor":7,"turns":1},{"damage":62,"enemies":"3 Sentries","floor":10,"turns":11},{"damage":6,"enemies":"Cultist","floor":12,"turns":3},{"damage":35,"enemies":"Large Slime","floor":13,"turns":9},{"damage":97,"enemies":"Hexaghost","floor":16,"turns":12}],"seed_played":"7090889105974129279","potions_obtained":[{"floor":7,"key":"SteroidPotion"},{"floor":10,"key":"PowerPotion"},{"floor":12,"key":"Strength Potion"}],"is_trial":false,"path_per_floor":["M","?","$","?","M","R","E","?","T","E","R","M","M","$","R","B"],"character_chosen":"IRONCLAD","items_purchased":["Lee\u0027s Waffle","Clothesline"],"campfire_rested":1,"item_purchase_floors":[14,14],"current_hp_per_floor":[78,71,71,71,77,77,80,80,80,24,48,48,19,87,87,11,11],"gold":81,"neow_bonus":"THREE_ENEMY_KILL","is_daily":false,"chose_seed":false,"campfire_upgraded":2,"win_rate":0.0,"timestamp":1612891837,"path_taken":["M","?","$","?","M","R","E","?","T","E","R","M","M","?","R","BOSS"],"items_purchased_type":["Relic","Card"],"build_version":"2020-12-22","purchased_purges":0,"victory":false,"max_hp_per_floor":[80,80,80,80,80,80,80,80,80,80,80,80,80,87,87,87,87],"card_choices":[{"not_picked":["Inflame","Cleave"],"picked":"Armaments","floor":1},{"not_picked":["Battle Trance","Rage"],"picked":"Sword Boomerang","floor":5},{"not_picked":["Armaments","Second Wind"],"picked":"Body Slam","floor":7},{"not_picked":["Flex","Twin Strike"],"picked":"Intimidate","floor":10},{"not_picked":["Intimidate","Sword Boomerang"],"picked":"Corruption","floor":12},{"not_picked":["Inflame","Shockwave"],"picked":"Uppercut","floor":13}],"player_experience":281307,"relics_obtained":[{"floor":7,"key":"Toy Ornithopter"},{"floor":9,"key":"Singing Bowl"},{"floor":10,"key":"Bag of Preparation"}],"event_choices":[{"damage_healed":0,"gold_gain":0,"player_choice":"Success","damage_taken":7,"relics_obtained":["CeramicFish"],"max_hp_gain":0,"max_hp_loss":0,"event_name":"Scrap Ooze","floor":2,"gold_loss":0},{"damage_healed":0,"gold_gain":0,"player_choice":"Leave","damage_taken":0,"max_hp_gain":0,"max_hp_loss":0,"event_name":"The Cleric","floor":4,"gold_loss":0},{"damage_healed":0,"gold_gain":0,"player_choice":"Box","damage_taken":0,"relics_obtained":["Pen Nib"],"max_hp_gain":0,"max_hp_loss":0,"event_name":"Big Fish","floor":8,"gold_loss":0,"cards_obtained":["Regret"]}],"is_beta":false,"boss_relics":[],"items_purged_floors":[],"is_endless":false,"potions_floor_spawned":[7,10,12],"killed_by":"Hexaghost","ascension_level":8}}