{"host":"hahe3lxotqh08ugn","time":1612832201,"event":{"mods":["AchievementEnabler","BaseMod","Googly Eyes","Hermit","Minty Spire (QoL Compilation)","Quick Restart","StSLib","The Cursed","The Hierophant"],"gold_per_floor":[113,127,202,202,217,217,249,267,293,73,88,88,88,88],"floor_reached":13,"language":"ENG","playtime":674,"items_purged":["Strike_G"],"score":115,"play_id":"1a2dc555-b9d8-4631-b63d-67432cbddaa0","local_time":"20210208195641","is_ascension_mode":true,"campfire_choices":[{"floor":6,"key":"REST"}],"circlet_count":0,"master_deck":["Strike_G","Strike_G","Strike_G","Defend_G","Defend_G","Defend_G","Defend_G","Defend_G","Survivor","Neutralize+1","Slice","Footwork","Escape Plan","Backflip","Catalyst","Caltrops","Poisoned Stab","Prepared","Backstab","Doppelganger"],"relics":["Ring of the Snake","Omamori","Juzu Bracelet","Potion Belt"],"acts_visited":["Exordium"],"potions_floor_usage":[8,13],"damage_taken":[{"damage":3,"enemies":"Small Slimes","floor":1,"turns":5},{"damage":5,"enemies":"Cultist","floor":2,"turns":4},{"damage":0,"enemies":"2 Louse","floor":5,"turns":3},{"damage":29,"enemies":"3 Sentries","floor":7,"turns":13},{"damage":20,"enemies":"Gremlin Gang","floor":8,"turns":7},{"damage":15,"enemies":"Large Slime","floor":11,"turns":8},{"damage":0,"enemies":"Gremlin Nob","floor":13,"turns":3}],"seed_played":"-8552722770894023012","potions_obtained":[{"floor":7,"key":"SkillPotion"},{"floor":8,"key":"Ancient Potion"},{"floor":11,"key":"Swift Potion"}],"is_trial":false,"path_per_floor":["M","M","?","?","M","R","E","M","T","$","M","?","E"],"character_chosen":"THE_SILENT","items_purchased":["Caltrops","Poisoned Stab","Prepared"],"campfire_rested":1,"item_purchase_floors":[10,10,10],"current_hp_per_floor":[60,55,44,44,44,65,36,16,16,16,1,1,1,1],"gold":88,"neow_bonus":"RANDOM_COMMON_RELIC","is_daily":false,"chose_seed":false,"campfire_upgraded":0,"win_rate":0.0,"timestamp":1612832201,"path_taken":["M","M","?","?","?","R","E","M","T","$","M","?","E"],"items_purchased_type":["Card","Card","Card"],"build_version":"2020-12-22","purchased_purges":1,"victory":false,"max_hp_per_floor":[70,70,70,70,70,70,70,70,70,70,70,70,70,70],"card_choices":[{"not_picked":["Blade Dance","Poisoned Stab"],"picked":"Slice","floor":1},{"not_picked":["Poisoned Stab","Backflip"],"picked":"Footwork","floor":2},{"not_picked":["Bane","Acrobatics"],"picked":"Escape Plan","floor":5},{"not_picked":["Backstab","Expertise"],"picked":"Backflip","floor":7},{"not_picked":["Poisoned Stab","Distraction"],"picked":"Catalyst","floor":8},{"not_picked":["Underhanded Strike","Sucker Punch"],"picked":"Backstab","floor":11}],"player_experience":289090,"relics_obtained":[{"floor":7,"key":"Juzu Bracelet"},{"floor":9,"key":"Potion Belt"}],"event_choices":[{"damage_healed":0,"gold_gain":75,"player_choice":"Gather Gold","damage_taken":11,"max_hp_gain":0,"max_hp_loss":0,"event_name":"World of Goop","floor":3,"gold_loss":0},{"damage_healed":0,"gold_gain":0,"player_choice":"Forge","damage_taken":0,"max_hp_gain":0,"max_hp_loss":0,"event_name":"Accursed Blacksmith","floor":4,"gold_loss":0,"cards_upgraded":["Neutralize"]},{"damage_healed":0,"gold_gain":0,"cards_transformed":["Strike_G"],"player_choice":"Transformed","damage_taken":0,"max_hp_gain":0,"max_hp_loss":0,"event_name":"Transmorgrifier","floor":12,"gold_loss":0,"cards_obtained":["Doppelganger"]}],"is_beta":false,"boss_relics":[],"items_purged_floors":[10],"is_endless":false,"potions_floor_spawned":[7,8,11],"killed_by":"Gremlin Nob","ascension_level":7}}