{"host":"7k2a2omxz3voj5ax","time":1612889116,"event":{"mods":["BaseMod","Marisa£¨ìFÓê¡¡Ä§ÀíÉ³£©","Minty Spire (QoL Compilation)","Quick Restart","Spicy Shops","StSLib","Starting Relic: Pandora\u0027s Box","Yakumo Yukari mod","¡¾ÒÅÎï¿¨ÅÆ¡¿REMEMod","óô»ðÖ¸ÄÏ"],"gold_per_floor":[110,120,45,45,45,77,77,87,104,104,133,133,164,175,194,219,144,218,218,232,132,144,188,188,188,188,202,202,127,158,158,158,6,21,46,46,46,46,56,56,130,130,147,160,33,51,69,83,83,115,27,75,100,116,116,116,136,165,185,185,30,30,30,30,30,61,61],"floor_reached":68,"language":"ZHS","playtime":2748,"items_purged":["REME_Repentance","FlyingSleeves","Normality","Study","Wallop+1"],"score":2458,"play_id":"c9f5181a-a950-4600-bd8a-d3977955f305","local_time":"20210210014516","is_ascension_mode":true,"campfire_choices":[{"data":"Eruption","floor":7.0,"key":"SMITH"},{"data":"CasketOfStar","floor":12.0,"key":"SMITH"},{"floor":28.0,"key":"RECALL"},{"floor":37.0,"key":"REST"},{"floor":40.0,"key":"REST"},{"floor":49.0,"key":"REST"},{"floor":56,"key":"REST"},{"floor":60,"key":"REST"}],"circlet_count":0,"master_deck":["AscendersBane","Eruption+1","Vigilance+1","Tantrum+1","TalkToTheHand+1","CasketOfStar+1","Adaptation+1","LessonLearned+1","Madness+1","Panacea+1","TalkToTheHand+1"],"relics":["PureWater","REME_ComplimentaryCards","NeowsBlessing","Incense Burner","Damaru","Bird Faced Urn","Yang","Blood Vial","HornCleat","REME_LowDesire","Nunchaku","Oddly Smooth Stone","Medical Kit","Sundial","Ornamental Fan","Ginger","Question Card","Membership Card","Darkstone Periapt","Nilry\u0027s Codex","Fusion Hammer","Kunai","Toy Ornithopter","CatCart","REME_PuzzleBoxRelic","Du-Vu Doll","Torii","Ice Cream"],"acts_visited":["Exordium","TheCity","TheBeyond","TheEnding"],"potions_floor_usage":[50,67],"damage_taken":[{"damage":0.0,"enemies":"Jaw Worm","floor":1.0,"turns":1.0},{"damage":0.0,"enemies":"2 Louse","floor":2.0,"turns":1.0},{"damage":0.0,"enemies":"3 Sentries","floor":6.0,"turns":1.0},{"damage":0.0,"enemies":"Cultist","floor":8.0,"turns":2.0},{"damage":0.0,"enemies":"Looter","floor":9.0,"turns":2.0},{"damage":0.0,"enemies":"Lagavulin","floor":11.0,"turns":2.0},{"damage":26.0,"enemies":"3 Sentries","floor":13.0,"turns":5.0},{"damage":26.0,"enemies":"Blue Slaver","floor":14.0,"turns":2.0},{"damage":0.0,"enemies":"Large Slime","floor":15.0,"turns":2.0},{"damage":0.0,"enemies":"Gremlin Nob","floor":16.0,"turns":2.0},{"damage":0.0,"enemies":"Slime Boss","floor":18.0,"turns":3.0},{"damage":14.0,"enemies":"2 Thieves","floor":20.0,"turns":2.0},{"damage":2.0,"enemies":"Chosen","floor":22.0,"turns":3.0},{"damage":0.0,"enemies":"3 Cultists","floor":27.0,"turns":4.0},{"damage":5.0,"enemies":"Gremlin Leader","floor":30.0,"turns":4.0},{"damage":24.0,"enemies":"Snake Plant","floor":34.0,"turns":3.0},{"damage":0.0,"enemies":"Book of Stabbing","floor":35.0,"turns":2.0},{"damage":24.0,"enemies":"Shelled Parasite and Fungi","floor":39.0,"turns":2.0},{"damage":34.0,"enemies":"Automaton","floor":41.0,"turns":5.0},{"damage":32.0,"enemies":"3 Shapes","floor":43.0,"turns":5.0},{"damage":0.0,"enemies":"Orb Walker","floor":44.0,"turns":3.0},{"damage":0.0,"enemies":"Spire Growth","floor":46.0,"turns":2.0},{"damage":11.0,"enemies":"Sphere and 2 Shapes","floor":47.0,"turns":4.0},{"damage":0.0,"enemies":"Transient","floor":48.0,"turns":1.0},{"damage":36,"enemies":"Reptomancer","floor":50,"turns":2},{"damage":0,"enemies":"Orin","floor":52,"turns":2},{"damage":0,"enemies":"3 Darklings","floor":54,"turns":1},{"damage":28,"enemies":"Jaw Worm Horde","floor":57,"turns":2},{"damage":0,"enemies":"Nemesis","floor":58,"turns":3},{"damage":1,"enemies":"Sphere and 2 Shapes","floor":59,"turns":2},{"damage":0,"enemies":"Awakened One","floor":62,"turns":4},{"damage":0,"enemies":"Shield and Spear","floor":66,"turns":3},{"damage":9,"enemies":"The Heart","floor":67,"turns":3}],"seed_played":"-3325294843380634087","potions_obtained":[{"floor":1.0,"key":"Block Potion"},{"floor":8.0,"key":"DistilledChaos"},{"floor":13.0,"key":"Explosive Potion"},{"floor":18.0,"key":"Fruit Juice"},{"floor":34.0,"key":"SteroidPotion"},{"floor":44.0,"key":"REME_GoldPotion"},{"floor":50,"key":"SkillPotion"}],"is_trial":false,"path_per_floor":["M","M","$","?","?","E","R","M","M","T","E","R","E","M","M","E","R","B",null,"M","$","M","$","?","?","T","M","R","?","E","T","T","R","M","E","?","R","?","M","R","B",null,"M","M","$","M","M","M","R","E","R","?","T","M","?","R","M","E","M","R","R","B",null,"R","$","E","B",null],"character_chosen":"WATCHER","items_purchased":["Incense Burner","Medical Kit","Panacea","Sundial","Membership Card","Kunai","Torii"],"campfire_rested":5,"item_purchase_floors":[3,23,23,23,33,45,61],"current_hp_per_floor":[65,65,65,65,53,53,53,57,61,61,65,65,43,23,29,35,35,46,69,59,59,63,63,63,49,49,55,55,55,54,54,54,54,36,40,24,48,48,30,54,28,69,45,51,51,57,52,56,80,51,51,57,57,61,61,82,58,66,73,82,82,82,82,82,82,82,82],"gold":61,"neow_bonus":"THREE_ENEMY_KILL","is_daily":false,"chose_seed":false,"campfire_upgraded":2,"win_rate":0.0,"timestamp":1612889116,"path_taken":["M","M","$","?","?","E","R","M","?","T","E","R","E","M","M","E","R","BOSS","M","$","M","$","?","?","?","M","R","?","E","T","T","R","?","E","?","R","?","M","R","BOSS","M","M","$","M","M","M","R","E","R","?","T","M","?","R","M","E","M","R","R","BOSS","R","$","E","BOSS"],"items_purchased_type":["Relic","Relic","Card","Relic","Relic","Relic","Relic"],"build_version":"2020-12-22","purchased_purges":5,"victory":true,"max_hp_per_floor":[72,72,72,72,72,72,72,72,72,72,72,72,72,72,72,72,72,77,77,77,77,77,77,77,82,82,82,82,82,82,82,82,82,82,82,82,82,82,82,82,82,82,82,82,82,82,82,82,82,82,82,82,82,82,82,82,82,82,82,82,82,82,82,82,82,82,82],"card_choices":[{"not_picked":["Protect","ThirdEye","EmptyMind"],"picked":"SKIP","floor":1.0},{"not_picked":["Swivel","Pray"],"picked":"Adaptation","floor":2.0},{"not_picked":["CrushJoints","Protect","FlyingSleeves"],"picked":"SKIP","floor":6.0},{"not_picked":["ThirdEye","SashWhip","Worship"],"picked":"SKIP","floor":8.0},{"not_picked":["Prostrate","EmptyBody","FlurryOfBlows"],"picked":"SKIP","floor":9.0},{"not_picked":["JustLucky","Judgement","Fasting2"],"picked":"SKIP","floor":11.0},{"not_picked":["Collect","PathToVictory","JustLucky"],"picked":"SKIP","floor":13.0},{"not_picked":["WaveOfTheHand","ClearTheMind","FlurryOfBlows"],"picked":"SKIP","floor":14.0},{"not_picked":["Swivel","FlurryOfBlows","PathToVictory"],"picked":"SKIP","floor":15.0},{"not_picked":["Pray","MasterReality","BowlingBash"],"picked":"SKIP","floor":16.0},{"not_picked":["REME_CRH","Judgement"],"picked":"LessonLearned","floor":18.0},{"not_picked":["MasterReality","Indignation","CrushJoints"],"picked":"Madness","floor":20.0},{"not_picked":["FlurryOfBlows","FlyingSleeves","DeceiveReality","HandOfGreed"],"picked":"SKIP","floor":22.0},{"not_picked":["Meditate","Protect","REME_TwoStrings"],"picked":"TalkToTheHand","floor":27.0},{"not_picked":["EmptyBody","Halt","SignatureMove","Dark Shackles"],"picked":"SKIP","floor":30.0},{"not_picked":["Vengeance","Conclude","ReachHeaven","EmptyBody","REME_TwoStrings"],"picked":"SKIP","floor":34.0},{"not_picked":["ForeignInfluence","Crescendo","Perseverance","Protect+1","Sadistic Nature"],"picked":"SKIP","floor":35.0},{"not_picked":["CutThroughFate","Prostrate+1","REME_Repentance","Nirvana","REME_AllRoundStrike"],"picked":"SKIP","floor":39.0},{"not_picked":["REME_Repentance","CarveReality+1","ClearTheMind","Protect","Panacea"],"picked":"SKIP","floor":43.0},{"not_picked":["REME_Repentance","Prostrate","Sanctity","WindmillStrike","Magnetism"],"picked":"SKIP","floor":44.0},{"not_picked":["Prostrate","Swivel","EmptyMind","Fasting2","REME_HeartOfCthun"],"picked":"SKIP","floor":46.0},{"not_picked":["CutThroughFate","REME_Repentance","Evaluate+1","BattleHymn","REME_ProfessionalPlagiarism"],"picked":"SKIP","floor":47.0},{"not_picked":["Indignation","Evaluate","FlurryOfBlows","ClearTheMind+1","Violence"],"picked":"SKIP","floor":48.0},{"not_picked":["SashWhip","Establishment","MasterReality","FlyingSleeves","Jack Of All Trades"],"picked":"SKIP","floor":50},{"not_picked":["SashWhip","Establishment","MasterReality","FlyingSleeves","Jack Of All Trades"],"picked":"SKIP","floor":50},{"not_picked":["Evaluate","Prostrate+1","Meditate","ClearTheMind","Dark Shackles"],"picked":"SKIP","floor":54},{"not_picked":["Prostrate","Crescendo+1","Consecrate+1","Protect+1","REME_EyeOfCthun"],"picked":"SKIP","floor":57},{"not_picked":["Weave","Prostrate","CrushJoints+1","FlurryOfBlows","REME_HeartOfCthun"],"picked":"SKIP","floor":58},{"not_picked":["Perseverance+1","REME_Repentance+1","Consecrate","BowlingBash","Purity+1"],"picked":"SKIP","floor":59},{"not_picked":["PathToVictory","Vengeance","ReachHeaven","WheelKick","PanicButton"],"picked":"SKIP","floor":66}],"player_experience":310470,"relics_obtained":[{"floor":6.0,"key":"Bird Faced Urn"},{"floor":10.0,"key":"Yang"},{"floor":11.0,"key":"Blood Vial"},{"floor":16.0,"key":"HornCleat"},{"floor":19.0,"key":"Nunchaku"},{"floor":19.0,"key":"Oddly Smooth Stone"},{"floor":26.0,"key":"Ornamental Fan"},{"floor":30.0,"key":"Ginger"},{"floor":32.0,"key":"Question Card"},{"floor":35.0,"key":"Darkstone Periapt"},{"floor":36.0,"key":"Nilry\u0027s Codex"},{"floor":50,"key":"Toy Ornithopter"},{"floor":52,"key":"CatCart"},{"floor":53,"key":"REME_PuzzleBoxRelic"},{"floor":58,"key":"Du-Vu Doll"},{"floor":66,"key":"Ice Cream"}],"event_choices":[{"cards_removed":["BattleHymn"],"damage_healed":0.0,"max_hp_gain":0.0,"max_hp_loss":0.0,"gold_gain":0.0,"event_name":"Living Wall","player_choice":"Forget","floor":4.0,"gold_loss":0.0,"damage_taken":0.0},{"damage_healed":0.0,"max_hp_gain":0.0,"max_hp_loss":0.0,"gold_gain":0.0,"event_name":"Scrap Ooze","player_choice":"Success","floor":5.0,"gold_loss":0.0,"damage_taken":12.0,"relics_obtained":["Damaru"]},{"damage_healed":0.0,"max_hp_gain":0.0,"max_hp_loss":0.0,"gold_gain":0.0,"event_name":"Ghosts","player_choice":"Ignored","floor":24.0,"gold_loss":0.0,"damage_taken":0.0},{"damage_healed":0.0,"max_hp_gain":5.0,"max_hp_loss":0.0,"gold_gain":0.0,"event_name":"Forgotten Altar","player_choice":"Shed Blood","floor":25.0,"gold_loss":0.0,"damage_taken":19.0},{"cards_removed":["Protect"],"damage_healed":0.0,"max_hp_gain":0.0,"max_hp_loss":0.0,"gold_gain":0.0,"event_name":"Beggar","player_choice":"Gave Gold","floor":29.0,"gold_loss":75.0,"damage_taken":0.0},{"damage_healed":0.0,"max_hp_gain":0.0,"max_hp_loss":0.0,"gold_gain":0.0,"event_name":"Cursed Tome","player_choice":"Obtained Book","floor":36.0,"gold_loss":0.0,"damage_taken":16.0},{"damage_healed":0.0,"max_hp_gain":0.0,"max_hp_loss":0.0,"gold_gain":0.0,"cards_transformed":["FlurryOfBlows"],"event_name":"Transmorgrifier","player_choice":"Transformed","floor":38.0,"gold_loss":0.0,"damage_taken":0.0,"cards_obtained":["Wallop"]},{"damage_healed":0,"gold_gain":0,"player_choice":"Fight","damage_taken":0,"max_hp_gain":0,"max_hp_loss":0,"event_name":"OrinTheCat","floor":52,"gold_loss":0},{"damage_healed":0,"gold_gain":0,"player_choice":"Ignored","damage_taken":0,"max_hp_gain":0,"max_hp_loss":0,"event_name":"Tomb of Lord Red Mask","floor":55,"gold_loss":0}],"is_beta":false,"boss_relics":[{"not_picked":["Sozu","Runic Pyramid"],"picked":"REME_LowDesire"},{"not_picked":["Coffee Dripper","Philosopher\u0027s Stone"],"picked":"Fusion Hammer"}],"items_purged_floors":[17,21,23,23,51],"is_endless":false,"potions_floor_spawned":[1,8,9,13,16,18,34,39,44,47,50,52,58,66],"ascension_level":13}}