{"host":"qxeepl7ydvsgmfdb","time":1612882341,"event":{"mods":["AchievementEnabler","BaseMod","Colored Powertips","Minty Spire (QoL Compilation)","Quick Restart","slay the spire mod where everything is the same but ironclad has a cowboy hat"],"gold_per_floor":[111,125,125,125,141,171,171,89,89,89,89,89,114,124,124,228,228,246,206,58,72,86,119,119,119,119],"floor_reached":25,"language":"ENG","playtime":1885,"items_purged":["Strike_B"],"score":286,"play_id":"c19a9eca-1934-4b7d-8892-41e4097865d2","local_time":"20210209095221","is_ascension_mode":true,"campfire_choices":[{"data":"Redo","floor":7,"key":"SMITH"},{"data":"Doom and Gloom","floor":10,"key":"SMITH"},{"floor":15,"key":"REST"}],"circlet_count":0,"master_deck":["Strike_B","Strike_B","Strike_B","Defend_B","Defend_B","Defend_B","Defend_B","Zap+1","Dualcast+1","Auto Shields","Redo+1","BootSequence","Doom and Gloom+1","Darkness","Rainbow+1","Leap+1","Defragment","Coolheaded+1","Redo+1","Ball Lightning"],"relics":["Cracked Core","NeowsBlessing","Mercury Hourglass","Omamori","Blood Vial","Eternal Feather","Shuriken","Dead Branch"],"acts_visited":["Exordium","TheCity"],"potions_floor_usage":[18,23],"damage_taken":[{"damage":0,"enemies":"Small Slimes","floor":1,"turns":1},{"damage":0,"enemies":"Cultist","floor":2,"turns":1},{"damage":0,"enemies":"Jaw Worm","floor":5,"turns":1},{"damage":20,"enemies":"3 Sentries","floor":6,"turns":5},{"damage":14,"enemies":"Lagavulin","floor":13,"turns":5},{"damage":0,"enemies":"Looter","floor":14,"turns":2},{"damage":45,"enemies":"Hexaghost","floor":16,"turns":8},{"damage":7,"enemies":"3 Byrds","floor":18,"turns":4},{"damage":11,"enemies":"2 Thieves","floor":21,"turns":3},{"damage":3,"enemies":"Cultist and Chosen","floor":22,"turns":5},{"damage":37,"enemies":"Book of Stabbing","floor":23,"turns":7},{"damage":9,"enemies":"Gremlin Leader","floor":25,"turns":1}],"seed_played":"-8677367194567060525","potions_obtained":[{"floor":1,"key":"GamblersBrew"},{"floor":14,"key":"Dexterity Potion"},{"floor":21,"key":"Weak Potion"}],"is_trial":false,"path_per_floor":["M","M","?","?","M","E","R","$","T","R","T","?","E","M","R","B",null,"M","?","$","M","M","E","?","E"],"character_chosen":"DEFECT","items_purchased":["Doom and Gloom","Defragment"],"campfire_rested":1,"item_purchase_floors":[8,20],"current_hp_per_floor":[75,75,63,63,63,43,43,43,43,43,43,43,31,33,64,21,62,57,57,57,48,47,12,3,0,0],"gold":119,"neow_bonus":"THREE_ENEMY_KILL","is_daily":false,"chose_seed":false,"campfire_upgraded":2,"win_rate":0.0,"timestamp":1612882341,"path_taken":["M","M","?","?","?","E","R","?","T","R","?","?","E","M","R","BOSS","M","?","$","?","M","E","?","E"],"items_purchased_type":["Card","Card"],"build_version":"2020-12-22","purchased_purges":1,"victory":false,"max_hp_per_floor":[75,75,75,75,75,75,75,75,75,75,75,75,75,75,75,75,75,75,75,75,75,75,75,75,75,75],"card_choices":[{"not_picked":["Blizzard","Lockon"],"picked":"Auto Shields","floor":1},{"not_picked":["Steam","Heatsinks"],"picked":"Redo","floor":2},{"not_picked":["Sweeping Beam","Consume"],"picked":"BootSequence","floor":5},{"not_picked":["Gash","Streamline","Scrape"],"picked":"SKIP","floor":6},{"not_picked":["Storm","Hologram","Reinforced Body"],"picked":"SKIP","floor":13},{"not_picked":["Turbo","Gash"],"picked":"Darkness","floor":14},{"not_picked":["Meteor Strike","Amplify"],"picked":"Rainbow","floor":16},{"not_picked":["Sunder","Self Repair+1"],"picked":"Leap+1","floor":18},{"not_picked":["Conserve Battery","Hologram"],"picked":"Coolheaded+1","floor":21},{"not_picked":["Reprogram","Sweeping Beam+1"],"picked":"Redo+1","floor":22},{"not_picked":["Go for the Eyes","Rebound"],"picked":"Ball Lightning","floor":23}],"player_experience":137584,"relics_obtained":[{"floor":6,"key":"Omamori"},{"floor":9,"key":"Blood Vial"},{"floor":11,"key":"Eternal Feather"},{"floor":13,"key":"Shuriken"},{"floor":23,"key":"Dead Branch"}],"event_choices":[{"damage_healed":0,"gold_gain":0,"player_choice":"Success","damage_taken":12,"relics_obtained":["Mercury Hourglass"],"max_hp_gain":0,"max_hp_loss":0,"event_name":"Scrap Ooze","floor":3,"gold_loss":0},{"damage_healed":0,"gold_gain":0,"player_choice":"Upgraded","damage_taken":0,"max_hp_gain":0,"max_hp_loss":0,"event_name":"Upgrade Shrine","floor":4,"gold_loss":0,"cards_upgraded":["Zap"]},{"damage_healed":0,"gold_gain":0,"player_choice":"Grow","damage_taken":0,"max_hp_gain":0,"max_hp_loss":0,"event_name":"Living Wall","floor":12,"gold_loss":0,"cards_upgraded":["Dualcast"]},{"damage_healed":0,"gold_gain":0,"player_choice":"Upgrade","damage_taken":0,"max_hp_gain":0,"max_hp_loss":0,"event_name":"Designer","floor":19,"gold_loss":40,"cards_upgraded":["Rainbow"]},{"damage_healed":0,"gold_gain":0,"player_choice":"Stopped","damage_taken":9,"max_hp_gain":0,"max_hp_loss":0,"event_name":"Cursed Tome","floor":24,"gold_loss":0}],"is_beta":false,"boss_relics":[{"not_picked":["Ectoplasm","Cursed Key","Coffee Dripper"]}],"items_purged_floors":[20],"is_endless":false,"potions_floor_spawned":[1,14,21],"killed_by":"Gremlin Leader","ascension_level":5}}