{"host":"s7f8yj5urueb7fy1","time":1612847692,"event":{"mods":["Act Like it!","Bard","BaseMod","Better Third Choice","Conspire","Downfall","Hallownest","Minty Spire (QoL Compilation)","Shop Mod","Somnambulant","StSLib","The Bug Knight","The Cursed","The Hierophant","The Jungle","TheFirefly","Wandering Minibosses"],"gold_per_floor":[119,119,39,49,67,95,106,31,31,111,128,140,140,40,40,70,70],"floor_reached":16,"language":"ENG","playtime":1029,"items_purged":[],"score":102,"play_id":"da263621-2996-439a-964a-7b8dd01ec674","local_time":"20210208211452","is_ascension_mode":false,"campfire_choices":[{"floor":13,"key":"REST"},{"floor":15,"key":"REST"}],"circlet_count":0,"master_deck":["HollowMod:NailStrikeStart","HollowMod:NailStrikeStart","HollowMod:NailStrikeStart","HollowMod:NailStrikeStart","HollowMod:QuickDashStart","HollowMod:QuickDashStart","HollowMod:QuickDashStart","HollowMod:QuickDashStart","HollowMod:FocusHealStart","HollowMod:PogoStrike","HollowMod:DashSlash","Burn","HollowMod:PerfectDash","HollowMod:HuntersJournal","HollowMod:ZotesMagnificence","HollowMod:CloakDash","conspire:SpireCoStock","conspire:SpireCoStock"],"relics":["conspire:RoyalGoblet","Question Card","HollowMod:StagPassRelic"],"acts_visited":["Exordium"],"potions_floor_usage":[16],"damage_taken":[{"damage":0,"enemies":"Jaw Worm","floor":1,"turns":4},{"damage":2,"enemies":"2 Louse","floor":4,"turns":2},{"damage":5,"enemies":"Small Slimes","floor":5,"turns":4},{"damage":55,"enemies":"Lagavulin","floor":6,"turns":9},{"damage":0,"enemies":"3 Louse","floor":7,"turns":3},{"damage":4,"enemies":"Blue Slaver","floor":11,"turns":3},{"damage":10,"enemies":"Gremlin Gang","floor":12,"turns":6},{"damage":98,"enemies":"The Guardian","floor":16,"turns":17}],"seed_played":"-7640400525824616255","potions_obtained":[{"floor":4,"key":"FairyPotion"},{"floor":11,"key":"SmokeBomb"},{"floor":12,"key":"Strength Potion"}],"is_trial":false,"path_per_floor":["M","?","$","M","M","E","M","?","T","?","M","M","R","?","R","B"],"character_chosen":"THE_BUGKNIGHT","items_purchased":["HollowMod:PerfectDash"],"campfire_rested":2,"item_purchase_floors":[3],"current_hp_per_floor":[75,75,75,73,68,13,13,18,18,18,14,4,28,28,52,0,0],"gold":70,"neow_bonus":"BOSS_RELIC","is_daily":false,"chose_seed":false,"campfire_upgraded":0,"win_rate":0.0,"timestamp":1612847692,"path_taken":["M","?","$","M","M","E","M","?","T","?","M","M","R","?","R","BOSS"],"items_purchased_type":["Card"],"build_version":"2020-12-22","purchased_purges":0,"victory":false,"max_hp_per_floor":[75,75,75,75,75,75,75,80,80,80,80,80,80,80,80,80,80],"card_choices":[{"not_picked":["HollowMod:CrystalDash","HollowMod:VengefulSpirit"],"picked":"HollowMod:DashSlash","floor":1},{"not_picked":["HollowMod:MantisMark","HollowMod:ChannelNail"],"picked":"HollowMod:HuntersJournal","floor":4},{"not_picked":["HollowMod:SoulStrike","HollowMod:SharpenedNail","HollowMod:DesolateDive"],"picked":"SKIP","floor":5},{"not_picked":["HollowMod:CrystalDash","HollowMod:SharpenedShadows"],"picked":"HollowMod:ZotesMagnificence","floor":6},{"not_picked":["HollowMod:HowlingWraiths","HollowMod:BaldurShell","HollowMod:MonomonsArchive"],"picked":"HollowMod:CloakDash","floor":7},{"not_picked":["HollowMod:ShapeofUnn","HollowMod:HeavyBlow","HollowMod:ChannelNail","HollowMod:BaldurShell"],"picked":"SKIP","floor":11},{"not_picked":["HollowMod:SharpenedShadows","HollowMod:HeavyBlow","HollowMod:TaintedHusks","HollowMod:VengefulVoid"],"picked":"SKIP","floor":12}],"player_experience":416181,"relics_obtained":[{"floor":6,"key":"Question Card"},{"floor":9,"key":"HollowMod:StagPassRelic"}],"event_choices":[{"damage_healed":75,"gold_gain":0,"player_choice":"Embrace Burn","damage_taken":0,"max_hp_gain":0,"max_hp_loss":75,"event_name":"betterThird:BetterShining","floor":2,"gold_loss":0},{"damage_healed":0,"gold_gain":80,"player_choice":"Gained Gold","damage_taken":0,"max_hp_gain":0,"max_hp_loss":0,"event_name":"Golden Wing","floor":10,"gold_loss":0},{"damage_healed":0,"gold_gain":0,"player_choice":"Invest 2","damage_taken":0,"max_hp_gain":0,"max_hp_loss":0,"event_name":"conspire:Investor","floor":14,"gold_loss":0}],"is_beta":false,"boss_relics":[],"items_purged_floors":[],"is_endless":false,"potions_floor_spawned":[4,11,12],"killed_by":"The Guardian","ascension_level":0}}