{"host":"ifd7sfhtlbe34qll","time":1612844174,"event":{"mods":["2.2 Compatiblity","Act Like it!","Ascension Unlocker","BaseMod","Block Reminder","Colored Map","Curses Come First","Downfall","Highlight Path","Minty Spire (QoL Compilation)","Potion Indicator Mod","Quick Restart","Random Character Button","Relic Stats","StSLib","SuperFastMode"],"gold_per_floor":[99,109,119,139,199,233,256,282,297,315,315,69,86,86,101,205,205,205,219,319,339,144,173,219,219,238,338,366,110,137,58,78,174,174,74,90,142,162,162,189,238,250,269,69,83,117,117,117,128,128,128,154,37,37,37,37],"floor_reached":57,"language":"ENG","playtime":5220,"items_purged":["Gremlin:Strike","downfall:Malfunctioning"],"score":1989,"play_id":"96fa0625-7a26-4f7a-8563-d9c9fdb2db23","local_time":"20210208221614","is_ascension_mode":true,"campfire_choices":[{"data":"Gremlin:GremlinDance","floor":1.0,"key":"SMITH"},{"floor":11.0,"key":"REST"},{"data":"Gremlin:FairyDust","floor":18.0,"key":"SMITH"},{"data":"Gremlin:SharpenBlades","floor":25.0,"key":"SMITH"},{"floor":35.0,"key":"RECALL"},{"floor":44,"key":"REST"},{"floor":47,"key":"REST"},{"floor":54,"key":"REST"}],"circlet_count":0,"master_deck":["AscendersBane","Gremlin:Defend","Gremlin:Defend","Gremlin:Defend","Gremlin:Defend","Gremlin:TagTeam","Gremlin:GremlinDance+1","Gremlin:ProperTools+1","Gremlin:FollowThrough","Gremlin:PourSalt","Gremlin:Wizardry","Gremlin:Dazzle+1","Gremlin:Exacerbate","Gremlin:Glimmer","Gremlin:Rhythm","Gremlin:FairyDust+1","Gremlin:FairyDust+1","Gremlin:Heckle","Gremlin:Pinprick","Gremlin:Encore","Gremlin:ShowOfHands+1","Gremlin:AggressiveDefense","J.A.X.","Gremlin:FeelTheAudience","Gremlin:Revel","Gremlin:TargetWeakness","Gremlin:Astound","Gremlin:Heckle","Gremlin:SharpenBlades+1","Gremlin:Heckle","Gremlin:PourSalt+1","Gremlin:Revel","Gremlin:CounterStrike","Gremlin:Revel+1","Gremlin:Heckle+1","Gremlin:Nob+1","Gremlin:Exacerbate","Gremlin:Jeer","Gremlin:Whiz+1","Gremlin:MakeshiftArmor+1","Gremlin:Duplicate","Parasite","Gremlin:Scatter","Gremlin:BurlyBlow","Gremlin:MakeshiftArmor+1"],"relics":["Gremlin:GremlinKnob","Ancient Tea Set","Gremlin:MagicalMallet","Gremlin:WizardHat","Question Card","DollysMirror","Snecko Eye","MutagenicStrength","Gremlin:WoundPoker","Regal Pillow","Incense Burner","Darkstone Periapt","Kunai","Oddly Smooth Stone","Akabeko","Frozen Egg 2","Fusion Hammer","downfall:HeartBlessingGreen","Gambling Chip","downfall:HeartBlessingRed","downfall:HeartBlessingBlue","Guardian:PocketSentry","Gremlin:FragmentationGrenade"],"acts_visited":["Exordium","TheCity","TheBeyond","TheEnding"],"potions_floor_usage":[50,56],"damage_taken":[{"damage":0.0,"enemies":"Small Slimes","floor":2.0,"turns":2.0},{"damage":0.0,"enemies":"2 Louse","floor":3.0,"turns":2.0},{"damage":3.0,"enemies":"Jaw Worm","floor":4.0,"turns":3.0},{"damage":12.0,"enemies":"Gremlin Nob","floor":5.0,"turns":3.0},{"damage":19.0,"enemies":"Gremlin Nob","floor":6.0,"turns":3.0},{"damage":12.0,"enemies":"3 Sentries","floor":8.0,"turns":8.0},{"damage":9.0,"enemies":"Blue Slaver","floor":9.0,"turns":2.0},{"damage":4.0,"enemies":"3 Louse","floor":10.0,"turns":6.0},{"damage":0.0,"enemies":"downfall:FleeingMerchant","floor":12.0,"turns":4.0},{"damage":0.0,"enemies":"Large Slime","floor":13.0,"turns":4.0},{"damage":0.0,"enemies":"Red Slaver","floor":15.0,"turns":2.0},{"damage":53.0,"enemies":"DF_ARCHETYPE_STREAMLINE","floor":16.0,"turns":15.0},{"damage":1.0,"enemies":"Spheric Guardian","floor":19.0,"turns":3.0},{"damage":0.0,"enemies":"downfall:Augmenter","floor":20.0,"turns":7.0},{"damage":7.0,"enemies":"Shell Parasite","floor":21.0,"turns":4.0},{"damage":6.0,"enemies":"downfall:FleeingMerchant","floor":22.0,"turns":4.0},{"damage":1.0,"enemies":"Book of Stabbing","floor":23.0,"turns":6.0},{"damage":0.0,"enemies":"Cultist and Chosen","floor":26.0,"turns":3.0},{"damage":3.0,"enemies":"Colosseum Nobs","floor":27.0,"turns":3.0},{"damage":21.0,"enemies":"Slavers","floor":28.0,"turns":3.0},{"damage":0.0,"enemies":"downfall:FleeingMerchant","floor":29.0,"turns":4.0},{"damage":2.0,"enemies":"Book of Stabbing","floor":30.0,"turns":4.0},{"damage":0.0,"enemies":"downfall:FleeingMerchant","floor":31.0,"turns":1.0},{"damage":7.0,"enemies":"Sentry and Sphere","floor":32.0,"turns":4.0},{"damage":10.0,"enemies":"IC_MUSHROOM_ARCHETYPE","floor":33.0,"turns":7.0},{"damage":0.0,"enemies":"Orb Walker","floor":36.0,"turns":2.0},{"damage":0.0,"enemies":"2 Orb Walkers","floor":37.0,"turns":4.0},{"damage":0.0,"enemies":"3 Shapes","floor":38.0,"turns":4.0},{"damage":0,"enemies":"Reptomancer","floor":40,"turns":5},{"damage":0,"enemies":"Maw","floor":42,"turns":4},{"damage":0,"enemies":"Sphere and 2 Shapes","floor":43,"turns":5},{"damage":0,"enemies":"Spire Growth","floor":45,"turns":3},{"damage":0,"enemies":"Giant Head","floor":46,"turns":5},{"damage":3,"enemies":"Writhing Mass","floor":49,"turns":4},{"damage":0,"enemies":"WA_ARCHETYPE_DIVINITY","floor":50,"turns":14},{"damage":18,"enemies":"downfall:CharBossMerchant","floor":52,"turns":9},{"damage":0,"enemies":"downfall:NeowBoss","floor":55,"turns":14},{"damage":6,"enemies":"downfall:NeowBossFinal","floor":56,"turns":10}],"seed_played":"3509663476929476290","potions_obtained":[{"floor":2.0,"key":"AttackPotion"},{"floor":4.0,"key":"bronze:BurnAndBuffPotion"},{"floor":8.0,"key":"gremlin:NecromancyPotion"},{"floor":10.0,"key":"SkillPotion"},{"floor":15.0,"key":"ColorlessPotion"},{"floor":16.0,"key":"AttackPotion"},{"floor":26.0,"key":"FearPotion"},{"floor":32.0,"key":"SteroidPotion"},{"floor":33.0,"key":"Strength Potion"},{"floor":52,"key":"gremlin:SwapPotion"}],"is_trial":false,"path_per_floor":["R","M","M","M","?","E","T","E","M","M","R","$","M","?","M","B",null,"R","M","?","M","$","E","T","R","M","?","E","$","E","$","M","B",null,"R","M","?","M","?","E","T","M","M","R","M","E","R","?","M","B",null,"E","$","R","B","B",null],"character_chosen":"GREMLIN","items_purchased":["DollysMirror","Gremlin:Heckle","Oddly Smooth Stone","Fruit Juice","Frozen Egg 2","Gremlin:Nob+1","Gremlin:MakeshiftArmor+1","Regen Potion"],"campfire_rested":4,"item_purchase_floors":[12,22,29,29,31,31,53,53],"current_hp_per_floor":[20,22,22,19,10,10,10,13,4,16,22,10,10,10,10,22,22,22,18,21,18,11,11,11,11,18,19,20,21,17,16,10,6,19,19,23,20,19,19,22,22,17,19,25,25,25,25,25,27,25,27,8,8,27,27,21],"gold":37,"neow_bonus":"TEN_PERCENT_HP_BONUS","is_daily":false,"chose_seed":false,"campfire_upgraded":3,"win_rate":0.0,"timestamp":1612844174,"path_taken":["R","M","M","M","?","E","T","E","M","M","R","$","M","?","M","BOSS","R","M","?","M","$","E","T","R","M","?","E","$","E","$","M","BOSS","R","M","?","M","?","E","T","M","M","R","?","E","R","?","M","BOSS","E","$","R","BOSS","BOSS"],"items_purchased_type":["Relic","Card","Relic","Potion","Relic","Card","Card","Potion"],"build_version":"2020-12-22","purchased_purges":2,"victory":true,"max_hp_per_floor":[22,22,22,22,22,22,22,22,22,22,22,22,22,22,22,22,22,22,22,22,22,22,22,22,22,22,22,22,23,23,23,23,23,23,23,23,23,23,23,23,23,23,23,25,25,25,25,25,27,27,27,27,27,27,27,27],"relic_stats":{"Darkstone Periapt":6,"Regal Pillow":11,"counters":[38,190],"Gambling Chip":[42],"Snecko Eye":[158,159,145,136],"Kunai":[66],"Question Card":33,"obtain_stats":[{"Darkstone Periapt":27,"Gremlin:WoundPoker":23,"Regal Pillow":24,"downfall:HeartBlessingRed":44,"Oddly Smooth Stone":29,"downfall:HeartBlessingGreen":35,"Incense Burner":27,"Guardian:PocketSentry":46,"Frozen Egg 2":31,"Ancient Tea Set":5,"Question Card":8,"Akabeko":30,"Gremlin:MagicalMallet":6,"DollysMirror":12,"downfall:HeartBlessingBlue":44,"Gremlin:GremlinKnob":0,"MutagenicStrength":20,"Gambling Chip":37,"Snecko Eye":17,"Gremlin:WizardHat":7,"Fusion Hammer":34,"Kunai":28,"Gremlin:FragmentationGrenade":52},{"Darkstone Periapt":19,"Gremlin:WoundPoker":17,"Regal Pillow":17,"downfall:HeartBlessingRed":31,"Oddly Smooth Stone":21,"downfall:HeartBlessingGreen":25,"Incense Burner":19,"Guardian:PocketSentry":33,"Frozen Egg 2":23,"Ancient Tea Set":4,"Question Card":6,"Akabeko":22,"Gremlin:MagicalMallet":5,"DollysMirror":9,"downfall:HeartBlessingBlue":31,"Gremlin:GremlinKnob":0,"MutagenicStrength":14,"Gambling Chip":27,"Snecko Eye":12,"Gremlin:WizardHat":5,"Fusion Hammer":25,"Kunai":20,"Gremlin:FragmentationGrenade":36},{"Darkstone Periapt":85,"Gremlin:WoundPoker":79,"Regal Pillow":79,"downfall:HeartBlessingRed":131,"Oddly Smooth Stone":92,"downfall:HeartBlessingGreen":107,"Incense Burner":85,"Guardian:PocketSentry":139,"Frozen Egg 2":96,"Ancient Tea Set":10,"Question Card":22,"Akabeko":95,"Gremlin:MagicalMallet":14,"DollysMirror":34,"downfall:HeartBlessingBlue":131,"Gremlin:GremlinKnob":0,"MutagenicStrength":65,"Gambling Chip":113,"Snecko Eye":55,"Gremlin:WizardHat":14,"Fusion Hammer":107,"Kunai":88,"Gremlin:FragmentationGrenade":166}]},"card_choices":[{"not_picked":["Gremlin:Glimmer","Gremlin:Jeer"],"picked":"Gremlin:ProperTools","floor":2.0},{"not_picked":["Gremlin:ToeStub","Gremlin:GlitterGuard"],"picked":"Gremlin:FollowThrough","floor":3.0},{"not_picked":["Gremlin:Patsy","Gremlin:GremlinArms"],"picked":"Gremlin:PourSalt","floor":4.0},{"not_picked":["Gremlin:FanOfKnives","Gremlin:RageBreak"],"picked":"Gremlin:Wizardry","floor":5.0},{"not_picked":["Gremlin:AggressiveDefense","Gremlin:Patsy"],"picked":"Gremlin:Dazzle","floor":6.0},{"not_picked":["Gremlin:Whiz","Gremlin:Glimmer"],"picked":"Gremlin:Exacerbate","floor":8.0},{"not_picked":["Gremlin:Patsy","Gremlin:Tricksy","Gremlin:Stupend"],"picked":"Gremlin:Glimmer","floor":9.0},{"not_picked":["Gremlin:Pretaliation","Gremlin:DaggerDance","Gremlin:Tadah"],"picked":"Gremlin:Rhythm","floor":10.0},{"not_picked":["Gremlin:FollowThrough","Gremlin:Glimmer","Gremlin:ProperTools"],"picked":"Gremlin:FairyDust","floor":12.0},{"not_picked":["Gremlin:ToeStub","Gremlin:Tadah","Gremlin:Kablamo"],"picked":"Gremlin:Heckle","floor":13.0},{"not_picked":["Gremlin:SharpenBlades","Gremlin:PourSalt","Gremlin:Presto"],"picked":"Gremlin:Pinprick","floor":15.0},{"not_picked":["Gremlin:Fury","Gremlin:CongaLine","Gremlin:SecondVolley"],"picked":"Gremlin:Encore","floor":16.0},{"not_picked":["Gremlin:Presto","Gremlin:DaggerDance","Gremlin:GremlinArms"],"picked":"Gremlin:ShowOfHands+1","floor":19.0},{"not_picked":["Gremlin:PartyStick","Gremlin:Scatter","Gremlin:Presto"],"picked":"Gremlin:AggressiveDefense","floor":20.0},{"not_picked":[],"picked":"J.A.X.","floor":20.0},{"not_picked":["Gremlin:IrksomeBlow","Gremlin:ProperTools","Gremlin:Presto"],"picked":"Gremlin:TargetWeakness","floor":21.0},{"not_picked":["Gremlin:CatScratch","Gremlin:Patsy","Gremlin:PinNeedle"],"picked":"Gremlin:Astound","floor":22.0},{"not_picked":["Gremlin:CatScratch+1","Gremlin:Tricksy+1","Gremlin:PourSalt"],"picked":"Gremlin:SharpenBlades","floor":23.0},{"not_picked":["Gremlin:Scatter","Gremlin:InfiniteBlocks","Gremlin:GremlinMeal"],"picked":"Gremlin:Heckle","floor":26.0},{"not_picked":["Gremlin:Tricksy","Gremlin:Presto","Gremlin:ProperTools"],"picked":"Gremlin:PourSalt+1","floor":27.0},{"not_picked":["Gremlin:PinNeedle","Gremlin:Changeo","Gremlin:CatScratch"],"picked":"Gremlin:Revel","floor":28.0},{"not_picked":["Gremlin:PourSalt","Gremlin:BulkUp","Gremlin:Tadah"],"picked":"Gremlin:CounterStrike","floor":29.0},{"not_picked":["Gremlin:ProperTools","Gremlin:ShowOfHands","Gremlin:PourSalt"],"picked":"Gremlin:Revel+1","floor":30.0},{"not_picked":["Gremlin:Polish","Gremlin:BulkUp","Gremlin:Irritability"],"picked":"Gremlin:Heckle+1","floor":31.0},{"not_picked":["Gremlin:PinNeedle+1","Gremlin:Astound","Gremlin:CatScratch+1","Gremlin:Presto"],"picked":"SKIP","floor":32.0},{"not_picked":["Gremlin:Unforgiving+1","Gremlin:SecondVolley","Gremlin:ShowStopper"],"picked":"Gremlin:Exacerbate","floor":33.0},{"not_picked":["Gremlin:Tricksy","Gremlin:GlitterGuard","Gremlin:CatScratch","Gremlin:BubbleBarrier+1"],"picked":"SKIP","floor":38},{"not_picked":["Gremlin:ShowStopper","Gremlin:EdibleArmor","Gremlin:BubbleBarrier+1"],"picked":"Gremlin:Whiz+1","floor":40},{"not_picked":["Gremlin:Raid+1","Gremlin:Flurry","Gremlin:ShowOfHands","Gremlin:Polish+1"],"picked":"SKIP","floor":42},{"not_picked":["Gremlin:Patsy","Gremlin:TwistTheKnife","Gremlin:Whiz","Gremlin:Tricksy+1"],"picked":"SKIP","floor":43},{"not_picked":["Gremlin:Glimmer","Gremlin:BurlyBlow+1","Gremlin:Jeer"],"picked":"Gremlin:MakeshiftArmor+1","floor":45},{"not_picked":["Gremlin:ToeStub+1","Gremlin:Pinprick+1","Gremlin:CatScratch+1"],"picked":"Gremlin:Duplicate","floor":46},{"not_picked":["Gremlin:Stupend+1","Gremlin:GremlinArms+1","Gremlin:Patsy+1"],"picked":"Gremlin:Scatter","floor":49},{"not_picked":["Gremlin:PartyStick+1","Gremlin:FeelTheAudience","Gremlin:GlitterGuard+1"],"picked":"Gremlin:BurlyBlow","floor":52}],"player_experience":1734575,"relics_obtained":[{"floor":5.0,"key":"Ancient Tea Set"},{"floor":6.0,"key":"Gremlin:MagicalMallet"},{"floor":7.0,"key":"Gremlin:WizardHat"},{"floor":8.0,"key":"Question Card"},{"floor":20.0,"key":"MutagenicStrength"},{"floor":23.0,"key":"Gremlin:WoundPoker"},{"floor":24.0,"key":"Regal Pillow"},{"floor":27.0,"key":"Incense Burner"},{"floor":27.0,"key":"Darkstone Periapt"},{"floor":28.0,"key":"Kunai"},{"floor":30.0,"key":"Akabeko"},{"floor":37.0,"key":"Gambling Chip"},{"floor":46,"key":"Guardian:PocketSentry"},{"floor":52,"key":"Gremlin:FragmentationGrenade"}],"event_choices":[{"damage_healed":0.0,"max_hp_gain":0.0,"max_hp_loss":0.0,"gold_gain":0.0,"event_name":"Mysterious Sphere","player_choice":"Fight","floor":37.0,"gold_loss":0.0,"damage_taken":0.0}],"is_beta":false,"boss_relics":[{"not_picked":["Coffee Dripper","Gremlin:LeaderVoucher"],"picked":"Snecko Eye"},{"not_picked":["Runic Pyramid","Empty Cage"],"picked":"Fusion Hammer"}],"items_purged_floors":[12,22],"is_endless":false,"potions_floor_spawned":[2,4,8,10,15,16,19,26,32,33,40,43,45,46,49,52],"ascension_level":10}}