{"host":"121m0oxswv9tg9hk","time":1612908935,"event":{"mods":["AchievementEnabler","BaseMod","Better Third Choice","Downfall","Minty Spire (QoL Compilation)","StSLib"],"gold_per_floor":[0,15,15,26,37,37,37,51,82,82,82,97,197,19,39,39,39,39],"floor_reached":16,"language":"ENG","playtime":1197,"items_purged":["bronze:Strike"],"score":152,"play_id":"e8a20c45-d3cb-4f89-b7b1-37ce599c9431","local_time":"20210209231535","is_ascension_mode":true,"campfire_choices":[{"data":"bronze:Goto","floor":1,"key":"SMITH"},{"data":"bronze:Frontload","floor":6,"key":"SMITH"},{"data":"bronze:DelayedSlice","floor":10,"key":"SMITH"}],"circlet_count":0,"master_deck":["bronze:Strike","bronze:Defend","bronze:Defend","bronze:Defend","bronze:Replicate","bronze:Goto+1","bronze:Frontload+1","bronze:ClassDefault","bronze:Invalidate","bronze:DelayedSlice+1","bronze:Optimize","bronze:FineTuning","bronze:BuggyMess","Forethought","bronze:BugBarrage"],"relics":["bronze:BronzeCore","Oddly Smooth Stone"],"acts_visited":["Exordium"],"potions_floor_usage":[9],"damage_taken":[{"damage":2,"enemies":"Jaw Worm","floor":2,"turns":3},{"damage":2,"enemies":"2 Louse","floor":4,"turns":3},{"damage":1,"enemies":"Small Slimes","floor":5,"turns":4},{"damage":0,"enemies":"Blue Slaver","floor":8,"turns":4},{"damage":0,"enemies":"Gremlin Nob","floor":9,"turns":4},{"damage":0,"enemies":"Large Slime","floor":12,"turns":3},{"damage":0,"enemies":"downfall:FleeingMerchant","floor":14,"turns":4},{"damage":6,"enemies":"2 Fungi Beasts","floor":15,"turns":4},{"damage":80,"enemies":"DF_ARCHETYPE_STREAMLINE","floor":16,"turns":12}],"seed_played":"2219090081439181054","potions_obtained":[{"floor":2,"key":"Dexterity Potion"},{"floor":8,"key":"Ancient Potion"},{"floor":15,"key":"sneckomod:MuddlingPotion"}],"is_trial":false,"path_per_floor":["R","M","?","M","M","R","T","M","E","R","?","M","?","$","M","B"],"character_chosen":"THE_AUTOMATON","items_purchased":["Forethought"],"campfire_rested":0,"item_purchase_floors":[14],"current_hp_per_floor":[70,68,68,66,65,65,65,65,65,65,65,65,65,65,59,0,0,0],"gold":39,"neow_bonus":"REMOVE_TWO","is_daily":false,"chose_seed":false,"campfire_upgraded":3,"win_rate":0.0,"timestamp":1612908935,"path_taken":["R","M","?","M","M","R","T","M","E","R","?","M","?","$","M","BOSS"],"items_purchased_type":["Card"],"build_version":"2020-12-22","purchased_purges":1,"victory":false,"max_hp_per_floor":[70,70,70,70,70,70,70,70,70,70,70,70,70,70,70,70,70,70],"card_choices":[{"not_picked":["bronze:MaxOutput","bronze:Constructor"],"picked":"bronze:Frontload","floor":2},{"not_picked":["bronze:DelayedSlice","bronze:Turbo"],"picked":"bronze:ClassDefault","floor":4},{"not_picked":["bronze:FineTuning","bronze:BitShift"],"picked":"bronze:Invalidate","floor":5},{"not_picked":["bronze:Turbo","bronze:BitShift"],"picked":"bronze:DelayedSlice","floor":8},{"not_picked":["bronze:CleanCode","bronze:CutThrough"],"picked":"bronze:Optimize","floor":9},{"not_picked":["bronze:Iterate","bronze:Invalidate"],"picked":"bronze:FineTuning","floor":12},{"not_picked":["bronze:NullPointer","bronze:Terminator"],"picked":"bronze:BuggyMess","floor":14},{"not_picked":["bronze:Deprecate","bronze:Separator"],"picked":"bronze:BugBarrage","floor":15}],"player_experience":2662515,"relics_obtained":[{"floor":9,"key":"Oddly Smooth Stone"}],"event_choices":[{"cards_removed":["bronze:Strike"],"damage_healed":0,"gold_gain":0,"player_choice":"Card Removal","damage_taken":0,"max_hp_gain":0,"max_hp_loss":0,"event_name":"The Cleric","floor":3,"gold_loss":0}],"is_beta":false,"boss_relics":[],"items_purged_floors":[14],"is_endless":false,"potions_floor_spawned":[2,8,15],"killed_by":"DF_ARCHETYPE_STREAMLINE","ascension_level":4}}