{"host":"cfcn10u57yqishn5","time":1612877419,"event":{"mods":["2.2 Compatiblity","BaseMod","Block Reminder","Card Forge","Curses Come First","GifTheSpireLib","Minty Spire (QoL Compilation)","Reliquary","Spicy Shops","StSLib","The Animator","The Blue Laboratory","The Cursed","The Judge","The Marked"],"gold_per_floor":[115,129,1,20,20,20,52,52,99,99,117,132,132,152,152,255,255,268,284,105,105,105,105,105,117,195,195,195],"floor_reached":27,"language":"ENG","playtime":2619,"items_purged":[],"score":213,"play_id":"3402a136-cc02-4d46-b8ef-19eda5ae508e","local_time":"20210209083019","is_ascension_mode":false,"campfire_choices":[{"data":"theMarked:Maelstrom","floor":6,"key":"SMITH"},{"floor":8,"key":"REST"},{"data":"theMarked:SoldierOfQuellstein","floor":10,"key":"SMITH"},{"floor":15,"key":"REST"},{"floor":23,"key":"REST"}],"circlet_count":0,"master_deck":["theMarked:Strike+1","theMarked:Strike+1","theMarked:Strike+1","theMarked:Strike+1","theMarked:Strike+1","theMarked:Defend+1","theMarked:Defend+1","theMarked:Defend+1","theMarked:Defend+1","theMarked:SoldierOfQuellstein+1","theMarked:Maelstrom+1","theMarked:Aftermath","theMarked:Electrify","theMarked:WastefulAttack+1","theMarked:SwordAndMagic+1","theMarked:TakeOffHeels","theMarked:Polarize","theMarked:TwofoldDefense"],"relics":["theMarked:ArtifactOfAir","Hammer of Thor","Seething Fire","Anvil of the Gods","NeowsBlessing","Molten Egg 2","Art of War","Pen Nib","Frozen Egg 2","Runic Pyramid","Sling","reliquary:IridiumChain"],"acts_visited":["Exordium","TheCity"],"potions_floor_usage":[11,16,16,25,25],"damage_taken":[{"damage":0,"enemies":"Cultist","floor":1,"turns":1},{"damage":0,"enemies":"Jaw Worm","floor":2,"turns":1},{"damage":0,"enemies":"2 Louse","floor":4,"turns":1},{"damage":38,"enemies":"3 Sentries","floor":7,"turns":9},{"damage":1,"enemies":"Large Slime","floor":11,"turns":2},{"damage":21,"enemies":"Red Slaver","floor":12,"turns":4},{"damage":6,"enemies":"Lots of Slimes","floor":14,"turns":4},{"damage":10,"enemies":"Hexaghost","floor":16,"turns":8},{"damage":13,"enemies":"Chosen","floor":18,"turns":5},{"damage":25,"enemies":"Shell Parasite","floor":19,"turns":5},{"damage":28,"enemies":"Shelled Parasite and Fungi","floor":25,"turns":5},{"damage":31,"enemies":"Sentry and Sphere","floor":27,"turns":5}],"seed_played":"6768660638402946187","potions_obtained":[{"floor":1,"key":"BlessingOfTheForge"},{"floor":2,"key":"blueLaboratory:BottleOfRum"},{"floor":12,"key":"LiquidMemories"},{"floor":16,"key":"DistilledChaos"},{"floor":18,"key":"Fire Potion"}],"is_trial":false,"path_per_floor":["M","M","$","M","$","R","E","R","T","R","M","M","T","M","R","B",null,"M","M","$","?","$","R","?","M","T","M"],"character_chosen":"THE_DEFAULT","items_purchased":["Molten Egg 2","Sling","theMarked:TwofoldDefense"],"campfire_rested":3,"item_purchase_floors":[3,20,20],"current_hp_per_floor":[70,70,70,70,70,70,32,53,53,53,52,31,31,25,46,36,70,57,32,32,32,32,53,53,25,25,0,0],"gold":195,"neow_bonus":"THREE_ENEMY_KILL","is_daily":false,"chose_seed":false,"campfire_upgraded":2,"win_rate":0.0,"timestamp":1612877419,"path_taken":["M","M","$","?","?","R","E","R","T","R","M","M","?","M","R","BOSS","M","M","$","?","$","R","?","M","T","M"],"items_purchased_type":["Relic","Relic","Card"],"build_version":"2020-12-22","purchased_purges":0,"victory":false,"max_hp_per_floor":[70,70,70,70,70,70,70,70,70,70,70,70,70,70,70,70,70,70,70,70,70,70,70,70,70,70,70,70],"card_choices":[{"not_picked":["theMarked:Reabsorb","theMarked:RepellingDischarge","theMarked:Memento"],"picked":"SKIP","floor":1},{"not_picked":["theMarked:SwordAndMagic","theMarked:ChannelForce"],"picked":"theMarked:Maelstrom","floor":2},{"not_picked":["theMarked:LightningStrikesTwice+1","theMarked:TakeCover"],"picked":"theMarked:Aftermath","floor":4},{"not_picked":["theMarked:Aftermath","theMarked:Heritage"],"picked":"theMarked:Electrify","floor":7},{"not_picked":["theMarked:Heritage","theMarked:SwordAndMagic+1"],"picked":"theMarked:WastefulAttack+1","floor":11},{"not_picked":["theMarked:EmpowerWeapon","theMarked:ElectricStrings+1"],"picked":"theMarked:SwordAndMagic+1","floor":12},{"not_picked":["theMarked:Memento","theMarked:ParalyzingBlade","theMarked:ChannelForce"],"picked":"SKIP","floor":14},{"not_picked":["theMarked:Snap+1","theMarked:Abjuration+1"],"picked":"theMarked:TakeOffHeels","floor":16},{"not_picked":["theMarked:Indomitable","theMarked:RepellingDischarge","theMarked:Frustration+1"],"picked":"SKIP","floor":18},{"not_picked":["theMarked:Panic","theMarked:Frustration+1"],"picked":"theMarked:Polarize","floor":19},{"not_picked":["theMarked:RepellingDischarge","theMarked:WastefulAttack+1","theMarked:Determination+1"],"picked":"SKIP","floor":25}],"player_experience":239773,"relics_obtained":[{"floor":7,"key":"Art of War"},{"floor":9,"key":"Pen Nib"},{"floor":13,"key":"Frozen Egg 2"},{"floor":26,"key":"reliquary:IridiumChain"}],"event_choices":[{"damage_healed":0,"gold_gain":0,"player_choice":"Simplicity","damage_taken":0,"max_hp_gain":0,"max_hp_loss":0,"event_name":"Back to Basics","floor":21,"gold_loss":0,"cards_upgraded":["theMarked:Strike","theMarked:Strike","theMarked:Strike","theMarked:Strike","theMarked:Defend","theMarked:Defend","theMarked:Defend","theMarked:Defend"]},{"damage_healed":0,"gold_gain":0,"player_choice":"Ignored","damage_taken":0,"max_hp_gain":0,"max_hp_loss":0,"event_name":"Beggar","floor":24,"gold_loss":0}],"is_beta":false,"boss_relics":[{"not_picked":["Snecko Eye","Philosopher\u0027s Stone"],"picked":"Runic Pyramid"}],"items_purged_floors":[],"is_endless":false,"potions_floor_spawned":[1,2,12,16,18],"killed_by":"Sentry and Sphere","ascension_level":0}}