{"host":"vpaavrwbmey593fx","time":1612909119,"event":{"mods":["AchievementEnabler","BaseMod","Bestiary","Colored Map","Colored Powertips","DeckTracker","Minty Spire (QoL Compilation)","Relic Sorter"],"gold_per_floor":[369,387,402,20,40,40,73,73,98,130,130,144,177,194,194,293,293,313,313,333,344,53,53,70,97,145,175,175,175,175],"floor_reached":29,"language":"ENG","playtime":2127,"items_purged":["Clumsy"],"score":450,"play_id":"6fd8e50b-2ee8-494a-91d7-d363de118f81","local_time":"20210209141839","is_ascension_mode":true,"campfire_choices":[{"data":"Terror","floor":6.0,"key":"SMITH"},{"data":"Infinite Blades","floor":8.0,"key":"SMITH"},{"data":"Footwork","floor":15.0,"key":"SMITH"},{"data":"Accuracy","floor":23,"key":"SMITH"}],"circlet_count":0,"master_deck":["Strike_G","Strike_G","Strike_G","Strike_G","Strike_G","Defend_G","Defend_G","Defend_G","Defend_G","Defend_G","Survivor","Neutralize","Terror+1","Footwork+1","Infinite Blades+1","Poisoned Stab","Backstab","Well Laid Plans","Adrenaline","Accuracy+1","Corpse Explosion","Blade Dance","Dodge and Roll+1","Blur","Finisher","Venomology+1","Decay"],"relics":["Ring of the Snake","Pen Nib","Tiny Chest","Omamori","Lantern","Strawberry","Ancient Tea Set","Ninja Scroll","Cursed Key","Bronze Scales","HandDrill","Oddly Smooth Stone","Toxic Egg 2","The Courier"],"acts_visited":["Exordium","TheCity"],"potions_floor_usage":[25,25,27,29],"damage_taken":[{"damage":0.0,"enemies":"Cultist","floor":1.0,"turns":4.0},{"damage":8.0,"enemies":"Small Slimes","floor":2.0,"turns":4.0},{"damage":2.0,"enemies":"2 Louse","floor":3.0,"turns":3.0},{"damage":2.0,"enemies":"Looter","floor":5.0,"turns":4.0},{"damage":4.0,"enemies":"Lagavulin","floor":7.0,"turns":8.0},{"damage":8.0,"enemies":"Gremlin Nob","floor":10.0,"turns":3.0},{"damage":0.0,"enemies":"Blue Slaver","floor":12.0,"turns":3.0},{"damage":1.0,"enemies":"Lagavulin","floor":13.0,"turns":5.0},{"damage":0.0,"enemies":"2 Fungi Beasts","floor":14.0,"turns":2.0},{"damage":10.0,"enemies":"The Guardian","floor":16.0,"turns":12.0},{"damage":14,"enemies":"Shell Parasite","floor":18,"turns":4},{"damage":6,"enemies":"2 Thieves","floor":20,"turns":3},{"damage":7,"enemies":"Cultist and Chosen","floor":21,"turns":3},{"damage":8,"enemies":"Snecko","floor":24,"turns":3},{"damage":4,"enemies":"Slavers","floor":25,"turns":3},{"damage":22,"enemies":"Book of Stabbing","floor":27,"turns":5},{"damage":15,"enemies":"Sentry and Sphere","floor":29,"turns":3}],"seed_played":"8834825454801990587","potions_obtained":[{"floor":2.0,"key":"SkillPotion"},{"floor":3.0,"key":"LiquidBronze"},{"floor":5.0,"key":"SneckoOil"},{"floor":14.0,"key":"SpeedPotion"},{"floor":16.0,"key":"SteroidPotion"},{"floor":20,"key":"Fire Potion"}],"is_trial":false,"path_per_floor":["M","M","M","$","M","R","E","R","T","E","?","M","E","M","R","B",null,"M","?","M","M","$","R","M","E","T","E","T","M"],"character_chosen":"THE_SILENT","items_purchased":["Lantern","Tiny Chest","Bronze Scales","HandDrill"],"campfire_rested":0,"item_purchase_floors":[4,4,22,22],"current_hp_per_floor":[63,55,53,53,51,51,54,54,54,46,46,46,45,45,45,35,67,53,53,47,40,40,40,32,28,28,6,6,0,0],"gold":175,"neow_bonus":"TWO_FIFTY_GOLD","is_daily":false,"chose_seed":false,"campfire_upgraded":4,"win_rate":0.0,"timestamp":1612909119,"path_taken":["M","M","?","$","M","R","E","R","T","E","?","M","E","M","R","BOSS","M","?","M","M","$","R","?","E","T","E","?","?"],"items_purchased_type":["Relic","Relic","Relic","Relic"],"build_version":"2020-12-22","purchased_purges":1,"victory":false,"max_hp_per_floor":[70,70,70,70,70,70,77,77,77,77,77,77,77,77,77,77,77,77,77,77,77,77,77,77,77,77,77,77,77,77],"card_choices":[{"not_picked":["Infinite Blades","Reflex"],"picked":"Terror","floor":1.0},{"not_picked":["Deflect","Blur"],"picked":"Footwork","floor":2.0},{"not_picked":["Terror","Cloak And Dagger"],"picked":"Infinite Blades","floor":3.0},{"not_picked":["Flying Knee","Skewer"],"picked":"Poisoned Stab","floor":5.0},{"not_picked":["Deflect","Quick Slash","Poisoned Stab"],"picked":"SKIP","floor":7.0},{"not_picked":["Expertise","Setup"],"picked":"Backstab","floor":10.0},{"not_picked":["Bouncing Flask","Slice"],"picked":"Well Laid Plans","floor":12.0},{"not_picked":["Catalyst","Slice"],"picked":"Adrenaline","floor":13.0},{"not_picked":["Quick Slash","Outmaneuver"],"picked":"Accuracy","floor":14.0},{"not_picked":["After Image","Burst"],"picked":"Corpse Explosion","floor":16.0},{"not_picked":["Underhanded Strike+1","Acrobatics","Quick Slash"],"picked":"SKIP","floor":18},{"not_picked":["Cloak And Dagger","Backflip+1"],"picked":"Blade Dance","floor":20},{"not_picked":["Backflip","Caltrops"],"picked":"Dodge and Roll+1","floor":21},{"not_picked":["Flying Knee+1","Underhanded Strike"],"picked":"Blur","floor":24},{"not_picked":["Outmaneuver","Tactician"],"picked":"Finisher","floor":25},{"not_picked":["Concentrate+1","Poisoned Stab"],"picked":"Venomology+1","floor":27}],"player_experience":342387,"relics_obtained":[{"floor":7.0,"key":"Strawberry"},{"floor":9.0,"key":"Omamori"},{"floor":10.0,"key":"Ancient Tea Set"},{"floor":13.0,"key":"Ninja Scroll"},{"floor":25,"key":"Pen Nib"},{"floor":26,"key":"Oddly Smooth Stone"},{"floor":27,"key":"Toxic Egg 2"},{"floor":28,"key":"The Courier"}],"event_choices":[{"damage_healed":0.0,"max_hp_gain":0.0,"max_hp_loss":0.0,"gold_gain":0.0,"event_name":"Shining Light","player_choice":"Ignored","floor":11.0,"gold_loss":0.0,"damage_taken":0.0},{"damage_healed":0,"gold_gain":0,"player_choice":"Cursed","damage_taken":0,"max_hp_gain":0,"max_hp_loss":0,"event_name":"Wheel of Change","floor":19,"gold_loss":0,"cards_obtained":["Decay"]}],"is_beta":false,"boss_relics":[{"not_picked":["Runic Dome","Black Star"],"picked":"Cursed Key"}],"items_purged_floors":[4],"is_endless":false,"potions_floor_spawned":[2,3,5,14,16,20],"killed_by":"Sentry and Sphere","ascension_level":9}}