{"host":"jz4ul6vrcxqkcr33","time":1612867566,"event":{"mods":["BaseMod","Minty Spire (QoL Compilation)","StSLib"],"gold_per_floor":[112,127,142,142,142,175,175,29,29,29,42,65,89,89,89,214,214,232,245,261,68,91,91,134,134,134,170,48,48,48,79,79,199,199,217,238,10,369,446,446,458,489,549,561,620,632,644,656,668,680,680],"floor_reached":50,"language":"ENG","playtime":1600,"items_purged":[],"score":820,"play_id":"c10836f6-2054-4ec6-8562-94957da5ff98","local_time":"20210209054606","is_ascension_mode":true,"campfire_choices":[{"floor":7.0,"key":"REST"},{"floor":10.0,"key":"REST"},{"data":"Backstab","floor":15.0,"key":"SMITH"},{"floor":23.0,"key":"DIG"},{"floor":25.0,"key":"DIG"},{"floor":29.0,"key":"DIG"},{"floor":32.0,"key":"DIG"},{"floor":40.0,"key":"DIG"},{"floor":44,"key":"DIG"},{"floor":46,"key":"DIG"},{"floor":49,"key":"RECALL"}],"circlet_count":0,"master_deck":["Strike_G+1","Strike_G","Strike_G","Strike_G","Defend_G","Defend_G","Defend_G","Defend_G","Survivor","Neutralize+1","Backstab+1","Setup","Slice","Venomology","Deadly Poison","Cloak And Dagger","Slice","Distraction","A Thousand Cuts","CurseOfTheBell","Caltrops","Infinite Blades","Acrobatics+1","Backflip+1","Eviscerate+1","Flying Knee+1","J.A.X.","Unload","Storm of Steel","All Out Attack+1","Underhanded Strike+1","Noxious Fumes+1","Shame","Master of Strategy","Deadly Poison+1","Clumsy","Adrenaline"],"relics":["WristBlade","Golden Idol","White Beast Statue","Snake Skull","TwistedFunnel","The Courier","Calling Bell","Bag of Preparation","Eternal Feather","Shovel","Ninja Scroll","Ancient Tea Set","Vajra","Kunai","Sundial","Pear","Pen Nib","Bag of Marbles","Bottled Tornado","Whetstone","Cursed Key","Incense Burner","Old Coin","Matryoshka","MawBank","Omamori","CeramicFish","Dead Branch","Question Card"],"acts_visited":["Exordium","TheCity","TheBeyond"],"potions_floor_usage":[45,50,50,50],"damage_taken":[{"damage":1.0,"enemies":"Jaw Worm","floor":1.0,"turns":6.0},{"damage":0.0,"enemies":"2 Louse","floor":2.0,"turns":2.0},{"damage":0.0,"enemies":"Small Slimes","floor":3.0,"turns":3.0},{"damage":26.0,"enemies":"3 Sentries","floor":6.0,"turns":10.0},{"damage":1.0,"enemies":"Looter","floor":11.0,"turns":3.0},{"damage":0.0,"enemies":"Exordium Thugs","floor":12.0,"turns":2.0},{"damage":0.0,"enemies":"2 Fungi Beasts","floor":13.0,"turns":2.0},{"damage":33.0,"enemies":"The Guardian","floor":16.0,"turns":10.0},{"damage":0.0,"enemies":"Chosen","floor":18.0,"turns":3.0},{"damage":22.0,"enemies":"Spheric Guardian","floor":19.0,"turns":6.0},{"damage":0.0,"enemies":"Snake Plant","floor":20.0,"turns":2.0},{"damage":1.0,"enemies":"Cultist and Chosen","floor":22.0,"turns":4.0},{"damage":20.0,"enemies":"Book of Stabbing","floor":24.0,"turns":4.0},{"damage":0.0,"enemies":"Gremlin Leader","floor":27.0,"turns":4.0},{"damage":3.0,"enemies":"Slavers","floor":31.0,"turns":1.0},{"damage":107.0,"enemies":"Champ","floor":33.0,"turns":8.0},{"damage":0.0,"enemies":"3 Darklings","floor":35.0,"turns":1.0},{"damage":0.0,"enemies":"3 Shapes","floor":36.0,"turns":1.0},{"damage":3.0,"enemies":"2 Orb Walkers","floor":38.0,"turns":3.0},{"damage":0.0,"enemies":"Transient","floor":42.0,"turns":5.0},{"damage":21,"enemies":"Giant Head","floor":45,"turns":6},{"damage":87,"enemies":"Time Eater","floor":50,"turns":5}],"seed_played":"-7685138970235745554","potions_obtained":[{"floor":2.0,"key":"Weak Potion"},{"floor":3.0,"key":"Swift Potion"},{"floor":6.0,"key":"DistilledChaos"},{"floor":11.0,"key":"SteroidPotion"},{"floor":12.0,"key":"SteroidPotion"},{"floor":13.0,"key":"Ancient Potion"},{"floor":16.0,"key":"Swift Potion"},{"floor":18.0,"key":"Block Potion"},{"floor":19.0,"key":"SkillPotion"},{"floor":20.0,"key":"Strength Potion"},{"floor":22.0,"key":"Weak Potion"},{"floor":24.0,"key":"Energy Potion"},{"floor":27.0,"key":"GamblersBrew"},{"floor":31.0,"key":"FairyPotion"},{"floor":33.0,"key":"LiquidMemories"},{"floor":35.0,"key":"Explosive Potion"},{"floor":36.0,"key":"SkillPotion"},{"floor":38.0,"key":"Energy Potion"},{"floor":42.0,"key":"Poison Potion"},{"floor":45,"key":"SpeedPotion"}],"is_trial":false,"path_per_floor":["M","M","M","?","?","E","R","$","T","R","M","M","M","?","R","B",null,"M","M","M","$","M","R","E","R","T","E","$","R","?","E","R","B",null,"M","M","$","?","T","R","?","M","T","R","E","R","?","?","R","B"],"character_chosen":"THE_SILENT","items_purchased":["TwistedFunnel","Ninja Scroll","Pen Nib","Incense Burner"],"campfire_rested":2,"item_purchase_floors":[8,21,28,37],"current_hp_per_floor":[69,69,69,52,40,14,35,35,35,56,55,55,55,55,55,22,58,58,36,36,36,35,50,30,45,45,55,55,70,70,67,80,24,66,66,66,66,63,63,80,80,80,80,80,59,80,80,80,80,0,0],"gold":680,"neow_bonus":"BOSS_RELIC","is_daily":false,"chose_seed":false,"campfire_upgraded":1,"win_rate":0.0,"timestamp":1612867566,"path_taken":["M","M","M","?","?","E","R","$","T","R","M","M","M","?","R","BOSS","M","M","M","$","M","R","E","R","T","E","$","R","?","E","R","BOSS","M","M","$","?","?","R","?","M","T","R","E","R","?","?","R","BOSS"],"items_purchased_type":["Relic","Relic","Relic","Relic"],"build_version":"2020-12-13","purchased_purges":0,"victory":false,"max_hp_per_floor":[70,70,70,70,70,70,70,70,70,70,70,70,70,70,70,70,70,70,70,70,70,70,70,70,70,70,80,80,80,80,80,80,80,80,80,80,80,80,80,80,80,80,80,80,80,80,80,80,80,80,80],"card_choices":[{"not_picked":["Acrobatics","Sucker Punch"],"picked":"Backstab","floor":1.0},{"not_picked":["Underhanded Strike","Calculated Gamble"],"picked":"Setup","floor":2.0},{"not_picked":["Sucker Punch","Dagger Throw"],"picked":"Slice","floor":3.0},{"not_picked":["Backflip","Dagger Spray"],"picked":"Venomology","floor":6.0},{"not_picked":["Prepared","Leg Sweep"],"picked":"Deadly Poison","floor":11.0},{"not_picked":["Escape Plan","Dash"],"picked":"Cloak And Dagger","floor":12.0},{"not_picked":["Finisher","Outmaneuver"],"picked":"Slice","floor":13.0},{"not_picked":["Doppelganger","Glass Knife"],"picked":"A Thousand Cuts","floor":16.0},{"not_picked":["Backstab","Prepared+1"],"picked":"Caltrops","floor":18.0},{"not_picked":["Tactician","Outmaneuver"],"picked":"Infinite Blades","floor":19.0},{"not_picked":["Outmaneuver","Poisoned Stab"],"picked":"Acrobatics+1","floor":20.0},{"not_picked":["Underhanded Strike","Sucker Punch"],"picked":"Backflip+1","floor":22.0},{"not_picked":["Sucker Punch+1","Bane"],"picked":"Eviscerate+1","floor":24.0},{"not_picked":["Heel Hook","A Thousand Cuts"],"picked":"Flying Knee+1","floor":27.0},{"not_picked":["Setup","Sucker Punch"],"picked":"Unload","floor":31.0},{"not_picked":["A Thousand Cuts","Adrenaline"],"picked":"Storm of Steel","floor":33.0},{"not_picked":["Tactician+1","Backflip+1"],"picked":"All Out Attack+1","floor":35.0},{"not_picked":["Caltrops","Skewer"],"picked":"Underhanded Strike+1","floor":36.0},{"not_picked":["Calculated Gamble","Dagger Throw"],"picked":"Noxious Fumes+1","floor":38.0},{"not_picked":["Swift Strike","Jack Of All Trades"],"picked":"Master of Strategy","floor":41.0},{"not_picked":["Backflip","Deflect"],"picked":"Deadly Poison+1","floor":42.0},{"not_picked":["Prepared","Riddle With Holes"],"picked":"Adrenaline","floor":45}],"player_experience":213544,"relics_obtained":[{"floor":6.0,"key":"Snake Skull"},{"floor":9.0,"key":"The Courier"},{"floor":17.0,"key":"Bag of Preparation"},{"floor":17.0,"key":"Eternal Feather"},{"floor":17.0,"key":"Shovel"},{"floor":23.0,"key":"Ancient Tea Set"},{"floor":24.0,"key":"Vajra"},{"floor":25.0,"key":"Kunai"},{"floor":26.0,"key":"Sundial"},{"floor":27.0,"key":"Pear"},{"floor":29.0,"key":"Bag of Marbles"},{"floor":31.0,"key":"Bottled Tornado"},{"floor":32.0,"key":"Whetstone"},{"floor":38.0,"key":"Old Coin"},{"floor":39.0,"key":"Matryoshka"},{"floor":40.0,"key":"MawBank"},{"floor":43,"key":"Omamori"},{"floor":44,"key":"CeramicFish"},{"floor":45,"key":"Dead Branch"},{"floor":46,"key":"Question Card"}],"event_choices":[{"damage_healed":0.0,"max_hp_gain":0.0,"max_hp_loss":0.0,"gold_gain":0.0,"event_name":"Golden Idol","player_choice":"Take Damage","floor":4.0,"gold_loss":0.0,"damage_taken":17.0,"relics_obtained":["Golden Idol"]},{"damage_healed":0.0,"max_hp_gain":0.0,"max_hp_loss":0.0,"gold_gain":0.0,"event_name":"Scrap Ooze","player_choice":"Success","floor":5.0,"gold_loss":0.0,"damage_taken":12.0,"relics_obtained":["White Beast Statue"]},{"damage_healed":0.0,"max_hp_gain":0.0,"max_hp_loss":0.0,"gold_gain":0.0,"cards_transformed":["Strike_G"],"event_name":"Living Wall","player_choice":"Change","floor":14.0,"gold_loss":0.0,"damage_taken":0.0,"cards_obtained":["Distraction"]},{"damage_healed":0.0,"max_hp_gain":0.0,"max_hp_loss":0.0,"gold_gain":0.0,"event_name":"Drug Dealer","player_choice":"Obtain J.A.X.","floor":30.0,"gold_loss":0.0,"damage_taken":0.0,"cards_obtained":["J.A.X."]},{"damage_healed":0.0,"max_hp_gain":0.0,"max_hp_loss":0.0,"gold_gain":0.0,"event_name":"Mysterious Sphere","player_choice":"Fight","floor":38.0,"gold_loss":0.0,"damage_taken":0.0},{"damage_healed":0.0,"max_hp_gain":0.0,"max_hp_loss":0.0,"gold_gain":0.0,"event_name":"SensoryStone","player_choice":"Memory 1","floor":41.0,"gold_loss":0.0,"damage_taken":0.0},{"cards_removed":["Defend_G"],"damage_healed":0,"gold_gain":0,"player_choice":"Removed Skill","damage_taken":0,"max_hp_gain":0,"max_hp_loss":0,"event_name":"Falling","floor":47,"gold_loss":0},{"damage_healed":0,"gold_gain":0,"player_choice":"Ignored","damage_taken":0,"max_hp_gain":0,"max_hp_loss":0,"event_name":"Tomb of Lord Red Mask","floor":48,"gold_loss":0}],"is_beta":false,"boss_relics":[{"not_picked":["Busted Crown","Astrolabe"],"picked":"Calling Bell"},{"not_picked":["Runic Dome","Velvet Choker"],"picked":"Cursed Key"}],"items_purged_floors":[],"is_endless":false,"potions_floor_spawned":[2,3,6,11,12,13,16,18,19,20,22,24,27,31,33,35,36,38,42,45],"killed_by":"Time Eater","ascension_level":5}}