{"host":"dh4nu8nelr2izibb","time":1612895836,"event":{"mods":["100% Spire Juice","BaseMod","Better Skull","Better Third Choice","Card Forge","Curses Come First","Displayed Cursed Tome","HololiveMod","Minty Spire (QoL Compilation)","Poor People Problems","Quick Restart","Relic Filter","Reliquary","StSLib","WarShipGirlsR/????R mod","Yakumo Yukari mod"],"gold_per_floor":[109,121,131,144,155,155,185,185,259,30,41,61,61,74,74,175,175,175,21,21,21,21,21,21,21,21,21,21,21,21,21,21,21,21,21,21,21,21,21,21,21,21,21,21,21,21,21,21,21,21],"floor_reached":51,"language":"ENG","playtime":4399,"items_purged":["Strike_G"],"score":708,"play_id":"6462ae8b-5caf-4a9a-8947-84cdf349369c","local_time":"20210209133716","is_ascension_mode":false,"campfire_choices":[{"data":"Neutralize","floor":6.0,"key":"SMITH"},{"data":"Cloak And Dagger","floor":8.0,"key":"SMITH"},{"data":"A Thousand Cuts","floor":15.0,"key":"SMITH"},{"data":"Malaise","floor":23.0,"key":"SMITH"},{"data":"Cloak And Dagger","floor":27.0,"key":"SMITH"},{"data":"Accuracy","floor":29.0,"key":"SMITH"},{"data":"All Out Attack","floor":32.0,"key":"SMITH"},{"data":"Blade Dance","floor":40.0,"key":"SMITH"},{"data":"Blade Dance","floor":49,"key":"SMITH"}],"circlet_count":0,"master_deck":["Strike_G","Strike_G","Strike_G","Strike_G","Defend_G","Defend_G","Defend_G","Defend_G","Defend_G","Survivor","Neutralize+1","Terror","Blade Dance+1","Deflect","Accuracy+1","All Out Attack+1","Cloak And Dagger+1","Malaise+1","Cloak And Dagger+1","Backstab","A Thousand Cuts+1","Tools of the Trade","Blade Dance+1","Backflip","Prepared","Writhe","Backflip","Burst+1","Prepared"],"relics":["Ring of the Snake","White Beast Statue","Bottled Tornado","Ectoplasm","Anchor","MutagenicStrength","Nilry\u0027s Codex","Ginger","Letter Opener","Toy Ornithopter","Busted Crown","The Courier","Centennial Puzzle","Bronze Scales"],"acts_visited":[],"potions_floor_usage":[50,50],"damage_taken":[{"damage":0.0,"enemies":"Jaw Worm","floor":1.0,"turns":2.0},{"damage":0.0,"enemies":"2 Louse","floor":2.0,"turns":2.0},{"damage":0.0,"enemies":"Small Slimes","floor":3.0,"turns":1.0},{"damage":1.0,"enemies":"Exordium Thugs","floor":4.0,"turns":3.0},{"damage":0.0,"enemies":"Blue Slaver","floor":5.0,"turns":1.0},{"damage":0.0,"enemies":"Lagavulin","floor":7.0,"turns":3.0},{"damage":0.0,"enemies":"Lots of Slimes","floor":11.0,"turns":1.0},{"damage":0.0,"enemies":"3 Louse","floor":12.0,"turns":1.0},{"damage":0.0,"enemies":"Red Slaver","floor":14.0,"turns":1.0},{"damage":11.0,"enemies":"The Guardian","floor":16.0,"turns":7.0},{"damage":0.0,"enemies":"Shell Parasite","floor":18.0,"turns":3.0},{"damage":0.0,"enemies":"Spheric Guardian","floor":20.0,"turns":1.0},{"damage":6.0,"enemies":"Snake Plant","floor":22.0,"turns":3.0},{"damage":0.0,"enemies":"Cultist and Chosen","floor":28.0,"turns":2.0},{"damage":0.0,"enemies":"Slavers","floor":30.0,"turns":2.0},{"damage":0.0,"enemies":"Centurion and Healer","floor":31.0,"turns":2.0},{"damage":0.0,"enemies":"Automaton","floor":33.0,"turns":2.0},{"damage":0.0,"enemies":"3 Darklings","floor":35.0,"turns":1.0},{"damage":0.0,"enemies":"3 Shapes","floor":36.0,"turns":1.0},{"damage":1.0,"enemies":"Spire Growth","floor":39.0,"turns":2.0},{"damage":0.0,"enemies":"Giant Head","floor":41.0,"turns":1.0},{"damage":0.0,"enemies":"Sphere and 2 Shapes","floor":42.0,"turns":2.0},{"damage":0.0,"enemies":"Reptomancer","floor":44.0,"turns":1.0},{"damage":0.0,"enemies":"Writhing Mass","floor":46.0,"turns":1.0},{"damage":4,"enemies":"Jaw Worm Horde","floor":48,"turns":2},{"damage":39,"enemies":"Awakened One","floor":50,"turns":10}],"seed_played":"-7457402083387275756","potions_obtained":[{"floor":1.0,"key":"FearPotion"},{"floor":2.0,"key":"SteroidPotion"},{"floor":4.0,"key":"CunningPotion"},{"floor":11.0,"key":"Poison Potion"},{"floor":12.0,"key":"BlessingOfTheForge"},{"floor":14.0,"key":"Explosive Potion"},{"floor":16.0,"key":"AttackPotion"},{"floor":18.0,"key":"Energy Potion"},{"floor":20.0,"key":"PowerPotion"},{"floor":33.0,"key":"BlessingOfTheForge"},{"floor":35.0,"key":"FairyPotion"},{"floor":41.0,"key":"Block Potion"},{"floor":42.0,"key":"LiquidMemories"}],"is_trial":false,"path_per_floor":["M","M","M","M","M","R","E","R","T","$","M","M","?","M","R","B",null,"M","$","M","?","M","R","?","?","T","R","M","R","E","M","R","B",null,"M","M","?","?","M","R","E","M","T","E","$","M","$","M","R","B",null],"character_chosen":"THE_SILENT","items_purchased":["Malaise","Anchor"],"campfire_rested":0,"item_purchase_floors":[10,19],"current_hp_per_floor":[77,77,77,76,76,76,76,76,76,76,76,76,81,81,81,70,82,82,82,82,82,76,76,60,60,60,60,60,60,60,60,60,65,82,82,82,78,78,77,77,78,78,78,78,78,78,78,74,74,45],"gold":21,"neow_bonus":"TEN_PERCENT_HP_BONUS","is_daily":false,"chose_seed":false,"campfire_upgraded":9,"win_rate":0.0,"timestamp":1612895836,"path_taken":["M","M","M","M","M","R","E","R","T","$","M","M","?","M","R","BOSS","M","$","M","?","M","R","?","?","T","R","M","R","E","M","R","BOSS","M","M","?","?","M","R","E","M","T","E","$","M","$","M","R","BOSS"],"items_purchased_type":["Card","Relic"],"build_version":"2020-12-22","purchased_purges":1,"victory":true,"max_hp_per_floor":[77,77,77,77,77,77,77,77,77,77,77,77,82,82,82,82,82,82,82,82,82,82,82,82,82,82,82,82,82,82,82,82,82,82,82,82,78,78,78,78,78,78,78,78,78,78,78,78,78,78],"card_choices":[{"not_picked":["Catalyst","Deflect"],"picked":"Terror","floor":1.0},{"not_picked":["Poisoned Stab","Flying Knee"],"picked":"Blade Dance","floor":2.0},{"not_picked":["Acrobatics","Expertise"],"picked":"Deflect","floor":3.0},{"not_picked":["Underhanded Strike","Choke"],"picked":"Accuracy","floor":4.0},{"not_picked":["Noxious Fumes","Caltrops"],"picked":"All Out Attack","floor":5.0},{"not_picked":["PiercingWail","Acrobatics"],"picked":"Cloak And Dagger","floor":7.0},{"not_picked":["Dagger Spray","Distraction"],"picked":"Cloak And Dagger","floor":11.0},{"not_picked":["Underhanded Strike","All Out Attack"],"picked":"Backstab","floor":12.0},{"not_picked":["Noxious Fumes","Poisoned Stab"],"picked":"A Thousand Cuts","floor":14.0},{"not_picked":["Storm of Steel","Burst"],"picked":"Tools of the Trade","floor":16.0},{"not_picked":["Quick Slash","Outmaneuver"],"picked":"Blade Dance","floor":18.0},{"not_picked":["Infinite Blades","Dodge and Roll+1"],"picked":"Backflip","floor":20.0},{"not_picked":["Deadly Poison","Dodge and Roll"],"picked":"Prepared","floor":22.0},{"not_picked":["Dodge and Roll","Bane","Poisoned Stab"],"picked":"SKIP","floor":28.0},{"not_picked":["Accuracy","Distraction","Flying Knee+1"],"picked":"SKIP","floor":30.0},{"not_picked":["Deadly Poison","Dagger Spray"],"picked":"Backflip","floor":31.0},{"not_picked":["Storm of Steel","Tools of the Trade"],"picked":"Burst","floor":33.0},{"not_picked":["Dagger Spray"],"picked":"SKIP","floor":35.0},{"not_picked":["Quick Slash+1"],"picked":"SKIP","floor":36.0},{"not_picked":["Dash+1"],"picked":"SKIP","floor":39.0},{"not_picked":["Dash+1"],"picked":"SKIP","floor":39.0},{"not_picked":["Dash+1"],"picked":"SKIP","floor":39.0},{"not_picked":["Expertise"],"picked":"SKIP","floor":41.0},{"not_picked":["Expertise"],"picked":"SKIP","floor":41.0},{"not_picked":[],"picked":"Prepared","floor":42.0},{"not_picked":["Well Laid Plans"],"picked":"SKIP","floor":44.0},{"not_picked":["Endless Agony+1"],"picked":"SKIP","floor":46.0},{"not_picked":["Poisoned Stab"],"picked":"SKIP","floor":48}],"player_experience":1036624,"relics_obtained":[{"floor":7.0,"key":"White Beast Statue"},{"floor":9.0,"key":"Bottled Tornado"},{"floor":24.0,"key":"Nilry\u0027s Codex"},{"floor":26.0,"key":"Letter Opener"},{"floor":30.0,"key":"Toy Ornithopter"},{"floor":41.0,"key":"The Courier"},{"floor":43.0,"key":"Centennial Puzzle"},{"floor":44.0,"key":"Bronze Scales"}],"event_choices":[{"damage_healed":0.0,"max_hp_gain":5.0,"max_hp_loss":0.0,"gold_gain":0.0,"event_name":"Big Fish","player_choice":"Donut","floor":13.0,"gold_loss":0.0,"damage_taken":0.0},{"damage_healed":0.0,"max_hp_gain":0.0,"max_hp_loss":0.0,"gold_gain":0.0,"event_name":"Drug Dealer","player_choice":"Inject Mutagens","floor":21.0,"gold_loss":0.0,"damage_taken":0.0,"relics_obtained":["MutagenicStrength"]},{"damage_healed":0.0,"max_hp_gain":0.0,"max_hp_loss":0.0,"gold_gain":0.0,"event_name":"Cursed Tome","player_choice":"Obtained Book","floor":24.0,"gold_loss":0.0,"damage_taken":16.0},{"damage_healed":0.0,"max_hp_gain":0.0,"max_hp_loss":0.0,"gold_gain":0.0,"event_name":"The Mausoleum","player_choice":"Opened","floor":25.0,"gold_loss":0.0,"damage_taken":0.0,"relics_obtained":["Ginger"],"cards_obtained":["Writhe"]},{"damage_healed":0.0,"max_hp_gain":0.0,"max_hp_loss":4.0,"gold_gain":0.0,"event_name":"Winding Halls","player_choice":"Max HP","floor":37.0,"gold_loss":0.0,"damage_taken":0.0},{"damage_healed":0.0,"max_hp_gain":0.0,"max_hp_loss":0.0,"gold_gain":0.0,"event_name":"Upgrade Shrine","player_choice":"Upgraded","floor":38.0,"gold_loss":0.0,"damage_taken":0.0,"cards_upgraded":["Burst"]}],"is_beta":false,"boss_relics":[{"not_picked":["Fusion Hammer","SacredBark"],"picked":"Ectoplasm"},{"not_picked":["WristBlade","Snecko Eye"],"picked":"Busted Crown"}],"items_purged_floors":[10],"is_endless":false,"potions_floor_spawned":[1,2,4,11,12,14,16,18,20,22,28,30,31,33,35,36,39,41,42,44,46,48],"ascension_level":0}}