{"host":"kvq1t47bkvtg8ho9","time":1612845083,"event":{"mods":["Aspiration","Bard","BaseMod","Beaked The Cultist","Better Sensory Stone","Better Third Choice","BetterRewards","Bossed Relics","Clockwork Mod","Colored Map","Conspire","Downfall","Energized Spire","Friendly Minions","Hermit","HexUI Lib","Highlight Path","Hubris","Infinite Spire","JesterMod","Minty Spire (QoL Compilation)","READ ME - Guardian Mod","Relic Stats","Reliquary","Shade Mod","Somnambulant","Spire Arcade","StSLib","The Bladedancer","The Bug Knight","The Cursed","The Death Knight","The Disciple","The Forsaken","The Jungle","The Marked","The Necromancer","The Runesmith"],"gold_per_floor":[128,155,115,36,45,83,108,29,79,79,105,105,105],"floor_reached":12,"language":"ENG","playtime":618,"items_purged":[],"score":86,"play_id":"a911f794-c243-49d9-a73f-5e2b4e46a8d7","local_time":"20210208233123","is_ascension_mode":true,"campfire_choices":[{"floor":10,"key":"REST"}],"circlet_count":0,"master_deck":["Runesmith:Strike_RS","Runesmith:Strike_RS","Runesmith:Strike_RS","Runesmith:Strike_RS","Runesmith:Defend_RS","Runesmith:Defend_RS","Runesmith:Defend_RS","Runesmith:Defend_RS","Runesmith:CraftFirestone","Runesmith:Fortify","Runesmith:CraftMagma","Runesmith:OneForEveryone","Runesmith:PoweredAnvil","Runesmith:BackupBattery","Injury","Runesmith:OneForEveryone","Runesmith:HeatedChisel","Runesmith:Firewall+1","Runesmith:RuneHurl","Runesmith:CraftObretio+1"],"relics":["Runesmith:BrokenRuby","CeramicFish","betterThird:SlimedRelic","Toxic Egg 2","Gambling Chip","Smiling Mask"],"acts_visited":["Exordium"],"potions_floor_usage":[11,12],"damage_taken":[{"damage":0,"enemies":"Jaw Worm","floor":1,"turns":3},{"damage":5,"enemies":"2 Louse","floor":2,"turns":4},{"damage":45,"enemies":"Gremlin Nob","floor":6,"turns":6},{"damage":1,"enemies":"Cultist","floor":7,"turns":3},{"damage":17,"enemies":"Exordium Thugs","floor":11,"turns":5},{"damage":18,"enemies":"3 Sentries","floor":12,"turns":4}],"seed_played":"5444606612195625235","potions_obtained":[{"floor":7,"key":"hexamod:SoulburnPotion"},{"floor":11,"key":"SpeedPotion"}],"is_trial":false,"path_per_floor":["M","M","?","$","?","E","M","$","T","R","M","E"],"character_chosen":"RUNESMITH_CLASS","items_purchased":["CeramicFish","Runesmith:PoweredAnvil","Runesmith:BackupBattery","Runesmith:Firewall+1","Runesmith:RuneHurl"],"campfire_rested":1,"item_purchase_floors":[0,4,4,8,8],"current_hp_per_floor":[70,65,54,54,54,9,8,8,8,29,12,0,0],"gold":105,"neow_bonus":"","is_daily":false,"chose_seed":false,"campfire_upgraded":0,"win_rate":0.0,"timestamp":1612845083,"path_taken":["M","M","?","$","?","E","M","?","T","R","M","E"],"items_purchased_type":["Relic","Card","Card","Card","Card"],"build_version":"2020-12-22","purchased_purges":0,"victory":false,"max_hp_per_floor":[70,70,70,70,70,70,70,70,70,70,70,70,70],"relic_stats":{"counters":[16,68],"CeramicFish":90,"Gambling Chip":[6],"Smiling Mask":0,"obtain_stats":[{"Runesmith:BrokenRuby":0,"NeowsBlessing":0,"CeramicFish":0,"betterThird:SlimedRelic":3,"Gambling Chip":6,"hubris:BundleOfHerbs":11,"reliquary:TuningFork":10,"hubris:Towel":3,"Toxic Egg 2":5,"aspiration:HatOfInfinitePower":7,"Smiling Mask":9,"DeathKnight:SindragosasSkull":9},{"Runesmith:BrokenRuby":0,"NeowsBlessing":0,"CeramicFish":10,"betterThird:SlimedRelic":12,"Gambling Chip":13,"hubris:BundleOfHerbs":6,"reliquary:TuningFork":5,"hubris:Towel":1,"Toxic Egg 2":12,"aspiration:HatOfInfinitePower":3,"Smiling Mask":14,"DeathKnight:SindragosasSkull":4},{"Runesmith:BrokenRuby":0,"NeowsBlessing":0,"CeramicFish":43,"betterThird:SlimedRelic":50,"Gambling Chip":56,"hubris:BundleOfHerbs":21,"reliquary:TuningFork":15,"hubris:Towel":1,"Toxic Egg 2":50,"aspiration:HatOfInfinitePower":4,"Smiling Mask":59,"DeathKnight:SindragosasSkull":9}]},"card_choices":[{"not_picked":["Runesmith:BackupBattery","Runesmith:EnergizedChisel"],"picked":"Runesmith:CraftMagma","floor":1},{"not_picked":["Runesmith:Electrocute","Runesmith:HeatExchange"],"picked":"Runesmith:OneForEveryone","floor":2},{"not_picked":["Runesmith:EnergizedChisel","Runesmith:HammerThrow"],"picked":"Runesmith:OneForEveryone","floor":6},{"not_picked":["Runesmith:WhiteBalance","Runesmith:ShiftingStrike"],"picked":"Runesmith:HeatedChisel","floor":7},{"not_picked":["Runesmith:LithiumIon","Runesmith:OneForEveryone"],"picked":"Runesmith:CraftObretio+1","floor":11}],"player_experience":833695,"relics_obtained":[{"floor":6,"key":"Gambling Chip"},{"floor":9,"key":"Smiling Mask"}],"event_choices":[{"damage_healed":0,"gold_gain":0,"player_choice":"Slimed","damage_taken":11,"max_hp_gain":0,"max_hp_loss":0,"event_name":"betterThird:BetterGoop","floor":3,"gold_loss":40}],"is_beta":false,"boss_relics":[],"items_purged_floors":[],"is_endless":false,"potions_floor_spawned":[7,11],"killed_by":"3 Sentries","ascension_level":2}}