{"host":"x7btokbb0w2jhl7e","time":1612838920,"event":{"mods":["Act Like it!","BaseMod","Gensokyo","Minty Spire (QoL Compilation)","Quick Restart","StSLib","TestMod"],"gold_per_floor":[110,110,0,0,12,338,338,354,432,450,474,505,525,525,525,599,599,618,618,212,212,234,280,280],"floor_reached":23,"language":"ZHS","playtime":613,"items_purged":["Strike_G"],"score":448,"play_id":"9443aadc-81c7-4ed4-8178-ad0abf56e6fa","local_time":"20210209104840","is_ascension_mode":true,"campfire_choices":[{"data":"Neutralize","floor":7.0,"key":"SMITH"},{"data":"Acrobatics","floor":15.0,"key":"SMITH"}],"circlet_count":0,"master_deck":["AscendersBane","Strike_G","Strike_G","Defend_G","Defend_G","Defend_G","Defend_G","Defend_G","Survivor","Neutralize+1","Endless Agony","Acrobatics+1","Die Die Die","Infinite Blades","Terror","Grand Finale","Backflip","Tactician"],"relics":["Ring of the Snake","testmod-TestBox","testmod-ObsoleteBoomerang","NeowsBlessing","Akabeko","testmod-Justice","testmod-CrystalShield","Orichalcum","testmod-Maize","testmod-DeterminationOfClimber","testmod-Alchemist","testmod-IndustrialRevolution","Bag of Preparation"],"acts_visited":["Gensokyo:Gensokyo","Gensokyo:Gensokyoer"],"potions_floor_usage":[],"damage_taken":[{"damage":0.0,"enemies":"Gensokyo:3_Fairies","floor":1.0,"turns":1.0},{"damage":0.0,"enemies":"Gensokyo:Gryphon","floor":5.0,"turns":1.0},{"damage":2.0,"enemies":"Gensokyo:Mamizou","floor":6.0,"turns":5.0},{"damage":1.0,"enemies":"Gensokyo:2_Kodama","floor":8.0,"turns":2.0},{"damage":2.0,"enemies":"Gensokyo:Gryphon_and_Rabbit","floor":10.0,"turns":3.0},{"damage":12.0,"enemies":"Gensokyo:Cirno","floor":12.0,"turns":5.0},{"damage":1.0,"enemies":"Gensokyo:CorruptedTreant","floor":13.0,"turns":3.0},{"damage":3.0,"enemies":"Gensokyo:Reimu","floor":16.0,"turns":4.0},{"damage":0.0,"enemies":"Gensokyo:Chomper","floor":18.0,"turns":1.0},{"damage":0.0,"enemies":"Gensokyo:AngelMirror","floor":22.0,"turns":2.0},{"damage":0,"enemies":"Gensokyo:Koishi","floor":23,"turns":1}],"seed_played":"89965460614814204","potions_obtained":[{"floor":5.0,"key":"Ancient Potion"},{"floor":6.0,"key":"SmokeBomb"},{"floor":10.0,"key":"SteroidPotion"},{"floor":18.0,"key":"SneckoOil"},{"floor":23,"key":"Poison Potion"}],"is_trial":false,"path_per_floor":["M","?","COS","?","M","E","R","M","T","M","T","E","M","?","R","B",null,"M","?","$","?","M","E"],"character_chosen":"THE_SILENT","items_purchased":["testmod-Alchemist"],"campfire_rested":0,"item_purchase_floors":[20],"current_hp_per_floor":[59,59,59,59,59,57,57,56,56,54,54,42,41,47,47,44,65,68,68,68,65,65,65,65],"gold":280,"neow_bonus":"THREE_ENEMY_KILL","is_daily":false,"chose_seed":false,"campfire_upgraded":2,"win_rate":0.0,"timestamp":1612838920,"path_taken":["M","?","COS","?","M","E","R","?","T","M","?","E","?","?","R","BOSS","M","?","$","?","?","E"],"items_purchased_type":["Relic"],"build_version":"2020-12-22","purchased_purges":1,"victory":false,"max_hp_per_floor":[66,66,66,66,66,66,66,66,66,66,66,66,66,72,72,72,72,72,72,72,65,65,65,65],"card_choices":[{"not_picked":["Underhanded Strike","Deflect","Dodge and Roll"],"picked":"SKIP","floor":1.0},{"not_picked":["Predator","Acrobatics"],"picked":"Endless Agony","floor":2.0},{"not_picked":["Bane","PiercingWail"],"picked":"Acrobatics","floor":5.0},{"not_picked":["Backflip","Dagger Spray"],"picked":"Die Die Die","floor":6.0},{"not_picked":["Predator","Acrobatics"],"picked":"Infinite Blades","floor":8.0},{"not_picked":["Dagger Throw","Backflip"],"picked":"Terror","floor":10.0},{"not_picked":["Leg Sweep","Infinite Blades","Dagger Spray"],"picked":"SKIP","floor":12.0},{"not_picked":["Terror","Catalyst","Sucker Punch"],"picked":"SKIP","floor":13.0},{"not_picked":["Terror","Catalyst","Sucker Punch"],"picked":"SKIP","floor":13.0},{"not_picked":["Unload","Phantasmal Killer"],"picked":"Grand Finale","floor":16.0},{"not_picked":["Underhanded Strike+1","Deflect"],"picked":"Backflip","floor":18.0},{"not_picked":["Slice","Outmaneuver+1"],"picked":"Tactician","floor":22.0}],"player_experience":242917,"relics_obtained":[{"floor":6.0,"key":"Akabeko"},{"floor":9.0,"key":"testmod-Justice"},{"floor":11.0,"key":"Orichalcum"},{"floor":12.0,"key":"testmod-Maize"},{"floor":23,"key":"Bag of Preparation"}],"event_choices":[{"damage_healed":0.0,"max_hp_gain":0.0,"max_hp_loss":0.0,"gold_gain":0.0,"event_name":"给自己的盒子","player_choice":"Ignored","floor":4.0,"gold_loss":0.0,"damage_taken":0.0}],"is_beta":false,"boss_relics":[{"not_picked":["testmod-BloodSacrificeSpiritualization","Calling Bell"],"picked":"testmod-DeterminationOfClimber"}],"items_purged_floors":[20],"is_endless":false,"potions_floor_spawned":[5,6,10,12,13,18,23],"killed_by":"Gensokyo:Koishi","ascension_level":20}}