{"host":"tp1hyvdwlciy3xbu","time":1612858974,"event":{"mods":["BaseMod","Marisa£®ÏF”Í°°ƒß¿Ì…≥£©","Minty Spire (QoL Compilation)","StSLib","The Servant 0.9.4"],"gold_per_floor":[118,118,118,118,43,76,100,124,124,155,155,229,229,77,77,77,77],"floor_reached":16,"language":"ZHS","playtime":495,"items_purged":["Strike_S","Strike_S"],"score":122,"play_id":"9ce85222-96bd-4690-b565-299f956b2d4c","local_time":"20210209162254","is_ascension_mode":true,"campfire_choices":[{"data":"Unruled","floor":11,"key":"SMITH"},{"floor":15,"key":"REST"}],"circlet_count":0,"master_deck":["Strike_S","Strike_S","Defend_S","Defend_S","Defend_S","Defend_S","KidneyShot","Exchange","Spin","Unruled+1","Unruled","Misdirection","Defy"],"relics":["Uniform","Happy Flower","Golden Idol","Blood Vial","PreservedInsect","Juzu Bracelet","Art of War","PaperSwan"],"acts_visited":["Exordium"],"potions_floor_usage":[16],"damage_taken":[{"damage":1,"enemies":"2 Louse","floor":1,"turns":3},{"damage":31,"enemies":"3 Sentries","floor":6,"turns":6},{"damage":15,"enemies":"Jaw Worm","floor":7,"turns":4},{"damage":0,"enemies":"Small Slimes","floor":8,"turns":3},{"damage":6,"enemies":"Gremlin Nob","floor":10,"turns":3},{"damage":9,"enemies":"3 Sentries","floor":12,"turns":3},{"damage":25,"enemies":"Hexaghost","floor":16,"turns":11}],"seed_played":"6152376012168396522","potions_obtained":[{"floor":7,"key":"BlessingOfTheForge"},{"floor":8,"key":"Weak Potion"},{"floor":12,"key":"Energy Potion"}],"is_trial":false,"path_per_floor":["M","?","T","?","$","E","M","M","T","E","R","?","?","$","R","B"],"character_chosen":"THE_SERVANT","items_purchased":["Defy"],"campfire_rested":1,"item_purchase_floors":[14],"current_hp_per_floor":[64,60,60,60,60,29,16,18,18,14,14,7,4,4,22,0,0],"gold":77,"neow_bonus":"RANDOM_COMMON_RELIC","is_daily":false,"chose_seed":false,"campfire_upgraded":1,"win_rate":0.0,"timestamp":1612858974,"path_taken":["M","?","?","?","$","E","M","M","T","E","R","?","?","$","R","BOSS"],"items_purchased_type":["Card"],"build_version":"2020-12-22","purchased_purges":2,"victory":false,"max_hp_per_floor":[65,60,60,60,60,60,60,60,60,60,60,60,60,60,60,60,60],"card_choices":[{"not_picked":["DoubleEdge","Defy"],"picked":"Spin","floor":1},{"not_picked":["Rewind","Rearm","FanOfKnives"],"picked":"SKIP","floor":6},{"not_picked":["Revamp","GearUp","Replace"],"picked":"SKIP","floor":7},{"not_picked":["TimeWarp","Advance","Moondial"],"picked":"SKIP","floor":8},{"not_picked":["Snipe","InstantArmor"],"picked":"Unruled","floor":10},{"not_picked":["Manipulate","SilverBlades"],"picked":"Misdirection","floor":12}],"player_experience":312573,"relics_obtained":[{"floor":3,"key":"Blood Vial"},{"floor":6,"key":"PreservedInsect"},{"floor":9,"key":"Juzu Bracelet"},{"floor":10,"key":"Art of War"},{"floor":12,"key":"PaperSwan"}],"event_choices":[{"damage_healed":0,"gold_gain":0,"player_choice":"Lose Max HP","damage_taken":0,"relics_obtained":["Golden Idol"],"max_hp_gain":0,"max_hp_loss":5,"event_name":"Golden Idol","floor":2,"gold_loss":0},{"damage_healed":0,"gold_gain":0,"player_choice":"1 cards matched","damage_taken":0,"max_hp_gain":0,"max_hp_loss":0,"event_name":"Match and Keep!","floor":4,"gold_loss":0,"cards_obtained":["Unruled"]},{"damage_healed":0,"gold_gain":0,"player_choice":"Searched \u00272\u0027 times","damage_taken":0,"max_hp_gain":0,"max_hp_loss":0,"event_name":"Dead Adventurer","floor":12,"gold_loss":0},{"damage_healed":0,"gold_gain":0,"player_choice":"Fled","damage_taken":3,"max_hp_gain":0,"max_hp_loss":0,"event_name":"Scrap Ooze","floor":13,"gold_loss":0}],"is_beta":false,"boss_relics":[],"items_purged_floors":[5,14],"is_endless":false,"potions_floor_spawned":[7,8,12],"killed_by":"Hexaghost","ascension_level":3}}