{"host":"9kuc8qxv67wkis18","time":1612829355,"event":{"mods":["2.2 Compatiblity","AchievementEnabler","Aspiration","Astrologer","Bard","BaseMod","Beaked The Cultist","Bestiary","Better Note","Better Third Choice","Block Reminder","Challenge The Spire","Conspire","Curses Come First","GifTheSpireLib","Glutton Mod","Halation","Hermit","Highlight Path","Hubris","Infinite Spire","Jorbs\u0027s Wanderer Trilogy","Marked Mod","Melee Mod","Minty Spire (QoL Compilation)","Permanent Neow","Potionbrewer","Random Character Button","Rare Cards Sparkle","Reliquary","Replay The Spire","Shade Mod","Somnambulant","Spikes Relics","Spire Arcade","StSLib","Stuff the Spire","The Accelerator","The Blue Laboratory","The Caster","The Construct","The Cursed","The Disciple","The Florist","The Forsaken","The Hayseed","The Hierophant","The Judge","The Juggle","The Jungle","The Marked","The Necromancer","The Showman","The Wild Card","Thieving Mod","everything is the same but u backflip on backflip"],"gold_per_floor":[116,126,141,154,79,79,79,79,104,204,204,224,240,256,256,354,354,365,385,213,225,240,240,133,133,156,172,172,172,184,195,195,293,293,311,328,328,328,328],"floor_reached":38,"language":"ENG","playtime":8659,"items_purged":["theMarked:Strike","theMarked:Strike"],"score":397,"play_id":"7f74eb07-92de-49ff-9d92-829d7e739329","local_time":"20210208190915","is_ascension_mode":false,"campfire_choices":[{"data":"theMarked:Challenge","floor":6,"key":"SMITH"},{"data":"theMarked:SoldierOfQuellstein","floor":8,"key":"SMITH"},{"data":"theMarked:Frustration","floor":11,"key":"SMITH"},{"data":"theMarked:ContemptForTheProud","floor":15,"key":"SMITH"},{"floor":23,"key":"REST"},{"data":"theMarked:ComboAttacks","floor":25,"key":"SMITH"},{"floor":32,"key":"REST"}],"circlet_count":0,"master_deck":["theMarked:Defend+1","theMarked:Defend","theMarked:Defend","theMarked:Defend","theMarked:SoldierOfQuellstein+1","theMarked:Frustration+1","theMarked:Challenge+1","theMarked:BanishingStrike","theMarked:Frustration","theMarked:Maelstrom","theMarked:ContemptForTheProud+1","theMarked:BanishingStrike","theMarked:Abjuration","theMarked:MysticalArsenal","theMarked:ComboAttacks+1","theMarked:BanishingStrike+1","theMarked:BanishingStrike+1","theMarked:Seal","theMarked:Defy","theMarked:Memento+1"],"relics":["theMarked:ArtifactOfAir","Black Star","reliquary:RosewoodLute","theForsaken:Gavel","Runic Pyramid"],"acts_visited":["Exordium","TheCity","TheBeyond"],"potions_floor_usage":[12,21,21,27,33,33],"damage_taken":[{"damage":1,"enemies":"Cultist","floor":1,"turns":4},{"damage":0,"enemies":"2 Louse","floor":2,"turns":2},{"damage":0,"enemies":"Small Slimes","floor":3,"turns":4},{"damage":5,"enemies":"Exordium Thugs","floor":4,"turns":5},{"damage":0,"enemies":"Looter","floor":12,"turns":2},{"damage":0,"enemies":"2 Fungi Beasts","floor":13,"turns":3},{"damage":1,"enemies":"3 Louse","floor":14,"turns":2},{"damage":3,"enemies":"Slime Boss","floor":16,"turns":6},{"damage":2,"enemies":"Chosen","floor":18,"turns":3},{"damage":13,"enemies":"2 Thieves","floor":19,"turns":3},{"damage":10,"enemies":"Chosen and Byrds","floor":21,"turns":6},{"damage":0,"enemies":"Snake Plant","floor":22,"turns":3},{"damage":15,"enemies":"Snecko","floor":27,"turns":4},{"damage":5,"enemies":"3 Cultists","floor":30,"turns":4},{"damage":9,"enemies":"Cultist and Chosen","floor":31,"turns":5},{"damage":11,"enemies":"Automaton","floor":33,"turns":6},{"damage":27,"enemies":"3 Darklings","floor":35,"turns":5},{"damage":23,"enemies":"Orb Walker","floor":36,"turns":3},{"damage":0,"enemies":"4 Shapes","floor":38,"turns":1}],"seed_played":"-1678078634686850903","potions_obtained":[{"floor":1,"key":"SkillPotion"},{"floor":2,"key":"blueLaboratory:AbyssPotion"},{"floor":3,"key":"PowerPotion"},{"floor":12,"key":"potionbrewer:BlacksmithPotion"},{"floor":14,"key":"potionbrewer:ToxicPotion"},{"floor":21,"key":"LiquidMemories"},{"floor":22,"key":"Venom Potion"},{"floor":27,"key":"theMarked:SummonPotion"},{"floor":31,"key":"Adrenaline Potion"},{"floor":36,"key":"SteroidPotion"}],"is_trial":false,"path_per_floor":["M","M","M","M","$","R","?","R","T","?","R","M","M","M","R","B",null,"M","M","$","M","M","R","$","R","T","M","T","$","M","M","R","B",null,"M","M","$","M"],"character_chosen":"THE_DEFAULT","items_purchased":["theMarked:MysticalArsenal","theMarked:ComboAttacks","theMarked:BanishingStrike+1"],"campfire_rested":2,"item_purchase_floors":[20,24,24],"current_hp_per_floor":[62,62,62,57,57,57,50,50,50,50,50,50,50,49,49,46,63,61,48,48,38,38,56,56,56,56,41,41,41,36,27,45,34,63,36,13,13,13,13],"gold":328,"neow_bonus":"REMOVE_TWO","is_daily":false,"chose_seed":false,"campfire_upgraded":5,"win_rate":0.0,"timestamp":1612829355,"path_taken":["M","M","M","M","$","R","?","R","T","?","R","M","M","M","R","BOSS","M","M","$","M","M","R","?","R","T","M","?","$","M","M","R","BOSS","M","M","$","M"],"items_purchased_type":["Card","Card","Card"],"build_version":"2020-12-22","purchased_purges":2,"victory":false,"max_hp_per_floor":[63,63,63,63,63,63,63,63,63,63,63,63,63,63,63,63,63,63,63,63,63,63,63,63,63,63,63,63,63,63,63,63,63,63,63,63,63,63,63],"card_choices":[{"not_picked":["theMarked:Improvise","theMarked:EmpowerWeapon"],"picked":"theMarked:Frustration","floor":1},{"not_picked":["theMarked:Frustration","theMarked:RepellingDischarge"],"picked":"theMarked:Challenge","floor":2},{"not_picked":["theMarked:Memento","theMarked:EmpowerWeapon"],"picked":"theMarked:BanishingStrike","floor":3},{"not_picked":["theMarked:Panic","theMarked:PowerFlow"],"picked":"theMarked:Frustration","floor":4},{"not_picked":["theMarked:Parkour","theMarked:KeepCalmAndFight"],"picked":"theMarked:Maelstrom","floor":12},{"not_picked":["theMarked:ResourceFulStrike","theMarked:BanishingStrike"],"picked":"theMarked:ContemptForTheProud","floor":13},{"not_picked":["theMarked:Heritage","theMarked:OneWithTheBlade"],"picked":"theMarked:BanishingStrike","floor":14},{"not_picked":["theMarked:UnarmedFury","theMarked:SuspiciousRaven"],"picked":"theMarked:Abjuration","floor":16},{"not_picked":["theMarked:Improvise+1","theMarked:WastefulAttack","theMarked:ResourceFulStrike"],"picked":"SKIP","floor":18},{"not_picked":["theMarked:StartUp","theMarked:Parkour","theMarked:EmpowerWeapon+1"],"picked":"SKIP","floor":19},{"not_picked":["theMarked:ElectricStrings","theMarked:HeightenedSenses","theMarked:Improvise"],"picked":"SKIP","floor":21},{"not_picked":["theMarked:ParalyzingBlade","theMarked:WastefulAttack+1","theMarked:Aftermath"],"picked":"SKIP","floor":22},{"not_picked":["theMarked:TakeCover+1","theMarked:SelfDefenseTraining+1"],"picked":"theMarked:BanishingStrike+1","floor":27},{"not_picked":["theMarked:Improvise","theMarked:TakeCover","theMarked:ParalyzingBlade"],"picked":"SKIP","floor":30},{"not_picked":["theMarked:WastefulAttack","theMarked:Frustration+1"],"picked":"theMarked:Seal","floor":31},{"not_picked":["theMarked:UnarmedFury","theMarked:DispelDoubt"],"picked":"theMarked:Defy","floor":33},{"not_picked":["theMarked:ChainLightning","theMarked:Pokerface+1","theMarked:EnhanceMovement+1"],"picked":"SKIP","floor":35},{"not_picked":["theMarked:MuscleMemory+1","theMarked:Improvise"],"picked":"theMarked:Memento+1","floor":36}],"player_experience":245815,"relics_obtained":[{"floor":26,"key":"reliquary:RosewoodLute"},{"floor":28,"key":"theForsaken:Gavel"}],"event_choices":[{"cards_removed":["theMarked:Strike"],"damage_healed":0,"gold_gain":0,"player_choice":"Card Removal","damage_taken":7,"max_hp_gain":0,"max_hp_loss":0,"event_name":"Golden Wing","floor":7,"gold_loss":0},{"damage_healed":0,"gold_gain":100,"player_choice":"Pray","damage_taken":0,"max_hp_gain":0,"max_hp_loss":0,"event_name":"Golden Shrine","floor":10,"gold_loss":0}],"is_beta":false,"boss_relics":[{"not_picked":["hubris:RunicObelisk","Coffee Dripper"],"picked":"Black Star"},{"not_picked":["Ring of Chaos","halation:PlatinumPhoenix"],"picked":"Runic Pyramid"}],"items_purged_floors":[5,20],"is_endless":false,"potions_floor_spawned":[1,2,3,12,14,19,21,22,27,31,36],"killed_by":"4 Shapes","ascension_level":0}}