{"host":"oehe2dxjvdgux73m","time":1612880763,"event":{"mods":["AchievementEnabler","BaseMod","Colored Map","Colored Powertips","DeckTracker","Keyboard Shortcuts","Minty Spire (QoL Compilation)","Permanent Neow","Quick Restart","StSLib","SuperFastMode"],"gold_per_floor":[119,131,145,162,174,174,205,205,205,221,221,76,76,1,1,98,98,111,131,131,148,48,48,76,76,100,100,113,129,129,129],"floor_reached":30,"language":"KOR","playtime":868,"items_purged":["Strike_P","Strike_P"],"score":277,"play_id":"ee7fc752-f886-45be-a0c0-2e720d7d64ca","local_time":"20210209232603","is_ascension_mode":true,"campfire_choices":[{"data":"Eruption","floor":6.0,"key":"SMITH"},{"data":"CrushJoints","floor":8.0,"key":"SMITH"},{"data":"SandsOfTime","floor":13.0,"key":"SMITH"},{"data":"Adaptation","floor":15.0,"key":"SMITH"},{"data":"ClearTheMind","floor":23.0,"key":"SMITH"},{"floor":25.0,"key":"REST"},{"data":"Devotion","floor":27.0,"key":"SMITH"}],"circlet_count":0,"master_deck":["Strike_P","Strike_P","Defend_P","Defend_P","Defend_P","Eruption+1","Vigilance","CrushJoints+1","ClearTheMind+1","Devotion+1","BowlingBash","SandsOfTime+1","Adaptation+1","Crescendo","SashWhip+1"],"relics":["HolyWater","FossilizedHelix","HornCleat","Matryoshka","Toxic Egg 2","Ancient Tea Set"],"acts_visited":["Exordium","TheCity"],"potions_floor_usage":[],"damage_taken":[{"damage":0.0,"enemies":"2 Louse","floor":1.0,"turns":2.0},{"damage":0.0,"enemies":"Cultist","floor":2.0,"turns":2.0},{"damage":6.0,"enemies":"Jaw Worm","floor":3.0,"turns":3.0},{"damage":8.0,"enemies":"Large Slime","floor":4.0,"turns":5.0},{"damage":2.0,"enemies":"2 Fungi Beasts","floor":5.0,"turns":4.0},{"damage":23.0,"enemies":"Lagavulin","floor":7.0,"turns":5.0},{"damage":0.0,"enemies":"3 Louse","floor":10.0,"turns":2.0},{"damage":16.0,"enemies":"The Guardian","floor":16.0,"turns":7.0},{"damage":0.0,"enemies":"Shell Parasite","floor":18.0,"turns":5.0},{"damage":3.0,"enemies":"2 Thieves","floor":19.0,"turns":3.0},{"damage":31.0,"enemies":"Cultist and Chosen","floor":21.0,"turns":6.0},{"damage":18.0,"enemies":"Gremlin Leader","floor":24.0,"turns":5.0},{"damage":0.0,"enemies":"Centurion and Healer","floor":28.0,"turns":4.0},{"damage":13.0,"enemies":"3 Cultists","floor":29.0,"turns":5.0},{"damage":0,"enemies":"Slavers","floor":30,"turns":1}],"seed_played":"1982142574361388298","potions_obtained":[{"floor":2.0,"key":"Ancient Potion"},{"floor":7.0,"key":"LiquidBronze"},{"floor":10.0,"key":"Block Potion"},{"floor":19.0,"key":"Weak Potion"}],"is_trial":false,"path_per_floor":["M","M","M","M","M","R","E","R","T","M","?","$","R","$","R","B",null,"M","M","?","M","$","R","E","R","T","R","M","M","E"],"character_chosen":"WATCHER","items_purchased":["SandsOfTime","Adaptation"],"campfire_rested":1,"item_purchase_floors":[12,14],"current_hp_per_floor":[72,72,66,58,56,56,33,33,33,33,33,33,33,33,33,17,72,72,69,69,38,38,38,20,41,41,41,41,28,28,28],"gold":129,"neow_bonus":"REMOVE_CARD","is_daily":false,"chose_seed":false,"campfire_upgraded":6,"win_rate":0.0,"timestamp":1612880763,"path_taken":["M","M","M","M","M","R","E","R","T","M","?","$","R","?","R","BOSS","M","M","?","M","$","R","E","R","T","R","?","M","E"],"items_purchased_type":["Card","Card"],"build_version":"2020-12-22","purchased_purges":2,"victory":false,"max_hp_per_floor":[72,72,72,72,72,72,72,72,72,72,72,72,72,72,72,72,72,72,72,72,72,72,72,72,72,72,72,72,72,72,72],"card_choices":[{"not_picked":["FlyingSleeves","ClearTheMind","Evaluate"],"picked":"SKIP","floor":1.0},{"not_picked":["SignatureMove","Swivel"],"picked":"CrushJoints","floor":2.0},{"not_picked":["CutThroughFate","Protect","JustLucky"],"picked":"SKIP","floor":3.0},{"not_picked":["CutThroughFate","ReachHeaven","ClearTheMind"],"picked":"SKIP","floor":4.0},{"not_picked":["JustLucky","PathToVictory"],"picked":"ClearTheMind","floor":5.0},{"not_picked":["Weave","Brilliance","FollowUp"],"picked":"SKIP","floor":7.0},{"not_picked":["JustLucky","CrushJoints","Conclude"],"picked":"SKIP","floor":10.0},{"not_picked":["ReachHeaven","WindmillStrike+1","BowlingBash+1"],"picked":"SKIP","floor":18.0},{"not_picked":["Swivel","FlyingSleeves"],"picked":"Crescendo","floor":19.0},{"not_picked":["Pray","WaveOfTheHand","Evaluate"],"picked":"SKIP","floor":21.0},{"not_picked":["Evaluate","BowlingBash","WaveOfTheHand"],"picked":"SKIP","floor":24.0},{"not_picked":["Crescendo+1","CrushJoints"],"picked":"SashWhip+1","floor":28.0},{"not_picked":["ThirdEye+1","LessonLearned","EmptyBody+1"],"picked":"SKIP","floor":29.0}],"player_experience":437107,"relics_obtained":[{"floor":7.0,"key":"FossilizedHelix"},{"floor":9.0,"key":"HornCleat"},{"floor":24.0,"key":"Matryoshka"},{"floor":26.0,"key":"Toxic Egg 2"},{"floor":26.0,"key":"Ancient Tea Set"}],"event_choices":[{"damage_healed":0.0,"max_hp_gain":0.0,"max_hp_loss":0.0,"gold_gain":0.0,"event_name":"Match and Keep!","player_choice":"2 cards matched","floor":11.0,"gold_loss":0.0,"damage_taken":0.0,"cards_obtained":["Devotion","BowlingBash"]},{"damage_healed":0.0,"max_hp_gain":0.0,"max_hp_loss":0.0,"gold_gain":0.0,"event_name":"N\u0027loth","player_choice":"Ignored","floor":20.0,"gold_loss":0.0,"damage_taken":0.0}],"is_beta":false,"boss_relics":[{"not_picked":["Tiny House","Black Star"],"picked":"HolyWater"}],"items_purged_floors":[12,22],"is_endless":false,"potions_floor_spawned":[2,7,10,16,19,21,24],"killed_by":"Slavers","ascension_level":2}}