{"host":"p9t7qd83igtcp2bh","time":1612889119,"event":{"mods":["2.2 Compatiblity","AchievementEnabler","BaseMod","Colored Map","Colored Powertips","Custom Start","DeckTracker","Keyboard Shortcuts","Minty Spire (QoL Compilation)","Permanent Neow","StSLib","SuperFastMode","everything is the same but u backflip on backflip"],"gold_per_floor":[110,130,17,17,30,65,65,77,149,149,149,163,195,205,205,279,279,292,308,198,2,13,13,13],"floor_reached":23,"language":"KOR","playtime":1104,"items_purged":[],"score":406,"play_id":"fef596a7-3ac4-42b6-b6e9-5f69b40d166a","local_time":"20210210014519","is_ascension_mode":true,"campfire_choices":[{"floor":7,"key":"REST"},{"floor":11,"key":"REST"},{"data":"Consume","floor":15,"key":"SMITH"}],"circlet_count":0,"master_deck":["AscendersBane","Strike_B","Strike_B","Strike_B","Defend_B","Defend_B","Defend_B","Zap","Dualcast","BootSequence","Hello World","Sweeping Beam","Hologram","Genetic Algorithm","Beam Cell+1","Consume+1","Hologram","Capacitor","Turbo","Core Surge","Rebound","Go for the Eyes","Self Repair","Melter","Stack"],"relics":["Cracked Core","Ancient Tea Set","WingedGreaves","Bottled Tornado","Art of War","Velvet Choker"],"acts_visited":["Exordium","TheCity"],"potions_floor_usage":[12,18,23],"damage_taken":[{"damage":0.0,"enemies":"2 Louse","floor":1.0,"turns":2.0},{"damage":2.0,"enemies":"Small Slimes","floor":2.0,"turns":4.0},{"damage":2.0,"enemies":"Cultist","floor":5.0,"turns":4.0},{"damage":39.0,"enemies":"Gremlin Nob","floor":6.0,"turns":4.0},{"damage":3,"enemies":"3 Louse","floor":8,"turns":2},{"damage":0,"enemies":"Gremlin Gang","floor":12,"turns":3},{"damage":15,"enemies":"Lagavulin","floor":13,"turns":8},{"damage":0,"enemies":"Blue Slaver","floor":14,"turns":3},{"damage":17,"enemies":"The Guardian","floor":16,"turns":14},{"damage":20,"enemies":"Shell Parasite","floor":18,"turns":5},{"damage":32,"enemies":"3 Byrds","floor":19,"turns":5},{"damage":0,"enemies":"Centurion and Healer","floor":22,"turns":8},{"damage":15,"enemies":"Gremlin Leader","floor":23,"turns":1}],"seed_played":"-3837091919603141891","potions_obtained":[{"floor":1.0,"key":"AttackPotion"},{"floor":6,"key":"Dexterity Potion"},{"floor":8,"key":"Fire Potion"},{"floor":13,"key":"Swift Potion"}],"is_trial":false,"path_per_floor":["M","M","$","?","M","E","R","M","T","?","R","M","E","M","R","B",null,"M","M","?","$","M","E"],"character_chosen":"DEFECT","items_purchased":["Sweeping Beam","Hologram","Self Repair","LiquidMemories","Melter"],"campfire_rested":2,"item_purchase_floors":[3,3,21,21,21],"current_hp_per_floor":[64,62,62,55,53,14,35,32,32,32,53,53,38,38,38,21,59,39,7,7,7,14,0,0],"gold":13,"neow_bonus":"RANDOM_COMMON_RELIC","is_daily":false,"chose_seed":false,"campfire_upgraded":1,"win_rate":0.0,"timestamp":1612889119,"path_taken":["M","M","$","?","M","E","R","M","T","?","R","M","E","M","R","BOSS","M","M","?","$","?","E"],"items_purchased_type":["Card","Card","Card","Potion","Card"],"build_version":"2020-12-22","purchased_purges":0,"victory":false,"max_hp_per_floor":[71,71,71,71,71,71,71,71,71,71,71,71,71,71,71,71,71,71,71,71,71,71,71,71],"card_choices":[{"not_picked":["Fusion","Coolheaded"],"picked":"BootSequence","floor":1.0},{"not_picked":["Go for the Eyes","Skim"],"picked":"Hello World","floor":2.0},{"not_picked":["BootSequence","Ball Lightning"],"picked":"Genetic Algorithm","floor":5.0},{"not_picked":["Compile Driver","Biased Cognition"],"picked":"Beam Cell","floor":6},{"not_picked":["Coolheaded","Barrage"],"picked":"Consume","floor":8},{"not_picked":["Fusion","Coolheaded"],"picked":"Hologram","floor":12},{"not_picked":["Static Discharge","Loop"],"picked":"Capacitor","floor":13},{"not_picked":["Double Energy","Barrage"],"picked":"Turbo","floor":14},{"not_picked":["Electrodynamics","Fission"],"picked":"Core Surge","floor":16},{"not_picked":["Turbo","Scrape+1"],"picked":"Rebound","floor":18},{"not_picked":["Ball Lightning","Rebound"],"picked":"Go for the Eyes","floor":19},{"not_picked":["Turbo","Streamline"],"picked":"Stack","floor":22}],"player_experience":717643,"relics_obtained":[{"floor":6,"key":"WingedGreaves"},{"floor":9,"key":"Bottled Tornado"},{"floor":13,"key":"Art of War"}],"event_choices":[{"cards_removed":["Defend_B"],"damage_healed":0.0,"max_hp_gain":0.0,"max_hp_loss":0.0,"gold_gain":0.0,"event_name":"Golden Wing","player_choice":"Card Removal","floor":4.0,"gold_loss":0.0,"damage_taken":7.0},{"damage_healed":0,"gold_gain":0,"player_choice":"Ignored","damage_taken":0,"max_hp_gain":0,"max_hp_loss":0,"event_name":"Shining Light","floor":10,"gold_loss":0},{"cards_removed":["Strike_B"],"damage_healed":0,"gold_gain":0,"player_choice":"Upgrade and Remove","damage_taken":0,"max_hp_gain":0,"max_hp_loss":0,"event_name":"Designer","floor":20,"gold_loss":110,"cards_upgraded":["Beam Cell"]}],"is_beta":false,"boss_relics":[{"not_picked":["Black Star","Runic Pyramid"],"picked":"Velvet Choker"}],"items_purged_floors":[],"is_endless":false,"potions_floor_spawned":[1,6,8,13,22],"killed_by":"Gremlin Leader","ascension_level":20}}