{"host":"wf1r1zhguvoo22rf","time":1612897765,"event":{"mods":["BaseMod","Colored Powertips","Minty Spire (QoL Compilation)","StSLib"],"gold_per_floor":[113,124,124,142,8,8,8,8,63,91,91,41,61,94,94,193,193,208,208,118,21,39,39,55,3,3,29,29,40,40,40,40,136,136,156,156,175,185,1184,1184,487,520,520,520,520],"floor_reached":44,"language":"ENG","playtime":2898,"items_purged":["Normality"],"score":613,"play_id":"4f7a4780-e928-4612-a714-e1c573ffeb4c","local_time":"20210209210925","is_ascension_mode":true,"campfire_choices":[{"floor":6,"key":"REST"},{"data":"Infinite Blades","floor":8,"key":"SMITH"},{"data":"Caltrops","floor":11,"key":"SMITH"},{"floor":15,"key":"REST"},{"floor":23,"key":"REST"},{"floor":28,"key":"REST"},{"floor":32,"key":"REST"},{"floor":40,"key":"REST"}],"circlet_count":0,"master_deck":["Survivor","Neutralize","Caltrops+1","Distraction","Dodge and Roll","Infinite Blades+1","PiercingWail","Distraction+1","Corpse Explosion","Corpse Explosion","CurseOfTheBell","Deflect","Outmaneuver","Setup+1","Backstab","Bouncing Flask","Writhe","Venomology","Terror","Bouncing Flask","Malaise","Envenom","Predator","Dash","Setup","Flechettes","Wraith Form v2","Dagger Spray","Setup+1","Madness","Madness","Dagger Spray","PiercingWail+1","Normality","Deadly Poison","Bane","Slice","After Image"],"relics":["SacredBark","Ninja Scroll","Oddly Smooth Stone","Happy Flower","Nunchaku","Calling Bell","Regal Pillow","Ornamental Fan","StoneCalendar","Pear","Orichalcum","Lantern","Pandora\u0027s Box","Shuriken","Kunai","Gremlin Horn","InkBottle"],"acts_visited":["Exordium","TheCity","TheBeyond"],"potions_floor_usage":[10,10,14,14,22,27,27,27,35,37,38,42,42,42,44],"damage_taken":[{"damage":0,"enemies":"Cultist","floor":1,"turns":4},{"damage":9,"enemies":"Jaw Worm","floor":2,"turns":4},{"damage":10,"enemies":"Small Slimes","floor":4,"turns":3},{"damage":4,"enemies":"3 Sentries","floor":10,"turns":2},{"damage":22,"enemies":"Exordium Wildlife","floor":13,"turns":5},{"damage":0,"enemies":"Gremlin Nob","floor":14,"turns":2},{"damage":75,"enemies":"Slime Boss","floor":16,"turns":13},{"damage":29,"enemies":"Chosen","floor":18,"turns":7},{"damage":27,"enemies":"2 Thieves","floor":22,"turns":3},{"damage":15,"enemies":"Snake Plant","floor":24,"turns":7},{"damage":0,"enemies":"Slavers","floor":27,"turns":1},{"damage":27,"enemies":"Cultist and Chosen","floor":29,"turns":7},{"damage":65,"enemies":"Automaton","floor":33,"turns":11},{"damage":5,"enemies":"3 Darklings","floor":35,"turns":2},{"damage":41,"enemies":"Orb Walker","floor":37,"turns":4},{"damage":7,"enemies":"4 Shapes","floor":38,"turns":3},{"damage":24,"enemies":"Nemesis","floor":42,"turns":7},{"damage":38,"enemies":"Reptomancer","floor":44,"turns":3}],"seed_played":"2657323216822438906","potions_obtained":[{"floor":1,"key":"Explosive Potion"},{"floor":2,"key":"Strength Potion"},{"floor":13,"key":"PowerPotion"},{"floor":24,"key":"CunningPotion"},{"floor":33,"key":"BlessingOfTheForge"},{"floor":35,"key":"Block Potion"},{"floor":38,"key":"Fire Potion"}],"is_trial":false,"path_per_floor":["M","M","?","M","$","R","?","R","T","E","R","$","M","E","R","B",null,"M","?","?","$","M","R","M","$","T","E","R","M","?","?","R","B",null,"M","?","M","M","?","R","$","E","T","E"],"character_chosen":"THE_SILENT","items_purchased":["FairyPotion","Infinite Blades","Fire Potion","BlessingOfTheForge","Explosive Potion","SteroidPotion","Shuriken","Kunai","Deadly Poison","Bane","Slice"],"campfire_rested":6,"item_purchase_floors":[5,5,12,21,21,25,41,41,41,41,41],"current_hp_per_floor":[70,61,54,44,44,65,70,70,70,66,66,66,44,44,65,42,70,41,41,41,41,14,49,34,34,44,44,77,50,36,36,75,10,82,77,67,26,19,19,58,58,34,34,0,0],"gold":520,"neow_bonus":"BOSS_RELIC","is_daily":false,"chose_seed":false,"campfire_upgraded":2,"win_rate":0.0,"timestamp":1612897765,"path_taken":["M","?","?","M","$","R","?","R","T","E","R","?","M","E","R","BOSS","M","?","?","$","M","R","?","$","T","E","R","M","?","?","R","BOSS","M","?","M","M","?","R","$","E","T","E"],"items_purchased_type":["Potion","Card","Potion","Potion","Potion","Potion","Relic","Relic","Card","Card","Card"],"build_version":"2020-12-22","purchased_purges":1,"victory":false,"max_hp_per_floor":[70,70,70,70,70,70,70,70,70,70,70,70,70,70,70,70,70,70,70,67,67,67,67,67,67,77,77,77,77,82,82,82,82,82,82,82,82,82,82,82,82,82,82,82,82],"card_choices":[{"not_picked":["Calculated Gamble","Leg Sweep"],"picked":"Caltrops","floor":1},{"not_picked":["Blur","Dodge and Roll"],"picked":"Distraction","floor":2},{"not_picked":["Dagger Throw","Eviscerate"],"picked":"Dodge and Roll","floor":4},{"not_picked":["Quick Slash","Malaise"],"picked":"PiercingWail","floor":10},{"not_picked":["PiercingWail","Dodge and Roll"],"picked":"Distraction","floor":13},{"not_picked":["Deflect","Outmaneuver"],"picked":"Corpse Explosion","floor":14},{"not_picked":["Grand Finale","Unload"],"picked":"Corpse Explosion","floor":16},{"not_picked":["Masterful Stab+1","Concentrate"],"picked":"Deflect","floor":18},{"not_picked":["Blur+1","Dagger Throw+1"],"picked":"Outmaneuver","floor":22},{"not_picked":["Acrobatics+1","Endless Agony"],"picked":"Setup+1","floor":24},{"not_picked":["Backflip","Prepared"],"picked":"Backstab","floor":27},{"not_picked":["Predator","Riddle With Holes"],"picked":"Bouncing Flask","floor":29},{"not_picked":["Die Die Die","Grand Finale"],"picked":"Venomology","floor":33},{"not_picked":["Skewer+1","Blur"],"picked":"Setup+1","floor":35},{"not_picked":["Backflip+1","Blade Dance"],"picked":"Dagger Spray","floor":37},{"not_picked":["Sucker Punch","Quick Slash"],"picked":"PiercingWail+1","floor":38},{"not_picked":["Adrenaline","Outmaneuver+1"],"picked":"After Image","floor":42}],"player_experience":233454,"relics_obtained":[{"floor":9,"key":"Oddly Smooth Stone"},{"floor":10,"key":"Happy Flower"},{"floor":14,"key":"Nunchaku"},{"floor":17,"key":"Regal Pillow"},{"floor":17,"key":"Ornamental Fan"},{"floor":17,"key":"StoneCalendar"},{"floor":26,"key":"Pear"},{"floor":27,"key":"Orichalcum"},{"floor":42,"key":"Gremlin Horn"},{"floor":43,"key":"InkBottle"}],"event_choices":[{"damage_healed":0,"gold_gain":0,"player_choice":"Success","damage_taken":7,"relics_obtained":["Ninja Scroll"],"max_hp_gain":0,"max_hp_loss":0,"event_name":"Scrap Ooze","floor":3,"gold_loss":0},{"damage_healed":17,"gold_gain":0,"player_choice":"Healed and dodged fight","damage_taken":0,"max_hp_gain":0,"max_hp_loss":0,"event_name":"Mushrooms","floor":7,"gold_loss":0,"cards_obtained":["Parasite"]},{"damage_healed":0,"gold_gain":0,"player_choice":"Ignored","damage_taken":0,"max_hp_gain":0,"max_hp_loss":0,"event_name":"Ghosts","floor":19,"gold_loss":0},{"cards_removed":["Parasite"],"damage_healed":0,"gold_gain":0,"player_choice":"Upgrade and Remove","damage_taken":0,"max_hp_gain":0,"max_hp_loss":0,"event_name":"Designer","floor":20,"gold_loss":90,"cards_upgraded":["Distraction"]},{"damage_healed":0,"gold_gain":0,"player_choice":"Shed Blood","damage_taken":19,"max_hp_gain":5,"max_hp_loss":0,"event_name":"Forgotten Altar","floor":30,"gold_loss":0},{"damage_healed":0,"gold_gain":0,"player_choice":"Opened","damage_taken":0,"relics_obtained":["Lantern"],"max_hp_gain":0,"max_hp_loss":0,"event_name":"The Mausoleum","floor":31,"gold_loss":0,"cards_obtained":["Writhe"]},{"damage_healed":0,"gold_gain":0,"player_choice":"Embrace Madness","damage_taken":10,"max_hp_gain":0,"max_hp_loss":0,"event_name":"Winding Halls","floor":36,"gold_loss":0,"cards_obtained":["Madness","Madness"]},{"damage_healed":0,"gold_gain":999,"player_choice":"Gold","damage_taken":0,"max_hp_gain":0,"max_hp_loss":0,"event_name":"MindBloom","floor":39,"gold_loss":0,"cards_obtained":["Normality","Normality"]}],"is_beta":false,"boss_relics":[{"not_picked":["Ectoplasm","Cursed Key"],"picked":"Calling Bell"},{"not_picked":["Astrolabe","Snecko Eye"],"picked":"Pandora\u0027s Box"}],"items_purged_floors":[41],"is_endless":false,"potions_floor_spawned":[1,2,13,24,33,35,38],"killed_by":"Reptomancer","ascension_level":2}}