{"host":"lklj3eidp7g5an38","time":1612902410,"event":{"mods":["AchievementEnabler","BaseMod","Colored Map","Colored Powertips","Curses Come First","DeckTracker","Highlight Path","Minty Spire (QoL Compilation)","Relic Stats","StSLib"],"gold_per_floor":[110,110,110,124,142,178,191,191,191,214,228,262,187,187,187,277,277,290,309,322,21,21,21,56,56,56,56,56,75,75,75,75],"floor_reached":31,"language":"ENG","playtime":2214,"items_purged":["Strike_G"],"score":537,"play_id":"108b257d-c602-4963-b7df-2fc361f1831a","local_time":"20210209202650","is_ascension_mode":true,"campfire_choices":[{"floor":8.0,"key":"REST"},{"data":"Noxious Fumes","floor":15.0,"key":"SMITH"},{"floor":23,"key":"REST"},{"data":"Calculated Gamble","floor":25,"key":"SMITH"},{"floor":27,"key":"REST"}],"circlet_count":0,"master_deck":["AscendersBane","Strike_G","Defend_G","Defend_G","Defend_G+1","Defend_G+1","Survivor","Neutralize","Poisoned Stab","Dagger Spray","Cloak And Dagger","Catalyst","Calculated Gamble+1","Dagger Throw","Noxious Fumes+1","Malaise","Skewer+1","Endless Agony+1","Tools of the Trade+1","Prepared","Catalyst","Prepared","Night Terror","Shame","Well Laid Plans"],"relics":["Ring of the Snake","NeowsBlessing","Golden Idol","Vajra","Orichalcum","Ninja Scroll","FaceOfCleric","Astrolabe","Bag of Preparation","Letter Opener","Paper Crane","WingedGreaves"],"acts_visited":["Exordium","TheCity"],"potions_floor_usage":[24,24],"damage_taken":[{"damage":0.0,"enemies":"Small Slimes","floor":1.0,"turns":1.0},{"damage":0.0,"enemies":"Jaw Worm","floor":4.0,"turns":1.0},{"damage":0.0,"enemies":"Cultist","floor":5.0,"turns":1.0},{"damage":11.0,"enemies":"3 Sentries","floor":6.0,"turns":9.0},{"damage":0.0,"enemies":"Lots of Slimes","floor":7.0,"turns":3.0},{"damage":7.0,"enemies":"Blue Slaver","floor":10.0,"turns":3.0},{"damage":5.0,"enemies":"3 Louse","floor":11.0,"turns":2.0},{"damage":0.0,"enemies":"Gremlin Nob","floor":12.0,"turns":2.0},{"damage":7.0,"enemies":"Slime Boss","floor":16.0,"turns":8.0},{"damage":11.0,"enemies":"Spheric Guardian","floor":18.0,"turns":5.0},{"damage":5.0,"enemies":"2 Thieves","floor":19.0,"turns":4.0},{"damage":22.0,"enemies":"Cultist and Chosen","floor":20.0,"turns":8.0},{"damage":28,"enemies":"Gremlin Leader","floor":24,"turns":7},{"damage":7,"enemies":"Centurion and Healer","floor":29,"turns":5},{"damage":29,"enemies":"3 Cultists","floor":31,"turns":4}],"seed_played":"-3930614960547832437","potions_obtained":[{"floor":4.0,"key":"Dexterity Potion"},{"floor":6.0,"key":"AttackPotion"},{"floor":7.0,"key":"SteroidPotion"},{"floor":12.0,"key":"DuplicationPotion"},{"floor":16.0,"key":"Explosive Potion"},{"floor":20.0,"key":"SneckoOil"}],"is_trial":false,"path_per_floor":["M","?","?","M","M","E","M","R","T","M","M","E","?","?","R","B",null,"M","M","M","$","?","R","E","R","T","R","?","M","$","M"],"character_chosen":"THE_SILENT","items_purchased":["Bag of Preparation","SpeedPotion"],"campfire_rested":3,"item_purchase_floors":[21,21],"current_hp_per_floor":[59,39,39,39,39,28,28,46,46,39,34,34,34,34,34,28,53,43,39,18,18,18,37,10,10,10,29,29,23,23,0,0],"gold":75,"neow_bonus":"THREE_ENEMY_KILL","is_daily":false,"chose_seed":false,"campfire_upgraded":2,"win_rate":0.0,"timestamp":1612902410,"path_taken":["M","?","?","?","M","E","M","R","T","M","M","E","?","?","R","BOSS","M","M","?","?","?","R","E","R","T","R","?","M","$","M"],"items_purchased_type":["Relic","Potion"],"build_version":"2020-12-22","purchased_purges":1,"victory":false,"max_hp_per_floor":[66,66,60,60,60,60,60,60,60,60,60,60,60,60,60,61,61,62,63,64,64,64,64,65,65,65,65,65,66,66,66,66],"relic_stats":{"FaceOfCleric":6,"counters":[15,63],"Golden Idol":71,"Astrolabe":["Skewer","Endless Agony","Tools of the Trade"],"Bag of Preparation":[0],"Letter Opener":[37],"Orichalcum":[138],"obtain_stats":[{"NeowsBlessing":0,"FaceOfCleric":14,"Golden Idol":3,"Ninja Scroll":12,"Astrolabe":17,"Vajra":6,"WingedGreaves":28,"Bag of Preparation":21,"Letter Opener":24,"Orichalcum":9,"Paper Crane":26,"Ring of the Snake":0},{"NeowsBlessing":0,"FaceOfCleric":8,"Golden Idol":1,"Ninja Scroll":8,"Astrolabe":9,"Vajra":4,"WingedGreaves":13,"Bag of Preparation":12,"Letter Opener":13,"Orichalcum":5,"Paper Crane":13,"Ring of the Snake":0},{"NeowsBlessing":0,"FaceOfCleric":22,"Golden Idol":1,"Ninja Scroll":22,"Astrolabe":30,"Vajra":12,"WingedGreaves":54,"Bag of Preparation":47,"Letter Opener":54,"Orichalcum":15,"Paper Crane":54,"Ring of the Snake":0}],"Ring of the Snake":[28]},"card_choices":[{"not_picked":["Slice","Prepared"],"picked":"Poisoned Stab","floor":1.0},{"not_picked":["Dash","Underhanded Strike"],"picked":"Dagger Spray","floor":4.0},{"not_picked":["Backflip","Caltrops"],"picked":"Cloak And Dagger","floor":5.0},{"not_picked":["Outmaneuver","Bullet Time"],"picked":"Catalyst","floor":6.0},{"not_picked":["Accuracy","Dodge and Roll"],"picked":"Calculated Gamble","floor":7.0},{"not_picked":["Calculated Gamble","Dodge and Roll","Dagger Spray"],"picked":"SKIP","floor":10.0},{"not_picked":["Cloak And Dagger","Reflex"],"picked":"Dagger Throw","floor":11.0},{"not_picked":["Dodge and Roll","Choke"],"picked":"Noxious Fumes","floor":12.0},{"not_picked":["Storm of Steel","Phantasmal Killer"],"picked":"Malaise","floor":16.0},{"not_picked":["Infinite Blades","Bane"],"picked":"Prepared","floor":18.0},{"not_picked":["Bane","Acrobatics"],"picked":"Catalyst","floor":19.0},{"not_picked":["Cloak And Dagger","Sucker Punch+1"],"picked":"Prepared","floor":20.0},{"not_picked":["Flechettes","Acrobatics"],"picked":"Night Terror","floor":24},{"not_picked":["Poisoned Stab","Accuracy"],"picked":"Well Laid Plans","floor":29}],"player_experience":943673,"relics_obtained":[{"floor":6.0,"key":"Vajra"},{"floor":9.0,"key":"Orichalcum"},{"floor":12.0,"key":"Ninja Scroll"},{"floor":24,"key":"Letter Opener"},{"floor":26,"key":"Paper Crane"}],"event_choices":[{"damage_healed":0.0,"max_hp_gain":0.0,"max_hp_loss":0.0,"gold_gain":0.0,"event_name":"Shining Light","player_choice":"Entered Light","floor":2.0,"gold_loss":0.0,"damage_taken":20.0,"cards_upgraded":["Defend_G","Defend_G"]},{"damage_healed":0.0,"max_hp_gain":0.0,"max_hp_loss":6.0,"gold_gain":0.0,"event_name":"Golden Idol","player_choice":"Lose Max HP","floor":3.0,"gold_loss":0.0,"damage_taken":0.0,"relics_obtained":["Golden Idol"]},{"cards_removed":["Strike_G"],"damage_healed":0.0,"max_hp_gain":0.0,"max_hp_loss":0.0,"gold_gain":0.0,"event_name":"The Cleric","player_choice":"Card Removal","floor":13.0,"gold_loss":75.0,"damage_taken":0.0},{"damage_healed":0.0,"max_hp_gain":0.0,"max_hp_loss":0.0,"gold_gain":0.0,"event_name":"FaceTrader","player_choice":"Trade","floor":14.0,"gold_loss":0.0,"damage_taken":0.0,"relics_obtained":["FaceOfCleric"]},{"damage_healed":0,"gold_gain":0,"player_choice":"Ignored","damage_taken":0,"max_hp_gain":0,"max_hp_loss":0,"event_name":"Cursed Tome","floor":22,"gold_loss":0},{"damage_healed":0,"gold_gain":0,"player_choice":"Stole Relic","damage_taken":0,"relics_obtained":["WingedGreaves"],"max_hp_gain":0,"max_hp_loss":0,"event_name":"Addict","floor":28,"gold_loss":0,"cards_obtained":["Shame"]}],"is_beta":false,"boss_relics":[{"not_picked":["SlaversCollar","Empty Cage"],"picked":"Astrolabe"}],"items_purged_floors":[21],"is_endless":false,"potions_floor_spawned":[4,6,7,12,16,20],"killed_by":"3 Cultists","ascension_level":17}}