{"host":"a1eatafr7pisesky","time":1612857450,"event":{"mods":["AchievementEnabler","BaseMod","Colored Map","Keyboard Shortcuts","Minty Spire (QoL Compilation)","Say the Spire","StSLib","SuperFastMode","everything is the same but u backflip on backflip"],"gold_per_floor":[310,310,330,480,185,185,211,211,237,22,40,40,57,74,74,148,148,160,210,110,110,127,127,127],"floor_reached":23,"language":"KOR","playtime":469,"items_purged":["Doubt","Strike_B"],"score":340,"play_id":"607500ac-a9b8-43ca-aa72-cc80a74bcb38","local_time":"20210209165730","is_ascension_mode":true,"campfire_choices":[{"data":"Double Energy","floor":6.0,"key":"SMITH"},{"data":"Capacitor","floor":12.0,"key":"SMITH"},{"data":"Consume","floor":15.0,"key":"SMITH"}],"circlet_count":0,"master_deck":["AscendersBane","Strike_B","Strike_B","Defend_B","Defend_B","Defend_B","Defend_B","Zap","Dualcast","Double Energy+1","Capacitor+1","All For One","Go for the Eyes","Thunder Strike","Self Repair+1","Cold Snap","Consume+1","Heatsinks+1","Coolheaded","Ball Lightning","Buffer+1","White Noise"],"relics":["Cracked Core","Old Coin","Frozen Egg 2","Ancient Tea Set","Nuclear Battery"],"acts_visited":["Exordium","TheCity"],"potions_floor_usage":[23,23],"damage_taken":[{"damage":9.0,"enemies":"Jaw Worm","floor":1.0,"turns":3.0},{"damage":8.0,"enemies":"2 Louse","floor":3.0,"turns":3.0},{"damage":15.0,"enemies":"Lagavulin","floor":7.0,"turns":6.0},{"damage":2.0,"enemies":"Cultist","floor":11.0,"turns":4.0},{"damage":4.0,"enemies":"2 Fungi Beasts","floor":13.0,"turns":4.0},{"damage":16.0,"enemies":"Looter","floor":14.0,"turns":4.0},{"damage":12.0,"enemies":"Hexaghost","floor":16.0,"turns":11.0},{"damage":8.0,"enemies":"Chosen","floor":18.0,"turns":6.0},{"damage":16.0,"enemies":"Spheric Guardian","floor":22.0,"turns":5.0},{"damage":55,"enemies":"Gremlin Leader","floor":23,"turns":7}],"seed_played":"-7799622333398178447","potions_obtained":[{"floor":1.0,"key":"AttackPotion"},{"floor":3.0,"key":"Strength Potion"},{"floor":8.0,"key":"Explosive Potion"},{"floor":11.0,"key":"Block Potion"},{"floor":16.0,"key":"SteroidPotion"}],"is_trial":false,"path_per_floor":["M","?","M","?","$","R","E","?","T","$","M","R","M","M","R","B",null,"M","?","$","?","M","E"],"character_chosen":"DEFECT","items_purchased":["All For One","Go for the Eyes","Self Repair+1","Cold Snap","Consume"],"campfire_rested":0,"item_purchase_floors":[5,5,10,10,10],"current_hp_per_floor":[55,60,52,52,52,52,37,37,37,37,45,45,51,45,45,43,68,70,70,70,70,54,0,0],"gold":127,"neow_bonus":"ONE_RARE_RELIC","is_daily":false,"chose_seed":false,"campfire_upgraded":3,"win_rate":0.0,"timestamp":1612857450,"path_taken":["M","?","M","?","$","R","E","?","T","$","?","R","M","M","R","BOSS","M","?","$","?","?","E"],"items_purchased_type":["Card","Card","Card","Card","Card"],"build_version":"2020-12-22","purchased_purges":2,"victory":false,"max_hp_per_floor":[71,76,76,76,76,76,76,76,76,76,76,76,76,76,76,76,76,76,76,76,76,76,76,76],"card_choices":[{"not_picked":["White Noise","Skim"],"picked":"Double Energy","floor":1.0},{"not_picked":["Hologram","Doom and Gloom"],"picked":"Capacitor","floor":3.0},{"not_picked":["Rebound","Steam"],"picked":"Thunder Strike","floor":7.0},{"not_picked":["Barrage","Hologram"],"picked":"Heatsinks+1","floor":11.0},{"not_picked":["Beam Cell","Conserve Battery"],"picked":"Coolheaded","floor":13.0},{"not_picked":["Leap","Cold Snap"],"picked":"Ball Lightning","floor":14.0},{"not_picked":["Thunder Strike","Meteor Strike"],"picked":"Buffer+1","floor":16.0},{"not_picked":["Go for the Eyes+1","Auto Shields"],"picked":"White Noise","floor":18.0},{"not_picked":["Reprogram","Genetic Algorithm","Conserve Battery"],"picked":"SKIP","floor":22.0}],"player_experience":428966,"relics_obtained":[{"floor":7.0,"key":"Frozen Egg 2"},{"floor":9.0,"key":"Ancient Tea Set"}],"event_choices":[{"damage_healed":0.0,"max_hp_gain":5.0,"max_hp_loss":0.0,"gold_gain":0.0,"event_name":"Big Fish","player_choice":"Donut","floor":2.0,"gold_loss":0.0,"damage_taken":0.0},{"damage_healed":0.0,"max_hp_gain":0.0,"max_hp_loss":0.0,"gold_gain":150.0,"event_name":"Liars Game","player_choice":"AGREE","floor":4.0,"gold_loss":0.0,"damage_taken":0.0,"cards_obtained":["Doubt"]},{"damage_healed":0.0,"max_hp_gain":0.0,"max_hp_loss":0.0,"gold_gain":0.0,"event_name":"Lab","player_choice":"Got Potions","floor":8.0,"gold_loss":0.0,"damage_taken":0.0},{"damage_healed":0.0,"max_hp_gain":0.0,"max_hp_loss":0.0,"gold_gain":50.0,"event_name":"Nest","player_choice":"Stole From Cult","floor":19.0,"gold_loss":0.0,"damage_taken":0.0},{"cards_removed":["Strike_B"],"damage_healed":0.0,"max_hp_gain":0.0,"max_hp_loss":0.0,"gold_gain":0.0,"event_name":"Bonfire Elementals","player_choice":"Offered Basic","floor":21.0,"gold_loss":0.0,"damage_taken":0.0}],"is_beta":false,"boss_relics":[{"not_picked":["SacredBark","Velvet Choker"],"picked":"Nuclear Battery"}],"items_purged_floors":[5,20],"is_endless":false,"potions_floor_spawned":[1,3,11,16,18],"killed_by":"Gremlin Leader","ascension_level":16}}