{"host":"4lch21uqe3ag08cj","time":1612834421,"event":{"mods":["AchievementEnabler","BaseMod","Block Reminder","Colored Map","Colored Powertips","Minty Spire (QoL Compilation)","Permanent Neow","Relic Stats"],"gold_per_floor":[112,122,141,141,154,154,173,173,173,205,205,232,263,279,279,377,377,391,316,344,359,359,388,388,388,388,419,94,114,114,213,213,325,325,343,565,296,310,148,148,178,178,260,271,271,306,306,306,306,306,306,306,4,33,33],"floor_reached":56,"language":"ENG","playtime":2870,"items_purged":["Strike_B","Defend_B","Defend_B","Defend_B"],"score":1517,"play_id":"db47834b-4921-4b07-85e8-39d93906dde4","local_time":"20210208223341","is_ascension_mode":true,"campfire_choices":[{"data":"Coolheaded","floor":6,"key":"SMITH"},{"data":"Zap","floor":8,"key":"SMITH"},{"data":"Coolheaded","floor":11,"key":"SMITH"},{"data":"Recycle","floor":15,"key":"SMITH"},{"data":"Loop","floor":24,"key":"SMITH"},{"data":"Defragment","floor":30,"key":"SMITH"},{"data":"Glacier","floor":32,"key":"SMITH"},{"data":"Reboot","floor":40,"key":"SMITH"},{"floor":42,"key":"RECALL"},{"data":"Rainbow","floor":45,"key":"SMITH"},{"data":"Ghostly","floor":47,"key":"SMITH"},{"data":"Ghostly","floor":49,"key":"SMITH"},{"data":"Ghostly","floor":52,"key":"SMITH"}],"circlet_count":0,"master_deck":["Zap+1","Dualcast","Sweeping Beam+1","Echo Form+1","Consume+1","Compile Driver+1","Coolheaded+1","Ball Lightning","Chill","Ball Lightning","Coolheaded+1","Recycle+1","Loop+1","Rainbow+1","Defragment+1","Loop+1","Chaos+1","Ghostly+1","Ghostly+1","Ghostly+1","Ghostly","Ghostly","Self Repair","Glacier+1","Reboot+1","Master of Strategy"],"relics":["Astrolabe","Question Card","Whetstone","WingedGreaves","Nunchaku","Philosopher\u0027s Stone","Red Mask","Orichalcum","Anchor","Sundial","CeramicFish","Runic Capacitor","Inserter","PreservedInsect","Gremlin Horn","Frozen Egg 2","Strange Spoon","DataDisk"],"acts_visited":["TheCity","TheBeyond","TheEnding"],"potions_floor_usage":[7,18,20,33,55,55,55],"damage_taken":[{"damage":6,"enemies":"Cultist","floor":1,"turns":4},{"damage":2,"enemies":"2 Louse","floor":2,"turns":2},{"damage":2,"enemies":"Jaw Worm","floor":3,"turns":3},{"damage":8,"enemies":"Blue Slaver","floor":5,"turns":2},{"damage":0,"enemies":"3 Louse","floor":7,"turns":1},{"damage":1,"enemies":"Gremlin Nob","floor":10,"turns":4},{"damage":9,"enemies":"3 Sentries","floor":12,"turns":3},{"damage":12,"enemies":"Gremlin Nob","floor":13,"turns":4},{"damage":18,"enemies":"Exordium Thugs","floor":14,"turns":5},{"damage":3,"enemies":"Hexaghost","floor":16,"turns":7},{"damage":0,"enemies":"3 Byrds","floor":18,"turns":2},{"damage":0,"enemies":"Masked Bandits","floor":20,"turns":2},{"damage":11,"enemies":"Spheric Guardian","floor":21,"turns":4},{"damage":5,"enemies":"Gremlin Leader","floor":23,"turns":7},{"damage":0,"enemies":"Slavers","floor":27,"turns":5},{"damage":9,"enemies":"Snake Plant","floor":29,"turns":4},{"damage":0,"enemies":"Collector","floor":33,"turns":8},{"damage":0,"enemies":"3 Darklings","floor":35,"turns":6},{"damage":0,"enemies":"3 Shapes","floor":38,"turns":5},{"damage":0,"enemies":"Reptomancer","floor":41,"turns":5},{"damage":0,"enemies":"Transient","floor":44,"turns":5},{"damage":0,"enemies":"Nemesis","floor":46,"turns":7},{"damage":4,"enemies":"Donu and Deca","floor":50,"turns":8},{"damage":25,"enemies":"Shield and Spear","floor":54,"turns":6},{"damage":16,"enemies":"The Heart","floor":55,"turns":12}],"seed_played":"1701170620699460370","potions_obtained":[{"floor":3,"key":"BlessingOfTheForge"},{"floor":5,"key":"Explosive Potion"},{"floor":10,"key":"SpeedPotion"},{"floor":13,"key":"PotionOfCapacity"},{"floor":16,"key":"Explosive Potion"},{"floor":18,"key":"LiquidMemories"},{"floor":20,"key":"AttackPotion"},{"floor":23,"key":"DuplicationPotion"},{"floor":33,"key":"Strength Potion"},{"floor":38,"key":"Fire Potion"},{"floor":54,"key":"ColorlessPotion"}],"is_trial":false,"path_per_floor":["M","M","M","?","M","R","M","R","T","E","R","E","E","M","R","B",null,"M","$","?","M","?","E","R","T","T","E","$","M","R","?","R","B",null,"M","?","$","M","$","R","E","R","T","M","R","E","R","?","R","B",null,"R","$","E","B",null],"character_chosen":"DEFECT","items_purchased":["Runic Capacitor","Self Repair","PreservedInsect","Master of Strategy","Strange Spoon"],"campfire_rested":0,"item_purchase_floors":[28,28,37,39,53],"current_hp_per_floor":[69,67,65,65,57,57,57,57,57,56,56,47,35,17,17,14,75,75,75,75,64,37,32,32,32,32,32,32,30,30,30,30,37,37,37,37,37,37,37,37,37,37,37,37,37,37,37,37,37,33,37,37,37,19,3],"gold":33,"neow_bonus":"BOSS_RELIC","is_daily":false,"chose_seed":false,"campfire_upgraded":12,"win_rate":0.0,"timestamp":1612834421,"path_taken":["M","?","M","?","M","R","M","R","T","E","R","E","E","M","R","BOSS","M","$","?","M","?","E","R","?","T","E","$","M","R","?","R","BOSS","M","?","$","M","$","R","E","R","T","M","R","E","R","?","R","BOSS","R","$","E","BOSS"],"items_purchased_type":["Relic","Card","Relic","Card","Relic"],"build_version":"2020-12-22","purchased_purges":4,"victory":true,"max_hp_per_floor":[75,75,75,75,75,75,75,75,75,75,75,75,75,75,75,75,75,75,75,75,75,37,37,37,37,37,37,37,37,37,37,37,37,37,37,37,37,37,37,37,37,37,37,37,37,37,37,37,37,37,37,37,37,37,37],"relic_stats":{"Inserter":[26],"Gremlin Horn":[2,2],"counters":[25,120],"Astrolabe":["Sweeping Beam","Echo Form","Consume"],"CeramicFish":36,"PreservedInsect":174,"Whetstone":["Cold Snap","Compile Driver"],"Orichalcum":[126],"Question Card":18,"Strange Spoon":[11],"Nunchaku":[10],"Sundial":[14],"obtain_stats":[{"Inserter":34,"Gremlin Horn":41,"Astrolabe":0,"CeramicFish":27,"PreservedInsect":37,"Runic Capacitor":28,"Whetstone":10,"Orichalcum":23,"Frozen Egg 2":46,"Question Card":9,"Strange Spoon":53,"Nunchaku":13,"Anchor":25,"DataDisk":54,"Sundial":26,"Philosopher\u0027s Stone":17,"WingedGreaves":12,"Red Mask":20,"Cracked Core":0},{"Inserter":17,"Gremlin Horn":20,"Astrolabe":0,"CeramicFish":15,"PreservedInsect":18,"Runic Capacitor":15,"Whetstone":6,"Orichalcum":14,"Frozen Egg 2":22,"Question Card":5,"Strange Spoon":23,"Nunchaku":8,"Anchor":14,"DataDisk":24,"Sundial":14,"Philosopher\u0027s Stone":10,"WingedGreaves":7,"Red Mask":12,"Cracked Core":0},{"Inserter":67,"Gremlin Horn":82,"Astrolabe":0,"CeramicFish":55,"PreservedInsect":73,"Runic Capacitor":55,"Whetstone":16,"Orichalcum":50,"Frozen Egg 2":94,"Question Card":12,"Strange Spoon":102,"Nunchaku":23,"Anchor":50,"DataDisk":108,"Sundial":50,"Philosopher\u0027s Stone":35,"WingedGreaves":19,"Red Mask":39,"Cracked Core":0}]},"card_choices":[{"not_picked":["Steam","BootSequence"],"picked":"Compile Driver","floor":1},{"not_picked":["Hello World","Steam Power"],"picked":"Coolheaded","floor":2},{"not_picked":["Streamline","Aggregate"],"picked":"Ball Lightning","floor":3},{"not_picked":["Sweeping Beam","Leap"],"picked":"Ball Lightning","floor":5},{"not_picked":["Leap","Compile Driver"],"picked":"Cold Snap","floor":7},{"not_picked":["Machine Learning","Skim","Gash"],"picked":"Coolheaded","floor":10},{"not_picked":["Amplify","Blizzard","Ball Lightning","Go for the Eyes"],"picked":"SKIP","floor":12},{"not_picked":["Conserve Battery","Steam","Doom and Gloom"],"picked":"Recycle","floor":13},{"not_picked":["Beam Cell","Cold Snap","Heatsinks"],"picked":"Loop","floor":14},{"not_picked":["Multi-Cast","Hyperbeam","Machine Learning"],"picked":"Rainbow","floor":16},{"not_picked":["Tempest","Conserve Battery","Beam Cell"],"picked":"Defragment","floor":18},{"not_picked":["Doom and Gloom+1","Beam Cell","Hello World+1"],"picked":"Loop+1","floor":20},{"not_picked":["Self Repair+1","Rebound","Turbo"],"picked":"Chaos+1","floor":21},{"not_picked":["Cold Snap","Go for the Eyes+1","Reprogram","Barrage"],"picked":"SKIP","floor":23},{"not_picked":["Coolheaded","Go for the Eyes+1","Blizzard","Hologram"],"picked":"SKIP","floor":27},{"not_picked":["Rebound","Chill","Tempest+1"],"picked":"Glacier","floor":29},{"not_picked":["Core Surge","Hyperbeam","Machine Learning"],"picked":"Reboot","floor":33},{"not_picked":["Cold Snap+1","Redo","Turbo","Conserve Battery+1"],"picked":"SKIP","floor":35},{"not_picked":["Steam","Sunder+1","Sweeping Beam","Stack"],"picked":"SKIP","floor":38},{"not_picked":["Conserve Battery+1","Coolheaded+1","Turbo+1","Redo"],"picked":"SKIP","floor":41},{"not_picked":["Static Discharge+1","Auto Shields","Heatsinks","Turbo"],"picked":"SKIP","floor":44},{"not_picked":["Stack+1","Doom and Gloom","Meteor Strike","Sunder"],"picked":"SKIP","floor":46},{"not_picked":["Sweeping Beam","Stack+1","Streamline","Barrage"],"picked":"SKIP","floor":54}],"player_experience":56386,"relics_obtained":[{"floor":9,"key":"Question Card"},{"floor":10,"key":"Whetstone"},{"floor":12,"key":"WingedGreaves"},{"floor":13,"key":"Nunchaku"},{"floor":20,"key":"Red Mask"},{"floor":23,"key":"Orichalcum"},{"floor":25,"key":"Anchor"},{"floor":26,"key":"Sundial"},{"floor":27,"key":"CeramicFish"},{"floor":41,"key":"Gremlin Horn"},{"floor":46,"key":"Frozen Egg 2"},{"floor":54,"key":"DataDisk"}],"event_choices":[{"damage_healed":0,"gold_gain":0,"cards_transformed":["Strike_B"],"player_choice":"Change","damage_taken":0,"max_hp_gain":0,"max_hp_loss":0,"event_name":"Living Wall","floor":4,"gold_loss":0,"cards_obtained":["Chill"]},{"damage_healed":0,"gold_gain":0,"player_choice":"Fought Bandits","damage_taken":0,"max_hp_gain":0,"max_hp_loss":0,"event_name":"Masked Bandits","floor":20,"gold_loss":0},{"damage_healed":0,"gold_gain":0,"player_choice":"Became a Ghost","damage_taken":0,"max_hp_gain":0,"max_hp_loss":38,"event_name":"Ghosts","floor":22,"gold_loss":0,"cards_obtained":["Ghostly","Ghostly","Ghostly","Ghostly","Ghostly"]},{"damage_healed":0,"gold_gain":99,"player_choice":"Stole From Cult","damage_taken":0,"max_hp_gain":0,"max_hp_loss":0,"event_name":"Nest","floor":31,"gold_loss":0},{"damage_healed":0,"gold_gain":222,"player_choice":"Wore Mask","damage_taken":0,"max_hp_gain":0,"max_hp_loss":0,"event_name":"Tomb of Lord Red Mask","floor":36,"gold_loss":0},{"cards_removed":["Cold Snap"],"damage_healed":0,"gold_gain":0,"player_choice":"Removed Attack","damage_taken":0,"max_hp_gain":0,"max_hp_loss":0,"event_name":"Falling","floor":48,"gold_loss":0}],"is_beta":false,"boss_relics":[{"not_picked":["SlaversCollar","Sozu"],"picked":"Philosopher\u0027s Stone"},{"not_picked":["Snecko Eye","Busted Crown"],"picked":"Inserter"}],"items_purged_floors":[19,28,37,53],"is_endless":false,"potions_floor_spawned":[3,5,10,13,16,18,20,23,33,35,38,54],"ascension_level":2}}