{"host":"b96hyfeqj1peltkw","time":1612848678,"event":{"mods":["AchievementEnabler","Act Like it!","BaseMod","Block Reminder","Gensokyo","Minty Spire (QoL Compilation)","Practice Mode","StSLib"],"gold_per_floor":[115,115,40,40,40,66,66,77,77,88,38,58,58,127,127,200,200,212,212,228,228,108,108,108],"floor_reached":23,"language":"ZHS","playtime":669,"items_purged":["Strike_B"],"score":302,"play_id":"472c23a4-31e2-45a1-991e-5735867e4077","local_time":"20210209133118","is_ascension_mode":true,"campfire_choices":[{"data":"Zap","floor":13,"key":"SMITH"},{"floor":15,"key":"REST"}],"circlet_count":0,"master_deck":["AscendersBane","Strike_B","Strike_B","Defend_B","Defend_B","Defend_B","Zap+1","Dualcast","Streamline","Coolheaded+1","Redo","Sweeping Beam","Barrage","Ball Lightning","Reboot","Auto Shields","Hologram"],"relics":["Cracked Core","DataDisk","Incense Burner","Bottled Flame","Empty Cage","Regal Pillow","Gensokyo:LionMask"],"acts_visited":["Gensokyo:Gensokyo","Gensokyo:Gensokyoer"],"potions_floor_usage":[],"damage_taken":[{"damage":11.0,"enemies":"Gensokyo:3_Fairies","floor":1.0,"turns":4.0},{"damage":10,"enemies":"Gensokyo:Mamizou","floor":6,"turns":9},{"damage":3,"enemies":"Gensokyo:Gryphon","floor":8,"turns":4},{"damage":8,"enemies":"Gensokyo:2_Kodama","floor":10,"turns":2},{"damage":11,"enemies":"Gensokyo:Kitsune","floor":12,"turns":4},{"damage":34,"enemies":"Gensokyo:Yukari","floor":16,"turns":11},{"damage":1,"enemies":"Gensokyo:AngelMirror","floor":18,"turns":3},{"damage":23,"enemies":"Gensokyo:CosmicMonolith","floor":20,"turns":4},{"damage":36,"enemies":"Gensokyo:Reisen","floor":23,"turns":7}],"seed_played":"-6799793549053529035","potions_obtained":[{"floor":6,"key":"Strength Potion"},{"floor":12,"key":"Energy Potion"}],"is_trial":false,"path_per_floor":["M","?","$","$","?","E","?","M","T","M","$","M","R","T","R","B",null,"M","?","M","?","?","E"],"character_chosen":"DEFECT","items_purchased":["Barrage"],"campfire_rested":1,"item_purchase_floors":[11],"current_hp_per_floor":[57,57,57,57,57,47,47,44,44,36,36,25,25,25,47,13,60,59,59,36,36,36,0,0],"gold":108,"neow_bonus":"THREE_CARDS","is_daily":false,"chose_seed":false,"campfire_upgraded":1,"win_rate":0.0,"timestamp":1612848678,"path_taken":["M","?","$","?","?","E","?","M","T","M","?","?","R","?","R","BOSS","M","?","?","?","?","E"],"items_purchased_type":["Card"],"build_version":"2020-12-22","purchased_purges":1,"victory":false,"max_hp_per_floor":[75,75,75,75,75,75,75,75,75,75,75,75,75,75,75,75,75,75,75,75,69,69,69,69],"card_choices":[{"not_picked":["Sunder","Undo"],"picked":"Streamline","floor":0.0},{"not_picked":["Go for the Eyes","Barrage"],"picked":"Coolheaded","floor":1.0},{"not_picked":["Undo","Leap"],"picked":"Redo","floor":6},{"not_picked":["Capacitor","Streamline","Sweeping Beam"],"picked":"SKIP","floor":8},{"not_picked":["Capacitor","Streamline"],"picked":"Sweeping Beam","floor":8},{"not_picked":["Steam","Gash","Ball Lightning"],"picked":"SKIP","floor":10},{"not_picked":["Barrage","Aggregate"],"picked":"Ball Lightning","floor":12},{"not_picked":["Creative AI","Biased Cognition"],"picked":"Reboot","floor":16},{"not_picked":["Sweeping Beam","Rebound"],"picked":"Auto Shields","floor":18},{"not_picked":["Redo+1","Compile Driver"],"picked":"Hologram","floor":20}],"player_experience":1373892,"relics_obtained":[{"floor":6,"key":"DataDisk"},{"floor":9,"key":"Incense Burner"},{"floor":14,"key":"Bottled Flame"}],"event_choices":[],"is_beta":false,"boss_relics":[{"not_picked":["Black Star","Runic Pyramid"],"picked":"Empty Cage"}],"items_purged_floors":[3],"is_endless":false,"potions_floor_spawned":[6,12,16,18],"killed_by":"Gensokyo:Reisen","ascension_level":13}}