{"host":"7caq7bqinjqlxdab","time":1612904921,"event":{"mods":["AchievementEnabler","Aspiration","BaseMod","Better Third Choice","BetterRewards","Bossed Relics","Colored Map","Colored Powertips","Conspire","Curses Come First","Downfall","Hermit","Highlight Path","Hubris","Infinite Spire","Minty Spire (QoL Compilation)","Quick Restart","Rare Cards Sparkle","Replay The Spire","Shop Mod","StSLib","Transform Curses"],"gold_per_floor":[117,117,130,142,159,159,193,268,313,313,8,31,54,128,128,237,237,252,22,37,60,77,77,107,132,132,132,407,422,440,440,440,547,647,664,664,664,664,677,677,704,720,794,827,841,865,894,147,147,152],"floor_reached":51,"language":"ENG","playtime":5881,"items_purged":["hermit:Manifest","Sucker Punch"],"score":1008,"play_id":"3fd2bf87-f4b0-4401-a352-295bcfdb8fe8","local_time":"20210209220841","is_ascension_mode":false,"campfire_choices":[{"floor":10.0,"key":"REST"},{"floor":15.0,"key":"REST"},{"floor":23.0,"key":"REST"},{"floor":32.0,"key":"REST"},{"data":"Omniscience","floor":40.0,"key":"SMITH"},{"floor":49.0,"key":"REST"}],"circlet_count":0,"master_deck":["hermit:Strike_Hermit","hermit:Strike_Hermit","hermit:Strike_Hermit","hermit:Strike_Hermit","hermit:Defend_Hermit","hermit:Defend_Hermit","hermit:Defend_Hermit","hermit:Defend_Hermit","hermit:Covet+1","hermit:Manifest","hermit:Ricochet","hermit:CursedWeapon+1","hermit:GoldenBullet","hermit:Midnight","hermit:Scavenge","hermit:BodyArmor","hermit:Malice","hermit:HeroicBravado","hermit:GhostlyPresence","hermit:Dive","hermit:EternalForm","hermit:Headshot+1","hermit:Dive","hermit:Ricochet","infinitespire:TheBestDefense","ReplayTheSpireMod:Book of Names","Regret","sneckomod:UnknownClassDEFAULT_GRAY_COLOR+1","Omniscience+1","hermit:Quickdraw+1","Parasite","hermit:HighCaliber+1","hermit:TakeAim","hermit:Dissolve","ReplayUltimateDefense","hubris:Insight","ReplayUltimateDefense"],"relics":["hermit:Momento","MerchantsRug","conspire:TreasureMap","Honey Jar","Regal Pillow","hubris:EmptyBottle","Replay:Ringing Soul","Eternal Feather","conspire:RoyalGoblet","Replay:Wanted Poster","Gambling Chip","conspire:Dentures","infinitespire:ShieldingShard","Strawberry","ReplayTheSpireMod:ShopPack"],"acts_visited":["Exordium","TheCity","TheBeyond"],"potions_floor_usage":[50,50,50,50,50],"damage_taken":[{"damage":1.0,"enemies":"Jaw Worm","floor":1.0,"turns":4.0},{"damage":2.0,"enemies":"Small Slimes","floor":3.0,"turns":3.0},{"damage":0.0,"enemies":"2 Louse","floor":4.0,"turns":2.0},{"damage":21.0,"enemies":"Lots of Slimes","floor":5.0,"turns":7.0},{"damage":16.0,"enemies":"Lagavulin","floor":7.0,"turns":7.0},{"damage":5.0,"enemies":"Large Slime","floor":12.0,"turns":5.0},{"damage":2.0,"enemies":"Gremlin Gang","floor":13.0,"turns":5.0},{"damage":9.0,"enemies":"Slime Boss","floor":16.0,"turns":13.0},{"damage":3.0,"enemies":"Shell Parasite","floor":18.0,"turns":3.0},{"damage":2.0,"enemies":"Spheric Guardian","floor":20.0,"turns":2.0},{"damage":3.0,"enemies":"Centurion and Healer","floor":21.0,"turns":4.0},{"damage":2.0,"enemies":"3 Cultists","floor":22.0,"turns":4.0},{"damage":2.0,"enemies":"Gremlin Leader","floor":24.0,"turns":4.0},{"damage":4.0,"enemies":"Chosen and Byrds","floor":25.0,"turns":6.0},{"damage":4.0,"enemies":"Shelled Parasite and Fungi","floor":29.0,"turns":6.0},{"damage":11.0,"enemies":"Snake Plant","floor":30.0,"turns":5.0},{"damage":48.0,"enemies":"Champ","floor":33.0,"turns":10.0},{"damage":5.0,"enemies":"3 Darklings","floor":35.0,"turns":6.0},{"damage":0.0,"enemies":"3 Shapes","floor":39.0,"turns":2.0},{"damage":2.0,"enemies":"Jaw Worm Horde","floor":41.0,"turns":5.0},{"damage":14.0,"enemies":"Sphere and 2 Shapes","floor":42.0,"turns":6.0},{"damage":42.0,"enemies":"Giant Head","floor":44.0,"turns":8.0},{"damage":2.0,"enemies":"Writhing Mass","floor":45.0,"turns":5.0},{"damage":24.0,"enemies":"Transient","floor":46.0,"turns":5.0},{"damage":5.0,"enemies":"Reptomancer","floor":47.0,"turns":4.0},{"damage":95,"enemies":"Time Eater","floor":50,"turns":14}],"seed_played":"3892033135422285791","potions_obtained":[{"floor":4.0,"key":"champ:CounterPotion"},{"floor":5.0,"key":"DuplicationPotion"},{"floor":12.0,"key":"Energy Potion"},{"floor":16.0,"key":"AttackPotion"},{"floor":20.0,"key":"ColorlessPotion"},{"floor":21.0,"key":"SkillPotion"},{"floor":24.0,"key":"Elixir"},{"floor":25.0,"key":"SpeedPotion"},{"floor":30.0,"key":"Fire Potion"},{"floor":35.0,"key":"BlessingOfTheForge"},{"floor":42.0,"key":"hexamod:SoulburnPotion"}],"is_trial":false,"path_per_floor":["M","?","M","M","M","?","E","?","T","R","$","M","M","T","R","B",null,"M","$","M","M","M","R","E","M","T","AVR","?","M","M","?","R","B",null,"M","?","?","AVR","M","R","M","M","T","E","M","M","E","$","R","B",null],"character_chosen":"HERMIT","items_purchased":["Strange Spoon","hermit:Manifest","MerchantsRug","conspire:TreasureMap","Regal Pillow","hubris:EmptyBottle","EntropicBrew","BlessingOfTheForge","Strawberry","ReplayTheSpireMod:ShopPack","hexamod:SoulburnPotion","Reflective Coating","LiquidBronze","hermit:TakeAim","hermit:Dissolve"],"campfire_rested":5,"item_purchase_floors":[0,0,11,11,19,19,19,19,48,48,48,48,48,48,48],"current_hp_per_floor":[74,74,72,72,51,51,35,24,24,46,46,41,39,39,61,52,75,72,72,70,67,65,75,76,75,75,78,81,80,72,54,98,53,101,99,99,99,99,99,104,102,88,88,46,47,23,21,31,103,8],"gold":152,"neow_bonus":"","is_daily":false,"chose_seed":false,"campfire_upgraded":1,"win_rate":0.0,"timestamp":1612904921,"path_taken":["M","?","M","M","M","?","E","?","T","R","$","M","M","?","R","BOSS","M","?","M","?","?","R","E","M","T","AVR","?","?","?","?","R","BOSS","M","?","?","AVR","M","R","M","M","T","E","M","?","E","$","R","BOSS"],"items_purchased_type":["Relic","Card","Relic","Relic","Relic","Relic","Potion","Potion","Relic","Relic","Potion","Potion","Potion","Card","Card"],"build_version":"2020-12-22","purchased_purges":2,"victory":true,"max_hp_per_floor":[75,75,75,75,75,75,75,75,75,75,75,75,75,75,75,75,75,75,75,75,75,75,75,78,81,81,84,87,90,93,98,98,101,101,104,104,104,104,104,104,104,104,104,104,107,107,110,120,120,120],"card_choices":[{"not_picked":["hermit:Shortfuse","hermit:HoleUp"],"picked":"hermit:Ricochet","floor":1.0},{"not_picked":["hermit:Vantage","hermit:BigShot"],"picked":"hermit:CursedWeapon","floor":3.0},{"not_picked":["hermit:LoneWolf","hermit:NoHoldsBarred"],"picked":"hermit:GoldenBullet","floor":4.0},{"not_picked":["hermit:BodyArmor","hermit:Glare"],"picked":"hermit:Midnight","floor":5.0},{"not_picked":["hermit:Feint","hermit:DeadMansHand"],"picked":"hermit:Scavenge","floor":7.0},{"not_picked":["hermit:SprayPray","hermit:LoneWolf"],"picked":"hermit:BodyArmor","floor":12.0},{"not_picked":["hermit:BodyArmor","hermit:HoleUp"],"picked":"hermit:Malice","floor":13.0},{"not_picked":["hermit:OverwhelmingPower","hermit:Reprieve"],"picked":"hermit:HeroicBravado","floor":16.0},{"not_picked":["hermit:Dive","hermit:Desperado","hermit:ItchyTrigger+1"],"picked":"hermit:GhostlyPresence","floor":18.0},{"not_picked":["hermit:Vantage","hermit:Virtue","hermit:Malice"],"picked":"hermit:Dive","floor":20.0},{"not_picked":["hermit:Midnight+1","hermit:BodyArmor+1","hermit:LowProfile"],"picked":"hermit:EternalForm","floor":21.0},{"not_picked":["hermit:Virtue","hermit:Roulette","hermit:Determination"],"picked":"hermit:Headshot+1","floor":22.0},{"not_picked":["hermit:HoleUp+1","hermit:Dissolve","hermit:WideOpen"],"picked":"hermit:Dive","floor":24.0},{"not_picked":["hermit:TakeCover","hermit:FullyLoaded","hermit:Feint"],"picked":"hermit:Ricochet","floor":25.0},{"not_picked":["ReplayTheSpireMod:Strike From Hell","hermit:Shortfuse+1","hermit:BodyArmor"],"picked":"sneckomod:UnknownClassDEFAULT_GRAY_COLOR+1","floor":29.0},{"not_picked":["Catalyst","champ:GutPunch","Guardian:Planning+1"],"picked":"Sucker Punch","floor":30.0},{"not_picked":["sneckomod:SoulExchange","Metamorphosis","hermit:Dissolve"],"picked":"Omniscience","floor":33.0},{"not_picked":["Shrug It Off+1","Guardian:CrystalBeam+1","sneckomod:UnknownStrike"],"picked":"hermit:Quickdraw+1","floor":35.0},{"not_picked":["Underhanded Strike","Slimebound:SplitLeeching+1","Guardian:Incinerate+1","bronze:Turbo"],"picked":"SKIP","floor":39.0},{"not_picked":["hexamod:Firestarter","bronze:Iterate+1","Violence","sneckomod:UnknownClassPURPLE"],"picked":"SKIP","floor":41.0},{"not_picked":["champ:StanceDance","hermit:ItchyTrigger","Twin Strike","ReplayTheSpireMod:Dual Polarity"],"picked":"SKIP","floor":42.0},{"not_picked":["Accuracy+1","bronze:BurnOut","conspire:PoisonWeapons+1","Hello World+1"],"picked":"SKIP","floor":44.0},{"not_picked":["hexamod:GhostShield+1","Guardian:Suspension+1","hermit:HoleUp","Slimebound:GoopSpray"],"picked":"SKIP","floor":45.0},{"not_picked":["Leap","bronze:Shell","hexamod:BacktrackSmack","champ:Backstep+1"],"picked":"SKIP","floor":46.0},{"not_picked":["hexamod:Hexaguard","Fusion+1","Scrape"],"picked":"hermit:HighCaliber+1","floor":47.0},{"not_picked":["ReplayTheSpireMod:Necrogeddon","hubris:EnhanceAbility","Secret Technique"],"picked":"ReplayUltimateDefense","floor":48.0},{"not_picked":["Flash of Steel","Metamorphosis","hubris:Ssssneak"],"picked":"hubris:Insight","floor":48.0},{"not_picked":["hubris:Ssssneak","Dramatic Entrance","Bandage Up"],"picked":"ReplayUltimateDefense","floor":48.0}],"player_experience":658493,"relics_obtained":[{"floor":7.0,"key":"CaptainsWheel"},{"floor":9.0,"key":"Gremlin Food"},{"floor":14.0,"key":"Replay:Bottled Flurry"},{"floor":24.0,"key":"Replay:Ringing Soul"},{"floor":26.0,"key":"Eternal Feather"},{"floor":43.0,"key":"Gambling Chip"},{"floor":44.0,"key":"conspire:Dentures"},{"floor":47.0,"key":"infinitespire:ShieldingShard"}],"event_choices":[{"damage_healed":0.0,"max_hp_gain":0.0,"max_hp_loss":0.0,"gold_gain":0.0,"event_name":"The Cleric","player_choice":"Leave","floor":2.0,"gold_loss":0.0,"damage_taken":0.0},{"damage_healed":51.0,"max_hp_gain":0.0,"max_hp_loss":75.0,"gold_gain":0.0,"event_name":"betterThird:BetterShining","player_choice":"Leave","floor":6.0,"gold_loss":0.0,"damage_taken":0.0},{"damage_healed":0.0,"max_hp_gain":0.0,"max_hp_loss":0.0,"gold_gain":75.0,"event_name":"betterThird:BetterGoop","player_choice":"Gold","floor":8.0,"gold_loss":0.0,"damage_taken":11.0},{"damage_healed":0.0,"max_hp_gain":0.0,"max_hp_loss":0.0,"gold_gain":275.0,"event_name":"Golden Shrine","player_choice":"Desecrate","floor":28.0,"gold_loss":0.0,"damage_taken":0.0,"cards_obtained":["Regret"]},{"damage_healed":0.0,"max_hp_gain":5.0,"max_hp_loss":0.0,"gold_gain":0.0,"event_name":"Forgotten Altar","player_choice":"Shed Blood","floor":31.0,"gold_loss":0.0,"damage_taken":23.0},{"cards_removed":["hermit:Snapshot"],"damage_healed":0.0,"max_hp_gain":0.0,"max_hp_loss":0.0,"gold_gain":0.0,"event_name":"Falling","player_choice":"Removed Attack","floor":36.0,"gold_loss":0.0,"damage_taken":0.0},{"damage_healed":0.0,"max_hp_gain":0.0,"max_hp_loss":0.0,"gold_gain":0.0,"event_name":"NoteForYourself","player_choice":"Ignored","floor":37.0,"gold_loss":0.0,"damage_taken":0.0}],"is_beta":false,"boss_relics":[{"not_picked":["aspiration:PoetsPen","hubris:TerracottaHorce"],"picked":"Honey Jar"},{"not_picked":["ReplayTheSpireMod:DimensionalGlitch","Cursed Key"],"picked":"Replay:Wanted Poster"}],"items_purged_floors":[27,48],"is_endless":false,"potions_floor_spawned":[4,5,12,16,20,21,24,25,30,35,42],"ascension_level":0}}