{"host":"kh6fvhxn285ncg0o","time":1612832473,"event":{"mods":["Act Like it!","BaseMod","Colored Map","Friendly Minions","Keyboard Shortcuts","Minty Spire (QoL Compilation)","Quick Restart","Relic Stats","StSLib","SuperFastMode","UnlockEverythingMod"],"gold_per_floor":[118,129,129,204,204,236,236,236,260,17,28,28,61,75,75,148,148,160,160,160,160,170,203,203,232,244,271,283,324,336,373,385,468,480,509,252,265,277,289,316,367,367,444,477,494,509,529,271,271,271,271,271],"floor_reached":51,"language":"KOR","playtime":1748,"items_purged":["Defend_R","Perfected Strike","Perfected Strike"],"score":1556,"play_id":"ddfb14e8-b5f8-42ad-b6d2-b4c7a0af7853","local_time":"20210209100113","is_ascension_mode":true,"campfire_choices":[{"data":"Bash","floor":7.0,"key":"SMITH"},{"data":"Anger","floor":12.0,"key":"SMITH"},{"data":"Body Slam","floor":15.0,"key":"SMITH"},{"data":"Offering","floor":24.0,"key":"SMITH"},{"data":"Power Through","floor":28.0,"key":"SMITH"},{"data":"Dark Embrace","floor":30.0,"key":"SMITH"},{"data":"Second Wind","floor":32.0,"key":"SMITH"},{"data":"Evolve","floor":42.0,"key":"SMITH"},{"floor":49.0,"key":"RECALL"}],"circlet_count":0,"master_deck":["AscendersBane","Bash+1","Ghostly Armor","Power Through+1","Anger+1","Body Slam+1","Immolate","Offering+1","Dark Embrace+1","Body Slam","Perfected Strike","Second Wind+1","Impervious","Bloodletting+1","Evolve+1","Offering+1","Shrug It Off+1","True Grit+1","Feed+1","Warcry+1","Feel No Pain","Reckless Charge+1"],"relics":["Burning Blood","NeowsBlessing","Akabeko","Vajra","Eternal Feather","Anchor","Pandora\u0027s Box","Enchiridion","Toxic Egg 2","MawBank","Girya","Bag of Preparation","Gremlin Horn","Runic Dome","Frozen Eye","MealTicket","Ginger","Self Forming Clay","Molten Egg 2"],"acts_visited":["Exordium","TheCity","TheBeyond"],"potions_floor_usage":[],"damage_taken":[{"damage":0.0,"enemies":"Cultist","floor":1.0,"turns":2.0},{"damage":0.0,"enemies":"Small Slimes","floor":2.0,"turns":1.0},{"damage":0.0,"enemies":"3 Sentries","floor":6.0,"turns":2.0},{"damage":0.0,"enemies":"2 Louse","floor":11.0,"turns":2.0},{"damage":10.0,"enemies":"Lagavulin","floor":13.0,"turns":5.0},{"damage":1.0,"enemies":"Looter","floor":14.0,"turns":2.0},{"damage":49.0,"enemies":"Hexaghost","floor":16.0,"turns":7.0},{"damage":6.0,"enemies":"Chosen","floor":18.0,"turns":3.0},{"damage":12.0,"enemies":"Shell Parasite","floor":22.0,"turns":2.0},{"damage":6.0,"enemies":"Slavers","floor":23.0,"turns":2.0},{"damage":6.0,"enemies":"Gremlin Leader","floor":25.0,"turns":3.0},{"damage":6.0,"enemies":"Cultist and Chosen","floor":27.0,"turns":2.0},{"damage":10.0,"enemies":"Book of Stabbing","floor":29.0,"turns":2.0},{"damage":9.0,"enemies":"Gremlin Leader","floor":31.0,"turns":2.0},{"damage":36.0,"enemies":"Collector","floor":33.0,"turns":8.0},{"damage":6.0,"enemies":"3 Shapes","floor":35.0,"turns":1.0},{"damage":0.0,"enemies":"Orb Walker","floor":37.0,"turns":2.0},{"damage":9.0,"enemies":"Transient","floor":38.0,"turns":6.0},{"damage":6.0,"enemies":"Sphere and 2 Shapes","floor":39.0,"turns":1.0},{"damage":6.0,"enemies":"Giant Head","floor":40.0,"turns":5.0},{"damage":9.0,"enemies":"2 Orb Walkers","floor":41.0,"turns":1.0},{"damage":6.0,"enemies":"Nemesis","floor":44.0,"turns":1.0},{"damage":6.0,"enemies":"Jaw Worm Horde","floor":45.0,"turns":1.0},{"damage":12.0,"enemies":"Writhing Mass","floor":46.0,"turns":3.0},{"damage":24.0,"enemies":"Maw","floor":47.0,"turns":6.0},{"damage":70,"enemies":"Awakened One","floor":50,"turns":8},{"damage":32,"enemies":"Time Eater","floor":51,"turns":2}],"seed_played":"7941802870925579354","potions_obtained":[{"floor":11.0,"key":"Strength Potion"},{"floor":13.0,"key":"CultistPotion"},{"floor":16.0,"key":"Strength Potion"},{"floor":18.0,"key":"ColorlessPotion"},{"floor":27.0,"key":"Swift Potion"},{"floor":29.0,"key":"SkillPotion"},{"floor":31.0,"key":"GamblersBrew"},{"floor":38.0,"key":"SpeedPotion"},{"floor":40.0,"key":"HeartOfIron"}],"is_trial":false,"path_per_floor":["M","M","?","?","?","E","R","T","T","$","M","R","E","M","R","B",null,"M","?","?","?","M","E","R","E","T","M","R","E","R","E","R","B",null,"M","$","M","M","M","E","?","R","T","E","M","M","M","$","R","B","B"],"character_chosen":"IRONCLAD","items_purchased":["Anchor","Frozen Eye","Feel No Pain","Reckless Charge+1"],"campfire_rested":0,"item_purchase_floors":[10,36,48,48],"current_hp_per_floor":[74,75,68,57,52,58,58,58,58,58,64,70,66,71,75,32,64,64,43,43,43,37,37,46,46,46,46,55,51,60,57,66,36,65,65,65,71,68,68,68,65,74,74,74,78,76,62,77,87,27,0,0],"gold":271,"neow_bonus":"THREE_ENEMY_KILL","is_daily":false,"chose_seed":false,"campfire_upgraded":8,"win_rate":0.0,"timestamp":1612832473,"path_taken":["M","?","?","?","?","E","R","?","T","?","M","R","E","M","R","BOSS","M","?","?","?","M","E","R","E","T","?","R","E","R","E","R","BOSS","M","?","M","M","M","E","?","R","T","E","M","M","M","$","R","BOSS","BOSS"],"items_purchased_type":["Relic","Relic","Card","Card"],"build_version":"2020-12-22","purchased_purges":3,"victory":false,"max_hp_per_floor":[75,75,75,75,75,75,75,75,75,75,75,75,75,75,75,75,75,75,75,75,75,75,75,75,75,75,75,75,75,75,75,75,75,75,75,75,75,75,75,75,75,75,75,75,79,83,87,87,87,91,91,91],"relic_stats":{"Gremlin Horn":[14,14],"counters":[27,82],"Self Forming Clay":[30],"Eternal Feather":65,"Pandora\u0027s Box":["Perfected Strike","Immolate","Offering","Perfected Strike","Dark Embrace","Body Slam","Perfected Strike"],"MealTicket":15,"Bag of Preparation":[28],"Ginger":[5],"MawBank":132,"obtain_stats":[{"Girya":26,"NeowsBlessing":0,"Gremlin Horn":31,"Self Forming Clay":43,"Vajra":6,"Enchiridion":19,"Eternal Feather":8,"Bag of Preparation":29,"Ginger":41,"MawBank":25,"Burning Blood":0,"Akabeko":5,"Runic Dome":34,"Frozen Eye":36,"Anchor":10,"Pandora\u0027s Box":17,"MealTicket":40,"Molten Egg 2":44,"Toxic Egg 2":23},{"Girya":11,"NeowsBlessing":0,"Gremlin Horn":14,"Self Forming Clay":21,"Vajra":3,"Enchiridion":8,"Eternal Feather":3,"Bag of Preparation":13,"Ginger":21,"MawBank":11,"Burning Blood":0,"Akabeko":2,"Runic Dome":15,"Frozen Eye":16,"Anchor":3,"Pandora\u0027s Box":7,"MealTicket":20,"Molten Egg 2":22,"Toxic Egg 2":10},{"Girya":31,"NeowsBlessing":0,"Gremlin Horn":37,"Self Forming Clay":61,"Vajra":5,"Enchiridion":24,"Eternal Feather":5,"Bag of Preparation":35,"Ginger":61,"MawBank":31,"Burning Blood":0,"Akabeko":3,"Runic Dome":45,"Frozen Eye":46,"Anchor":5,"Pandora\u0027s Box":21,"MealTicket":60,"Molten Egg 2":62,"Toxic Egg 2":28}],"Burning Blood":151},"card_choices":[{"not_picked":["Sword Boomerang","Clothesline"],"picked":"Ghostly Armor","floor":1.0},{"not_picked":["Heavy Blade","Warcry"],"picked":"Power Through","floor":2.0},{"not_picked":["Entrench","Corruption"],"picked":"Anger","floor":11.0},{"not_picked":["Perfected Strike","Twin Strike"],"picked":"Body Slam","floor":13.0},{"not_picked":["Shrug It Off","Wild Strike","Perfected Strike"],"picked":"SKIP","floor":14.0},{"not_picked":["Dropkick","Perfected Strike+1","Dark Embrace"],"picked":"SKIP","floor":18.0},{"not_picked":["Dropkick","Perfected Strike+1","Dark Embrace"],"picked":"SKIP","floor":18.0},{"not_picked":["True Grit","Second Wind","Sword Boomerang"],"picked":"SKIP","floor":22.0},{"not_picked":["Pummel","Pommel Strike","Clash"],"picked":"SKIP","floor":23.0},{"not_picked":["Clash","Pummel","Headbutt"],"picked":"SKIP","floor":25.0},{"not_picked":["Hemokinesis","Uppercut+1","Anger"],"picked":"SKIP","floor":27.0},{"not_picked":["Bloodletting+1","Twin Strike","Limit Break+1"],"picked":"SKIP","floor":29.0},{"not_picked":["Twin Strike","Limit Break+1"],"picked":"Bloodletting+1","floor":29.0},{"not_picked":["Clothesline","Thunderclap"],"picked":"Evolve","floor":31.0},{"not_picked":["Demon Form","Double Tap+1"],"picked":"Offering+1","floor":33.0},{"not_picked":["Havoc+1","Dropkick"],"picked":"Shrug It Off+1","floor":35.0},{"not_picked":["Wild Strike+1","Body Slam+1","Dark Embrace"],"picked":"SKIP","floor":37.0},{"not_picked":["Bloodletting+1","Intimidate+1"],"picked":"True Grit+1","floor":38.0},{"not_picked":["Inflame+1","Armaments+1","Searing Blow"],"picked":"SKIP","floor":39.0},{"not_picked":["Twin Strike","Clothesline","Cleave+1"],"picked":"SKIP","floor":40.0},{"not_picked":["Pommel Strike+1","Blood for Blood+1"],"picked":"Feed+1","floor":44.0},{"not_picked":["True Grit+1","Wild Strike+1","Shrug It Off+1"],"picked":"SKIP","floor":45.0},{"not_picked":["True Grit+1","Wild Strike+1","Shrug It Off+1"],"picked":"SKIP","floor":45.0},{"not_picked":["Infernal Blade+1","Spot Weakness+1","Wild Strike+1"],"picked":"SKIP","floor":46.0},{"not_picked":["Cleave+1","Flex+1"],"picked":"Warcry+1","floor":47.0}],"player_experience":1335348,"relics_obtained":[{"floor":6.0,"key":"Vajra"},{"floor":8.0,"key":"Eternal Feather"},{"floor":19.0,"key":"Enchiridion"},{"floor":23.0,"key":"Toxic Egg 2"},{"floor":25.0,"key":"MawBank"},{"floor":26.0,"key":"Girya"},{"floor":29.0,"key":"Bag of Preparation"},{"floor":31.0,"key":"Gremlin Horn"},{"floor":40.0,"key":"MealTicket"},{"floor":41.0,"key":"Ginger"},{"floor":43.0,"key":"Self Forming Clay"},{"floor":44.0,"key":"Molten Egg 2"}],"event_choices":[{"cards_removed":["Strike_R"],"damage_healed":0.0,"max_hp_gain":0.0,"max_hp_loss":0.0,"gold_gain":0.0,"event_name":"Golden Wing","player_choice":"Card Removal","floor":3.0,"gold_loss":0.0,"damage_taken":7.0},{"damage_healed":0.0,"max_hp_gain":0.0,"max_hp_loss":0.0,"gold_gain":75.0,"event_name":"World of Goop","player_choice":"Gather Gold","floor":4.0,"gold_loss":0.0,"damage_taken":11.0},{"damage_healed":0.0,"max_hp_gain":0.0,"max_hp_loss":0.0,"gold_gain":0.0,"event_name":"Scrap Ooze","player_choice":"Success","floor":5.0,"gold_loss":0.0,"damage_taken":5.0,"relics_obtained":["Akabeko"]},{"damage_healed":0.0,"max_hp_gain":0.0,"max_hp_loss":0.0,"gold_gain":0.0,"event_name":"Cursed Tome","player_choice":"Obtained Book","floor":19.0,"gold_loss":0.0,"damage_taken":21.0},{"damage_healed":0.0,"max_hp_gain":0.0,"max_hp_loss":0.0,"gold_gain":0.0,"event_name":"The Library","player_choice":"Read","floor":20.0,"gold_loss":0.0,"damage_taken":0.0,"cards_obtained":["Second Wind"]},{"damage_healed":0.0,"max_hp_gain":0.0,"max_hp_loss":0.0,"gold_gain":0.0,"event_name":"Match and Keep!","player_choice":"1 cards matched","floor":21.0,"gold_loss":0.0,"damage_taken":0.0,"cards_obtained":["Impervious"]},{"damage_healed":0.0,"max_hp_gain":0.0,"max_hp_loss":0.0,"gold_gain":0.0,"event_name":"Mysterious Sphere","player_choice":"Fight","floor":41.0,"gold_loss":0.0,"damage_taken":0.0}],"is_beta":false,"boss_relics":[{"not_picked":["Mark of Pain","Sozu"],"picked":"Pandora\u0027s Box"},{"not_picked":["SacredBark","Astrolabe"],"picked":"Runic Dome"}],"items_purged_floors":[10,36,48],"is_endless":false,"potions_floor_spawned":[11,13,16,18,27,29,31,38,39,40,46,47],"killed_by":"Time Eater","ascension_level":20}}