{"host":"BK","time":1612829466,"event":{"mods":["BaseMod","Highlight Path","Minty Spire (QoL Compilation)","StSLib"],"gold_per_floor":[117,117,9,9,20,20,52,72,98,98,129,10,25,43,43,118,118,129,154,154,154,54,54,66,66,66,97,97,43,43,53,53,129,129,147,369,0,51,51,51,51,51],"floor_reached":41,"language":"ENG","playtime":1810,"items_purged":["Strike_P","Strike_P"],"score":1026,"play_id":"f4402b48-ddfb-4acd-b7a4-b71115ac6cbb","local_time":"20210208171106","is_ascension_mode":true,"campfire_choices":[{"data":"CutThroughFate","floor":6,"key":"SMITH"},{"data":"CarveReality","floor":10,"key":"SMITH"},{"data":"BowlingBash","floor":15,"key":"SMITH"},{"data":"Wallop","floor":23,"key":"SMITH"},{"data":"Meditate","floor":25,"key":"SMITH"},{"data":"1","floor":28,"key":"LIFT"},{"data":"2","floor":30,"key":"LIFT"},{"floor":32,"key":"REST"},{"data":"Scrawl","floor":40,"key":"SMITH"}],"circlet_count":0,"master_deck":["AscendersBane","Strike_P","Strike_P","Defend_P","Defend_P","Defend_P","Defend_P","Eruption","Vigilance","CutThroughFate+1","EmptyFist","CutThroughFate","Meditate+1","CarveReality+1","Halt","Wireheading","BowlingBash+1","Prostrate","Devotion","CurseOfTheBell","Wallop+1","ClearTheMind","ThirdEye","Scrawl+1","Brilliance","CrushJoints+1","Dark Shackles","MentalFortress+1"],"relics":["PureWater","NeowsBlessing","Bottled Flame","Lantern","Orichalcum","Blood Vial","Calling Bell","Omamori","Kunai","CloakClasp","Red Mask","Bronze Scales","MutagenicStrength","HornCleat","Girya","VioletLotus","Sundial","Thread and Needle"],"acts_visited":["Exordium","TheCity","TheBeyond"],"potions_floor_usage":[11,16,19,27,31,33,41],"damage_taken":[{"damage":0,"enemies":"Jaw Worm","floor":1,"turns":1},{"damage":0,"enemies":"Cultist","floor":5,"turns":1},{"damage":0,"enemies":"Lagavulin","floor":7,"turns":1},{"damage":0,"enemies":"2 Louse","floor":8,"turns":2},{"damage":0,"enemies":"Gremlin Nob","floor":11,"turns":1},{"damage":0,"enemies":"Looter","floor":13,"turns":2},{"damage":0,"enemies":"3 Louse","floor":14,"turns":2},{"damage":0,"enemies":"Slime Boss","floor":16,"turns":4},{"damage":22,"enemies":"3 Byrds","floor":18,"turns":7},{"damage":0,"enemies":"Masked Bandits","floor":19,"turns":2},{"damage":6,"enemies":"2 Thieves","floor":24,"turns":3},{"damage":23,"enemies":"Gremlin Leader","floor":27,"turns":4},{"damage":0,"enemies":"Centurion and Healer","floor":31,"turns":4},{"damage":45,"enemies":"Champ","floor":33,"turns":10},{"damage":0,"enemies":"Orb Walker","floor":35,"turns":2},{"damage":33,"enemies":"2 Orb Walkers","floor":38,"turns":5},{"damage":44,"enemies":"Nemesis","floor":41,"turns":9}],"seed_played":"8744241013684547607","potions_obtained":[{"floor":1,"key":"DuplicationPotion"},{"floor":11,"key":"Ambrosia"},{"floor":18,"key":"Strength Potion"},{"floor":27,"key":"SneckoOil"},{"floor":31,"key":"EssenceOfSteel"},{"floor":38,"key":"Explosive Potion"}],"is_trial":false,"path_per_floor":["M","?","$","T","M","R","E","M","T","R","E","$","M","M","R","B",null,"M","?","?","?","$","R","M","R","T","E","R","$","R","M","R","B",null,"M","?","$","?","?","R","E"],"character_chosen":"WATCHER","items_purchased":["EmptyFist","SteroidPotion","Wireheading","Block Potion","Sundial","Dark Shackles"],"campfire_rested":1,"item_purchase_floors":[3,3,12,29,37,37],"current_hp_per_floor":[61,61,61,61,61,61,61,61,61,61,61,61,63,65,65,67,68,46,48,48,48,48,48,44,44,44,23,23,23,23,25,45,2,52,54,54,54,23,23,23,0,0],"gold":51,"neow_bonus":"THREE_ENEMY_KILL","is_daily":false,"chose_seed":false,"campfire_upgraded":6,"win_rate":0.0,"timestamp":1612829466,"path_taken":["M","?","$","?","M","R","E","M","T","R","E","?","M","M","R","BOSS","M","?","?","?","$","R","M","R","T","E","R","$","R","M","R","BOSS","M","?","$","?","?","R","E"],"items_purchased_type":["Card","Potion","Card","Potion","Relic","Card"],"build_version":"2020-12-18","purchased_purges":2,"victory":false,"max_hp_per_floor":[68,68,68,68,68,68,68,68,68,68,68,68,68,68,68,68,68,68,68,68,68,68,68,68,68,68,68,68,68,68,68,68,68,68,68,68,68,68,68,68,68,68],"card_choices":[{"not_picked":["BattleHymn","Halt"],"picked":"CutThroughFate","floor":1},{"not_picked":["FlyingSleeves","Halt"],"picked":"CutThroughFate","floor":5},{"not_picked":["Pray","Perseverance"],"picked":"Meditate","floor":7},{"not_picked":["ThirdEye","BattleHymn"],"picked":"CarveReality","floor":8},{"not_picked":["WindmillStrike","FollowUp"],"picked":"Halt","floor":11},{"not_picked":["Crescendo","Swivel"],"picked":"BowlingBash","floor":13},{"not_picked":["MasterReality","EmptyBody"],"picked":"Prostrate","floor":14},{"not_picked":["Alpha","SpiritShield"],"picked":"Devotion","floor":16},{"not_picked":["EmptyMind","Conclude"],"picked":"Wallop","floor":18},{"not_picked":["EmptyFist","FlyingSleeves"],"picked":"ClearTheMind","floor":19},{"not_picked":["Perseverance","ForeignInfluence+1","FlyingSleeves"],"picked":"SKIP","floor":24},{"not_picked":["Perseverance","Evaluate"],"picked":"ThirdEye","floor":27},{"not_picked":["JustLucky","Protect"],"picked":"Scrawl","floor":31},{"not_picked":["DeusExMachina","Ragnarok"],"picked":"Brilliance","floor":33},{"not_picked":["Consecrate","Adaptation"],"picked":"CrushJoints+1","floor":35},{"not_picked":["Prostrate","WheelKick"],"picked":"MentalFortress+1","floor":38}],"player_experience":2531451,"relics_obtained":[{"floor":4,"key":"Bottled Flame"},{"floor":7,"key":"Lantern"},{"floor":9,"key":"Orichalcum"},{"floor":11,"key":"Blood Vial"},{"floor":17,"key":"Omamori"},{"floor":17,"key":"Kunai"},{"floor":17,"key":"CloakClasp"},{"floor":19,"key":"Red Mask"},{"floor":26,"key":"HornCleat"},{"floor":27,"key":"Girya"},{"floor":38,"key":"Thread and Needle"}],"event_choices":[{"damage_healed":0,"gold_gain":0,"player_choice":"0 cards matched","damage_taken":0,"max_hp_gain":0,"max_hp_loss":0,"event_name":"Match and Keep!","floor":2,"gold_loss":0,"cards_obtained":[]},{"damage_healed":0,"gold_gain":0,"player_choice":"Fought Bandits","damage_taken":0,"max_hp_gain":0,"max_hp_loss":0,"event_name":"Masked Bandits","floor":19,"gold_loss":0},{"damage_healed":0,"gold_gain":0,"player_choice":"Opened","damage_taken":0,"relics_obtained":["Bronze Scales"],"max_hp_gain":0,"max_hp_loss":0,"event_name":"The Mausoleum","floor":20,"gold_loss":0,"cards_obtained":["Writhe"]},{"damage_healed":0,"gold_gain":0,"player_choice":"Inject Mutagens","damage_taken":0,"relics_obtained":["MutagenicStrength"],"max_hp_gain":0,"max_hp_loss":0,"event_name":"Drug Dealer","floor":21,"gold_loss":0},{"damage_healed":0,"gold_gain":222,"player_choice":"Wore Mask","damage_taken":0,"max_hp_gain":0,"max_hp_loss":0,"event_name":"Tomb of Lord Red Mask","floor":36,"gold_loss":0},{"damage_healed":0,"gold_gain":0,"player_choice":"Fight","damage_taken":0,"max_hp_gain":0,"max_hp_loss":0,"event_name":"Mysterious Sphere","floor":38,"gold_loss":0},{"damage_healed":0,"gold_gain":0,"player_choice":"Ignored","damage_taken":0,"max_hp_gain":0,"max_hp_loss":0,"event_name":"SecretPortal","floor":39,"gold_loss":0}],"is_beta":true,"boss_relics":[{"not_picked":["SlaversCollar","Ectoplasm"],"picked":"Calling Bell"},{"not_picked":["Runic Pyramid","Runic Dome"],"picked":"VioletLotus"}],"items_purged_floors":[12,22],"is_endless":false,"potions_floor_spawned":[1,5,11,13,14,18,27,31,38],"killed_by":"Nemesis","ascension_level":20}}