{"host":"o5or1zybx7au40zl","time":1612888872,"event":{"mods":["Act Like it!","Aspiration","BaseMod","Better Third Choice","Conspire","Dota2Spire","GungeonMod","Halation","Hubris","Infinite Spire","Minty Spire (QoL Compilation)","Replay The Spire","Robot Space Explorer","StSLib","The Jungle","Yuri Mod"],"gold_per_floor":[111,125,10,26,38,38,69,88,88,88,88],"floor_reached":10,"language":"ENG","playtime":259,"items_purged":[],"score":70,"play_id":"3fac9366-0940-4746-bb6e-148f29a7dcc2","local_time":"20210209174112","is_ascension_mode":false,"campfire_choices":[],"circlet_count":0,"master_deck":["DemoMod:Strike_Huntress","DemoMod:Strike_Huntress","DemoMod:Strike_Huntress","DemoMod:Defend_Huntress","DemoMod:Defend_Huntress","DemoMod:Defend_Huntress","DemoMod:Defend_Huntress","DemoMod:Roll","DemoMod:ManualReload","DemoMod:RustySidearm","DemoMod:CrossBow","DemoMod:HungryBullets","DemoMod:FortunesFavor","DemoMod:ShadowBullets","DemoMod:Casey+1","DemoMod:Purify","Pain","DemoMod:Evolver","DemoMod:TeaPot"],"relics":["DemoMod:Dog","NeowsBlessing","WarpedTongs","hubris:OldNail","hubris:DisguiseKit"],"acts_visited":["Exordium"],"potions_floor_usage":[7],"damage_taken":[{"damage":0,"enemies":"Cultist","floor":1,"turns":1},{"damage":0,"enemies":"2 Louse","floor":2,"turns":1},{"damage":0,"enemies":"Jaw Worm","floor":4,"turns":1},{"damage":9,"enemies":"Exordium Thugs","floor":5,"turns":4},{"damage":23,"enemies":"Lagavulin","floor":7,"turns":6},{"damage":4,"enemies":"Looter","floor":8,"turns":4},{"damage":35,"enemies":"Gremlin Nob","floor":10,"turns":4}],"seed_played":"-3762664179368095310","potions_obtained":[{"floor":1,"key":"Energy Potion"},{"floor":5,"key":"Weak Potion"},{"floor":8,"key":"Strength Potion"}],"is_trial":false,"path_per_floor":["M","M","$","M","M","?","E","M","T","E"],"character_chosen":"HUNTRESS","items_purchased":["DemoMod:ShadowBullets","DemoMod:Casey+1"],"campfire_rested":0,"item_purchase_floors":[3,3],"current_hp_per_floor":[70,70,70,70,61,61,38,34,34,0,0],"gold":88,"neow_bonus":"THREE_ENEMY_KILL","is_daily":false,"chose_seed":false,"campfire_upgraded":0,"win_rate":0.0,"timestamp":1612888872,"path_taken":["M","M","$","?","M","?","E","?","T","E"],"items_purchased_type":["Card","Card"],"build_version":"2020-12-22","purchased_purges":0,"victory":false,"max_hp_per_floor":[70,70,70,70,70,70,70,70,70,70,70],"card_choices":[{"not_picked":["DemoMod:GunstockTap","DemoMod:TableSutra"],"picked":"DemoMod:HungryBullets","floor":1},{"not_picked":["DemoMod:PotionOfGunFriendShip","DemoMod:FastSwitch"],"picked":"DemoMod:FortunesFavor","floor":2},{"not_picked":["DemoMod:RadGun","DemoMod:PracticeMakesPerfect"],"picked":"DemoMod:Purify","floor":4},{"not_picked":["DemoMod:PracticeMakesPerfect","DemoMod:BoxingGlove","DemoMod:FeignSurrender"],"picked":"SKIP","floor":5},{"not_picked":["DemoMod:MachoBrace","DemoMod:SkilledReload"],"picked":"DemoMod:Evolver","floor":7},{"not_picked":["DemoMod:DirectionalPad","DemoMod:AC15"],"picked":"DemoMod:TeaPot","floor":8}],"player_experience":996535,"relics_obtained":[{"floor":7,"key":"hubris:OldNail"},{"floor":9,"key":"hubris:DisguiseKit"}],"event_choices":[{"damage_healed":0,"gold_gain":0,"player_choice":"Rummage","damage_taken":0,"relics_obtained":["WarpedTongs"],"max_hp_gain":0,"max_hp_loss":0,"event_name":"Accursed Blacksmith","floor":6,"gold_loss":0,"cards_obtained":["Pain"]}],"is_beta":false,"boss_relics":[],"items_purged_floors":[],"is_endless":false,"potions_floor_spawned":[1,5,8],"killed_by":"Gremlin Nob","ascension_level":0}}