{"host":"8fnghcq8tvbg6z9e","time":1612868328,"event":{"mods":["Ascension Reborn","BaseMod","Conspire","Downfall","Minty Spire (QoL Compilation)","Quick Restart","StSLib"],"gold_per_floor":[99,161,161,261,261,261,288,298,333,345,363,87,87,115,128,128,128,128],"floor_reached":16,"language":"ZHS","playtime":766,"items_purged":["Slimebound:Defend_Slimebound"],"score":133,"play_id":"4bac989c-2c1b-48a6-980c-b3b8c82d0b92","local_time":"20210209185848","is_ascension_mode":true,"campfire_choices":[{"data":"Slimebound:Split","floor":1.0,"key":"SMITH"},{"floor":13,"key":"RECALL"}],"circlet_count":0,"master_deck":["Slimebound:Strike_Slimebound","Slimebound:Strike_Slimebound","Slimebound:Strike_Slimebound","Slimebound:Tackle","Slimebound:Defend_Slimebound","Slimebound:Defend_Slimebound","Slimebound:Defend_Slimebound","Slimebound:Split+1","Slimebound:CorrosiveSpit","Slimebound:LeechingTouch","Slimebound:Split","Slimebound:SplitMire","Slimebound:MassFeed","Slimebound:SplitLeeching","Slimebound:LeechingTouch","Slimebound:SlimeBrawl","Slimebound:Teamwork"],"relics":["Slimebound:AbsorbEndCombat","downfall:HeartsMalice","Blood Vial","Tiny Chest","Anchor","Toy Ornithopter"],"acts_visited":["Exordium"],"potions_floor_usage":[10,11],"damage_taken":[{"damage":0.0,"enemies":"Gremlin Nob","floor":2.0,"turns":1.0},{"damage":0.0,"enemies":"conspire:RoseBush","floor":3.0,"turns":1.0},{"damage":0.0,"enemies":"2 Louse","floor":6.0,"turns":1.0},{"damage":0.0,"enemies":"Cultist","floor":8.0,"turns":4.0},{"damage":9.0,"enemies":"Lagavulin","floor":9.0,"turns":10.0},{"damage":4,"enemies":"Gremlin Gang","floor":10,"turns":2},{"damage":4,"enemies":"2 Fungi Beasts","floor":11,"turns":4},{"damage":2,"enemies":"downfall:FleeingMerchant","floor":12,"turns":4},{"damage":22,"enemies":"3 Sentries","floor":14,"turns":7},{"damage":6,"enemies":"conspire:2 RoseBushes","floor":15,"turns":4},{"damage":8,"enemies":"SI_SHIV_ARCHETYPE","floor":16,"turns":5}],"seed_played":"5125283716869401920","potions_obtained":[{"floor":2.0,"key":"BlessingOfTheForge"},{"floor":8.0,"key":"AttackPotion"},{"floor":9.0,"key":"SpeedPotion"},{"floor":14,"key":"EssenceOfSteel"}],"is_trial":false,"path_per_floor":["R","?","M","?","?","M","T","M","E","M","M","$","R","E","M","B"],"character_chosen":"SLIMEBOUND","items_purchased":["Slimebound:SlimeBrawl","Anchor"],"campfire_rested":0,"item_purchase_floors":[12,12],"current_hp_per_floor":[65,65,65,65,65,65,65,65,57,69,77,83,83,69,69,69,69,69],"gold":128,"neow_bonus":"THREE_ENEMY_KILL","is_daily":false,"chose_seed":false,"campfire_upgraded":1,"win_rate":0.0,"timestamp":1612868328,"path_taken":["R","?","M","?","?","?","T","M","E","?","M","$","R","E","M","BOSS"],"items_purchased_type":["Card","Relic"],"build_version":"2020-12-22","purchased_purges":1,"victory":false,"max_hp_per_floor":[65,65,65,65,65,65,65,65,65,77,83,83,83,83,83,83,83,83],"card_choices":[{"not_picked":["Slimebound:ItLooksTasty","Slimebound:GoopTackle"],"picked":"Slimebound:LeechingTouch","floor":3.0},{"not_picked":["Slimebound:SamplingLick","Slimebound:Chomp"],"picked":"Slimebound:SplitMire","floor":6.0},{"not_picked":["Slimebound:Equalize","Slimebound:PressTheAttack"],"picked":"Slimebound:MassFeed","floor":8.0},{"not_picked":["Slimebound:SamplingLick","Slimebound:RollThrough","Slimebound:SlimeTap"],"picked":"SKIP","floor":9.0},{"not_picked":["Slimebound:ForwardTackle","Slimebound:SplitAcid"],"picked":"Slimebound:SplitLeeching","floor":10},{"not_picked":["Slimebound:SplitMire","Slimebound:HauntingLick"],"picked":"Slimebound:LeechingTouch","floor":11},{"not_picked":["Slimebound:Recollect","Slimebound:HauntingLick","Slimebound:WasteNot"],"picked":"SKIP","floor":12},{"not_picked":["Slimebound:Gluttony","Slimebound:SlimeBrawl"],"picked":"Slimebound:Teamwork","floor":14},{"not_picked":["Slimebound:ServeAndProtect","Slimebound:SlimeSpikes","Slimebound:Dissolve"],"picked":"SKIP","floor":15}],"player_experience":179186,"relics_obtained":[{"floor":2.0,"key":"Blood Vial"},{"floor":9.0,"key":"Tiny Chest"},{"floor":14,"key":"Toy Ornithopter"}],"event_choices":[],"is_beta":false,"boss_relics":[],"items_purged_floors":[12],"is_endless":false,"potions_floor_spawned":[2,8,9,14],"killed_by":"SI_SHIV_ARCHETYPE","ascension_level":0}}