{"host":"bgyhjzqafgkxdxsh","time":1612855083,"event":{"mods":["BaseMod","Colored Map","Minty Spire (QoL Compilation)","Relic Stats","StSLib","everything is the same but u backflip on backflip"],"gold_per_floor":[114,44,44,57,72,72,101,101,101,86,120,45,45,64,64,169,169,180,200,110,10,20,20,20],"floor_reached":23,"language":"ENG","playtime":1041,"items_purged":["Decay","Defend_P"],"score":271,"play_id":"785daec2-297c-45ff-857d-4b52b04811b9","local_time":"20210209171803","is_ascension_mode":true,"campfire_choices":[{"data":"Fasting2","floor":6,"key":"SMITH"},{"data":"Eruption","floor":8,"key":"SMITH"},{"data":"Perseverance","floor":15,"key":"SMITH"}],"circlet_count":0,"master_deck":["Strike_P","Strike_P","Strike_P","Defend_P","Defend_P","Defend_P","Eruption+1","Vigilance","Protect","Fasting2+1","SashWhip","FlurryOfBlows+1","FollowUp","TalkToTheHand","JustLucky","Perseverance+1","Devotion","SandsOfTime+1","LikeWater+1","Consecrate+1"],"relics":["PureWater","NeowsBlessing","Pocketwatch","Eternal Feather","Pear","Runic Dome"],"acts_visited":["Exordium","TheCity"],"potions_floor_usage":[23,23,23],"damage_taken":[{"damage":0,"enemies":"Small Slimes","floor":1,"turns":1},{"damage":0,"enemies":"Cultist","floor":4,"turns":1},{"damage":0,"enemies":"Jaw Worm","floor":5,"turns":1},{"damage":32,"enemies":"3 Sentries","floor":7,"turns":16},{"damage":11,"enemies":"Exordium Thugs","floor":10,"turns":4},{"damage":0,"enemies":"Lagavulin","floor":11,"turns":5},{"damage":0,"enemies":"2 Fungi Beasts","floor":14,"turns":3},{"damage":4,"enemies":"Hexaghost","floor":16,"turns":7},{"damage":5,"enemies":"Chosen","floor":18,"turns":3},{"damage":40,"enemies":"2 Thieves","floor":19,"turns":3},{"damage":8,"enemies":"3 Cultists","floor":22,"turns":5},{"damage":67,"enemies":"Gremlin Leader","floor":23,"turns":6}],"seed_played":"-2616006740617224490","potions_obtained":[{"floor":5,"key":"DuplicationPotion"},{"floor":7,"key":"Regen Potion"},{"floor":10,"key":"Energy Potion"}],"is_trial":false,"path_per_floor":["M","$","?","M","M","R","E","R","T","M","E","$","$","M","R","B",null,"M","M","?","$","M","E"],"character_chosen":"WATCHER","items_purchased":["Fasting2"],"campfire_rested":0,"item_purchase_floors":[2],"current_hp_per_floor":[72,72,72,72,72,72,40,40,40,29,39,39,39,39,48,44,82,77,37,37,37,29,0,0],"gold":20,"neow_bonus":"THREE_ENEMY_KILL","is_daily":false,"chose_seed":false,"campfire_upgraded":3,"win_rate":0.0,"timestamp":1612855083,"path_taken":["M","$","?","?","M","R","E","R","T","M","E","?","$","M","R","BOSS","M","M","?","?","M","E"],"items_purchased_type":["Card"],"build_version":"2020-12-22","purchased_purges":2,"victory":false,"max_hp_per_floor":[72,72,72,72,72,72,72,72,72,72,82,82,82,82,82,82,82,82,82,82,82,82,82,82],"relic_stats":{"counters":[12,55],"Eternal Feather":9,"obtain_stats":[{"Runic Dome":17,"Pear":11,"NeowsBlessing":0,"Eternal Feather":9,"PureWater":0,"Pocketwatch":7},{"Runic Dome":8,"Pear":6,"NeowsBlessing":0,"Eternal Feather":4,"PureWater":0,"Pocketwatch":4},{"Runic Dome":38,"Pear":28,"NeowsBlessing":0,"Eternal Feather":19,"PureWater":0,"Pocketwatch":19}],"Pocketwatch":[30]},"card_choices":[{"not_picked":["CrushJoints","Wireheading"],"picked":"Protect","floor":1},{"not_picked":["Halt","FollowUp"],"picked":"SashWhip","floor":4},{"not_picked":["Establishment","Consecrate"],"picked":"FlurryOfBlows","floor":5},{"not_picked":["FearNoEvil","Weave"],"picked":"FollowUp","floor":7},{"not_picked":["Nirvana","Study"],"picked":"TalkToTheHand","floor":10},{"not_picked":["BattleHymn","Consecrate"],"picked":"JustLucky","floor":11},{"not_picked":["Vengeance","EmptyBody"],"picked":"Perseverance","floor":14},{"not_picked":["Brilliance","Establishment"],"picked":"Devotion","floor":16},{"not_picked":["PathToVictory","WindmillStrike"],"picked":"SandsOfTime+1","floor":18},{"not_picked":["CrushJoints","SashWhip+1"],"picked":"LikeWater+1","floor":19},{"not_picked":["Prostrate","Evaluate"],"picked":"Consecrate+1","floor":22}],"player_experience":484716,"relics_obtained":[{"floor":7,"key":"Pocketwatch"},{"floor":9,"key":"Eternal Feather"},{"floor":11,"key":"Pear"}],"event_choices":[{"damage_healed":0,"gold_gain":0,"player_choice":"Cursed","damage_taken":0,"max_hp_gain":0,"max_hp_loss":0,"event_name":"Wheel of Change","floor":3,"gold_loss":0,"cards_obtained":["Decay"]},{"cards_removed":["Strike_P"],"damage_healed":0,"gold_gain":0,"player_choice":"Upgrade and Remove","damage_taken":0,"max_hp_gain":0,"max_hp_loss":0,"event_name":"Designer","floor":20,"gold_loss":90,"cards_upgraded":["FlurryOfBlows"]}],"is_beta":false,"boss_relics":[{"not_picked":["Fusion Hammer","Snecko Eye"],"picked":"Runic Dome"}],"items_purged_floors":[12,21],"is_endless":false,"potions_floor_spawned":[5,7,10,14,16,22],"killed_by":"Gremlin Leader","ascension_level":4}}