{"host":"w3q5ijqu8eoknil3","time":1612905412,"event":{"mods":["AchievementEnabler","BaseMod","Block Reminder","Colored Map","Colored Powertips","Curses Come First","Dark Map","Minty Spire (QoL Compilation)","Quick Restart","Relic Stats","StSLib","ojb\u0027s Better Paths Mod","ojb\u0027s Info Mod","slay the spire mod where everything is the same but ironclad has a cowboy hat"],"gold_per_floor":[117,129,129,129,144,178,192,192,192,117,148,148,168,181,181,255,255,267,278,34,34,34],"floor_reached":21,"language":"ENG","playtime":698,"items_purged":["Strike_G"],"score":421,"play_id":"2b069531-1c84-4937-a91f-4527311e958d","local_time":"20210209211652","is_ascension_mode":true,"campfire_choices":[{"floor":8,"key":"REST"},{"data":"Blade Dance","floor":15,"key":"SMITH"}],"circlet_count":0,"master_deck":["AscendersBane","Strike_G+1","Strike_G+1","Defend_G","Defend_G","Defend_G","Defend_G","Defend_G","Survivor","Neutralize","Corpse Explosion","Blade Dance","Bouncing Flask","Blur","PiercingWail","Corpse Explosion","Bouncing Flask","Blade Dance+1","Bullet Time","PiercingWail"],"relics":["Ring of the Snake","Shuriken","Lizard Tail","Bird Faced Urn","Coffee Dripper","Medical Kit"],"acts_visited":["Exordium","TheCity"],"potions_floor_usage":[6,6,11,14,16,21],"damage_taken":[{"damage":1,"enemies":"Small Slimes","floor":1,"turns":3},{"damage":0,"enemies":"Jaw Worm","floor":2,"turns":4},{"damage":1,"enemies":"Cultist","floor":5,"turns":3},{"damage":32,"enemies":"3 Sentries","floor":6,"turns":6},{"damage":5,"enemies":"Exordium Wildlife","floor":7,"turns":3},{"damage":11,"enemies":"Gremlin Nob","floor":11,"turns":3},{"damage":0,"enemies":"3 Louse","floor":13,"turns":1},{"damage":13,"enemies":"Exordium Thugs","floor":14,"turns":5},{"damage":16,"enemies":"Slime Boss","floor":16,"turns":9},{"damage":20,"enemies":"Shell Parasite","floor":18,"turns":4},{"damage":22,"enemies":"2 Thieves","floor":19,"turns":3},{"damage":8,"enemies":"Snake Plant","floor":21,"turns":2}],"seed_played":"966187550304414227","potions_obtained":[{"floor":4,"key":"Energy Potion"},{"floor":4,"key":"Swift Potion"},{"floor":7,"key":"SneckoOil"},{"floor":11,"key":"SpeedPotion"},{"floor":14,"key":"LiquidMemories"},{"floor":19,"key":"SpeedPotion"}],"is_trial":false,"path_per_floor":["M","M","?","?","M","E","M","R","T","?","E","?","M","M","R","B",null,"M","M","$","M"],"character_chosen":"THE_SILENT","items_purchased":["Medical Kit"],"campfire_rested":1,"item_purchase_floors":[20],"current_hp_per_floor":[58,58,40,40,39,7,2,20,20,20,9,2,2,30,30,14,49,29,7,7,0,0],"gold":34,"neow_bonus":"THREE_RARE_CARDS","is_daily":false,"chose_seed":false,"campfire_upgraded":1,"win_rate":0.0,"timestamp":1612905412,"path_taken":["M","M","?","?","M","E","?","R","T","?","E","?","M","?","R","BOSS","M","M","$","M"],"items_purchased_type":["Relic"],"build_version":"2020-12-22","purchased_purges":1,"victory":false,"max_hp_per_floor":[60,60,60,60,60,60,60,60,60,60,60,60,60,60,60,60,60,60,60,60,60,60],"relic_stats":{"Lizard Tail":30,"counters":[12,46],"Shuriken":[11],"Bird Faced Urn":[0],"Medical Kit":[0],"obtain_stats":[{"Lizard Tail":9,"Shuriken":6,"Bird Faced Urn":11,"Coffee Dripper":17,"Medical Kit":20,"Ring of the Snake":0},{"Lizard Tail":5,"Shuriken":4,"Bird Faced Urn":6,"Coffee Dripper":9,"Medical Kit":11,"Ring of the Snake":0},{"Lizard Tail":19,"Shuriken":16,"Bird Faced Urn":22,"Coffee Dripper":37,"Medical Kit":44,"Ring of the Snake":0}],"Ring of the Snake":[24]},"card_choices":[{"not_picked":["Burst","Wraith Form v2"],"picked":"Corpse Explosion","floor":0},{"not_picked":["Dagger Spray","Finisher"],"picked":"Blade Dance","floor":1},{"not_picked":["Terror","Bane"],"picked":"Bouncing Flask","floor":2},{"not_picked":["Heel Hook","PiercingWail"],"picked":"Blur","floor":5},{"not_picked":["Expertise","Calculated Gamble"],"picked":"PiercingWail","floor":6},{"not_picked":["Dodge and Roll","Outmaneuver","Setup"],"picked":"SKIP","floor":7},{"not_picked":["Bane","Sucker Punch"],"picked":"Corpse Explosion","floor":11},{"not_picked":["Backflip","Sucker Punch"],"picked":"Bouncing Flask","floor":13},{"not_picked":["Deadly Poison","Sucker Punch"],"picked":"Blade Dance","floor":14},{"not_picked":["Die Die Die","Envenom"],"picked":"Bullet Time","floor":16},{"not_picked":["Deflect","Quick Slash"],"picked":"PiercingWail","floor":18},{"not_picked":["Dodge and Roll","Deflect","Slice"],"picked":"SKIP","floor":19}],"player_experience":1042081,"relics_obtained":[{"floor":6,"key":"Shuriken"},{"floor":9,"key":"Lizard Tail"},{"floor":11,"key":"Bird Faced Urn"}],"event_choices":[{"damage_healed":0,"gold_gain":0,"player_choice":"Entered Light","damage_taken":18,"max_hp_gain":0,"max_hp_loss":0,"event_name":"Shining Light","floor":3,"gold_loss":0,"cards_upgraded":["Strike_G","Strike_G"]},{"damage_healed":0,"gold_gain":0,"player_choice":"Got Potions","damage_taken":0,"max_hp_gain":0,"max_hp_loss":0,"event_name":"Lab","floor":4,"gold_loss":0},{"cards_removed":["Strike_G"],"damage_healed":0,"gold_gain":0,"player_choice":"Card Removal","damage_taken":0,"max_hp_gain":0,"max_hp_loss":0,"event_name":"The Cleric","floor":10,"gold_loss":75},{"cards_removed":["Strike_G"],"damage_healed":0,"gold_gain":0,"player_choice":"Card Removal","damage_taken":7,"max_hp_gain":0,"max_hp_loss":0,"event_name":"Golden Wing","floor":12,"gold_loss":0}],"is_beta":false,"boss_relics":[{"not_picked":["Philosopher\u0027s Stone","SacredBark"],"picked":"Coffee Dripper"}],"items_purged_floors":[20],"is_endless":false,"potions_floor_spawned":[5,7,11,14,19],"killed_by":"Snake Plant","ascension_level":19}}