{"host":"6rmw1q50jy0xmvyl","time":1612895564,"event":{"mods":["BaseMod","BetterRewards","Clockwork Mod","Colored Map","Duelist Mod","Infinite Spire","Minty Spire (QoL Compilation)","Reliquary","Remove Card Discount Mod","StSLib","Weighted Paths","thorton","??????REMEMod"],"gold_per_floor":[110,121,121,121,121,121,147,64,64,80,80,80,96,40,40,144,144,161,161,161,174,87,87,2,2,28,28,45,45,58,78,78,175,175,194,194,244,0,20,20,54,54,80,106,106,123,138,153,153,153],"floor_reached":51,"language":"ENG","playtime":2644,"items_purged":["Strike_B","Strike_B","Strike_B","Defend_B","Defend_B","Decay","Defend_B","Defend_B","Strike_B","Dualcast+1","Zap","Heatsinks"],"score":1116,"play_id":"38320db8-abf2-49c2-919a-f5b1f1f5a308","local_time":"20210209193244","is_ascension_mode":true,"campfire_choices":[{"floor":6,"key":"REST"},{"floor":12,"key":"REST"},{"data":"Darkness","floor":15,"key":"SMITH"},{"floor":23,"key":"REST"},{"floor":25,"key":"REST"},{"data":"Discovery","floor":29,"key":"SMITH"},{"floor":32,"key":"REST"},{"data":"Redo","floor":40,"key":"SMITH"},{"data":"infinitespire:Oblivion","floor":49,"key":"SMITH"}],"circlet_count":0,"master_deck":["Self Repair","Darkness+1","Beam Cell","Consume+1","Go for the Eyes","infinitespire:Gouge","Glacier","Ball Lightning","Conserve Battery","Redo+1","Core Surge","Necronomicurse","Discovery+1","Lockon","infinitespire:Collect","infinitespire:Fortify","Discovery+1","Creative AI","Storm","Darkness+1","infinitespire:Starlight","infinitespire:Oblivion+1","Sunder"],"relics":["Cracked Core","REME_ComplimentaryCards","StoneCalendar","OrangePellets","Matryoshka","DataDisk","reliquary:JackalopeAntler","reliquary:WritOfMandamus","Necronomicon","MutagenicStrength","Ancient Tea Set","Toy Ornithopter","Dream Catcher","Orrery","thethorton:CrushedCigarette","reliquary:RedCape","reliquary:Conveyor","Red Mask","reliquary:TuningFork","reliquary:Knoch","Bottled Lightning","Lee\u0027s Waffle"],"acts_visited":["Exordium","TheCity","TheBeyond"],"potions_floor_usage":[13,21,30,33,39,44,44,50],"damage_taken":[{"damage":1,"enemies":"Cultist","floor":1,"turns":3},{"damage":18,"enemies":"Jaw Worm","floor":2,"turns":4},{"damage":18,"enemies":"Gremlin Nob","floor":7,"turns":4},{"damage":0,"enemies":"2 Louse","floor":10,"turns":3},{"damage":4,"enemies":"Gremlin Gang","floor":13,"turns":3},{"damage":19,"enemies":"Slime Boss","floor":16,"turns":7},{"damage":6,"enemies":"3 Byrds","floor":18,"turns":3},{"damage":20,"enemies":"2 Thieves","floor":21,"turns":2},{"damage":0,"enemies":"Snecko","floor":28,"turns":4},{"damage":10,"enemies":"3 Cultists","floor":30,"turns":4},{"damage":18,"enemies":"Snake Plant","floor":31,"turns":2},{"damage":50,"enemies":"Collector","floor":33,"turns":10},{"damage":5,"enemies":"3 Darklings","floor":35,"turns":5},{"damage":0,"enemies":"Mind Bloom Boss Battle","floor":37,"turns":5},{"damage":0,"enemies":"Orb Walker","floor":39,"turns":1},{"damage":10,"enemies":"Giant Head","floor":41,"turns":6},{"damage":69,"enemies":"Reptomancer","floor":44,"turns":3},{"damage":23,"enemies":"Writhing Mass","floor":46,"turns":5},{"damage":23,"enemies":"Jaw Worm Horde","floor":47,"turns":4},{"damage":9,"enemies":"3 Darklings","floor":48,"turns":4},{"damage":65,"enemies":"Awakened One","floor":50,"turns":8}],"seed_played":"-569948712882200441","potions_obtained":[{"floor":7,"key":"Swift Potion"},{"floor":13,"key":"FairyPotion"},{"floor":16,"key":"EssenceOfSteel"},{"floor":18,"key":"Fire Potion"},{"floor":28,"key":"Weak Potion"},{"floor":33,"key":"SteroidPotion"},{"floor":35,"key":"BlessingOfTheForge"},{"floor":41,"key":"PowerPotion"},{"floor":44,"key":"Dexterity Potion"}],"is_trial":false,"path_per_floor":["M","M","?","?","?","R","E","$","T","M","$","R","M","$","R","B",null,"M","?","?","M","$","R","?","R","T","AVR","M","R","M","M","R","B",null,"M","?","?","?","M","R","E","?","T","E","AVR","M","M","M","R","B",null],"character_chosen":"DEFECT","items_purchased":["Self Repair","Darkness","Beam Cell","StoneCalendar","OrangePellets","Glacier","Redo","Discovery"],"campfire_rested":5,"item_purchase_floors":[0,0,0,0,0,8,14,22],"current_hp_per_floor":[54,43,29,12,12,33,22,22,22,29,29,50,53,53,53,41,63,64,48,48,28,28,49,49,70,70,70,70,70,67,49,70,27,59,61,61,68,68,70,70,67,67,67,8,77,71,65,76,76,32],"gold":153,"neow_bonus":"","is_daily":false,"chose_seed":false,"campfire_upgraded":4,"win_rate":0.0,"timestamp":1612895564,"path_taken":["M","M","?","?","?","R","E","$","T","M","$","R","?","?","R","BOSS","M","?","?","M","?","R","?","R","T","AVR","M","R","M","M","R","BOSS","M","?","?","?","M","R","E","?","T","E","AVR","?","M","M","R","BOSS"],"items_purchased_type":["Card","Card","Card","Relic","Relic","Card","Card","Card"],"build_version":"2020-12-22","purchased_purges":12,"victory":true,"max_hp_per_floor":[70,70,70,70,70,70,70,70,70,70,70,70,70,70,70,70,70,70,70,70,70,70,70,70,70,70,70,70,70,70,70,70,70,70,70,70,70,70,70,70,70,70,70,70,77,77,77,77,77,77],"card_choices":[{"not_picked":["Sweeping Beam","Recycle"],"picked":"Consume","floor":1},{"not_picked":["Sunder","REME_Compress"],"picked":"Go for the Eyes","floor":2},{"not_picked":["infinitespire:SevenWalls","infinitespire:FutureSight"],"picked":"infinitespire:Gouge","floor":4},{"not_picked":["BootSequence","Streamline"],"picked":"Heatsinks","floor":7},{"not_picked":["Sweeping Beam","Fission"],"picked":"Ball Lightning","floor":10},{"not_picked":["Stack","Beam Cell"],"picked":"Conserve Battery","floor":13},{"not_picked":["Biased Cognition","REME_Shoggoth"],"picked":"Core Surge","floor":16},{"not_picked":["Steam+1","Go for the Eyes","Chill"],"picked":"SKIP","floor":18},{"not_picked":["Rip and Tear","Barrage","Stack"],"picked":"SKIP","floor":21},{"not_picked":["Rebound","Turbo"],"picked":"Lockon","floor":27},{"not_picked":["Hello World","Hyperbeam","Ball Lightning+1"],"picked":"SKIP","floor":28},{"not_picked":["Gash+1","Conserve Battery+1","Streamline"],"picked":"SKIP","floor":30},{"not_picked":["Beam Cell","Compile Driver","Biased Cognition"],"picked":"SKIP","floor":31},{"not_picked":["REME_Shoggoth","Biased Cognition","Reboot"],"picked":"Creative AI","floor":33},{"not_picked":["Melter","Conserve Battery","Coolheaded"],"picked":"SKIP","floor":35},{"not_picked":["Ball Lightning","Cold Snap+1","Compile Driver"],"picked":"SKIP","floor":39},{"not_picked":["Ball Lightning+1","Fission"],"picked":"Storm","floor":41},{"not_picked":["Heatsinks","Go for the Eyes+1","BootSequence+1"],"picked":"SKIP","floor":44},{"not_picked":["Rebound","Lockon+1","Gash"],"picked":"SKIP","floor":46},{"not_picked":["Self Repair","REME_DataAnalysis+1"],"picked":"Sunder","floor":47},{"not_picked":["Coolheaded+1","Sweeping Beam+1","Streamline"],"picked":"SKIP","floor":48}],"player_experience":712757,"relics_obtained":[{"floor":7,"key":"Matryoshka"},{"floor":9,"key":"DataDisk"},{"floor":9,"key":"reliquary:JackalopeAntler"},{"floor":19,"key":"Necronomicon"},{"floor":26,"key":"Toy Ornithopter"},{"floor":26,"key":"Dream Catcher"},{"floor":37,"key":"reliquary:Conveyor"},{"floor":41,"key":"reliquary:TuningFork"},{"floor":43,"key":"reliquary:Knoch"},{"floor":44,"key":"Bottled Lightning"}],"event_choices":[{"damage_healed":0,"gold_gain":0,"player_choice":"Entered Light","damage_taken":14,"max_hp_gain":0,"max_hp_loss":0,"event_name":"Shining Light","floor":3,"gold_loss":0,"cards_upgraded":["Consume","Dualcast"]},{"damage_healed":0,"gold_gain":0,"player_choice":"Cursed","damage_taken":0,"max_hp_gain":0,"max_hp_loss":0,"event_name":"Wheel of Change","floor":5,"gold_loss":0,"cards_obtained":["Decay"]},{"damage_healed":0,"gold_gain":0,"player_choice":"Obtained Book","damage_taken":16,"max_hp_gain":0,"max_hp_loss":0,"event_name":"Cursed Tome","floor":19,"gold_loss":0},{"damage_healed":0,"gold_gain":0,"player_choice":"Inject Mutagens","damage_taken":0,"relics_obtained":["MutagenicStrength"],"max_hp_gain":0,"max_hp_loss":0,"event_name":"Drug Dealer","floor":20,"gold_loss":0},{"damage_healed":0,"gold_gain":0,"player_choice":"Obtained Relic","damage_taken":0,"relics_obtained":["Ancient Tea Set"],"max_hp_gain":0,"max_hp_loss":0,"event_name":"Addict","floor":24,"gold_loss":85},{"damage_healed":0,"gold_gain":0,"player_choice":"Fight","damage_taken":0,"max_hp_gain":0,"max_hp_loss":0,"event_name":"MindBloom","floor":37,"gold_loss":0},{"damage_healed":0,"gold_gain":0,"player_choice":"Paid","damage_taken":0,"relics_obtained":["Red Mask"],"max_hp_gain":0,"max_hp_loss":0,"event_name":"Tomb of Lord Red Mask","floor":38,"gold_loss":244},{"damage_healed":0,"gold_gain":0,"player_choice":"Copied","damage_taken":0,"max_hp_gain":0,"max_hp_loss":0,"event_name":"Duplicator","floor":42,"gold_loss":0,"cards_obtained":["Darkness"]}],"is_beta":false,"boss_relics":[{"not_picked":["Fusion Hammer","Cursed Key"],"picked":"reliquary:WritOfMandamus"},{"not_picked":["Runic Pyramid","FrozenCore"],"picked":"reliquary:RedCape"}],"items_purged_floors":[0,0,0,0,0,8,8,8,8,14,22,22],"is_endless":false,"potions_floor_spawned":[7,13,16,18,28,33,35,41,44],"ascension_level":5}}