{"host":"vyjryxuuuxkt43k4","time":1612846405,"event":{"mods":["AchievementEnabler","BaseMod","Colored Map","DeckTracker","Keyboard Shortcuts","Minty Spire (QoL Compilation)","Permanent Neow","Quick Restart","StSLib","SuperFastMode","everything is the same but u backflip on backflip"],"gold_per_floor":[114,128,142,162,162,162,189,189,239,257,257,291,302,332,332,332,332],"floor_reached":16,"language":"KOR","playtime":578,"items_purged":[],"score":218,"play_id":"8f3a31da-5ef0-4cb8-bf45-d2b5d034bedb","local_time":"20210209135325","is_ascension_mode":true,"campfire_choices":[{"floor":6.0,"key":"REST"},{"floor":8.0,"key":"REST"},{"data":"MentalFortress","floor":11.0,"key":"SMITH"},{"floor":15,"key":"REST"}],"circlet_count":0,"master_deck":["AscendersBane","Strike_P","Strike_P","Strike_P","Strike_P","Defend_P+1","Defend_P","Defend_P","Defend_P","Eruption+1","Vigilance+1","MentalFortress+1","SandsOfTime","EmptyFist","FollowUp","TalkToTheHand","TalkToTheHand"],"relics":["Black Star","Singing Bowl","War Paint","Blood Vial","Art of War","Sundial","Ice Cream"],"acts_visited":["Exordium"],"potions_floor_usage":[],"damage_taken":[{"damage":9.0,"enemies":"2 Louse","floor":1.0,"turns":4.0},{"damage":7.0,"enemies":"Cultist","floor":2.0,"turns":3.0},{"damage":21.0,"enemies":"Jaw Worm","floor":3.0,"turns":4.0},{"damage":17.0,"enemies":"Blue Slaver","floor":4.0,"turns":5.0},{"damage":12.0,"enemies":"3 Sentries","floor":7.0,"turns":7.0},{"damage":6.0,"enemies":"Exordium Thugs","floor":10.0,"turns":3.0},{"damage":28,"enemies":"Lagavulin","floor":12,"turns":8},{"damage":4,"enemies":"2 Fungi Beasts","floor":13,"turns":4},{"damage":36,"enemies":"Hexaghost","floor":16,"turns":9}],"seed_played":"-6625018119716845888","potions_obtained":[{"floor":4.0,"key":"Swift Potion"},{"floor":7.0,"key":"Weak Potion"}],"is_trial":false,"path_per_floor":["M","M","M","M","?","R","E","R","T","M","R","E","M","?","R","B"],"character_chosen":"WATCHER","items_purchased":[],"campfire_rested":3,"item_purchase_floors":[],"current_hp_per_floor":[52,45,24,7,7,27,17,38,38,36,36,10,8,8,29,0,0],"gold":332,"neow_bonus":"BOSS_RELIC","is_daily":false,"chose_seed":false,"campfire_upgraded":1,"win_rate":0.0,"timestamp":1612846405,"path_taken":["M","M","M","M","?","R","E","R","T","M","R","E","?","?","R","BOSS"],"items_purchased_type":[],"build_version":"2020-12-22","purchased_purges":0,"victory":false,"max_hp_per_floor":[68,68,68,68,68,68,70,70,70,72,72,72,72,72,72,72,72],"card_choices":[{"not_picked":["CrushJoints","EmptyFist"],"picked":"MentalFortress","floor":1.0},{"not_picked":["Crescendo","ThirdEye"],"picked":"SandsOfTime","floor":2.0},{"not_picked":["PathToVictory","CutThroughFate"],"picked":"EmptyFist","floor":3.0},{"not_picked":["Indignation","CutThroughFate"],"picked":"FollowUp","floor":4.0},{"not_picked":["ClearTheMind","Protect","ThirdEye"],"picked":"Singing Bowl","floor":7.0},{"not_picked":["Indignation","Wish","PathToVictory"],"picked":"Singing Bowl","floor":10.0},{"not_picked":["ForeignInfluence","BowlingBash"],"picked":"TalkToTheHand","floor":12},{"not_picked":["CarveReality","Study"],"picked":"TalkToTheHand","floor":13}],"player_experience":859171,"relics_obtained":[{"floor":7.0,"key":"Singing Bowl"},{"floor":7.0,"key":"War Paint"},{"floor":9.0,"key":"Blood Vial"},{"floor":12,"key":"Art of War"},{"floor":12,"key":"Sundial"}],"event_choices":[{"damage_healed":0.0,"max_hp_gain":0.0,"max_hp_loss":0.0,"gold_gain":0.0,"event_name":"Upgrade Shrine","player_choice":"Upgraded","floor":5.0,"gold_loss":0.0,"damage_taken":0.0,"cards_upgraded":["Eruption"]},{"damage_healed":0,"gold_gain":30,"player_choice":"Searched \u00272\u0027 times","damage_taken":0,"relics_obtained":["Ice Cream"],"max_hp_gain":0,"max_hp_loss":0,"event_name":"Dead Adventurer","floor":14,"gold_loss":0}],"is_beta":false,"boss_relics":[],"items_purged_floors":[],"is_endless":false,"potions_floor_spawned":[4,7],"killed_by":"Hexaghost","ascension_level":19}}