{"host":"zgbhbccg3hs73yp6","time":1612857349,"event":{"mods":["ATMod(°¢èªMod)","AchievementEnabler","BaseMod","Colored Powertips","Minty Spire (QoL Compilation)","StSLib","The Bug Knight"],"gold_per_floor":[109,125,17,37,37,37,47,47,47,47,82,97,116,91,91,91,91],"floor_reached":16,"language":"ZHS","playtime":533,"items_purged":[],"score":107,"play_id":"2e306f36-6859-4d8d-8cae-ab43b1a5a886","local_time":"20210209155549","is_ascension_mode":true,"campfire_choices":[{"floor":6.0,"key":"RECALL"},{"data":"Defragment","floor":8.0,"key":"SMITH"},{"data":"AT_KneejerkReflex","floor":15,"key":"SMITH"}],"circlet_count":0,"master_deck":["Strike_B","Strike_B","Strike_B","Strike_B","Defend_B","Defend_B","Defend_B","Defend_B","Zap","Dualcast","AT_KneejerkReflex+1","Blizzard","Stack","Defragment+1","FTL","Chaos","Beam Cell","Amplify","Conserve Battery","Coolheaded","Stack"],"relics":["Cracked Core","AT_ATBox","NeowsBlessing","Matryoshka","Ornamental Fan"],"acts_visited":["Exordium"],"potions_floor_usage":[16],"damage_taken":[{"damage":0.0,"enemies":"Cultist","floor":1.0,"turns":1.0},{"damage":0.0,"enemies":"2 Louse","floor":2.0,"turns":1.0},{"damage":0.0,"enemies":"Jaw Worm","floor":4.0,"turns":1.0},{"damage":10.0,"enemies":"Looter","floor":7.0,"turns":3.0},{"damage":24.0,"enemies":"Gremlin Nob","floor":11.0,"turns":5.0},{"damage":16,"enemies":"Large Slime","floor":12,"turns":6},{"damage":11,"enemies":"3 Louse","floor":13,"turns":3},{"damage":0,"enemies":"Slime Boss","floor":16,"turns":3}],"seed_played":"3451501159394984696","potions_obtained":[{"floor":1.0,"key":"Weak Potion"},{"floor":4.0,"key":"GamblersBrew"},{"floor":13,"key":"CultistPotion"}],"is_trial":false,"path_per_floor":["M","M","$","M","?","R","M","R","T","?","E","M","M","$","R","B"],"character_chosen":"DEFECT","items_purchased":["Defragment","FTL","Stack"],"campfire_rested":0,"item_purchase_floors":[3,3,14],"current_hp_per_floor":[75,75,75,75,75,75,65,65,65,65,41,25,14,14,14,14,14],"gold":91,"neow_bonus":"THREE_ENEMY_KILL","is_daily":false,"chose_seed":false,"campfire_upgraded":2,"win_rate":0.0,"timestamp":1612857349,"path_taken":["M","M","$","M","?","R","M","R","T","?","E","M","M","$","R","BOSS"],"items_purchased_type":["Card","Card","Card"],"build_version":"2020-12-22","purchased_purges":0,"victory":false,"max_hp_per_floor":[75,75,75,75,75,75,75,75,75,75,75,75,75,75,75,75,75],"card_choices":[{"not_picked":["Skim","Gash"],"picked":"Blizzard","floor":1.0},{"not_picked":["AT_RobotInSpace","Hologram"],"picked":"Stack","floor":2.0},{"not_picked":["AT_HeatAcrobatics","Storm"],"picked":"Chaos","floor":4.0},{"not_picked":["Leap","Turbo"],"picked":"Beam Cell","floor":7.0},{"not_picked":["AT_WarpDrive","Reprogram"],"picked":"Amplify","floor":11.0},{"not_picked":["Sweeping Beam","Glacier"],"picked":"Conserve Battery","floor":12},{"not_picked":["Compile Driver","Loop"],"picked":"Coolheaded","floor":13}],"player_experience":61905,"relics_obtained":[{"floor":9.0,"key":"Matryoshka"},{"floor":11.0,"key":"Ornamental Fan"}],"event_choices":[{"damage_healed":0.0,"max_hp_gain":0.0,"max_hp_loss":0.0,"gold_gain":0.0,"event_name":"The Cleric","player_choice":"Leave","floor":5.0,"gold_loss":0.0,"damage_taken":0.0},{"damage_healed":0.0,"max_hp_gain":0.0,"max_hp_loss":0.0,"gold_gain":0.0,"event_name":"Liars Game","player_choice":"Ignored","floor":10.0,"gold_loss":0.0,"damage_taken":0.0}],"is_beta":false,"boss_relics":[],"items_purged_floors":[],"is_endless":false,"potions_floor_spawned":[1,4,13],"killed_by":"Slime Boss","ascension_level":1}}