{"host":"dpbezu80jg8zk7un","time":1612891229,"event":{"mods":["BaseMod","Colored Map","Colored Powertips","Custom Start","DeckTracker","Minty Spire (QoL Compilation)","Quick Restart","StSLib","SuperFastMode"],"gold_per_floor":[109,109,109,109,119,150,170,170,215,215,228,228,228,252,252,351,351,372,243,243,263,276,276,296,196,196,208,235,263,310,342,354,461,473,498,510,548,510,460,491,491,824,850,850,888,919,952,952,952,952,952,952,952,329,363,363],"floor_reached":57,"language":"KOR","playtime":2222,"items_purged":["Strike_P","Defend_P","Strike_P","Strike_P+1","Strike_P+1"],"score":3147,"play_id":"c18cf0d1-23e6-4cb0-af2b-9b3afad9fe56","local_time":"20210210022029","is_ascension_mode":true,"campfire_choices":[{"data":"Eruption","floor":8.0,"key":"SMITH"},{"data":"Vault","floor":12.0,"key":"SMITH"},{"data":"FlyingSleeves","floor":15.0,"key":"SMITH"},{"data":"Adaptation","floor":23.0,"key":"SMITH"},{"floor":32.0,"key":"REST"},{"floor":41.0,"key":"RECALL"},{"floor":44.0,"key":"REST"},{"floor":49.0,"key":"REST"},{"floor":53.0,"key":"REST"}],"circlet_count":0,"master_deck":["AscendersBane","Defend_P+1","Eruption+1","Vigilance+1","Vault+1","FlyingSleeves+1","LessonLearned+1","InnerPeace+1","FlurryOfBlows+1","MentalFortress+1","Tantrum+1","Adaptation+1","WreathOfFlame+1","Meditate+1","FearNoEvil+1","DeusExMachina+1","Master of Strategy+1","Panacea+1","Master of Strategy+1"],"relics":["PureWater","NeowsBlessing","Potion Belt","Tiny Chest","MealTicket","Golden Idol","Matryoshka","Runic Pyramid","MawBank","Smiling Mask","Akabeko","WingedGreaves","Letter Opener","Fusion Hammer","Vajra","Calipers","Old Coin","Toxic Egg 2","Gambling Chip","Orichalcum","Nunchaku","Art of War","Turnip"],"acts_visited":["Exordium","TheCity","TheBeyond","TheEnding"],"potions_floor_usage":[56,56,56],"damage_taken":[{"damage":0.0,"enemies":"Jaw Worm","floor":1.0,"turns":1.0},{"damage":0.0,"enemies":"Small Slimes","floor":5.0,"turns":1.0},{"damage":0.0,"enemies":"3 Sentries","floor":6.0,"turns":1.0},{"damage":0.0,"enemies":"2 Louse","floor":7.0,"turns":3.0},{"damage":4.0,"enemies":"Looter","floor":11.0,"turns":4.0},{"damage":12.0,"enemies":"Gremlin Gang","floor":14.0,"turns":4.0},{"damage":0.0,"enemies":"Slime Boss","floor":16.0,"turns":8.0},{"damage":9.0,"enemies":"2 Thieves","floor":18.0,"turns":2.0},{"damage":0.0,"enemies":"Chosen","floor":21.0,"turns":3.0},{"damage":16.0,"enemies":"Snecko","floor":22.0,"turns":5.0},{"damage":27.0,"enemies":"Shelled Parasite and Fungi","floor":24.0,"turns":4.0},{"damage":0.0,"enemies":"Snake Plant","floor":28.0,"turns":2.0},{"damage":5.0,"enemies":"Chosen and Byrds","floor":29.0,"turns":5.0},{"damage":16.0,"enemies":"Book of Stabbing","floor":30.0,"turns":3.0},{"damage":0.0,"enemies":"Snecko","floor":31.0,"turns":2.0},{"damage":12.0,"enemies":"Automaton","floor":33.0,"turns":7.0},{"damage":0.0,"enemies":"Orb Walker","floor":35.0,"turns":4.0},{"damage":5.0,"enemies":"Giant Head","floor":40.0,"turns":3.0},{"damage":9.0,"enemies":"Reptomancer","floor":42.0,"turns":6.0},{"damage":0.0,"enemies":"Giant Head","floor":45.0,"turns":4.0},{"damage":0.0,"enemies":"Mind Bloom Boss Battle","floor":46.0,"turns":4.0},{"damage":0.0,"enemies":"Reptomancer","floor":47.0,"turns":4.0},{"damage":8.0,"enemies":"Donu and Deca","floor":50.0,"turns":4.0},{"damage":0.0,"enemies":"Time Eater","floor":51.0,"turns":3.0},{"damage":0,"enemies":"Shield and Spear","floor":55,"turns":3},{"damage":15,"enemies":"The Heart","floor":56,"turns":6}],"seed_played":"345273957506071096","potions_obtained":[{"floor":7.0,"key":"DuplicationPotion"},{"floor":11.0,"key":"Fruit Juice"},{"floor":16.0,"key":"Ambrosia"},{"floor":21.0,"key":"SpeedPotion"},{"floor":28.0,"key":"BlessingOfTheForge"},{"floor":31.0,"key":"Ambrosia"},{"floor":33.0,"key":"BlessingOfTheForge"},{"floor":42.0,"key":"LiquidBronze"},{"floor":46.0,"key":"EssenceOfSteel"}],"is_trial":false,"path_per_floor":["M","?","?","?","M","E","M","R","T","?","M","R","T","M","R","B",null,"M","$","?","M","M","R","M","$","T","T","M","M","E","M","R","B",null,"M","?","T","$","$","E","R","E","T","R","E","?","E","?","R","B","B",null,"R","$","E","B",null],"character_chosen":"WATCHER","items_purchased":["FlurryOfBlows","Nunchaku","Art of War","Master of Strategy+1","Block Potion"],"campfire_rested":4,"item_purchase_floors":[19,54,54,54,54],"current_hp_per_floor":[61,61,26,26,26,26,26,26,26,26,22,22,22,15,15,15,54,45,60,60,60,44,44,17,32,32,32,32,27,11,11,31,19,55,55,55,55,67,67,62,62,53,53,67,67,67,67,57,67,59,59,65,67,67,67,52],"gold":363,"neow_bonus":"THREE_ENEMY_KILL","is_daily":false,"chose_seed":false,"campfire_upgraded":4,"win_rate":0.0,"timestamp":1612891229,"path_taken":["M","?","?","?","M","E","M","R","T","?","M","R","?","M","R","BOSS","M","$","?","M","M","R","M","$","T","?","?","?","E","M","R","BOSS","M","?","?","$","$","E","R","E","T","R","E","?","E","?","R","BOSS","BOSS","R","$","E","BOSS"],"items_purchased_type":["Card","Relic","Relic","Card","Potion"],"build_version":"2020-12-22","purchased_purges":5,"victory":true,"max_hp_per_floor":[68,68,68,68,68,68,68,68,68,62,62,62,62,67,67,67,67,67,67,67,67,67,67,67,67,67,67,67,67,67,67,67,67,67,67,67,67,67,67,67,67,67,67,67,67,67,67,67,67,67,67,67,67,67,67,67],"card_choices":[{"not_picked":["Consecrate","Halt","Evaluate"],"picked":"SKIP","floor":1.0},{"not_picked":["Protect","CutThroughFate","ThirdEye"],"picked":"SKIP","floor":5.0},{"not_picked":["Prostrate","Wallop"],"picked":"Vault","floor":6.0},{"not_picked":["Sanctity","Wallop","Vengeance"],"picked":"SKIP","floor":7.0},{"not_picked":["CutThroughFate","EmptyBody","Sanctity"],"picked":"SKIP","floor":11.0},{"not_picked":["Evaluate","Collect","FlyingSleeves"],"picked":"SKIP","floor":14.0},{"not_picked":["Evaluate","Collect"],"picked":"FlyingSleeves","floor":14.0},{"not_picked":["Alpha","Scrawl"],"picked":"LessonLearned","floor":16.0},{"not_picked":["PathToVictory","EmptyBody"],"picked":"InnerPeace+1","floor":18.0},{"not_picked":["Protect+1","BattleHymn"],"picked":"Tantrum","floor":21.0},{"not_picked":["SashWhip","PathToVictory"],"picked":"Adaptation","floor":22.0},{"not_picked":["Worship","SandsOfTime"],"picked":"WreathOfFlame","floor":24.0},{"not_picked":["FollowUp","Prostrate","Devotion"],"picked":"SKIP","floor":28.0},{"not_picked":["WindmillStrike","Protect"],"picked":"Meditate+1","floor":29.0},{"not_picked":["WindmillStrike+1","WheelKick"],"picked":"FearNoEvil","floor":30.0},{"not_picked":["FearNoEvil+1","Prostrate+1","Fasting2"],"picked":"SKIP","floor":31.0},{"not_picked":["Omniscience","SpiritShield"],"picked":"DeusExMachina","floor":33.0},{"not_picked":["FollowUp+1","BowlingBash","Crescendo+1"],"picked":"SKIP","floor":35.0},{"not_picked":["CutThroughFate+1","EmptyFist","BowlingBash"],"picked":"SKIP","floor":40.0},{"not_picked":["Wallop","Evaluate+1","InnerPeace+1"],"picked":"SKIP","floor":42.0},{"not_picked":["Swivel+1","MasterReality","FlyingSleeves"],"picked":"SKIP","floor":45.0},{"not_picked":["Wish+1","ClearTheMind+1","Worship+1"],"picked":"SKIP","floor":47.0},{"not_picked":["Forethought+1","Jack Of All Trades+1"],"picked":"Master of Strategy+1","floor":48.0},{"not_picked":["Apotheosis+1","Dramatic Entrance"],"picked":"Panacea+1","floor":48.0},{"not_picked":["DeceiveReality+1","Prostrate+1","Ragnarok"],"picked":"SKIP","floor":55}],"player_experience":2954911,"relics_obtained":[{"floor":6.0,"key":"Tiny Chest"},{"floor":9.0,"key":"MealTicket"},{"floor":13.0,"key":"Matryoshka"},{"floor":26.0,"key":"MawBank"},{"floor":26.0,"key":"Smiling Mask"},{"floor":27.0,"key":"Akabeko"},{"floor":27.0,"key":"WingedGreaves"},{"floor":30.0,"key":"Letter Opener"},{"floor":37.0,"key":"Vajra"},{"floor":40.0,"key":"Calipers"},{"floor":42.0,"key":"Old Coin"},{"floor":45.0,"key":"Toxic Egg 2"},{"floor":46.0,"key":"Gambling Chip"},{"floor":47.0,"key":"Orichalcum"},{"floor":55,"key":"Turnip"}],"event_choices":[{"damage_healed":0.0,"max_hp_gain":0.0,"max_hp_loss":0.0,"gold_gain":0.0,"event_name":"Liars Game","player_choice":"Ignored","floor":2.0,"gold_loss":0.0,"damage_taken":0.0},{"damage_healed":0.0,"max_hp_gain":0.0,"max_hp_loss":0.0,"gold_gain":0.0,"event_name":"Scrap Ooze","player_choice":"Success","floor":3.0,"gold_loss":0.0,"damage_taken":35.0,"relics_obtained":["Potion Belt"]},{"cards_removed":["Defend_P"],"damage_healed":0.0,"max_hp_gain":0.0,"max_hp_loss":0.0,"gold_gain":0.0,"event_name":"Living Wall","player_choice":"Forget","floor":4.0,"gold_loss":0.0,"damage_taken":0.0},{"damage_healed":0.0,"max_hp_gain":0.0,"max_hp_loss":6.0,"gold_gain":0.0,"event_name":"Golden Idol","player_choice":"Lose Max HP","floor":10.0,"gold_loss":0.0,"damage_taken":0.0,"relics_obtained":["Golden Idol"]},{"damage_healed":0.0,"max_hp_gain":0.0,"max_hp_loss":0.0,"gold_gain":0.0,"event_name":"Match and Keep!","player_choice":"1 cards matched","floor":20.0,"gold_loss":0.0,"damage_taken":0.0,"cards_obtained":["MentalFortress"]},{"cards_removed":["Defend_P"],"damage_healed":0.0,"max_hp_gain":0.0,"max_hp_loss":0.0,"gold_gain":0.0,"event_name":"Falling","player_choice":"Removed Skill","floor":36.0,"gold_loss":0.0,"damage_taken":0.0},{"damage_healed":0.0,"max_hp_gain":0.0,"max_hp_loss":0.0,"gold_gain":0.0,"event_name":"MindBloom","player_choice":"Fight","floor":46.0,"gold_loss":0.0,"damage_taken":0.0},{"damage_healed":0.0,"max_hp_gain":0.0,"max_hp_loss":0.0,"gold_gain":0.0,"event_name":"SensoryStone","player_choice":"Memory 3","floor":48.0,"gold_loss":0.0,"damage_taken":10.0}],"is_beta":false,"boss_relics":[{"not_picked":["Black Star","Busted Crown"],"picked":"Runic Pyramid"},{"not_picked":["Snecko Eye","Astrolabe"],"picked":"Fusion Hammer"}],"items_purged_floors":[19,25,38,39,54],"is_endless":false,"potions_floor_spawned":[7,11,16,21,28,31,33,42,46],"ascension_level":20}}