{"host":"2lo6hma6kymb0g9i","time":1612864154,"event":{"mods":["BaseMod","Colored Map","DeckTracker","Minty Spire (QoL Compilation)"],"gold_per_floor":[113,38,38,38,38,38,38,61,61,96,54,54,89,114,114,204,204,223,105,105,126,26,60,60,75,100,136,151,151,190,204,204,294,294,315,339,672,672,296,324,324,349,349,368,398,398,423,443,443,443,443,443,443,63,92,92],"floor_reached":57,"language":"JPN","playtime":4266,"items_purged":["Strike_R","Strike_R","Strike_R","Defend_R"],"score":2833,"play_id":"47a2b32c-aedd-4039-a152-83e6f3608ee7","local_time":"20210209184914","is_ascension_mode":true,"campfire_choices":[{"data":"Whirlwind","floor":6,"key":"SMITH"},{"data":"Uppercut","floor":15,"key":"SMITH"},{"data":"Fiend Fire","floor":24,"key":"SMITH"},{"data":"Flame Barrier","floor":29,"key":"SMITH"},{"data":"Bash","floor":32,"key":"SMITH"},{"data":"Bludgeon","floor":41,"key":"SMITH"},{"floor":49,"key":"RECALL"},{"data":"Juggernaut","floor":53,"key":"SMITH"}],"circlet_count":0,"master_deck":["AscendersBane","Defend_R","Defend_R","Defend_R","Bash+1","Whirlwind+1","Uppercut+1","Flame Barrier+1","Fire Breathing","Second Wind","Fiend Fire+1","Shockwave+1","Feel No Pain","Armaments+1","Impervious","Dark Embrace","Bludgeon+1","Shrug It Off","Enlightenment","Madness","Disarm+1","Metallicize+1","Shrug It Off","Juggernaut+1","Pommel Strike+1"],"relics":["Burning Blood","NeowsBlessing","Gremlin Horn","Mercury Hourglass","StoneCalendar","HornCleat","Snecko Eye","Bag of Marbles","Smiling Mask","Happy Flower","Question Card","SlaversCollar","Torii","Centennial Puzzle","Unceasing Top","Self Forming Clay","Letter Opener","Mummified Hand","Pocketwatch","Bronze Scales"],"acts_visited":["Exordium","TheCity","TheBeyond","TheEnding"],"potions_floor_usage":[13,16,33,44,45,48,55,56],"damage_taken":[{"damage":0,"enemies":"Jaw Worm","floor":1,"turns":1},{"damage":0,"enemies":"Small Slimes","floor":8,"turns":1},{"damage":0,"enemies":"3 Sentries","floor":10,"turns":1},{"damage":30,"enemies":"Lagavulin","floor":13,"turns":6},{"damage":0,"enemies":"Cultist","floor":14,"turns":3},{"damage":23,"enemies":"Slime Boss","floor":16,"turns":6},{"damage":17,"enemies":"Shell Parasite","floor":18,"turns":4},{"damage":0,"enemies":"3 Byrds","floor":21,"turns":2},{"damage":20,"enemies":"Book of Stabbing","floor":23,"turns":5},{"damage":5,"enemies":"Snake Plant","floor":25,"turns":2},{"damage":3,"enemies":"Slavers","floor":27,"turns":3},{"damage":0,"enemies":"Cultist and Chosen","floor":28,"turns":4},{"damage":0,"enemies":"Gremlin Leader","floor":30,"turns":3},{"damage":2,"enemies":"Centurion and Healer","floor":31,"turns":3},{"damage":33,"enemies":"Automaton","floor":33,"turns":13},{"damage":1,"enemies":"Orb Walker","floor":35,"turns":3},{"damage":0,"enemies":"3 Darklings","floor":36,"turns":2},{"damage":1,"enemies":"Nemesis","floor":40,"turns":5},{"damage":0,"enemies":"Mind Bloom Boss Battle","floor":42,"turns":5},{"damage":11,"enemies":"Maw","floor":44,"turns":8},{"damage":47,"enemies":"Giant Head","floor":45,"turns":8},{"damage":18,"enemies":"Reptomancer","floor":47,"turns":2},{"damage":0,"enemies":"Writhing Mass","floor":48,"turns":3},{"damage":9,"enemies":"Donu and Deca","floor":50,"turns":6},{"damage":11,"enemies":"Time Eater","floor":51,"turns":9},{"damage":51,"enemies":"Shield and Spear","floor":55,"turns":6},{"damage":22,"enemies":"The Heart","floor":56,"turns":7}],"seed_played":"-713872131753054209","potions_obtained":[{"floor":1,"key":"Regen Potion"},{"floor":14,"key":"CultistPotion"},{"floor":16,"key":"Block Potion"},{"floor":25,"key":"Dexterity Potion"},{"floor":30,"key":"PowerPotion"},{"floor":36,"key":"BloodPotion"},{"floor":44,"key":"BloodPotion"},{"floor":45,"key":"SkillPotion"},{"floor":48,"key":"LiquidBronze"}],"is_trial":false,"path_per_floor":["M","?","$","?","$","R","T","M","T","E","$","?","E","M","R","B",null,"M","$","?","M","$","E","R","M","T","E","M","R","E","M","R","B",null,"M","M","?","?","$","E","R","?","T","M","E","T","E","M","R","B","B",null,"R","$","E","B",null],"character_chosen":"IRONCLAD","items_purchased":["Fire Breathing","Feel No Pain","Torii","Pocketwatch"],"campfire_rested":0,"item_purchase_floors":[11,19,39,54],"current_hp_per_floor":[74,74,74,48,48,48,48,54,54,60,60,53,43,49,49,32,64,53,53,53,59,59,45,45,46,46,49,55,55,61,65,65,38,66,71,75,75,65,65,70,70,75,75,70,44,44,32,53,53,50,45,68,68,68,23,7],"gold":92,"neow_bonus":"THREE_ENEMY_KILL","is_daily":false,"chose_seed":false,"campfire_upgraded":7,"win_rate":0.0,"timestamp":1612864154,"path_taken":["M","?","$","?","$","R","?","M","T","E","$","?","E","M","R","BOSS","M","$","?","?","$","E","R","M","T","E","M","R","E","M","R","BOSS","M","M","?","?","$","E","R","?","T","M","E","?","E","M","R","BOSS","BOSS","R","$","E","BOSS"],"items_purchased_type":["Card","Card","Relic","Relic"],"build_version":"2020-12-22","purchased_purges":4,"victory":true,"max_hp_per_floor":[75,75,75,75,75,75,75,75,75,75,75,75,75,75,75,75,75,75,75,75,75,75,75,75,75,75,75,75,75,75,75,75,75,75,75,75,75,75,75,75,75,75,75,75,75,75,75,75,75,75,75,75,75,75,75,75],"card_choices":[{"not_picked":["Body Slam","Bloodletting"],"picked":"Whirlwind","floor":1},{"not_picked":["Infernal Blade","Body Slam"],"picked":"Uppercut","floor":8},{"not_picked":["Sever Soul","Ghostly Armor"],"picked":"Flame Barrier","floor":10},{"not_picked":["Body Slam","Iron Wave","Warcry"],"picked":"SKIP","floor":13},{"not_picked":["Thunderclap","Clash"],"picked":"Second Wind","floor":14},{"not_picked":["Immolate","Exhume"],"picked":"Fiend Fire","floor":16},{"not_picked":["Iron Wave","Inflame"],"picked":"Shockwave+1","floor":18},{"not_picked":["Perfected Strike","Heavy Blade"],"picked":"Armaments+1","floor":21},{"not_picked":["Dropkick","Armaments","Twin Strike"],"picked":"SKIP","floor":23},{"not_picked":["Warcry+1","True Grit","Searing Blow+1"],"picked":"SKIP","floor":25},{"not_picked":["Carnage","Searing Blow"],"picked":"Impervious","floor":27},{"not_picked":["Anger","Seeing Red"],"picked":"Dark Embrace","floor":28},{"not_picked":["Thunderclap","Fire Breathing","Wild Strike"],"picked":"SKIP","floor":30},{"not_picked":["Twin Strike","Wild Strike","Seeing Red","Ghostly Armor+1"],"picked":"SKIP","floor":31},{"not_picked":["Twin Strike","Wild Strike","Seeing Red","Ghostly Armor+1"],"picked":"SKIP","floor":31},{"not_picked":["Limit Break","Double Tap","Berserk"],"picked":"Bludgeon","floor":33},{"not_picked":["Sword Boomerang","Wild Strike","Shockwave+1"],"picked":"Shrug It Off","floor":35},{"not_picked":["Clash","Body Slam","Flex","True Grit"],"picked":"SKIP","floor":36},{"not_picked":["Dramatic Entrance","Finesse","Swift Strike"],"picked":"Enlightenment","floor":38},{"not_picked":["Secret Weapon","Mind Blast","Panache"],"picked":"Madness","floor":38},{"not_picked":["Sword Boomerang","Burning Pact","Sentinel"],"picked":"Disarm+1","floor":40},{"not_picked":["Heavy Blade","Shockwave","Perfected Strike+1"],"picked":"Metallicize+1","floor":42},{"not_picked":["Havoc","Sword Boomerang","Clash+1","Heavy Blade"],"picked":"SKIP","floor":44},{"not_picked":["Infernal Blade+1","Immolate","Clash+1"],"picked":"Shrug It Off","floor":45},{"not_picked":["Seeing Red","Combust","Body Slam"],"picked":"Juggernaut","floor":47},{"not_picked":["Cleave","Perfected Strike","Thunderclap"],"picked":"Pommel Strike+1","floor":48},{"not_picked":["Armaments+1","Combust","Blood for Blood","Clash"],"picked":"SKIP","floor":55}],"player_experience":1159443,"relics_obtained":[{"floor":7,"key":"Gremlin Horn"},{"floor":9,"key":"Mercury Hourglass"},{"floor":10,"key":"StoneCalendar"},{"floor":13,"key":"HornCleat"},{"floor":23,"key":"Bag of Marbles"},{"floor":26,"key":"Smiling Mask"},{"floor":27,"key":"Happy Flower"},{"floor":30,"key":"Question Card"},{"floor":40,"key":"Centennial Puzzle"},{"floor":42,"key":"Unceasing Top"},{"floor":45,"key":"Self Forming Clay"},{"floor":46,"key":"Letter Opener"},{"floor":47,"key":"Mummified Hand"},{"floor":55,"key":"Bronze Scales"}],"event_choices":[{"cards_removed":["Strike_R"],"damage_healed":0,"gold_gain":0,"player_choice":"Card Removal","damage_taken":0,"max_hp_gain":0,"max_hp_loss":0,"event_name":"The Cleric","floor":2,"gold_loss":75},{"damage_healed":0,"gold_gain":0,"player_choice":"Take Damage","damage_taken":26,"relics_obtained":["Golden Idol"],"max_hp_gain":0,"max_hp_loss":0,"event_name":"Golden Idol","floor":4,"gold_loss":0},{"cards_removed":["Strike_R"],"damage_healed":0,"gold_gain":0,"player_choice":"Card Removal","damage_taken":7,"max_hp_gain":0,"max_hp_loss":0,"event_name":"Golden Wing","floor":12,"gold_loss":0},{"damage_healed":0,"gold_gain":0,"player_choice":"0 cards matched","damage_taken":0,"max_hp_gain":0,"max_hp_loss":0,"event_name":"Match and Keep!","floor":20,"gold_loss":0,"cards_obtained":[]},{"damage_healed":0,"gold_gain":333,"player_choice":"Gave Idol","damage_taken":0,"max_hp_gain":0,"max_hp_loss":0,"event_name":"The Moai Head","floor":37,"relics_lost":["Golden Idol"],"gold_loss":0},{"damage_healed":0,"gold_gain":0,"player_choice":"Memory 3","damage_taken":10,"max_hp_gain":0,"max_hp_loss":0,"event_name":"SensoryStone","floor":38,"gold_loss":0},{"damage_healed":0,"gold_gain":0,"player_choice":"Fight","damage_taken":0,"max_hp_gain":0,"max_hp_loss":0,"event_name":"MindBloom","floor":42,"gold_loss":0}],"is_beta":false,"boss_relics":[{"not_picked":["Runic Cube","Velvet Choker"],"picked":"Snecko Eye"},{"not_picked":["Philosopher\u0027s Stone","Black Blood"],"picked":"SlaversCollar"}],"items_purged_floors":[19,22,39,54],"is_endless":false,"potions_floor_spawned":[1,14,16,25,30,31,36,42,44,45,48],"ascension_level":20}}