{"host":"qc8p2flj7wsy3zpg","time":1612906661,"event":{"mods":["BaseMod","Highlight Path","Minty Spire (QoL Compilation)","Monster List Patch","Relic Stats","StSLib"],"gold_per_floor":[117,134,153,67,67,94,154,154,181,181,212,48,48,91,91,187,187,202,127,127,127,52,52,62,62,62,87,87,137,137,156,156,227,227,246,258,258,272,272,301,301,332,332,332,382,395,32,50,50,50,50,50,50,11,37,37],"floor_reached":57,"language":"ENG","playtime":2092,"items_purged":["Strike_R","Decay"],"score":3134,"play_id":"c2d9c638-711a-4007-a44d-b831c3dcf5c9","local_time":"20210209153741","is_ascension_mode":true,"campfire_choices":[{"data":"Searing Blow","floor":8.0,"key":"SMITH"},{"data":"Searing Blow+1","floor":10.0,"key":"SMITH"},{"data":"Whirlwind","floor":15,"key":"SMITH"},{"floor":23,"key":"REST"},{"data":"Bash","floor":25,"key":"SMITH"},{"data":"Searing Blow+2","floor":28,"key":"SMITH"},{"data":"Heavy Blade","floor":30,"key":"SMITH"},{"data":"Searing Blow+3","floor":32,"key":"SMITH"},{"floor":41,"key":"RECALL"},{"data":"Shockwave","floor":44,"key":"SMITH"},{"data":"Searing Blow+4","floor":49,"key":"SMITH"},{"floor":53,"key":"REST"}],"circlet_count":0,"master_deck":["AscendersBane","Defend_R","Defend_R","Defend_R","Defend_R","Bash+1","Whirlwind+1","Searing Blow+5","Armaments","Carnage","Fiend Fire","Ghostly Armor","Offering","Heavy Blade+1","Necronomicurse","Corruption","Exhume","Heavy Blade+1","Infernal Blade+1","Sentinel+1","Second Wind+1","Sentinel+1","Shockwave+1","Disarm","Sentinel","Reaper"],"relics":["Snecko Eye","Centennial Puzzle","Orichalcum","Happy Flower","Ancient Tea Set","Brimstone","Bloody Idol","Potion Belt","Cursed Key","Necronomicon","Art of War","Astrolabe","Lantern","Mercury Hourglass","Dead Branch","Letter Opener","White Beast Statue"],"acts_visited":["Exordium","TheCity","TheBeyond","TheEnding"],"potions_floor_usage":[18,45,56,56,56,56],"damage_taken":[{"damage":2.0,"enemies":"2 Louse","floor":1.0,"turns":3.0},{"damage":0.0,"enemies":"Small Slimes","floor":2.0,"turns":2.0},{"damage":9.0,"enemies":"Jaw Worm","floor":3.0,"turns":4.0},{"damage":5.0,"enemies":"3 Sentries","floor":6.0,"turns":3.0},{"damage":6.0,"enemies":"Gremlin Nob","floor":7.0,"turns":3.0},{"damage":15.0,"enemies":"Lagavulin","floor":11.0,"turns":3.0},{"damage":0.0,"enemies":"Gremlin Nob","floor":14.0,"turns":2.0},{"damage":0,"enemies":"Slime Boss","floor":16,"turns":2},{"damage":0,"enemies":"3 Byrds","floor":18,"turns":3},{"damage":7,"enemies":"Shell Parasite","floor":24,"turns":2},{"damage":0,"enemies":"Gremlin Leader","floor":27,"turns":3},{"damage":1,"enemies":"Snake Plant","floor":31,"turns":2},{"damage":26,"enemies":"Champ","floor":33,"turns":4},{"damage":6,"enemies":"3 Darklings","floor":35,"turns":2},{"damage":6,"enemies":"3 Shapes","floor":36,"turns":4},{"damage":0,"enemies":"Transient","floor":38,"turns":6},{"damage":19,"enemies":"Nemesis","floor":40,"turns":3},{"damage":6,"enemies":"Reptomancer","floor":42,"turns":3},{"damage":6,"enemies":"2 Orb Walkers","floor":45,"turns":1},{"damage":6,"enemies":"3 Darklings","floor":46,"turns":2},{"damage":4,"enemies":"Writhing Mass","floor":48,"turns":2},{"damage":25,"enemies":"Awakened One","floor":50,"turns":4},{"damage":6,"enemies":"Donu and Deca","floor":51,"turns":1},{"damage":0,"enemies":"Shield and Spear","floor":55,"turns":1},{"damage":77,"enemies":"The Heart","floor":56,"turns":5}],"seed_played":"-1405520797338646178","potions_obtained":[{"floor":1.0,"key":"Explosive Potion"},{"floor":3.0,"key":"Swift Potion"},{"floor":6.0,"key":"Weak Potion"},{"floor":31,"key":"Swift Potion"},{"floor":38,"key":"Dexterity Potion"},{"floor":42,"key":"PowerPotion"},{"floor":45,"key":"Swift Potion"},{"floor":48,"key":"LiquidBronze"},{"floor":55,"key":"BloodPotion"}],"is_trial":false,"path_per_floor":["M","M","M","$","?","E","?","R","T","R","E","$","?","E","R","B",null,"M","?","?","?","$","R","M","R","T","E","R","?","R","M","R","B",null,"M","M","?","M","?","E","R","E","T","R","?","M","$","M","R","B","B",null,"R","$","E","B",null],"character_chosen":"IRONCLAD","items_purchased":["Carnage","Brimstone","Letter Opener","Sentinel"],"campfire_rested":2,"item_purchase_floors":[4,12,47,54],"current_hp_per_floor":[66,66,57,57,57,52,46,46,46,46,31,31,31,31,31,31,59,59,59,59,38,38,58,56,56,56,61,61,66,66,68,68,47,63,62,61,61,66,66,52,52,51,51,51,50,49,49,50,50,25,19,56,68,68,68,21],"gold":37,"neow_bonus":"BOSS_RELIC","is_daily":false,"chose_seed":false,"campfire_upgraded":9,"win_rate":0.0,"timestamp":1612906661,"path_taken":["M","M","M","$","?","E","?","R","T","R","E","$","?","E","R","BOSS","M","?","?","?","$","R","M","R","T","E","R","?","R","?","R","BOSS","M","M","?","M","?","E","R","E","T","R","?","?","$","M","R","BOSS","BOSS","R","$","E","BOSS"],"items_purchased_type":["Card","Relic","Relic","Card"],"build_version":"2020-12-22","purchased_purges":2,"victory":true,"max_hp_per_floor":[75,75,75,75,75,75,75,75,75,75,75,75,68,68,68,68,68,68,68,68,68,68,68,68,68,68,68,68,68,68,68,68,68,68,68,68,68,68,68,68,68,68,68,68,68,68,68,68,68,68,68,68,68,68,68,68],"relic_stats":{"Happy Flower":[18],"counters":[25,70],"Astrolabe":["Heavy Blade","Infernal Blade","Sentinel"],"Dead Branch":[147],"Letter Opener":[154],"Orichalcum":[60],"Cursed Key":1,"Mercury Hourglass":[78],"Centennial Puzzle":[45],"Bloody Idol":63,"Snecko Eye":[106,148,119,120],"Necronomicon":[37],"Art of War":[1],"obtain_stats":[{"Potion Belt":14,"Lantern":40,"Happy Flower":9,"Golden Idol":13,"Astrolabe":34,"Dead Branch":45,"Letter Opener":47,"Orichalcum":7,"Ancient Tea Set":11,"Cursed Key":17,"Burning Blood":0,"White Beast Statue":55,"Mercury Hourglass":42,"Centennial Puzzle":6,"Brimstone":12,"Bloody Idol":20,"Snecko Eye":0,"Necronomicon":21,"Art of War":27},{"Potion Belt":7,"Lantern":17,"Happy Flower":5,"Golden Idol":6,"Astrolabe":13,"Dead Branch":19,"Letter Opener":20,"Orichalcum":5,"Ancient Tea Set":6,"Cursed Key":8,"Burning Blood":0,"White Beast Statue":24,"Mercury Hourglass":18,"Centennial Puzzle":4,"Brimstone":6,"Bloody Idol":9,"Snecko Eye":0,"Necronomicon":9,"Art of War":11},{"Potion Belt":20,"Lantern":51,"Happy Flower":15,"Golden Idol":18,"Astrolabe":36,"Dead Branch":55,"Letter Opener":57,"Orichalcum":15,"Ancient Tea Set":18,"Cursed Key":22,"Burning Blood":0,"White Beast Statue":65,"Mercury Hourglass":54,"Centennial Puzzle":12,"Brimstone":18,"Bloody Idol":25,"Snecko Eye":0,"Necronomicon":25,"Art of War":30}]},"card_choices":[{"not_picked":["Warcry","Headbutt"],"picked":"Whirlwind","floor":1.0},{"not_picked":["Headbutt","Rampage"],"picked":"Searing Blow","floor":2.0},{"not_picked":["Sword Boomerang","Clash"],"picked":"Armaments","floor":3.0},{"not_picked":["Rupture","Berserk"],"picked":"Fiend Fire","floor":6.0},{"not_picked":["Sword Boomerang","Wild Strike"],"picked":"Ghostly Armor","floor":11.0},{"not_picked":["Juggernaut","Barricade"],"picked":"Offering","floor":16},{"not_picked":["Anger","Cleave"],"picked":"Heavy Blade","floor":18},{"not_picked":["Iron Wave","Feel No Pain"],"picked":"Second Wind","floor":24},{"not_picked":["Inflame","Twin Strike"],"picked":"Corruption","floor":31},{"not_picked":["Brutality","Berserk"],"picked":"Exhume","floor":33},{"not_picked":["Dropkick","Perfected Strike"],"picked":"Second Wind+1","floor":35},{"not_picked":["Ghostly Armor","Clothesline"],"picked":"Sentinel+1","floor":38},{"not_picked":["Hemokinesis","Wild Strike"],"picked":"Shockwave","floor":40},{"not_picked":["Rage+1","Warcry","Searing Blow"],"picked":"SKIP","floor":42},{"not_picked":["Clash+1","Anger"],"picked":"Disarm","floor":45},{"not_picked":["Twin Strike+1","Sword Boomerang"],"picked":"Reaper","floor":55}],"player_experience":2359288,"relics_obtained":[{"floor":6.0,"key":"Centennial Puzzle"},{"floor":7.0,"key":"Orichalcum"},{"floor":9.0,"key":"Happy Flower"},{"floor":11.0,"key":"Ancient Tea Set"},{"floor":14.0,"key":"Potion Belt"},{"floor":21,"key":"Necronomicon"},{"floor":27,"key":"Art of War"},{"floor":40,"key":"Lantern"},{"floor":42,"key":"Mercury Hourglass"},{"floor":45,"key":"Dead Branch"},{"floor":55,"key":"White Beast Statue"}],"event_choices":[{"damage_healed":0.0,"max_hp_gain":0.0,"max_hp_loss":0.0,"gold_gain":0.0,"event_name":"Liars Game","player_choice":"Ignored","floor":5.0,"gold_loss":0.0,"damage_taken":0.0},{"damage_healed":0.0,"max_hp_gain":0.0,"max_hp_loss":0.0,"gold_gain":0.0,"event_name":"Dead Adventurer","player_choice":"Searched \u00271\u0027 times","floor":7.0,"gold_loss":0.0,"damage_taken":0.0},{"damage_healed":0.0,"max_hp_gain":0.0,"max_hp_loss":7.0,"gold_gain":0.0,"event_name":"Golden Idol","player_choice":"Lose Max HP","floor":13.0,"gold_loss":0.0,"damage_taken":0.0,"relics_obtained":["Golden Idol"]},{"cards_removed":["Strike_R"],"damage_healed":0,"gold_gain":0,"player_choice":"Gave Gold","damage_taken":0,"max_hp_gain":0,"max_hp_loss":0,"event_name":"Beggar","floor":19,"gold_loss":75},{"damage_healed":0,"gold_gain":0,"player_choice":"Gave Idol","damage_taken":0,"relics_obtained":["Bloody Idol"],"max_hp_gain":0,"max_hp_loss":0,"event_name":"Forgotten Altar","floor":20,"relics_lost":["Golden Idol"],"gold_loss":0},{"damage_healed":0,"gold_gain":0,"player_choice":"Obtained Book","damage_taken":21,"max_hp_gain":0,"max_hp_loss":0,"event_name":"Cursed Tome","floor":21,"gold_loss":0},{"damage_healed":0,"gold_gain":50,"player_choice":"Pray","damage_taken":0,"max_hp_gain":0,"max_hp_loss":0,"event_name":"Golden Shrine","floor":29,"gold_loss":0},{"cards_removed":["Second Wind"],"damage_healed":0,"gold_gain":0,"player_choice":"Removed Skill","damage_taken":0,"max_hp_gain":0,"max_hp_loss":0,"event_name":"Falling","floor":37,"gold_loss":0},{"damage_healed":0,"gold_gain":0,"player_choice":"Ignored","damage_taken":0,"max_hp_gain":0,"max_hp_loss":0,"event_name":"Tomb of Lord Red Mask","floor":39,"gold_loss":0},{"damage_healed":0,"gold_gain":0,"player_choice":"Fight","damage_taken":0,"max_hp_gain":0,"max_hp_loss":0,"event_name":"Mysterious Sphere","floor":45,"gold_loss":0}],"is_beta":false,"boss_relics":[{"not_picked":["Runic Pyramid","Runic Dome"],"picked":"Cursed Key"},{"not_picked":["Mark of Pain","Busted Crown"],"picked":"Astrolabe"}],"items_purged_floors":[22,47],"is_endless":false,"potions_floor_spawned":[1,3,6,7,31,38,42,45,48,55],"ascension_level":20}}