{"host":"dl909bjyolgrn2uw","time":1612899064,"event":{"mods":["2.2 Compatiblity","AlwaysNeverKeys","BaseMod","Bestiary","Better Altar","Better Note","Better Sensory Stone","Better Skull","Better Vampires","Better-Laid Plans","BetterRewards","Colored Powertips","Curses Come First","Disable Question Mark Monsters","Displayed Cursed Tome","Emptier Cage","Evolution","Grow up Mod","Minty Spire (QoL Compilation)","Permanent Neow","Quick Restart","Rare Cards Sparkle","Relic Stats","Remove Card Discount Mod","Shop Mod","Spicy Shops","StSLib","SuperFastMode","Transform Curses"],"gold_per_floor":[112,129,127,137,154,154,184,184,232,232,250,276,298,330,342,450,462,494,43,143,143,46,46,72,72,72,86,102,135,135,135,135,231,231,242,255,267,285,301,326,326,326,326,352,352,366,366,401,401,401,401,401,11,40,40],"floor_reached":56,"language":"ENG","playtime":2064,"items_purged":["Strike_R","Injury","Defend_R","Defend_R","Defend_R","Defend_R","Headbutt","Pride"],"score":1697,"play_id":"e858d796-7529-4d8c-8e66-24ead5598ec7","local_time":"20210209133104","is_ascension_mode":true,"campfire_choices":[{"data":"Bash","floor":6.0,"key":"SMITH"},{"data":"Armaments","floor":8.0,"key":"SMITH"},{"data":"Clothesline","floor":10.0,"key":"SMITH"},{"data":"Shockwave","floor":15,"key":"SMITH"},{"data":"Metallicize","floor":23,"key":"SMITH"},{"data":"Inflame","floor":30,"key":"SMITH"},{"data":"Demon Form","floor":32,"key":"SMITH"},{"floor":41,"key":"RECALL"},{"data":"Metallicize","floor":45,"key":"SMITH"},{"data":"Battle Trance","floor":47,"key":"SMITH"},{"data":"Flame Barrier","floor":49,"key":"SMITH"},{"data":"Shrug It Off","floor":52,"key":"SMITH"}],"circlet_count":0,"master_deck":["Twin Strike","Twin Strike","Bash+1","Shockwave+1","Cleave","Armaments+1","Clothesline+1","Reaper","Demon Form+1","Reaper","Metallicize+1","Inflame+1","Shrug It Off+1","Battle Trance+1","Flame Barrier+1","Metallicize+1","Double Tap","Armaments+1","Barricade","Juggernaut"],"relics":["Burning Blood","EVO:Axolotl","Ginger","The Courier","PreservedInsect","MawBank","Runic Pyramid","ClockworkSouvenir","DollysMirror","Bag of Marbles","Regal Pillow","Bird Faced Urn","Tiny Chest","Busted Crown","Bag of Preparation","Red Skull","Blood Vial","Orrery","Lee\u0027s Waffle","Kunai","Centennial Puzzle"],"acts_visited":["TheCity","TheBeyond","TheEnding"],"potions_floor_usage":[16,16,16,55,55,55],"damage_taken":[{"damage":1.0,"enemies":"Cultist","floor":1.0,"turns":3.0},{"damage":3.0,"enemies":"Jaw Worm","floor":2.0,"turns":4.0},{"damage":5.0,"enemies":"2 Louse","floor":4.0,"turns":2.0},{"damage":1.0,"enemies":"Large Slime","floor":5.0,"turns":5.0},{"damage":15.0,"enemies":"3 Sentries","floor":7.0,"turns":5.0},{"damage":6.0,"enemies":"Blue Slaver","floor":11.0,"turns":3.0},{"damage":17.0,"enemies":"Lagavulin","floor":12.0,"turns":4.0},{"damage":6,"enemies":"Lots of Slimes","floor":13,"turns":2},{"damage":0,"enemies":"Exordium Wildlife","floor":14,"turns":3},{"damage":52,"enemies":"The Guardian","floor":16,"turns":10},{"damage":39,"enemies":"Spheric Guardian","floor":18,"turns":7},{"damage":26,"enemies":"Book of Stabbing","floor":24,"turns":6},{"damage":22,"enemies":"Shell Parasite","floor":27,"turns":5},{"damage":17,"enemies":"Centurion and Healer","floor":28,"turns":6},{"damage":37,"enemies":"Slavers","floor":29,"turns":6},{"damage":58,"enemies":"Automaton","floor":33,"turns":8},{"damage":22,"enemies":"Orb Walker","floor":35,"turns":4},{"damage":11,"enemies":"3 Shapes","floor":36,"turns":5},{"damage":14,"enemies":"3 Darklings","floor":37,"turns":5},{"damage":35,"enemies":"Maw","floor":38,"turns":7},{"damage":43,"enemies":"4 Shapes","floor":39,"turns":5},{"damage":30,"enemies":"Nemesis","floor":40,"turns":5},{"damage":35,"enemies":"Giant Head","floor":44,"turns":7},{"damage":56,"enemies":"Jaw Worm Horde","floor":46,"turns":5},{"damage":82,"enemies":"Reptomancer","floor":48,"turns":6},{"damage":77,"enemies":"Donu and Deca","floor":50,"turns":8},{"damage":125,"enemies":"Shield and Spear","floor":54,"turns":9},{"damage":153,"enemies":"The Heart","floor":55,"turns":10}],"seed_played":"3096415057105916001","potions_obtained":[{"floor":2.0,"key":"SkillPotion"},{"floor":7.0,"key":"Fire Potion"},{"floor":11.0,"key":"Dexterity Potion"},{"floor":13,"key":"EntropicBrew"}],"is_trial":false,"path_per_floor":["M","M","$","M","M","R","E","R","T","R","M","E","M","M","R","B",null,"M","$","?","?","$","R","E","?","T","M","M","E","R","?","R","B",null,"M","M","M","M","M","E","R","?","T","E","R","M","R","E","R","B",null,"R","$","E","B",null],"character_chosen":"IRONCLAD","items_purchased":["ClockworkSouvenir","DollysMirror","Bag of Marbles","Metallicize","Inflame","Shrug It Off","Barricade","Orrery","Lee\u0027s Waffle","Kunai"],"campfire_rested":0,"item_purchase_floors":[19,19,19,19,22,22,53,53,53,53],"current_hp_per_floor":[76,89,99,110,125,135,136,146,156,166,176,175,205,225,235,206,249,226,236,246,256,266,276,302,312,322,351,370,380,390,400,410,376,419,440,450,460,470,480,490,500,485,495,505,515,525,535,545,555,565,575,585,602,603,572],"gold":40,"neow_bonus":"ONE_RARE_RELIC","is_daily":false,"chose_seed":false,"campfire_upgraded":11,"win_rate":0.0,"timestamp":1612899064,"path_taken":["M","M","$","M","?","R","E","R","T","R","M","E","M","M","R","BOSS","M","$","?","?","$","R","E","?","T","?","M","E","R","?","R","BOSS","M","M","M","M","M","E","R","?","T","E","R","M","R","E","R","BOSS","R","$","E","BOSS"],"items_purchased_type":["Relic","Relic","Relic","Card","Card","Card","Card","Relic","Relic","Relic"],"build_version":"2020-12-22","purchased_purges":8,"victory":true,"max_hp_per_floor":[100,110,120,130,140,150,160,170,180,190,200,210,220,230,240,250,260,270,280,290,300,310,320,330,340,350,360,370,380,390,400,410,420,430,440,450,460,470,480,490,500,485,495,505,515,525,535,545,555,565,575,585,602,612,622],"relic_stats":{"Regal Pillow":0,"Lee\u0027s Waffle":7,"counters":[28,155],"PreservedInsect":466,"Bag of Preparation":[12],"Ginger":[13],"MawBank":84,"Burning Blood":99,"Blood Vial":2,"Centennial Puzzle":[3],"Busted Crown":30,"Bird Faced Urn":[78],"Tiny Chest":0,"Kunai":[3],"obtain_stats":[{"Regal Pillow":24,"Lee\u0027s Waffle":53,"The Courier":7,"PreservedInsect":9,"Bag of Preparation":40,"EVO:Axolotl":0,"Ginger":0,"MawBank":12,"Burning Blood":0,"ClockworkSouvenir":19,"Blood Vial":48,"Centennial Puzzle":54,"Busted Crown":34,"DollysMirror":19,"Bird Faced Urn":26,"Orrery":53,"Tiny Chest":29,"Bag of Marbles":19,"Kunai":53,"Red Skull":44,"Runic Pyramid":17},{"Regal Pillow":12,"Lee\u0027s Waffle":26,"The Courier":5,"PreservedInsect":5,"Bag of Preparation":22,"EVO:Axolotl":0,"Ginger":0,"MawBank":7,"Burning Blood":0,"ClockworkSouvenir":11,"Blood Vial":25,"Centennial Puzzle":27,"Busted Crown":16,"DollysMirror":11,"Bird Faced Urn":12,"Orrery":26,"Tiny Chest":15,"Bag of Marbles":11,"Kunai":26,"Red Skull":23,"Runic Pyramid":10},{"Regal Pillow":54,"Lee\u0027s Waffle":136,"The Courier":19,"PreservedInsect":19,"Bag of Preparation":110,"EVO:Axolotl":0,"Ginger":0,"MawBank":26,"Burning Blood":0,"ClockworkSouvenir":48,"Blood Vial":128,"Centennial Puzzle":145,"Busted Crown":79,"DollysMirror":48,"Bird Faced Urn":54,"Orrery":136,"Tiny Chest":71,"Bag of Marbles":48,"Kunai":136,"Red Skull":117,"Runic Pyramid":41}]},"card_choices":[{"not_picked":["Thunderclap","Dual Wield"],"picked":"Shockwave","floor":1.0},{"not_picked":["Pummel","Rampage","Armaments"],"picked":"SKIP","floor":2.0},{"not_picked":["Flex","Fire Breathing"],"picked":"Cleave","floor":4.0},{"not_picked":["Havoc","Twin Strike"],"picked":"Armaments","floor":5.0},{"not_picked":["True Grit","Fire Breathing"],"picked":"Clothesline","floor":7.0},{"not_picked":["Rampage","Shockwave","Perfected Strike"],"picked":"SKIP","floor":11.0},{"not_picked":["Shockwave","Body Slam"],"picked":"Reaper","floor":12.0},{"not_picked":["Pommel Strike","Thunderclap","Clothesline"],"picked":"SKIP","floor":13},{"not_picked":["Seeing Red","Twin Strike","Anger"],"picked":"SKIP","floor":14},{"not_picked":["Impervious","Juggernaut"],"picked":"Demon Form","floor":16},{"not_picked":["Anger","Body Slam","Perfected Strike"],"picked":"SKIP","floor":18},{"not_picked":["Perfected Strike","Battle Trance+1","Bludgeon"],"picked":"SKIP","floor":24},{"not_picked":["Thunderclap","Fire Breathing+1"],"picked":"Flame Barrier","floor":27},{"not_picked":["Infernal Blade","Inflame"],"picked":"Metallicize","floor":28},{"not_picked":["Perfected Strike+1","Spot Weakness","Warcry+1"],"picked":"SKIP","floor":29},{"not_picked":["Feed","Fiend Fire"],"picked":"Double Tap","floor":33},{"not_picked":["Battle Trance+1"],"picked":"SKIP","floor":35},{"not_picked":[],"picked":"Armaments+1","floor":36},{"not_picked":["Spot Weakness+1"],"picked":"SKIP","floor":37},{"not_picked":["Cleave+1"],"picked":"SKIP","floor":38},{"not_picked":["Armaments"],"picked":"SKIP","floor":39},{"not_picked":["Entrench+1"],"picked":"SKIP","floor":40},{"not_picked":["Perfected Strike"],"picked":"SKIP","floor":44},{"not_picked":["Clothesline"],"picked":"SKIP","floor":46},{"not_picked":["Armaments+1"],"picked":"SKIP","floor":48},{"not_picked":[],"picked":"Juggernaut","floor":53},{"not_picked":["Wild Strike"],"picked":"SKIP","floor":54}],"player_experience":371091,"relics_obtained":[{"floor":7.0,"key":"The Courier"},{"floor":9.0,"key":"PreservedInsect"},{"floor":12.0,"key":"MawBank"},{"floor":24,"key":"Regal Pillow"},{"floor":26,"key":"Bird Faced Urn"},{"floor":29,"key":"Tiny Chest"},{"floor":40,"key":"Bag of Preparation"},{"floor":44,"key":"Red Skull"},{"floor":48,"key":"Blood Vial"},{"floor":54,"key":"Centennial Puzzle"}],"event_choices":[{"damage_healed":0,"gold_gain":100,"player_choice":"Pray","damage_taken":0,"max_hp_gain":0,"max_hp_loss":0,"event_name":"Golden Shrine","floor":20,"gold_loss":0},{"cards_removed":["Headbutt"],"damage_healed":0,"gold_gain":0,"player_choice":"Card Removal","damage_taken":0,"max_hp_gain":0,"max_hp_loss":0,"event_name":"Wheel of Change","floor":21,"gold_loss":0},{"cards_removed":["Metallicize"],"damage_healed":0,"gold_gain":0,"player_choice":"Take \u0026 Give","damage_taken":0,"max_hp_gain":0,"max_hp_loss":0,"event_name":"betterNote:BetterNote","floor":25,"gold_loss":0,"cards_obtained":["Battle Trance"]},{"damage_healed":0,"gold_gain":0,"player_choice":"Ignored","damage_taken":0,"max_hp_gain":0,"max_hp_loss":0,"event_name":"Ghosts","floor":31,"gold_loss":0},{"damage_healed":0,"gold_gain":0,"player_choice":"Max HP","damage_taken":0,"max_hp_gain":0,"max_hp_loss":25,"event_name":"Winding Halls","floor":42,"gold_loss":0}],"is_beta":false,"boss_relics":[{"not_picked":["Coffee Dripper","Ectoplasm"],"picked":"Runic Pyramid"},{"not_picked":["Velvet Choker","Snecko Eye"],"picked":"Busted Crown"}],"items_purged_floors":[3,19,19,19,19,19,53,53],"is_endless":false,"potions_floor_spawned":[2,7,11,13,14,24,29,33,35,36,38,39],"ascension_level":8}}