{"host":"tml1x4ylw9tadh99","time":1612885403,"event":{"mods":["AchievementEnabler","Act Like it!","BaseMod","Bestiary","Colored Map","Colored Powertips","DeckTracker","Friendly Minions","GifTheSpireLib","Minty Spire (QoL Compilation)","Quick Restart","Random Character Button","Random Character Mod","Relic Stats","StSLib","Synergy Search"],"gold_per_floor":[168,183,258,312,322,322,322],"floor_reached":6,"language":"ENG","playtime":552,"items_purged":[],"score":36,"play_id":"01810ec8-fb4a-45d6-9615-aba0c068aa96","local_time":"20210209164323","is_ascension_mode":false,"campfire_choices":[],"circlet_count":0,"master_deck":["Strike_P","Strike_P+1","Strike_P","Strike_P","Defend_P","Defend_P","Defend_P","Defend_P","Eruption","Vigilance","JustLucky","EmptyBody","JustLucky","TalkToTheHand"],"relics":["Tiny House","Orichalcum"],"acts_visited":["Exordium"],"potions_floor_usage":[2],"damage_taken":[{"damage":0,"enemies":"Jaw Worm","floor":1,"turns":5},{"damage":0,"enemies":"Small Slimes","floor":2,"turns":2},{"damage":0,"enemies":"2 Louse","floor":5,"turns":2},{"damage":11,"enemies":"3 Sentries","floor":6,"turns":7}],"seed_played":"5947636682254720923","potions_obtained":[{"floor":0,"key":"SteroidPotion"},{"floor":2,"key":"GamblersBrew"}],"is_trial":false,"path_per_floor":["M","M","?","T","M","E"],"character_chosen":"WATCHER","items_purchased":[],"campfire_rested":0,"item_purchase_floors":[],"current_hp_per_floor":[77,77,66,66,66,55,55],"gold":322,"neow_bonus":"BOSS_RELIC","is_daily":false,"chose_seed":false,"campfire_upgraded":0,"win_rate":0.0,"timestamp":1612885403,"path_taken":["M","M","?","?","M","E"],"items_purchased_type":[],"build_version":"2020-12-22","purchased_purges":0,"victory":false,"max_hp_per_floor":[77,77,77,77,77,77,77],"relic_stats":{"counters":[4,16],"Orichalcum":[12],"obtain_stats":[{"Tiny House":0,"PureWater":0,"Orichalcum":4},{"Tiny House":0,"PureWater":0,"Orichalcum":2},{"Tiny House":0,"PureWater":0,"Orichalcum":7}]},"card_choices":[{"not_picked":["Consecrate","EmptyFist"],"picked":"JustLucky","floor":0},{"not_picked":["FollowUp","FearNoEvil"],"picked":"EmptyBody","floor":1},{"not_picked":["Vengeance","SashWhip"],"picked":"JustLucky","floor":2},{"not_picked":["EmptyBody","WheelKick"],"picked":"TalkToTheHand","floor":5}],"player_experience":35186,"relics_obtained":[{"floor":4,"key":"Orichalcum"}],"event_choices":[{"damage_healed":0,"gold_gain":75,"player_choice":"Gather Gold","damage_taken":11,"max_hp_gain":0,"max_hp_loss":0,"event_name":"World of Goop","floor":3,"gold_loss":0}],"is_beta":false,"boss_relics":[],"items_purged_floors":[],"is_endless":false,"potions_floor_spawned":[2],"killed_by":"3 Sentries","ascension_level":0}}