{"host":"p4v0hquynnreu717","time":1612888865,"event":{"mods":["BaseMod","Better Vampires","DeckTracker","Googly Eyes","Minty Spire (QoL Compilation)","Quick Restart","StSLib","SuperFastMode"],"gold_per_floor":[115,40,58,58,74,74,85,112,112,112,112,129,29,45,45,45,45],"floor_reached":16,"language":"ZHS","playtime":403,"items_purged":["Defend_P","Strike_P"],"score":179,"play_id":"a4bbff9b-58e4-4db5-82e0-3feb90695b13","local_time":"20210210004105","is_ascension_mode":true,"campfire_choices":[{"data":"Eruption","floor":6.0,"key":"SMITH"},{"data":"TalkToTheHand","floor":15,"key":"SMITH"}],"circlet_count":0,"master_deck":["AscendersBane","Strike_P","Strike_P","Strike_P","Defend_P","Eruption+1","Vigilance","EmptyMind","TalkToTheHand+1","Study","Crescendo"],"relics":["PureWater","Prayer Wheel","Darkstone Periapt","White Beast Statue","Gremlin Horn"],"acts_visited":["Exordium"],"potions_floor_usage":[12,14,16],"damage_taken":[{"damage":3.0,"enemies":"Cultist","floor":1.0,"turns":4.0},{"damage":4.0,"enemies":"Jaw Worm","floor":3.0,"turns":4.0},{"damage":4.0,"enemies":"Small Slimes","floor":5.0,"turns":3.0},{"damage":3.0,"enemies":"2 Fungi Beasts","floor":7.0,"turns":3.0},{"damage":22.0,"enemies":"Gremlin Nob","floor":8.0,"turns":4.0},{"damage":14,"enemies":"3 Louse","floor":12,"turns":2},{"damage":0,"enemies":"Blue Slaver","floor":14,"turns":4},{"damage":16,"enemies":"The Guardian","floor":16,"turns":7}],"seed_played":"6129116496580512370","potions_obtained":[{"floor":1.0,"key":"EssenceOfSteel"},{"floor":5.0,"key":"ColorlessPotion"},{"floor":8.0,"key":"DistilledChaos"},{"floor":12,"key":"Block Potion"},{"floor":14,"key":"Fruit Juice"}],"is_trial":false,"path_per_floor":["M","$","M","T","M","R","M","E","T","?","?","M","$","M","R","B"],"character_chosen":"WATCHER","items_purchased":[],"campfire_rested":0,"item_purchase_floors":[],"current_hp_per_floor":[58,58,54,54,50,50,47,25,25,25,25,11,11,16,16,0,0],"gold":45,"neow_bonus":"REMOVE_TWO","is_daily":false,"chose_seed":false,"campfire_upgraded":2,"win_rate":0.0,"timestamp":1612888865,"path_taken":["M","$","?","?","M","R","M","E","T","?","?","M","$","M","R","BOSS"],"items_purchased_type":[],"build_version":"2020-12-22","purchased_purges":2,"victory":false,"max_hp_per_floor":[62,62,62,62,62,62,62,62,62,62,62,62,62,67,67,67,67],"card_choices":[{"not_picked":["ThirdEye","FlyingSleeves","Protect"],"picked":"SKIP","floor":1.0},{"not_picked":["Collect","Sanctity"],"picked":"EmptyMind","floor":3.0},{"not_picked":["Prostrate","Collect","Evaluate"],"picked":"SKIP","floor":5.0},{"not_picked":["Wireheading","EmptyFist","Weave"],"picked":"SKIP","floor":5.0},{"not_picked":["CutThroughFate","Crescendo"],"picked":"TalkToTheHand","floor":7.0},{"not_picked":["Wireheading","ThirdEye"],"picked":"Study","floor":7.0},{"not_picked":["FollowUp","CutThroughFate"],"picked":"Crescendo","floor":8.0},{"not_picked":["Meditate","WaveOfTheHand","FollowUp"],"picked":"SKIP","floor":12},{"not_picked":["Halt","SandsOfTime","Nirvana"],"picked":"SKIP","floor":12},{"not_picked":["PathToVictory","Crescendo","JustLucky"],"picked":"SKIP","floor":14},{"not_picked":["CrushJoints","BowlingBash","Prostrate"],"picked":"SKIP","floor":14}],"player_experience":816560,"relics_obtained":[{"floor":4.0,"key":"Prayer Wheel"},{"floor":8.0,"key":"Darkstone Periapt"},{"floor":9.0,"key":"White Beast Statue"}],"event_choices":[{"damage_healed":0.0,"max_hp_gain":0.0,"max_hp_loss":0.0,"gold_gain":0.0,"event_name":"Liars Game","player_choice":"Ignored","floor":10.0,"gold_loss":0.0,"damage_taken":0.0},{"damage_healed":0.0,"max_hp_gain":0.0,"max_hp_loss":0.0,"gold_gain":0.0,"event_name":"Dead Adventurer","player_choice":"Searched \u00271\u0027 times","floor":11.0,"gold_loss":0.0,"damage_taken":0.0,"relics_obtained":["Gremlin Horn"]}],"is_beta":false,"boss_relics":[],"items_purged_floors":[2,13],"is_endless":false,"potions_floor_spawned":[1,5,8,12,14],"killed_by":"The Guardian","ascension_level":15}}