{"host":"qy1e0kd24tpj3i2m","time":1612892962,"event":{"mods":["Act Like it!","Alarm Clock","BaseMod","Better Skull","Better Vampires","Colored Map","Colored Powertips","Custom Start","Faster Ascension Climbing","Friendly Minions","GifTheSpireLib","Gremlin Skip","Highlight Path","Minty Spire (QoL Compilation)","Permanent Neow","Poor People Problems","Quick Restart","Red Circlet Mod","Relic Filter Mod","Relic Sorter","Reorder Act Four","SacredBarkPlus","Shop Mod","StSLib","SuperFastMode","Transform Curses","没有小屋子和绿帽子啦"],"gold_per_floor":[111,111,111,127,28,56,56,56,56,56,87,102,102,112,112,187,187,201,251,232,250,40,40,69,89,89,89,119,119,129,144,144,222,222,240,22,39,39,53,53,78,101,101,126,144,27,27,38,38,38,38,38,38,38,67,67,67],"floor_reached":56,"language":"ZHS","playtime":2128,"items_purged":["Warcry","Bash","Rupture","Pain"],"score":1921,"play_id":"7653314a-39e4-4c88-b141-d0f591012fd1","local_time":"20210210024922","is_ascension_mode":true,"campfire_choices":[{"data":"True Grit","floor":8.0,"key":"SMITH"},{"data":"Flame Barrier","floor":10.0,"key":"SMITH"},{"data":"Fire Breathing","floor":13.0,"key":"SMITH"},{"data":"Disarm","floor":15.0,"key":"SMITH"},{"data":"Evolve","floor":23.0,"key":"SMITH"},{"data":"Flex","floor":27.0,"key":"SMITH"},{"data":"Limit Break","floor":29.0,"key":"SMITH"},{"data":"Spot Weakness","floor":32.0,"key":"SMITH"},{"floor":40.0,"key":"RECALL"},{"data":"Dark Embrace","floor":47.0,"key":"SMITH"},{"data":"Body Slam","floor":49.0,"key":"SMITH"},{"data":"Ghostly Armor","floor":54,"key":"SMITH"}],"circlet_count":0,"master_deck":["AscendersBane","Ghostly Armor+1","Spot Weakness+1","Anger+1","Pommel Strike+1","Iron Wave","Pommel Strike","Disarm+1","Flame Barrier+1","Pommel Strike","True Grit+1","Fire Breathing+1","Iron Wave","Reaper","Pommel Strike","Flex+1","Evolve+1","Iron Wave","Limit Break+1","Dark Embrace+1","Body Slam+1"],"relics":["Mercury Hourglass","Smiling Mask","Mummified Hand","Busted Crown","MerchantsRug","Sling","Nunchaku","Eternal Feather","Mark of Pain","Medical Kit","WarpedTongs","Unceasing Top","Letter Opener","TheAbacus","Toy Ornithopter"],"acts_visited":["Exordium","TheCity","TheBeyond","TheEnding"],"potions_floor_usage":[],"damage_taken":[{"damage":1.0,"enemies":"2 Louse","floor":1.0,"turns":2.0},{"damage":0.0,"enemies":"Small Slimes","floor":4.0,"turns":2.0},{"damage":5.0,"enemies":"Gremlin Nob","floor":6.0,"turns":3.0},{"damage":1.0,"enemies":"3 Sentries","floor":11.0,"turns":4.0},{"damage":0.0,"enemies":"Cultist","floor":12.0,"turns":3.0},{"damage":0.0,"enemies":"Looter","floor":14.0,"turns":2.0},{"damage":0.0,"enemies":"Slime Boss","floor":16.0,"turns":4.0},{"damage":3.0,"enemies":"Chosen","floor":18.0,"turns":4.0},{"damage":0.0,"enemies":"Spheric Guardian","floor":21.0,"turns":3.0},{"damage":32.0,"enemies":"Slavers","floor":24.0,"turns":4.0},{"damage":15.0,"enemies":"Snecko","floor":25.0,"turns":6.0},{"damage":10.0,"enemies":"Gremlin Leader","floor":28.0,"turns":4.0},{"damage":18.0,"enemies":"Snake Plant","floor":30.0,"turns":3.0},{"damage":0.0,"enemies":"3 Cultists","floor":31.0,"turns":4.0},{"damage":55.0,"enemies":"Automaton","floor":33.0,"turns":7.0},{"damage":14.0,"enemies":"3 Darklings","floor":35.0,"turns":3.0},{"damage":11.0,"enemies":"Orb Walker","floor":37.0,"turns":3.0},{"damage":10.0,"enemies":"Jaw Worm Horde","floor":39.0,"turns":3.0},{"damage":0.0,"enemies":"Mind Bloom Boss Battle","floor":41.0,"turns":4.0},{"damage":19.0,"enemies":"Reptomancer","floor":44.0,"turns":4.0},{"damage":17.0,"enemies":"4 Shapes","floor":45.0,"turns":2.0},{"damage":6.0,"enemies":"Writhing Mass","floor":48.0,"turns":5.0},{"damage":69,"enemies":"Awakened One","floor":50,"turns":7},{"damage":36,"enemies":"Time Eater","floor":51,"turns":7},{"damage":64,"enemies":"Shield and Spear","floor":55,"turns":5},{"damage":65,"enemies":"The Heart","floor":56,"turns":2}],"seed_played":"96032108885597877","potions_obtained":[{"floor":1.0,"key":"PowerPotion"},{"floor":7.0,"key":"BloodPotion"},{"floor":7.0,"key":"Energy Potion"},{"floor":12.0,"key":"PowerPotion"},{"floor":21.0,"key":"SneckoOil"},{"floor":24.0,"key":"Fire Potion"},{"floor":30.0,"key":"PowerPotion"},{"floor":35.0,"key":"AttackPotion"},{"floor":41.0,"key":"HeartOfIron"},{"floor":45.0,"key":"DistilledChaos"}],"is_trial":false,"path_per_floor":["M","?","?","M","$","E","?","R","T","R","E","M","R","M","R","B",null,"M","?","$","M","$","R","E","M","T","R","E","R","M","M","R","B",null,"M","$","M","?","M","R","?","$","T","E","M","$","R","M","R","B","B",null,"$","R","E","B"],"character_chosen":"IRONCLAD","items_purchased":["True Grit","MerchantsRug","Evolve","Sling","Medical Kit","TheAbacus"],"campfire_rested":0,"item_purchase_floors":[5,20,22,22,36,46],"current_hp_per_floor":[67,44,39,39,39,34,49,49,49,49,48,48,48,48,48,48,68,65,58,58,68,68,68,52,43,43,43,42,54,36,48,60,33,65,61,61,50,50,40,52,56,56,56,56,55,55,67,61,73,41,17,61,61,73,31,0,0],"gold":67,"neow_bonus":"BOSS_RELIC","is_daily":false,"chose_seed":false,"campfire_upgraded":11,"win_rate":0.0,"timestamp":1612892962,"path_taken":["M","?","?","M","$","E","?","R","T","R","E","?","R","M","R","BOSS","M","?","$","M","$","R","E","M","T","R","E","R","M","M","R","BOSS","M","$","M","?","?","R","?","?","T","E","M","$","R","M","R","BOSS","BOSS","$","R","E","BOSS"],"items_purchased_type":["Card","Relic","Card","Relic","Relic","Relic"],"build_version":"2020-12-22","purchased_purges":4,"victory":false,"max_hp_per_floor":[75,75,75,75,75,75,75,75,75,75,75,75,75,75,75,75,75,75,75,75,75,75,75,75,75,75,75,75,75,75,75,75,75,75,75,75,75,75,75,75,75,75,75,75,75,75,75,75,75,75,75,75,75,75,75,75,75],"card_choices":[{"not_picked":["Shrug It Off","Flex"],"picked":"Flame Barrier","floor":1.0},{"not_picked":["Sword Boomerang","Sentinel"],"picked":"Pommel Strike","floor":4.0},{"not_picked":["Sword Boomerang","Thunderclap"],"picked":"Fire Breathing","floor":6.0},{"not_picked":["Sword Boomerang","Infernal Blade","Fiend Fire"],"picked":"SKIP","floor":11.0},{"not_picked":["Heavy Blade","Twin Strike"],"picked":"Iron Wave","floor":12.0},{"not_picked":["Perfected Strike","Headbutt","Searing Blow"],"picked":"SKIP","floor":14.0},{"not_picked":["Offering","Fiend Fire"],"picked":"Reaper","floor":16.0},{"not_picked":[],"picked":"Pommel Strike","floor":18.0},{"not_picked":[],"picked":"Flex","floor":21.0},{"not_picked":["Clash"],"picked":"SKIP","floor":24.0},{"not_picked":[],"picked":"Iron Wave","floor":25.0},{"not_picked":[],"picked":"Limit Break","floor":28.0},{"not_picked":["Anger"],"picked":"SKIP","floor":30.0},{"not_picked":["Wild Strike"],"picked":"SKIP","floor":31.0},{"not_picked":[],"picked":"Dark Embrace","floor":35.0},{"not_picked":["True Grit"],"picked":"SKIP","floor":37.0},{"not_picked":["Havoc"],"picked":"SKIP","floor":39.0},{"not_picked":["Twin Strike"],"picked":"SKIP","floor":44.0},{"not_picked":["Heavy Blade"],"picked":"SKIP","floor":45.0},{"not_picked":[],"picked":"Body Slam","floor":48.0},{"not_picked":["Infernal Blade"],"picked":"SKIP","floor":55}],"player_experience":996998,"relics_obtained":[{"floor":6.0,"key":"Smiling Mask"},{"floor":9.0,"key":"Mummified Hand"},{"floor":11.0,"key":"Bottled Tornado"},{"floor":24.0,"key":"Nunchaku"},{"floor":28.0,"key":"Eternal Feather"},{"floor":41.0,"key":"Dead Branch"},{"floor":43.0,"key":"Unceasing Top"},{"floor":44.0,"key":"Letter Opener"},{"floor":55,"key":"Toy Ornithopter"}],"event_choices":[{"damage_healed":0.0,"max_hp_gain":0.0,"max_hp_loss":0.0,"gold_gain":0.0,"event_name":"Shining Light","player_choice":"Entered Light","floor":2.0,"gold_loss":0.0,"damage_taken":23.0,"cards_upgraded":["Anger","Pommel Strike"]},{"damage_healed":0.0,"max_hp_gain":0.0,"max_hp_loss":0.0,"gold_gain":0.0,"event_name":"Scrap Ooze","player_choice":"Success","floor":3.0,"gold_loss":0.0,"damage_taken":5.0,"relics_obtained":["Mercury Hourglass"]},{"damage_healed":0.0,"max_hp_gain":0.0,"max_hp_loss":0.0,"gold_gain":0.0,"event_name":"Lab","player_choice":"Got Potions","floor":7.0,"gold_loss":0.0,"damage_taken":0.0},{"damage_healed":0.0,"max_hp_gain":0.0,"max_hp_loss":0.0,"gold_gain":50.0,"event_name":"FaceTrader","player_choice":"Touch","floor":19.0,"gold_loss":0.0,"damage_taken":7.0},{"damage_healed":0.0,"max_hp_gain":0.0,"max_hp_loss":0.0,"gold_gain":0.0,"event_name":"Accursed Blacksmith","player_choice":"Rummage","floor":38.0,"gold_loss":0.0,"damage_taken":0.0,"relics_obtained":["WarpedTongs"],"cards_obtained":["Pain"]},{"damage_healed":0.0,"max_hp_gain":0.0,"max_hp_loss":0.0,"gold_gain":0.0,"event_name":"MindBloom","player_choice":"Fight","floor":41.0,"gold_loss":0.0,"damage_taken":0.0}],"is_beta":false,"boss_relics":[{"not_picked":["Calling Bell","Fusion Hammer"],"picked":"Busted Crown"},{"not_picked":["Cursed Key","Sozu"],"picked":"Mark of Pain"}],"items_purged_floors":[5,20,36,42],"is_endless":false,"potions_floor_spawned":[1,12,21,24,30,35,41,45],"killed_by":"The Heart","ascension_level":20}}