{"host":"5rycm1ajjg5acc5q","time":1612842501,"event":{"mods":["BaseMod","Better Third Choice","Downfall","Highlight Path","Minty Spire (QoL Compilation)","Replay The Spire","StSLib"],"gold_per_floor":[99,99,99,20,120,131,211,211,1,15,15,465,38,54,70,175,175,175,193,213,52,52,52,78,78,92,112,112,212,212,212,224,322,322,322,341,341,391,391,391,391,391,409,409,423,185,185,218,118,118],"floor_reached":51,"language":"ENG","playtime":5799,"items_purged":["downfall:Icky","Clumsy"],"score":734,"play_id":"488dd252-2150-43ed-924e-815572abbfd2","local_time":"20210208214821","is_ascension_mode":false,"campfire_choices":[{"data":"bronze:Goto","floor":1,"key":"SMITH"},{"data":"bronze:CleanCode","floor":11,"key":"SMITH"},{"data":"bronze:Assembly","floor":18,"key":"SMITH"},{"data":"bronze:GetLatest","floor":23,"key":"SMITH"},{"data":"bronze:BronzeOrb","floor":25,"key":"SMITH"},{"data":"bronze:HyperBeam","floor":28,"key":"SMITH"},{"data":"bronze:HardenedForm","floor":30,"key":"SMITH"},{"data":"bronze:Boost","floor":35,"key":"SMITH"},{"data":"J.A.X.","floor":42,"key":"SMITH"},{"data":"bronze:Verify","floor":44,"key":"SMITH"},{"data":"bronze:Optimize","floor":47,"key":"SMITH"},{"data":"bronze:CleanCode","floor":49,"key":"SMITH"}],"circlet_count":0,"master_deck":["bronze:Strike","bronze:Replicate","bronze:Optimize+1","bronze:ChosenStrike","bronze:FollowUp","bronze:CleanCode+1","bronze:Iterate","bronze:Overload+1","m_Bronzebash+1","bronze:BronzeArmor","bronze:DarkDash","bronze:NullPointer","bronze:GetLatest+1","bronze:Assembly+1","bronze:Boost+1","bronze:FollowUp","bronze:Flail+1","bronze:BronzeOrb+1","bronze:DigitalCarnage","bronze:Return+1","bronze:Overload","bronze:HyperBeam+1","bronze:ChosenStrike+1","bronze:ChildClass","bronze:ShipIt","J.A.X.+1","bronze:HardenedForm+1","Necronomicurse","bronze:FineTuning","bronze:CleanCode+1","Clumsy","bronze:ChildClass+1","m_BronzeSurvivor+1","Sweeping Beam","bronze:MaxOutput","bronze:Turbo+1","bronze:Verify+1","bronze:Overheat+1","bronze:FindAndReplace+1","bronze:Optimize+1","bronze:Philosophize+1","Jack Of All Trades+1","bronze:DigitalCarnage","bronze:Return+1","bronze:OilSpill"],"relics":["downfall:HeartsMalice","downfall:ShatteredFragment","Meat on the Bone","m_BronzeBlood","Omamori","Vajra","Runic Pyramid","Orrery","Ancient Tea Set","MutagenicStrength","Necronomicon","Replay:Ancient Bell","bronze:SilverBullet","Toxic Egg 2","Pondfish Scales","Replay:PocketPolymizer","War Paint","Bottled Flame","Bag of Preparation","downfall:HeartBlessingGreen"],"acts_visited":["Exordium","TheCity","TheBeyond"],"potions_floor_usage":[9,13,16,21,21,50,50],"damage_taken":[{"damage":0,"enemies":"2 Louse","floor":2,"turns":1},{"damage":0,"enemies":"downfall:FleeingMerchant","floor":4,"turns":1},{"damage":0,"enemies":"downfall:Heads","floor":5,"turns":1},{"damage":0,"enemies":"Small Slimes","floor":6,"turns":1},{"damage":6,"enemies":"downfall:FleeingMerchant","floor":9,"turns":4},{"damage":11,"enemies":"Jaw Worm","floor":10,"turns":2},{"damage":7,"enemies":"downfall:FleeingMerchant","floor":13,"turns":4},{"damage":0,"enemies":"Blue Slaver","floor":14,"turns":1},{"damage":0,"enemies":"3 Louse","floor":15,"turns":2},{"damage":0,"enemies":"SI_SHIV_ARCHETYPE","floor":16,"turns":4},{"damage":0,"enemies":"3 Byrds","floor":19,"turns":4},{"damage":19,"enemies":"Shell Parasite","floor":20,"turns":4},{"damage":12,"enemies":"downfall:FleeingMerchant","floor":21,"turns":4},{"damage":10,"enemies":"Centurion and Healer","floor":26,"turns":4},{"damage":13,"enemies":"Snake Plant","floor":27,"turns":3},{"damage":0,"enemies":"downfall:Augmenter","floor":29,"turns":3},{"damage":0,"enemies":"Shelled Parasite and Fungi","floor":32,"turns":2},{"damage":8,"enemies":"WA_ARCHETYPE_CALM","floor":33,"turns":4},{"damage":3,"enemies":"3 Shapes","floor":36,"turns":1},{"damage":3,"enemies":"3 Shapes","floor":38,"turns":3},{"damage":0,"enemies":"3 Darklings","floor":43,"turns":2},{"damage":12,"enemies":"Sphere and 2 Shapes","floor":45,"turns":2},{"damage":0,"enemies":"downfall:FleeingMerchant","floor":46,"turns":1},{"damage":0,"enemies":"Reptomancer","floor":48,"turns":2},{"damage":10,"enemies":"IC_BLOCK_ARCHETYPE","floor":50,"turns":5}],"seed_played":"-8121913829992702602","potions_obtained":[{"floor":5,"key":"PowerPotion"},{"floor":6,"key":"LiquidMemories"},{"floor":10,"key":"ColorlessPotion"},{"floor":15,"key":"sneckomod:MuddlingPotion"},{"floor":16,"key":"bronze:FreeFunctionsPotion"},{"floor":27,"key":"SpeedPotion"},{"floor":29,"key":"DistilledChaos"},{"floor":32,"key":"Elixir"},{"floor":33,"key":"bronze:FreeFunctionsPotion"},{"floor":38,"key":"ColorlessPotion"}],"is_trial":false,"path_per_floor":["R","M","?","$","?","M","T","?","$","M","R","?","$","M","M","B",null,"R","M","M","$","?","R","T","R","M","M","R","?","R","?","M","B",null,"R","M","?","?","?","?","T","R","M","R","M","$","R","E","R","B",null],"character_chosen":"THE_AUTOMATON","items_purchased":["bronze:FollowUp","Omamori","bronze:BronzeArmor","Vajra","expansioncontent:StudyTheSpire","Orrery","Bottled Flame","bronze:Optimize","bronze:Philosophize+1","Jack Of All Trades+1"],"campfire_rested":0,"item_purchase_floors":[4,9,9,13,13,21,46,46,46,46],"current_hp_per_floor":[70,70,49,49,49,49,49,49,49,44,44,44,43,49,55,61,70,70,70,57,51,51,51,51,51,47,52,52,58,58,42,48,46,70,70,70,70,70,70,70,70,70,70,70,64,70,70,70,70,66],"gold":118,"neow_bonus":"THREE_ENEMY_KILL","is_daily":false,"chose_seed":false,"campfire_upgraded":12,"win_rate":0.0,"timestamp":1612842501,"path_taken":["R","M","?","$","?","M","T","?","$","M","R","?","$","?","M","BOSS","R","M","M","$","?","R","T","R","M","M","R","?","R","?","M","BOSS","R","M","?","?","?","?","T","R","M","R","M","$","R","E","R","BOSS"],"items_purchased_type":["Card","Relic","Card","Relic","Card","Relic","Relic","Card","Card","Card"],"build_version":"2020-12-22","purchased_purges":2,"victory":true,"max_hp_per_floor":[70,70,70,70,70,70,70,70,70,70,70,70,70,70,70,70,70,70,70,70,70,70,70,70,70,70,70,70,70,70,70,70,70,70,70,70,70,70,70,70,70,70,70,70,70,70,70,70,70,70],"card_choices":[{"not_picked":["bronze:WildBeam","bronze:Iterate"],"picked":"bronze:Optimize","floor":2},{"not_picked":["bronze:Shield","bronze:DelayedSlice"],"picked":"bronze:ChosenStrike","floor":4},{"not_picked":["bronze:Repair","bronze:CutThrough"],"picked":"bronze:CleanCode","floor":5},{"not_picked":["bronze:Iterate","bronze:DelayedGuard"],"picked":"bronze:Overload","floor":6},{"not_picked":["bronze:Branch","bronze:BugBarrage"],"picked":"bronze:ForLoop","floor":9},{"not_picked":["Shrug It Off","bronze:BuggyMess"],"picked":"bronze:DarkDash","floor":10},{"not_picked":["bronze:CloningBeam","Wild Strike"],"picked":"bronze:NullPointer","floor":13},{"not_picked":["bronze:WildBeam","Wild Strike","bronze:BuggyMess"],"picked":"SKIP","floor":14},{"not_picked":["bronze:Iterate","bronze:Overheat"],"picked":"bronze:GetLatest","floor":15},{"not_picked":["bronze:BurnOut","bronze:HardenedForm"],"picked":"bronze:Assembly","floor":16},{"not_picked":["bronze:ItsAFeature","bronze:Invalidate","bronze:Allocate"],"picked":"SKIP","floor":19},{"not_picked":["bronze:Branch","bronze:DelayedSlice"],"picked":"bronze:Boost","floor":20},{"not_picked":["bronze:DelayedSlice+1","bronze:Invalidate"],"picked":"bronze:FollowUp","floor":21},{"not_picked":["bronze:Mutator","bronze:Shield"],"picked":"bronze:Flail+1","floor":21},{"not_picked":["bronze:OilSpill+1","bronze:DelayedSlice"],"picked":"bronze:BronzeOrb","floor":21},{"not_picked":["bronze:BugBarrage","bronze:WhirlingStrike"],"picked":"bronze:DigitalCarnage","floor":21},{"not_picked":["bronze:Turbo","bronze:WildBeam"],"picked":"bronze:Return+1","floor":21},{"not_picked":["bronze:BitShift+1","bronze:WhirlingStrike"],"picked":"bronze:Overload","floor":21},{"not_picked":["bronze:DigitalCarnage","bronze:Iterate"],"picked":"bronze:HyperBeam","floor":26},{"not_picked":["bronze:MaxOutput","bronze:Branch"],"picked":"bronze:ChosenStrike+1","floor":27},{"not_picked":[],"picked":"J.A.X.","floor":29},{"not_picked":["bronze:BitShift","bronze:Invalidate"],"picked":"bronze:HardenedForm","floor":29},{"not_picked":["bronze:WhirlingStrike","bronze:Boost"],"picked":"bronze:FineTuning","floor":32},{"not_picked":["bronze:HyperBeam","bronze:ThunderWave"],"picked":"bronze:CleanCode","floor":33},{"not_picked":["Spreading Infection","CommonCold"],"picked":"Clumsy","floor":34},{"not_picked":["Looming Evil","Parasite"],"picked":"Clumsy","floor":34},{"not_picked":["Decay","Amnesia"],"picked":"Voices","floor":34},{"not_picked":["bronze:Overheat+1","bronze:DelayedGuard+1"],"picked":"bronze:ChildClass+1","floor":36},{"not_picked":["bronze:ChosenStrike","bronze:ForceShield+1"],"picked":"bronze:Turbo+1","floor":43},{"not_picked":["bronze:Branch","bronze:Frontload+1"],"picked":"bronze:Overheat+1","floor":45},{"not_picked":["bronze:Repair+1","bronze:Frontload+1"],"picked":"bronze:FindAndReplace+1","floor":46},{"not_picked":["bronze:Overheat","bronze:FineTuning+1"],"picked":"bronze:Return+1","floor":48}],"player_experience":321220,"relics_obtained":[{"floor":7,"key":"Meat on the Bone"},{"floor":24,"key":"Ancient Tea Set"},{"floor":29,"key":"MutagenicStrength"},{"floor":31,"key":"Necronomicon"},{"floor":38,"key":"Replay:PocketPolymizer"},{"floor":41,"key":"War Paint"},{"floor":48,"key":"Bag of Preparation"}],"event_choices":[{"cards_removed":["expansioncontent:StudyTheSpire"],"damage_healed":0,"gold_gain":0,"player_choice":"Took Card","damage_taken":0,"max_hp_gain":0,"max_hp_loss":0,"event_name":"NoteForYourself","floor":40,"gold_loss":0,"cards_obtained":["Sweeping Beam"]}],"is_beta":false,"boss_relics":[{"not_picked":["Replay:Drink Me","ChewingGum"],"picked":"Runic Pyramid"},{"not_picked":["SacredBark","Empty Cage"],"picked":"Replay:Ancient Bell"},{"not_picked":["Toy Ornithopter","Centennial Puzzle"],"picked":"bronze:SilverBullet"},{"not_picked":["Snack Pack","ReplayTheSpireMod:Shallot"],"picked":"Toxic Egg 2"},{"not_picked":["Unceasing Top","FossilizedHelix"],"picked":"Pondfish Scales"}],"items_purged_floors":[13,46],"is_endless":false,"potions_floor_spawned":[5,6,10,15,16,27,29,32,33,38],"ascension_level":0}}