{"host":"am551fa6890rb9vo","time":1612870999,"event":{"mods":["BaseMod","DeckTracker","Minty Spire (QoL Compilation)","Morshu Shopkeeper - ENHANCED","Rare Cards Sparkle","Relic Stats","Smile Girya","StSLib","The IronCluck","everything is the same but u backflip on backflip","slay the spire mod where everything is the same but ironclad has a cowboy hat"],"gold_per_floor":[111,111,130,147,147,181,181,32,111,34,62,337,365,384,384,481,481,501,519,39,39,0,0,0],"floor_reached":23,"language":"ENG","playtime":1583,"items_purged":["Strike_R"],"score":228,"play_id":"bde16df6-8ff8-4be7-8e00-de93f4cd4496","local_time":"20210209114319","is_ascension_mode":true,"campfire_choices":[{"data":"Fiend Fire","floor":7,"key":"SMITH"},{"data":"Dark Embrace","floor":15,"key":"SMITH"}],"circlet_count":0,"master_deck":["Strike_R","Strike_R","Defend_R+1","Defend_R","Defend_R","Defend_R","Bash","Corruption+1","Pommel Strike","Feel No Pain+1","Second Wind","Fiend Fire+1","Feel No Pain","Dark Embrace+1","Anger","Seeing Red","Impervious","Pain","Reckless Charge+1","Evolve+1","Ghostly Armor","Warcry+1","Wild Strike","Double Tap","J.A.X."],"relics":["Burning Blood","Vajra","Meat on the Bone","Orichalcum","Blood Vial","Astrolabe","TungstenRod"],"acts_visited":["Exordium","TheCity"],"potions_floor_usage":[6,6,13,16,16,18],"damage_taken":[{"damage":3,"enemies":"Jaw Worm","floor":1,"turns":5},{"damage":5,"enemies":"2 Louse","floor":3,"turns":4},{"damage":6,"enemies":"Cultist","floor":4,"turns":4},{"damage":20,"enemies":"Lagavulin","floor":6,"turns":9},{"damage":6,"enemies":"Gremlin Nob","floor":11,"turns":3},{"damage":19,"enemies":"3 Sentries","floor":13,"turns":6},{"damage":7,"enemies":"Blue Slaver","floor":14,"turns":3},{"damage":26,"enemies":"Hexaghost","floor":16,"turns":9},{"damage":60,"enemies":"3 Byrds","floor":18,"turns":7},{"damage":17,"enemies":"Spheric Guardian","floor":19,"turns":5},{"damage":43,"enemies":"Slavers","floor":23,"turns":3}],"seed_played":"5931623009284281855","potions_obtained":[{"floor":3,"key":"EntropicBrew"},{"floor":6,"key":"PowerPotion"},{"floor":16,"key":"AttackPotion"}],"is_trial":false,"path_per_floor":["M","?","M","M","?","E","R","$","T","$","E","?","E","M","R","B",null,"M","M","$","?","?","E"],"character_chosen":"IRONCLAD","items_purchased":["Feel No Pain","Dark Embrace","TungstenRod","Wild Strike","Double Tap"],"campfire_rested":0,"item_purchase_floors":[8,10,20,20,20],"current_hp_per_floor":[80,80,80,80,64,50,50,50,50,50,50,50,49,50,50,44,80,38,41,41,41,41,0,0],"gold":0,"neow_bonus":"TRANSFORM_CARD","is_daily":false,"chose_seed":false,"campfire_upgraded":2,"win_rate":0.0,"timestamp":1612870999,"path_taken":["M","?","M","M","?","E","R","$","T","$","E","?","E","M","R","BOSS","M","?","$","?","?","E"],"items_purchased_type":["Card","Card","Relic","Card","Card"],"build_version":"2020-12-22","purchased_purges":1,"victory":false,"max_hp_per_floor":[80,80,80,80,80,80,80,80,80,80,80,80,80,80,80,80,80,80,80,80,80,80,80,80],"relic_stats":{"Blood Vial":8,"counters":[11,58],"Astrolabe":["Pain","Reckless Charge","Evolve"],"Orichalcum":[66],"obtain_stats":[{"Blood Vial":13,"Astrolabe":17,"Vajra":6,"Orichalcum":11,"Burning Blood":0,"TungstenRod":20,"Meat on the Bone":9},{"Blood Vial":6,"Astrolabe":8,"Vajra":4,"Orichalcum":5,"Burning Blood":0,"TungstenRod":10,"Meat on the Bone":4},{"Blood Vial":31,"Astrolabe":43,"Vajra":22,"Orichalcum":25,"Burning Blood":0,"TungstenRod":55,"Meat on the Bone":22}],"Burning Blood":56,"TungstenRod":6,"Meat on the Bone":48},"card_choices":[{"not_picked":["Anger","Heavy Blade"],"picked":"Pommel Strike","floor":1},{"not_picked":["True Grit","Flex"],"picked":"Feel No Pain","floor":3},{"not_picked":["Shrug It Off","Cleave"],"picked":"Second Wind","floor":4},{"not_picked":["Warcry","Wild Strike"],"picked":"Fiend Fire","floor":6},{"not_picked":["Cleave","True Grit"],"picked":"Anger","floor":11},{"not_picked":["Sword Boomerang","Bloodletting"],"picked":"Seeing Red","floor":13},{"not_picked":["Pummel","Anger"],"picked":"Rage","floor":14},{"not_picked":["Berserk","Limit Break"],"picked":"Impervious","floor":16},{"not_picked":["Wild Strike+1","Inflame"],"picked":"Ghostly Armor","floor":18},{"not_picked":["Clothesline+1","Disarm"],"picked":"Warcry+1","floor":19}],"player_experience":53280,"relics_obtained":[{"floor":6,"key":"Vajra"},{"floor":9,"key":"Meat on the Bone"},{"floor":11,"key":"Orichalcum"},{"floor":13,"key":"Blood Vial"}],"event_choices":[{"damage_healed":0,"gold_gain":0,"player_choice":"Grow","damage_taken":0,"max_hp_gain":0,"max_hp_loss":0,"event_name":"Living Wall","floor":2,"gold_loss":0,"cards_upgraded":["Corruption"]},{"damage_healed":0,"gold_gain":0,"player_choice":"Entered Light","damage_taken":16,"max_hp_gain":0,"max_hp_loss":0,"event_name":"Shining Light","floor":5,"gold_loss":0,"cards_upgraded":["Defend_R","Feel No Pain"]},{"damage_healed":0,"gold_gain":275,"player_choice":"Desecrate","damage_taken":0,"max_hp_gain":0,"max_hp_loss":0,"event_name":"Golden Shrine","floor":12,"gold_loss":0,"cards_obtained":["Regret"]},{"damage_healed":0,"gold_gain":0,"player_choice":"Obtain J.A.X.","damage_taken":0,"max_hp_gain":0,"max_hp_loss":0,"event_name":"Drug Dealer","floor":21,"gold_loss":0,"cards_obtained":["J.A.X."]},{"damage_healed":0,"gold_gain":0,"player_choice":"Paid Fearfully","damage_taken":0,"max_hp_gain":0,"max_hp_loss":0,"event_name":"Masked Bandits","floor":22,"gold_loss":39}],"is_beta":false,"boss_relics":[{"not_picked":["Black Blood","Sozu"],"picked":"Astrolabe"}],"items_purged_floors":[8],"is_endless":false,"potions_floor_spawned":[3,6,11,16],"killed_by":"Slavers","ascension_level":2}}