{"host":"q8ewzd1tf4mqkgtb","time":1612866990,"event":{"mods":["Ascension Unlocker","BaseMod","Colored Map","Faster Ascension Climbing","Hermit","Minty Spire (QoL Compilation)","Relic Stats","StSLib","UnlockEverythingMod"],"gold_per_floor":[119,131,151,165,37,37,47,47,71,71,71],"floor_reached":10,"language":"ENG","playtime":1345,"items_purged":["Strike_R"],"score":120,"play_id":"e162fa79-9084-42df-838c-5df27c07520c","local_time":"20210209043630","is_ascension_mode":true,"campfire_choices":[{"data":"Armaments","floor":6,"key":"SMITH"},{"data":"Bloodletting","floor":8,"key":"SMITH"}],"circlet_count":0,"master_deck":["AscendersBane","Strike_R","Strike_R","Strike_R","Strike_R","Defend_R","Defend_R","Defend_R","Defend_R","Bash","Armaments+1","Inflame","Reckless Charge","True Grit","Bloodletting+1"],"relics":["Runic Pyramid","Happy Flower"],"acts_visited":["Exordium"],"potions_floor_usage":[],"damage_taken":[{"damage":2,"enemies":"Jaw Worm","floor":1,"turns":6},{"damage":1,"enemies":"Cultist","floor":2,"turns":5},{"damage":8,"enemies":"2 Louse","floor":3,"turns":4},{"damage":15,"enemies":"Lots of Slimes","floor":4,"turns":6},{"damage":17,"enemies":"Looter","floor":7,"turns":3},{"damage":75,"enemies":"Gremlin Nob","floor":10,"turns":4}],"seed_played":"-6074984090290140653","potions_obtained":[{"floor":7,"key":"BlessingOfTheForge"}],"is_trial":false,"path_per_floor":["M","M","M","M","$","R","M","R","T","E"],"character_chosen":"IRONCLAD","items_purchased":["Block Potion"],"campfire_rested":0,"item_purchase_floors":[5],"current_hp_per_floor":[66,65,57,42,42,42,25,25,25,0,0],"gold":71,"neow_bonus":"BOSS_RELIC","is_daily":false,"chose_seed":false,"campfire_upgraded":2,"win_rate":0.0,"timestamp":1612866990,"path_taken":["M","M","M","M","$","R","M","R","T","E"],"items_purchased_type":["Potion"],"build_version":"2020-12-22","purchased_purges":1,"victory":false,"max_hp_per_floor":[75,75,75,75,75,75,75,75,75,75,75],"relic_stats":{"Happy Flower":[1],"counters":[6,28],"obtain_stats":[{"Happy Flower":9,"Burning Blood":0,"Runic Pyramid":0},{"Happy Flower":5,"Burning Blood":0,"Runic Pyramid":0},{"Happy Flower":24,"Burning Blood":0,"Runic Pyramid":0}]},"card_choices":[{"not_picked":["Perfected Strike","Sever Soul"],"picked":"Armaments","floor":1},{"not_picked":["Burning Pact","Sword Boomerang"],"picked":"Inflame","floor":2},{"not_picked":["Sentinel","Carnage"],"picked":"Reckless Charge","floor":3},{"not_picked":["Shrug It Off","Wild Strike"],"picked":"True Grit","floor":4},{"not_picked":["Body Slam","Cleave"],"picked":"Bloodletting","floor":7}],"player_experience":567681,"relics_obtained":[{"floor":9,"key":"Happy Flower"}],"event_choices":[],"is_beta":false,"boss_relics":[],"items_purged_floors":[5],"is_endless":false,"potions_floor_spawned":[7],"killed_by":"Gremlin Nob","ascension_level":20}}