{"host":"i4vlfbz13gs2xtdj","time":1612847258,"event":{"mods":["2.2 Compatiblity","AchievementEnabler","Act Like it!","Aspiration","Astrologer","BaseMod","Beaked The Cultist","Bestiary","Better Altar","Better Match","Better Note","Better Sensory Stone","Better Skull","Better Third Choice","BetterRewards","CatGirl Mod","Challenge The Spire","ChefMod","Clockwork Mod","Colored Map","Colored Powertips","Curses Come First","Defuse TimeMaze Blight","Elementarium","Energized Spire","Fox Events","Friendly Minions","GifTheSpireLib","Halation","Hermit","Hubris","Hunter ??","Infinite Spire","Jedi Mod","JesterMod","Jorbs\u0027s Wanderer Trilogy","KinomotoSakuraMod(????)","Marked Mod","Menagerie","Minty Spire (QoL Compilation)","Pale of the Ancients","Potionbrewer","Rare Cards Sparkle","Relic Sorter","Relic Stats","Reliquary","Replay The Spire","Shop Mod","Somnambulant","Spicy Shops","Spikes Relics","Spire Arcade","StSLib","Stuff the Spire","The Blue Laboratory","The Marked","The Sage","Trackpad","Useless Jewels Mod","Wandering Minibosses"],"gold_per_floor":[115,20,30,45,45,70,70,105,128,128,156,156,172,172,172,272,272,292,292,292,306,306,335,335,364,364,364,381,414,430,13,13,118,118,134,134,134,134,13,39,39,19,46,46,46,46,77,93,93,93,93,93,25,54,54],"floor_reached":56,"language":"ENG","playtime":12156,"items_purged":["beaked:Strike_Y","beaked:Strike_Y+1"],"score":1347,"play_id":"62ae2204-e6b3-44e0-83d6-af575b898373","local_time":"20210209000738","is_ascension_mode":true,"campfire_choices":[{"data":"jedi:forcepush","floor":7.0,"key":"SMITH"},{"data":"Injury","floor":10.0,"key":"SMITH"},{"data":"Amnesia","floor":15.0,"key":"SMITH"},{"data":"StuffTheSpire:Deluminance","floor":24.0,"key":"SMITH"},{"floor":27.0,"key":"REST"},{"data":"beaked:Foresight","floor":32.0,"key":"SMITH"},{"data":"ReplayTheSpireMod:Wings of Steel","floor":41.0,"key":"SMITH"},{"floor":44.0,"key":"RECALL"},{"data":"ReplayTheSpireMod:Owlgaze","floor":46.0,"key":"SMITH"},{"data":"ReplayTheSpireMod:Private Reserves","floor":49.0,"key":"SMITH"},{"data":"beaked:MachineEssence","floor":52,"key":"SMITH"}],"circlet_count":0,"master_deck":["beaked:Strike_Y+1","beaked:Strike_Y+1","beaked:Strike_Y+1","beaked:Strike_Y+1","beaked:Defend_Y+1","beaked:Defend_Y+1","beaked:Defend_Y+1","beaked:Defend_Y+1","beaked:Ceremony","beaked:Ceremony","beaked:Ceremony","jedi:forcepush+1","beaked:Evade","beaked:HuntressSpirit","beaked:Pecker+1","Menagerie:BeastSpirit+1","beaked:MachineEssence+1","beaked:Foresight+1","beaked:Windmill+1","beaked:ScreechingChant","beaked:Evade+1","ReplayTheSpireMod:Prepare the Ceremony","StuffTheSpire:Deluminance+1","StuffTheSpire:Deluminance","StuffTheSpire:Deluminance","StuffTheSpire:Deluminance","StuffTheSpire:Deluminance","ClowCardTheShadow+1","astrologer:DarkMatter","Noxious Fumes","astrologer:Conjunction+1","ReplayTheSpireMod:Owlgaze+1","ReplayTheSpireMod:Wings of Steel+1","infinitespire:Collect+1","ReplayTheSpireMod:Private Reserves+1","beaked:Pecker+1"],"relics":["beaked:MendingPlumage","RollingBoulder","BicycleWheel","MerchantsRug","reliquary:PrincelyHelmet","aspiration:Lifesprig","Ring of Fangs","Ring of Searing","hubris:Towel","SlaversCollar","StuffTheSpire:BlackoutCurse","SnailShell","beaked:ShinyBauble","Meat on the Bone","StuffTheSpire:HeavyRock","infinitespire:Broken Mirror","Counterbalance","infinitespire:BottledMercury","StuffTheSpire:GreaterSneckoEye","infinitespire:PuzzleCube","hubris:SlimyHat"],"acts_visited":["Menagerie:Menagerie","TheCity","TheBeyond","TheEnding"],"potions_floor_usage":[50,50,54,54,55],"damage_taken":[{"damage":0.0,"enemies":"Menagerie:WhisperingWraith","floor":1.0,"turns":4.0},{"damage":3.0,"enemies":"Menagerie:MonstrousExperiment","floor":3.0,"turns":4.0},{"damage":0.0,"enemies":"Menagerie:2_RABBITS","floor":4.0,"turns":5.0},{"damage":3.0,"enemies":"Menagerie:Hydra","floor":6.0,"turns":5.0},{"damage":28.0,"enemies":"Menagerie:VoidReaper","floor":8.0,"turns":7.0},{"damage":16.0,"enemies":"Menagerie:Hydra","floor":11.0,"turns":6.0},{"damage":20.0,"enemies":"Menagerie:MeltingSalamander","floor":13.0,"turns":4.0},{"damage":27.0,"enemies":"Menagerie:AVATARS","floor":16.0,"turns":6.0},{"damage":29.0,"enemies":"Shell Parasite","floor":18.0,"turns":6.0},{"damage":27.0,"enemies":"Spheric Guardian","floor":21.0,"turns":7.0},{"damage":49.0,"enemies":"Gremlin Leader","floor":23.0,"turns":6.0},{"damage":38.0,"enemies":"Slavers","floor":25.0,"turns":7.0},{"damage":26.0,"enemies":"3 Cultists","floor":28.0,"turns":6.0},{"damage":72.0,"enemies":"Nightmare","floor":29.0,"turns":6.0},{"damage":7.0,"enemies":"Snake Plant","floor":30.0,"turns":6.0},{"damage":50.0,"enemies":"Champ","floor":33.0,"turns":10.0},{"damage":30.0,"enemies":"Orb Walker","floor":35.0,"turns":5.0},{"damage":44.0,"enemies":"Reptomancer","floor":40.0,"turns":9.0},{"damage":34.0,"enemies":"Giant Head","floor":47.0,"turns":7.0},{"damage":20.0,"enemies":"3 Darklings","floor":48.0,"turns":5.0},{"damage":40,"enemies":"Awakened One","floor":50,"turns":8},{"damage":40,"enemies":"Shield and Spear","floor":54,"turns":6},{"damage":0,"enemies":"The Heart","floor":55,"turns":1}],"seed_played":"-6336342721679430193","potions_obtained":[{"floor":1.0,"key":"blueLaboratory:CorrosionFlask"},{"floor":6.0,"key":"blueLaboratory:LouseDecoction"},{"floor":25.0,"key":"SkillPotion"},{"floor":28.0,"key":"blueLaboratory:LouseDecoction"},{"floor":40.0,"key":"Energy Potion"},{"floor":54,"key":"blueLaboratory:AbyssPotion"}],"is_trial":false,"path_per_floor":["M","$","M","M","?","E","R","E","T","R","E","?","M","?","R","B",null,"M","?","?","M","?","E","R","E","T","R","M","NM","M","$","R","B",null,"M","AVR","?","?","$","E","R","$","T","R","?","R","E","M","R","B",null,"R","$","E","B",null],"character_chosen":"BEAKED_THE_CULTIST","items_purchased":["beaked:RitualPlumage","RollingBoulder","BicycleWheel","jedi:forcepush","War Paint","MerchantsRug","reliquary:PrincelyHelmet","Pear","infinitespire:Broken Mirror","halation:Jellyphish","ReplayTheSpireMod:Private Reserves","SkillPotion","Membership Card","infinitespire:PuzzleCube","Strength Potion","Adrenaline Potion","PowerPotion","SteroidPotion"],"campfire_rested":1,"item_purchase_floors":[0,0,0,0,0,0,2,31,31,39,39,39,42,42,53,53,53,53],"current_hp_per_floor":[39,39,49,50,47,47,47,47,47,47,47,47,35,35,35,33,47,35,27,27,33,33,20,20,15,15,29,32,16,30,40,40,52,57,38,38,18,18,18,53,53,53,53,53,53,53,53,57,57,55,57,57,57,47,48],"gold":54,"neow_bonus":"","is_daily":false,"chose_seed":false,"campfire_upgraded":9,"win_rate":0.0,"timestamp":1612847258,"path_taken":["M","$","?","M","?","E","R","E","T","R","E","?","?","?","R","BOSS","M","?","?","M","?","E","R","E","T","R","M","NM","?","$","R","BOSS","M","AVR","?","?","$","E","R","$","T","R","?","R","E","?","R","BOSS","R","$","E","BOSS"],"items_purchased_type":["Relic","Relic","Relic","Card","Relic","Relic","Relic","Relic","Relic","Relic","Card","Potion","Relic","Relic","Potion","Potion","Potion","Potion"],"build_version":"2020-12-22","purchased_purges":2,"victory":true,"max_hp_per_floor":[50,50,50,50,47,47,47,47,47,47,47,47,47,47,47,47,47,47,47,47,47,47,47,47,47,47,47,47,47,47,57,57,57,57,57,57,57,57,57,57,57,57,57,57,57,57,57,57,57,57,57,57,57,57,57],"relic_stats":{"counters":[110,489],"obtain_stats":[{"Golden Egg":26,"jedi:angrymask":6,"infinitespire:BottledMercury":36,"jedi:bottledfury":7,"Whetstone":40,"reliquary:RedCape":17,"Old Coin":6,"Ring of Searing":12,"MealTicket":0,"aspiration:DSix":0,"MerchantsRug":45,"Pear":37,"Counterbalance":34,"Pen Nib":21,"reliquary:WeakTea":9,"SlaversCollar":17,"infinitespire:Broken Mirror":31,"halation:Jellyphish":39,"sagemod:Creepy_Carousel":10,"beaked:MawFillet":34,"halation:Convergence":48,"infinitespire:PuzzleCube":42,"infinitespire:Cupcake":37,"Regal Pillow":23,"Lantern":54,"aspiration:Lifesprig":11,"Replay:Multitool":9,"jedi:archwizardhat":4,"hubris:EmptyBottle":0,"Smiling Mask":26,"Ring of Fangs":4,"hubris:Backtick":34,"trackpad:RapidFire":5,"aspiration:AnachronicSnailShell":53,"halation:Toothbrush":47,"BicycleWheel":0,"aspiration:ChemicalBlood":4,"Potion Belt":47,"Replay:M_StaffOfTheSnake":5,"NeowsBlessing":0,"StuffTheSpire:Saxophone":12,"infinitespire:Lucky Rock":4,"reliquary:RosewoodLute":0,"hubris:Towel":14,"theMarked:ArtifactOfAir":0,"Durian":11,"halation:TwoAmDonut":42,"potionbrewer:BottledElixir":24,"beaked:MendingPlumage":38,"sagemod:Red_Beast_Statue":0,"Calipers":0,"StuffTheSpire:BlackoutCurse":20,"jedi:leech":9,"jedi:paperlyon":22,"halation:PrussianBluePaint":8,"Philosopher\u0027s Stone":17,"halation:KoshaPiece":6,"trackpad:BiPhaseBiplane":0,"Ring of Hypnosis":4,"aspiration:Nostalgia":5,"StuffTheSpire:ForceGauntlet":0,"infinitespire:Beetle Shell":29,"energizedSpire:OgreHead":17,"potionbrewer:ToyAutogyro":10,"War Paint":0,"reliquary:PorcupineQuills":0,"Shuriken":38,"StuffTheSpire:GreaterSneckoEye":37,"Simple Rune":40,"CosmicIsotope":17,"Grinning Jar":2,"Meat on the Bone":26,"Darkstone Periapt":43,"SnailShell":23,"beaked:ShinyBauble":25,"Replay:PocketPolymizer":22,"reliquary:PrincelyHelmet":2,"Mango":47,"Incense Burner":38,"hubris:SlimyHat":54,"PrismaticShard":19,"aspiration:StickyExplosives_weak":20,"Nunchaku":24,"StuffTheSpire:HeavyRock":10,"RollingBoulder":0,"Replay:Bottled Snecko":19,"hubris:DisguiseKit":11,"BargainBundle":10,"ReplayTheSpireMod:Ninjato":38,"StuffTheSpire:RunicHypercube":17,"aspiration:FetidBarrel":6,"Guide Book":45,"hubris:MedicalManual":0,"Orichalcum":14,"Odd Mushroom":8,"beaked:RitualPlumage":0,"Pondfish Scales":30,"halation:EternalFortune":3,"Ring of Fury":15,"Membership Card":10,"potionbrewer:Keyblade":0,"TungstenRod":26},{"Golden Egg":19,"jedi:angrymask":91,"infinitespire:BottledMercury":104,"jedi:bottledfury":38,"Whetstone":104,"reliquary:RedCape":16,"Old Coin":3,"Ring of Searing":93,"MealTicket":34,"aspiration:DSix":48,"MerchantsRug":30,"Pear":24,"Counterbalance":103,"Pen Nib":18,"reliquary:WeakTea":13,"SlaversCollar":95,"infinitespire:Broken Mirror":102,"halation:Jellyphish":104,"sagemod:Creepy_Carousel":39,"beaked:MawFillet":78,"halation:Convergence":31,"infinitespire:PuzzleCube":105,"infinitespire:Cupcake":24,"Regal Pillow":19,"Lantern":33,"aspiration:Lifesprig":93,"Replay:Multitool":4,"jedi:archwizardhat":2,"hubris:EmptyBottle":34,"Smiling Mask":47,"Ring of Fangs":36,"hubris:Backtick":103,"trackpad:RapidFire":12,"aspiration:AnachronicSnailShell":86,"halation:Toothbrush":84,"BicycleWheel":87,"aspiration:ChemicalBlood":12,"Potion Belt":106,"Replay:M_StaffOfTheSnake":12,"NeowsBlessing":0,"StuffTheSpire:Saxophone":40,"infinitespire:Lucky Rock":62,"reliquary:RosewoodLute":60,"hubris:Towel":94,"theMarked:ArtifactOfAir":0,"Durian":66,"halation:TwoAmDonut":29,"potionbrewer:BottledElixir":47,"beaked:MendingPlumage":79,"sagemod:Red_Beast_Statue":34,"Calipers":34,"StuffTheSpire:BlackoutCurse":96,"jedi:leech":51,"jedi:paperlyon":72,"halation:PrussianBluePaint":92,"Philosopher\u0027s Stone":43,"halation:KoshaPiece":50,"trackpad:BiPhaseBiplane":34,"Ring of Hypnosis":36,"aspiration:Nostalgia":12,"StuffTheSpire:ForceGauntlet":48,"infinitespire:Beetle Shell":59,"energizedSpire:OgreHead":54,"potionbrewer:ToyAutogyro":4,"War Paint":87,"reliquary:PorcupineQuills":34,"Shuriken":79,"StuffTheSpire:GreaterSneckoEye":104,"Simple Rune":105,"CosmicIsotope":69,"Grinning Jar":49,"Meat on the Bone":99,"Darkstone Periapt":81,"SnailShell":98,"beaked:ShinyBauble":99,"Replay:PocketPolymizer":72,"reliquary:PrincelyHelmet":88,"Mango":31,"Incense Burner":25,"hubris:SlimyHat":109,"PrismaticShard":96,"aspiration:StickyExplosives_weak":55,"Nunchaku":58,"StuffTheSpire:HeavyRock":4,"RollingBoulder":87,"Replay:Bottled Snecko":55,"hubris:DisguiseKit":4,"BargainBundle":65,"ReplayTheSpireMod:Ninjato":79,"StuffTheSpire:RunicHypercube":7,"aspiration:FetidBarrel":13,"Guide Book":30,"hubris:MedicalManual":48,"Orichalcum":15,"Odd Mushroom":65,"beaked:RitualPlumage":87,"Pondfish Scales":76,"halation:EternalFortune":2,"Ring of Fury":68,"Membership Card":4,"potionbrewer:Keyblade":48,"TungstenRod":74},{"Golden Egg":67,"jedi:angrymask":376,"infinitespire:BottledMercury":455,"jedi:bottledfury":143,"Whetstone":455,"reliquary:RedCape":58,"Old Coin":3,"Ring of Searing":389,"MealTicket":123,"aspiration:DSix":199,"MerchantsRug":100,"Pear":85,"Counterbalance":450,"Pen Nib":64,"reliquary:WeakTea":48,"SlaversCollar":399,"infinitespire:Broken Mirror":441,"halation:Jellyphish":455,"sagemod:Creepy_Carousel":147,"beaked:MawFillet":325,"halation:Convergence":104,"infinitespire:PuzzleCube":464,"infinitespire:Cupcake":85,"Regal Pillow":67,"Lantern":117,"aspiration:Lifesprig":389,"Replay:Multitool":6,"jedi:archwizardhat":2,"hubris:EmptyBottle":123,"Smiling Mask":197,"Ring of Fangs":131,"hubris:Backtick":450,"trackpad:RapidFire":44,"aspiration:AnachronicSnailShell":355,"halation:Toothbrush":343,"BicycleWheel":358,"aspiration:ChemicalBlood":44,"Potion Belt":470,"Replay:M_StaffOfTheSnake":44,"NeowsBlessing":0,"StuffTheSpire:Saxophone":153,"infinitespire:Lucky Rock":263,"reliquary:RosewoodLute":258,"hubris:Towel":393,"theMarked:ArtifactOfAir":0,"Durian":277,"halation:TwoAmDonut":99,"potionbrewer:BottledElixir":197,"beaked:MendingPlumage":330,"sagemod:Red_Beast_Statue":123,"Calipers":123,"StuffTheSpire:BlackoutCurse":405,"jedi:leech":211,"jedi:paperlyon":299,"halation:PrussianBluePaint":383,"Philosopher\u0027s Stone":175,"halation:KoshaPiece":208,"trackpad:BiPhaseBiplane":123,"Ring of Hypnosis":131,"aspiration:Nostalgia":44,"StuffTheSpire:ForceGauntlet":199,"infinitespire:Beetle Shell":254,"energizedSpire:OgreHead":229,"potionbrewer:ToyAutogyro":6,"War Paint":358,"reliquary:PorcupineQuills":123,"Shuriken":330,"StuffTheSpire:GreaterSneckoEye":455,"Simple Rune":464,"CosmicIsotope":287,"Grinning Jar":203,"Meat on the Bone":424,"Darkstone Periapt":334,"SnailShell":418,"beaked:ShinyBauble":424,"Replay:PocketPolymizer":299,"reliquary:PrincelyHelmet":362,"Mango":104,"Incense Burner":88,"hubris:SlimyHat":488,"PrismaticShard":405,"aspiration:StickyExplosives_weak":234,"Nunchaku":249,"StuffTheSpire:HeavyRock":6,"RollingBoulder":358,"Replay:Bottled Snecko":234,"hubris:DisguiseKit":6,"BargainBundle":270,"ReplayTheSpireMod:Ninjato":330,"StuffTheSpire:RunicHypercube":27,"aspiration:FetidBarrel":48,"Guide Book":100,"hubris:MedicalManual":199,"Orichalcum":51,"Odd Mushroom":270,"beaked:RitualPlumage":358,"Pondfish Scales":315,"halation:EternalFortune":2,"Ring of Fury":281,"Membership Card":6,"potionbrewer:Keyblade":199,"TungstenRod":307}],"Meat on the Bone":13},"card_choices":[{"not_picked":["beaked:Insight","beaked:Hexing"],"picked":"beaked:Evade","floor":1.0},{"not_picked":["beaked:MimicHuntress","beaked:Cower"],"picked":"beaked:HuntressSpirit","floor":3.0},{"not_picked":["beaked:Struggle","beaked:CursingBlood"],"picked":"beaked:Pecker","floor":4.0},{"not_picked":["beaked:Flinch","beaked:SacrificialDive"],"picked":"beaked:MachineEssence","floor":6.0},{"not_picked":["beaked:BraceForImpact","beaked:CursingBlood"],"picked":"beaked:Foresight","floor":8.0},{"not_picked":["beaked:Redirect","beaked:Struggle"],"picked":"beaked:Windmill","floor":11.0},{"not_picked":["beaked:HuntressSpirit","beaked:FeelMyPain","beaked:Redirect"],"picked":"SKIP","floor":13.0},{"not_picked":["beaked:SacrificialScars","beaked:MachineEssence"],"picked":"beaked:ScreechingChant","floor":16.0},{"not_picked":["beaked:Overpower","beaked:CursingBlood"],"picked":"beaked:Evade+1","floor":18.0},{"not_picked":["beaked:SacrificialDive","beaked:MimicMachine"],"picked":"ReplayTheSpireMod:Prepare the Ceremony","floor":19.0},{"not_picked":["jesterMod:OblivionStrike+1","theCatGirl:RecoveryBlow+1"],"picked":"ClowCardTheShadow+1","floor":21.0},{"not_picked":["Second Wind","potionbrewer:FortifiedSerum","Acrobatics+1"],"picked":"SKIP","floor":23.0},{"not_picked":["chefmod:Defrost+1","ClowCardTheVoice","chefmod:IcePick"],"picked":"SKIP","floor":25.0},{"not_picked":["sagemod:Fire_Brew","potionbrewer:Biohazard"],"picked":"astrologer:DarkMatter","floor":28.0},{"not_picked":["chefmod:RaidPantry","sagemod:How_To_Warm_Elephants"],"picked":"Noxious Fumes","floor":29.0},{"not_picked":["theCatGirl:Stalk","somnambulantmod: LightSleeper"],"picked":"astrologer:Conjunction+1","floor":30.0},{"not_picked":["beaked:ShadowFade","beaked:ScreechingChant"],"picked":"ReplayTheSpireMod:Owlgaze","floor":33.0},{"not_picked":["beaked:Devastation","beaked:Cower+1"],"picked":"ReplayTheSpireMod:Wings of Steel","floor":35.0},{"not_picked":["beaked:Daydream","beaked:FeelMyPain+1"],"picked":"beaked:Pecker+1","floor":40.0},{"not_picked":["beaked:Overpower","beaked:Evade","beaked:Roost"],"picked":"SKIP","floor":47.0},{"not_picked":["beaked:WarriorSpirit+1","beaked:Brace+1","beaked:Evade"],"picked":"SKIP","floor":48.0},{"not_picked":["beaked:Flinch","beaked:WindBringer+1","beaked:Roost"],"picked":"SKIP","floor":54}],"player_experience":413666,"relics_obtained":[{"floor":6.0,"key":"jedi:angrymask"},{"floor":8.0,"key":"halation:PrussianBluePaint"},{"floor":9.0,"key":"potionbrewer:ToyAutogyro"},{"floor":11.0,"key":"aspiration:Lifesprig"},{"floor":12.0,"key":"Ring of Fangs"},{"floor":12.0,"key":"Ring of Searing"},{"floor":19.0,"key":"PrismaticShard"},{"floor":23.0,"key":"SnailShell"},{"floor":25.0,"key":"beaked:ShinyBauble"},{"floor":26.0,"key":"Meat on the Bone"},{"floor":29.0,"key":"StuffTheSpire:HeavyRock"},{"floor":37.0,"key":"StuffTheSpire:GreaterSneckoEye"},{"floor":40.0,"key":"Simple Rune"},{"floor":47.0,"key":"Potion Belt"},{"floor":54,"key":"hubris:SlimyHat"}],"event_choices":[{"damage_healed":0.0,"max_hp_gain":0.0,"max_hp_loss":3.0,"gold_gain":0.0,"event_name":"Menagerie:BeastSpiritShrine","player_choice":"Knelt","floor":5.0,"gold_loss":0.0,"damage_taken":0.0,"cards_obtained":["Menagerie:BeastSpirit"]},{"damage_healed":0.0,"max_hp_gain":0.0,"max_hp_loss":6.0,"gold_gain":0.0,"event_name":"betterThird:BetterWriting","player_choice":"Simplicity","floor":22.0,"gold_loss":0.0,"damage_taken":0.0},{"damage_healed":0.0,"max_hp_gain":0.0,"max_hp_loss":0.0,"gold_gain":3.0,"event_name":"betterStone:BetterStone","player_choice":"4","floor":38.0,"gold_loss":0.0,"damage_taken":0.0,"cards_obtained":["infinitespire:Collect"]}],"is_beta":false,"boss_relics":[{"not_picked":["energizedSpire:SpiderWeb","energizedSpire:MagnifyingGlass"],"picked":"SlaversCollar"},{"not_picked":["hubris:BlackHole","energizedSpire:DeadBattery"],"picked":"hubris:Backtick"}],"items_purged_floors":[0,36],"is_endless":false,"potions_floor_spawned":[1,6,25,28,40,54],"ascension_level":1}}