{"host":"xgo7i0560n9mwvr8","time":1612894156,"event":{"mods":["BaseMod","Colored Map","Downfall","Minty Spire (QoL Compilation)","Permanent Neow","StSLib"],"gold_per_floor":[349,368,368,368,368,402,454,254,273,273,273,303,318,335,355,457,457,457,474,474,474,52,65,91,108,143,153,170,28,28,63,75,173,173,173,192,212,18,30,30,76,87,106,106,147,180,180,191,210,210,210,210],"floor_reached":50,"language":"ENG","playtime":4758,"items_purged":["Guardian:Defend_Guardian+1"],"score":659,"play_id":"1323cf84-f09a-41df-9fe5-216c56316689","local_time":"20210209130916","is_ascension_mode":true,"campfire_choices":[{"floor":1.0,"key":"RECALL"},{"floor":8.0,"key":"REST"},{"floor":10.0,"key":"REST"},{"data":"Guardian:Emergency","floor":18.0,"key":"SMITH"},{"data":"expansioncontent:PrepareCrush","floor":30.0,"key":"SMITH"},{"data":"Guardian:ExploitGems","floor":35.0,"key":"SMITH"},{"data":"Guardian:Orbwalk","floor":44.0,"key":"SMITH"},{"data":"Guardian:Harden","floor":47.0,"key":"SMITH"}],"circlet_count":0,"master_deck":["Guardian:Defend_Guardian+1","Guardian:Defend_Guardian+1","Guardian:CurlUp","Guardian:TwinSlam","Guardian:TimeBomb","Guardian:ChargeUp","Guardian:ShieldCharger","Guardian:Planning","Guardian:Emergency+1","Guardian:ChargeCore","Guardian:VentSteam","Guardian:ExploitGems+1","Guardian:Orbwalk+1","Guardian:Harden+1","Guardian:Recover","Guardian:TimeSifter","Guardian:Clone","Guardian:Harden","expansioncontent:PrepareCrush+1","Guardian:SpikerProtocol","Guardian:ShieldCharger+1","Guardian:CrystalBeam+1","Guardian:ShieldCharger+1","Guardian:Emergency+1","expansioncontent:StudyTheSpire","Guardian:TemporalShield+1","Guardian:BronzeArmor+1","Guardian:Incinerate+1","Guardian:ChargeUp","Guardian:SpikerProtocol","Guardian:Reroute","Guardian:WalkerClaw","Guardian:ShieldCharger+1","Guardian:TemporalStrike+1","Guardian:ShieldSpikes"],"relics":["Guardian:ModeShifterPlus","Gremlin Horn","Blue Candle","Dream Catcher","Nunchaku","downfall:HeartBlessingRed","downfall:HeartBlessingGreen","Vajra","Bottled Lightning","PreservedInsect","White Beast Statue","Red Mask","Astrolabe","Lantern","Bag of Preparation"],"acts_visited":["Exordium","TheCity","TheBeyond"],"potions_floor_usage":[50,50,50,50,50,50],"damage_taken":[{"damage":0.0,"enemies":"Cultist","floor":2.0,"turns":5.0},{"damage":45.0,"enemies":"3 Sentries","floor":6.0,"turns":15.0},{"damage":4.0,"enemies":"Jaw Worm","floor":9.0,"turns":6.0},{"damage":0.0,"enemies":"Lagavulin","floor":12.0,"turns":5.0},{"damage":8.0,"enemies":"Small Slimes","floor":13.0,"turns":3.0},{"damage":0.0,"enemies":"Red Slaver","floor":14.0,"turns":4.0},{"damage":0.0,"enemies":"Large Slime","floor":15.0,"turns":4.0},{"damage":11.0,"enemies":"WA_ARCHETYPE_RETAIN","floor":16.0,"turns":5.0},{"damage":0.0,"enemies":"Chosen","floor":19.0,"turns":4.0},{"damage":0.0,"enemies":"downfall:FleeingMerchant","floor":22.0,"turns":4.0},{"damage":0.0,"enemies":"Snake Plant","floor":23.0,"turns":4.0},{"damage":9.0,"enemies":"Cultist and Chosen","floor":25.0,"turns":8.0},{"damage":11.0,"enemies":"Slavers","floor":26.0,"turns":4.0},{"damage":4.0,"enemies":"Centurion and Healer","floor":27.0,"turns":6.0},{"damage":0.0,"enemies":"Snake Plant","floor":28.0,"turns":4.0},{"damage":0.0,"enemies":"downfall:FleeingMerchant","floor":29.0,"turns":4.0},{"damage":0.0,"enemies":"Masked Bandits","floor":31.0,"turns":5.0},{"damage":0.0,"enemies":"Cultist and Chosen","floor":32.0,"turns":5.0},{"damage":15.0,"enemies":"DF_ARCHETYPE_CLAW","floor":33.0,"turns":8.0},{"damage":0.0,"enemies":"3 Shapes","floor":36.0,"turns":5.0},{"damage":0.0,"enemies":"Orb Walker","floor":37.0,"turns":4.0},{"damage":0.0,"enemies":"downfall:FleeingMerchant","floor":38.0,"turns":4.0},{"damage":1.0,"enemies":"4 Shapes","floor":39.0,"turns":11.0},{"damage":2.0,"enemies":"Spire Growth","floor":42.0,"turns":7.0},{"damage":0.0,"enemies":"Transient","floor":43.0,"turns":5.0},{"damage":0.0,"enemies":"downfall:FleeingMerchant","floor":45.0,"turns":2.0},{"damage":0.0,"enemies":"Nemesis","floor":46.0,"turns":9.0},{"damage":0.0,"enemies":"Maw","floor":48.0,"turns":8.0},{"damage":0.0,"enemies":"3 Darklings","floor":49.0,"turns":5.0},{"damage":123,"enemies":"IC_BLOCK_ARCHETYPE","floor":50,"turns":6}],"seed_played":"7860358896022614712","potions_obtained":[{"floor":2.0,"key":"Slimebound:ThreeZeroPotion"},{"floor":9.0,"key":"Strength Potion"},{"floor":13.0,"key":"SpeedPotion"},{"floor":14.0,"key":"hexamod:SoulburnPotion"},{"floor":19.0,"key":"ColorlessPotion"},{"floor":26.0,"key":"SpeedPotion"},{"floor":27.0,"key":"GamblersBrew"},{"floor":28.0,"key":"PowerPotion"},{"floor":32.0,"key":"Guardian:DefensiveModePotion"},{"floor":33.0,"key":"DistilledChaos"},{"floor":36.0,"key":"Ancient Potion"},{"floor":38.0,"key":"SpeedPotion"},{"floor":39.0,"key":"SkillPotion"},{"floor":42.0,"key":"Regen Potion"},{"floor":43.0,"key":"PowerPotion"},{"floor":45.0,"key":"Explosive Potion"},{"floor":46.0,"key":"EntropicBrew"},{"floor":49.0,"key":"BlessingOfTheForge"}],"is_trial":false,"path_per_floor":["R","M","T","?","?","E","T","R","M","R","?","E","M","M","M","B",null,"R","M","?","?","$","M","T","M","E","M","M","$","R","?","M","B",null,"R","M","M","$","M","?","T","M","M","R","$","E","R","M","M","B"],"character_chosen":"GUARDIAN","items_purchased":["Guardian:Orbwalk","Bottled Lightning","Guardian:Harden","Guardian:Recover","Guardian:Harden","expansioncontent:PrepareCrush","expansioncontent:StudyTheSpire","Guardian:SpikerProtocol","Guardian:Reroute","Guardian:WalkerClaw","SteroidPotion"],"campfire_rested":2,"item_purchase_floors":[22,22,22,22,29,29,38,45,45,45,45],"current_hp_per_floor":[56,56,56,56,51,6,6,30,26,50,50,50,42,42,42,31,80,80,80,80,80,80,80,80,71,60,56,56,56,56,56,56,41,80,80,80,80,80,79,79,79,77,77,77,77,77,77,77,77,0,0,0],"gold":210,"neow_bonus":"TWO_FIFTY_GOLD","is_daily":false,"chose_seed":false,"campfire_upgraded":5,"win_rate":0.0,"timestamp":1612894156,"path_taken":["R","M","?","?","?","E","T","R","M","R","?","E","M","?","M","BOSS","R","M","?","?","$","M","T","?","E","M","M","$","R","?","M","BOSS","R","M","M","$","M","?","T","M","M","R","$","E","R","M","M","BOSS"],"items_purchased_type":["Card","Relic","Card","Card","Card","Card","Card","Card","Card","Card","Potion"],"build_version":"2020-12-22","purchased_purges":1,"victory":false,"max_hp_per_floor":[80,80,80,80,80,80,80,80,80,80,80,80,80,80,80,80,80,80,80,80,80,80,80,80,80,80,80,80,80,80,80,80,80,80,80,80,80,80,80,80,80,80,80,80,80,80,80,80,80,80,80,80],"card_choices":[{"not_picked":["Guardian:Reroute","Guardian:Gem_Lightblue"],"picked":"Guardian:TimeBomb","floor":2.0},{"not_picked":["Guardian:Gem_Red","Guardian:Harden"],"picked":"Guardian:ChargeUp","floor":6.0},{"not_picked":["Guardian:BronzeOrb","Guardian:PrimingBeam"],"picked":"Guardian:ShieldCharger","floor":8.0},{"not_picked":["Guardian:Suspension","Guardian:Gem_Green"],"picked":"Guardian:Gem_Fragmented","floor":9.0},{"not_picked":["Guardian:PrimingBeam","Guardian:Gem_Lightblue"],"picked":"Guardian:Planning","floor":10.0},{"not_picked":["Guardian:Suspension","Guardian:TemporalShield"],"picked":"Guardian:CrystalBeam","floor":12.0},{"not_picked":["Guardian:Gem_Lightblue","Guardian:DecasProtection"],"picked":"Guardian:Emergency","floor":13.0},{"not_picked":["Guardian:Incinerate","Guardian:VentSteam"],"picked":"Guardian:ChargeCore","floor":14.0},{"not_picked":["Guardian:Gem_Fragmented","Guardian:GatlingBeam"],"picked":"Guardian:VentSteam","floor":15.0},{"not_picked":["Guardian:AncientConstruct","Guardian:FierceBash"],"picked":"Guardian:ExploitGems","floor":16.0},{"not_picked":["Guardian:VentSteam","Guardian:Planning","Guardian:ChargeCore"],"picked":"SKIP","floor":19.0},{"not_picked":["Guardian:Reroute","Guardian:FloatingOrbs+1"],"picked":"Guardian:Gem_Cyan","floor":22.0},{"not_picked":["Guardian:TemporalShield","Guardian:Repulse"],"picked":"Guardian:Gem_Red","floor":23.0},{"not_picked":["Guardian:ShieldSpikes+1","Guardian:Orbwalk"],"picked":"Guardian:Gem_Blue","floor":25.0},{"not_picked":["Guardian:Repulse+1","Guardian:Gem_Cyan"],"picked":"Guardian:TimeSifter","floor":26.0},{"not_picked":["Guardian:GuardianWhirl","Guardian:TemporalShield"],"picked":"Guardian:Clone","floor":27.0},{"not_picked":["Guardian:Reroute+1","Guardian:TemporalStrike"],"picked":"Guardian:Gem_Cyan","floor":28.0},{"not_picked":["Guardian:WalkerClaw","Guardian:Incinerate"],"picked":"Guardian:Gem_Green","floor":29.0},{"not_picked":["Guardian:Incinerate+1","Guardian:ArmoredProtocol"],"picked":"Guardian:SpikerProtocol","floor":31.0},{"not_picked":["Guardian:CrystalBeam","Guardian:Gem_Cyan"],"picked":"Guardian:Gem_Purple","floor":32.0},{"not_picked":["Guardian:AncientConstruct","Guardian:Gem_Orange"],"picked":"Guardian:Gem_Synthetic","floor":33.0},{"not_picked":["Guardian:TimeCapacitor+1","Guardian:Suspension"],"picked":"Guardian:CrystalBeam+1","floor":36.0},{"not_picked":["Guardian:Planning+1","Guardian:Clone"],"picked":"Guardian:ShieldCharger+1","floor":37.0},{"not_picked":["Guardian:PiercingHide","Guardian:WalkerClaw+1"],"picked":"Guardian:Emergency+1","floor":38.0},{"not_picked":["Guardian:ChargeCore+1","Guardian:PrimingBeam"],"picked":"Guardian:TemporalShield+1","floor":39.0},{"not_picked":["Guardian:Gem_Cyan","Guardian:CrystalBeam"],"picked":"Guardian:BronzeArmor+1","floor":42.0},{"not_picked":["Guardian:CrystalBeam","Guardian:Recover+1"],"picked":"Guardian:Incinerate+1","floor":43.0},{"not_picked":["Guardian:Emergency+1","Guardian:StasisEngine"],"picked":"Guardian:ChargeUp","floor":45.0},{"not_picked":["Guardian:Gem_Cyan","Guardian:FloatingOrbs+1"],"picked":"Guardian:ShieldCharger+1","floor":46.0},{"not_picked":["Guardian:Repulse+1","Guardian:Gem_Purple"],"picked":"Guardian:TemporalStrike+1","floor":48.0},{"not_picked":["Guardian:TemporalStrike+1","Guardian:Gem_Lightblue"],"picked":"Guardian:ShieldSpikes","floor":49.0}],"player_experience":1026030,"relics_obtained":[{"floor":3.0,"key":"Gremlin Horn"},{"floor":6.0,"key":"Dream Catcher"},{"floor":7.0,"key":"Nunchaku"},{"floor":12.0,"key":"Vajra"},{"floor":24.0,"key":"PreservedInsect"},{"floor":26.0,"key":"White Beast Statue"},{"floor":31.0,"key":"Red Mask"},{"floor":41.0,"key":"Lantern"},{"floor":46.0,"key":"Bag of Preparation"}],"event_choices":[{"damage_healed":0.0,"max_hp_gain":0.0,"max_hp_loss":0.0,"gold_gain":0.0,"event_name":"Masked Bandits","player_choice":"Fought Bandits","floor":31.0,"gold_loss":0.0,"damage_taken":0.0},{"cards_removed":["Guardian:CrystalBeam"],"damage_healed":0.0,"max_hp_gain":0.0,"max_hp_loss":0.0,"gold_gain":0.0,"event_name":"Falling","player_choice":"Removed Attack","floor":40.0,"gold_loss":0.0,"damage_taken":0.0}],"is_beta":false,"boss_relics":[{"not_picked":["Runic Pyramid","Sozu"],"picked":"Guardian:ModeShifterPlus"},{"not_picked":["Snecko Eye","Empty Cage"],"picked":"Astrolabe"}],"items_purged_floors":[45],"is_endless":false,"potions_floor_spawned":[2,9,13,14,19,26,27,28,29,31,32,33,36,37,38,39,42,43,45,46,48,49],"killed_by":"IC_BLOCK_ARCHETYPE","ascension_level":1}}