{"host":"bxn2em57qlx5u4i0","time":1612843986,"event":{"mods":["BaseMod","Colored Map","Colored Powertips","Highlight Path","Minty Spire (QoL Compilation)","Random Character Button","Relic Sorter","Relic Stats","StSLib","SuperFastMode"],"gold_per_floor":[110,123,123,123,142,180,180,215,289,289,316,332,332,332],"floor_reached":13,"language":"ENG","playtime":299,"items_purged":[],"score":186,"play_id":"22550589-177a-48ec-97dc-540fec26ee4b","local_time":"20210208231306","is_ascension_mode":true,"campfire_choices":[{"data":"After Image","floor":7,"key":"SMITH"},{"data":"Leg Sweep","floor":10,"key":"SMITH"}],"circlet_count":0,"master_deck":["AscendersBane","Strike_G","Strike_G","Strike_G","Strike_G","Strike_G","Defend_G","Defend_G","Defend_G","Defend_G","Defend_G","Survivor","Neutralize","After Image+1","Poisoned Stab","Deadly Poison","Deadly Poison","Escape Plan","Leg Sweep+1","Blur"],"relics":["Ring of the Snake","Golden Idol","Unceasing Top","Potion Belt","Sundial","Blood Vial"],"acts_visited":["Exordium"],"potions_floor_usage":[8,13],"damage_taken":[{"damage":0,"enemies":"Small Slimes","floor":1,"turns":5},{"damage":6,"enemies":"2 Louse","floor":2,"turns":4},{"damage":3,"enemies":"Jaw Worm","floor":5,"turns":6},{"damage":24,"enemies":"Lagavulin","floor":6,"turns":7},{"damage":13,"enemies":"3 Sentries","floor":8,"turns":10},{"damage":0,"enemies":"Exordium Wildlife","floor":12,"turns":6},{"damage":25,"enemies":"Gremlin Nob","floor":13,"turns":4}],"seed_played":"-7946636853251551938","potions_obtained":[{"floor":5,"key":"SkillPotion"},{"floor":6,"key":"FearPotion"},{"floor":8,"key":"SmokeBomb"}],"is_trial":false,"path_per_floor":["M","M","?","?","M","E","R","E","T","R","T","M","E"],"character_chosen":"THE_SILENT","items_purchased":[],"campfire_rested":0,"item_purchase_floors":[],"current_hp_per_floor":[59,53,58,58,55,31,31,18,18,18,18,20,0,0],"gold":332,"neow_bonus":"THREE_RARE_CARDS","is_daily":false,"chose_seed":false,"campfire_upgraded":2,"win_rate":0.0,"timestamp":1612843986,"path_taken":["M","M","?","?","M","E","R","E","T","R","?","M","E"],"items_purchased_type":[],"build_version":"2020-12-22","purchased_purges":0,"victory":false,"max_hp_per_floor":[60,60,65,59,59,59,59,59,59,59,59,59,59,59],"relic_stats":{"Blood Vial":4,"counters":[7,42],"Golden Idol":22,"Sundial":[0],"obtain_stats":[{"Potion Belt":8,"Blood Vial":11,"Golden Idol":4,"Sundial":9,"Unceasing Top":6,"Ring of the Snake":0},{"Potion Belt":5,"Blood Vial":5,"Golden Idol":2,"Sundial":5,"Unceasing Top":4,"Ring of the Snake":0},{"Potion Belt":32,"Blood Vial":32,"Golden Idol":9,"Sundial":32,"Unceasing Top":22,"Ring of the Snake":0}],"Unceasing Top":[0],"Ring of the Snake":[14]},"card_choices":[{"not_picked":["Burst","Night Terror"],"picked":"After Image","floor":0},{"not_picked":["Dagger Throw","Sucker Punch"],"picked":"Poisoned Stab","floor":1},{"not_picked":["Leg Sweep","Setup"],"picked":"Deadly Poison","floor":2},{"not_picked":["Quick Slash","Backflip"],"picked":"Deadly Poison","floor":5},{"not_picked":["Expertise","Prepared"],"picked":"Escape Plan","floor":6},{"not_picked":["Reflex","All Out Attack"],"picked":"Leg Sweep","floor":8},{"not_picked":["Underhanded Strike","Infinite Blades"],"picked":"Blur","floor":12}],"player_experience":3022464,"relics_obtained":[{"floor":6,"key":"Unceasing Top"},{"floor":8,"key":"Potion Belt"},{"floor":9,"key":"Sundial"},{"floor":11,"key":"Blood Vial"}],"event_choices":[{"damage_healed":0,"gold_gain":0,"player_choice":"Donut","damage_taken":0,"max_hp_gain":5,"max_hp_loss":0,"event_name":"Big Fish","floor":3,"gold_loss":0},{"damage_healed":0,"gold_gain":0,"player_choice":"Lose Max HP","damage_taken":0,"relics_obtained":["Golden Idol"],"max_hp_gain":0,"max_hp_loss":6,"event_name":"Golden Idol","floor":4,"gold_loss":0}],"is_beta":false,"boss_relics":[],"items_purged_floors":[],"is_endless":false,"potions_floor_spawned":[5,6,8],"killed_by":"Gremlin Nob","ascension_level":20}}