{"host":"w8jq41i5zn1fudf9","time":1612832252,"event":{"mods":["AchievementEnabler","BaseMod","Colored Map","Colored Powertips","Curses Come First","GifTheSpireLib","Googly Eyes","Minty Spire (QoL Compilation)","Quick Restart","Rare Cards Sparkle","Relic Stats","StSLib","The Awakened One except there are too many feathers","egg","everything is the same but u backflip on backflip","slay the spire mod where everything is the same but ironclad has a cowboy hat"],"gold_per_floor":[118,118,48,68,0,0,0,0,0,23,123,143,143,163,163,283,283,304,304,5,5,5,5,5,5,29,41,41],"floor_reached":27,"language":"ENG","playtime":1025,"items_purged":[],"score":260,"play_id":"f73e1485-b8c0-4aa1-b859-7e4139d5398c","local_time":"20210208175732","is_ascension_mode":true,"campfire_choices":[{"data":"Defragment","floor":6,"key":"SMITH"},{"data":"Doom and Gloom","floor":8,"key":"SMITH"},{"floor":15,"key":"REST"},{"floor":23,"key":"REST"},{"floor":25,"key":"REST"}],"circlet_count":0,"master_deck":["Strike_B","Strike_B","Strike_B","Strike_B","Defend_B","Defend_B","Defend_B","Defend_B","Zap","Dualcast","Conserve Battery","Gash","Cold Snap","Leap+1","Redo"],"relics":["Snecko Eye","Golden Idol","Bag of Preparation","MealTicket","Empty Cage","Boot","Nilry\u0027s Codex","MawBank"],"acts_visited":["Exordium","TheCity"],"potions_floor_usage":[16,18,24],"damage_taken":[{"damage":4,"enemies":"Small Slimes","floor":1,"turns":3},{"damage":0,"enemies":"Cultist","floor":4,"turns":2},{"damage":9,"enemies":"2 Louse","floor":10,"turns":3},{"damage":18,"enemies":"Red Slaver","floor":12,"turns":3},{"damage":3,"enemies":"Blue Slaver","floor":14,"turns":3},{"damage":15,"enemies":"Hexaghost","floor":16,"turns":8},{"damage":46,"enemies":"Shell Parasite","floor":18,"turns":9},{"damage":44,"enemies":"Book of Stabbing","floor":24,"turns":6},{"damage":86,"enemies":"Gremlin Leader","floor":27,"turns":9}],"seed_played":"8905540291918794888","potions_obtained":[{"floor":2,"key":"Weak Potion"},{"floor":2,"key":"FairyPotion"},{"floor":2,"key":"SteroidPotion"},{"floor":10,"key":"Block Potion"}],"is_trial":false,"path_per_floor":["M","?","$","M","$","R","?","R","T","M","?","M","?","M","R","B",null,"M","?","$","?","?","R","E","R","T","E"],"character_chosen":"DEFECT","items_purchased":["Doom and Gloom","Defragment","Boot","Redo","SmokeBomb"],"campfire_rested":3,"item_purchase_floors":[3,5,20,20,20],"current_hp_per_floor":[71,71,71,71,71,71,53,53,53,44,44,26,19,16,38,23,75,29,29,44,28,53,75,31,53,53,0,0],"gold":41,"neow_bonus":"BOSS_RELIC","is_daily":false,"chose_seed":false,"campfire_upgraded":2,"win_rate":0.0,"timestamp":1612832252,"path_taken":["M","?","$","M","?","R","?","R","T","M","?","?","?","M","R","BOSS","M","?","$","?","?","R","E","R","T","E"],"items_purchased_type":["Card","Card","Relic","Card","Potion"],"build_version":"2020-12-22","purchased_purges":0,"victory":false,"max_hp_per_floor":[75,75,75,75,75,75,75,75,75,75,75,75,75,75,75,75,75,75,75,75,75,75,75,75,75,75,75,75],"relic_stats":{"counters":[9,46],"Golden Idol":49,"Snecko Eye":[76,84,87,80],"MealTicket":15,"Bag of Preparation":[14],"Boot":[7],"MawBank":12,"obtain_stats":[{"Golden Idol":7,"Nilry\u0027s Codex":21,"Snecko Eye":0,"MealTicket":13,"Bag of Preparation":9,"Cracked Core":0,"Empty Cage":17,"Boot":20,"MawBank":26},{"Golden Idol":2,"Nilry\u0027s Codex":7,"Snecko Eye":0,"MealTicket":4,"Bag of Preparation":2,"Cracked Core":0,"Empty Cage":6,"Boot":7,"MawBank":8},{"Golden Idol":5,"Nilry\u0027s Codex":31,"Snecko Eye":0,"MealTicket":11,"Bag of Preparation":5,"Cracked Core":0,"Empty Cage":22,"Boot":31,"MawBank":37}]},"card_choices":[{"not_picked":["Turbo","Lockon","BootSequence"],"picked":"SKIP","floor":1},{"not_picked":["Self Repair","Go for the Eyes","Reprogram"],"picked":"SKIP","floor":4},{"not_picked":["Go for the Eyes","Thunder Strike"],"picked":"Conserve Battery","floor":10},{"not_picked":["Rebound","Consume"],"picked":"Gash","floor":12},{"not_picked":["Go for the Eyes","Recycle"],"picked":"Cold Snap","floor":14},{"not_picked":["Consume","Hologram"],"picked":"Leap+1","floor":18}],"player_experience":90815,"relics_obtained":[{"floor":9,"key":"Bag of Preparation"},{"floor":21,"key":"Nilry\u0027s Codex"},{"floor":26,"key":"MawBank"}],"event_choices":[{"damage_healed":0,"gold_gain":0,"player_choice":"Got Potions","damage_taken":0,"max_hp_gain":0,"max_hp_loss":0,"event_name":"Lab","floor":2,"gold_loss":0},{"damage_healed":0,"gold_gain":0,"player_choice":"Take Damage","damage_taken":18,"relics_obtained":["Golden Idol"],"max_hp_gain":0,"max_hp_loss":0,"event_name":"Golden Idol","floor":7,"gold_loss":0},{"damage_healed":0,"gold_gain":100,"player_choice":"Pray","damage_taken":0,"max_hp_gain":0,"max_hp_loss":0,"event_name":"Golden Shrine","floor":11,"gold_loss":0},{"damage_healed":0,"gold_gain":0,"player_choice":"Success","damage_taken":7,"relics_obtained":["MealTicket"],"max_hp_gain":0,"max_hp_loss":0,"event_name":"Scrap Ooze","floor":13,"gold_loss":0},{"damage_healed":0,"gold_gain":0,"player_choice":"Ignored","damage_taken":0,"max_hp_gain":0,"max_hp_loss":0,"event_name":"Beggar","floor":19,"gold_loss":0},{"damage_healed":0,"gold_gain":0,"player_choice":"Obtained Book","damage_taken":16,"max_hp_gain":0,"max_hp_loss":0,"event_name":"Cursed Tome","floor":21,"gold_loss":0},{"damage_healed":25,"gold_gain":0,"player_choice":"Heal","damage_taken":0,"max_hp_gain":0,"max_hp_loss":0,"event_name":"The Library","floor":22,"gold_loss":0}],"is_beta":false,"boss_relics":[{"not_picked":["Astrolabe","SacredBark"],"picked":"Empty Cage"}],"items_purged_floors":[],"is_endless":false,"potions_floor_spawned":[4,10,12],"killed_by":"Gremlin Leader","ascension_level":4}}