{"host":"a92fqxohjrzqy5rn","time":1612895256,"event":{"mods":["AchievementEnabler","BaseMod","Minty Spire (QoL Compilation)","Relic Sorter","Smile Girya"],"gold_per_floor":[115,115,135,135,146,146,159,185,185,116,129,204,214,33,33,130,130,148,423,423,423,423],"floor_reached":21,"language":"ENG","playtime":638,"items_purged":[],"score":179,"play_id":"5736cee7-ac30-4d2b-8f0a-586b74411741","local_time":"20210209182736","is_ascension_mode":false,"campfire_choices":[{"data":"Rupture","floor":6,"key":"SMITH"},{"floor":15,"key":"REST"}],"circlet_count":0,"master_deck":["Strike_R","Strike_R","Strike_R","Strike_R","Strike_R","Defend_R","Defend_R","Defend_R","Defend_R","Bash","Chrysalis","Seeing Red","Thunderclap","Rupture+1","Anger","Limit Break","Infernal Blade","Heavy Blade","Combust","Offering","Battle Trance","Regret"],"relics":["Burning Blood","Bag of Preparation","Gremlin Horn","Juzu Bracelet","Snecko Eye","GremlinMask"],"acts_visited":["Exordium","TheCity"],"potions_floor_usage":[8,8,21,21],"damage_taken":[{"damage":1,"enemies":"Jaw Worm","floor":1,"turns":4},{"damage":4,"enemies":"Cultist","floor":3,"turns":4},{"damage":4,"enemies":"2 Louse","floor":5,"turns":4},{"damage":7,"enemies":"Exordium Wildlife","floor":7,"turns":4},{"damage":26,"enemies":"Lagavulin","floor":8,"turns":5},{"damage":11,"enemies":"Red Slaver","floor":11,"turns":3},{"damage":4,"enemies":"Gremlin Gang","floor":13,"turns":4},{"damage":38,"enemies":"Slime Boss","floor":16,"turns":4},{"damage":30,"enemies":"Spheric Guardian","floor":18,"turns":4},{"damage":60,"enemies":"Masked Bandits","floor":21,"turns":3}],"seed_played":"-2931393415358560696","potions_obtained":[{"floor":1,"key":"AttackPotion"},{"floor":2,"key":"PowerPotion"},{"floor":2,"key":"EssenceOfSteel"},{"floor":2,"key":"CultistPotion"},{"floor":13,"key":"EssenceOfSteel"},{"floor":16,"key":"Dexterity Potion"},{"floor":18,"key":"Energy Potion"}],"is_trial":false,"path_per_floor":["M","?","M","$","M","R","M","E","T","$","M","?","M","$","R","B",null,"M","?","?","?"],"character_chosen":"IRONCLAD","items_purchased":["Infernal Blade","Juzu Bracelet","Combust"],"campfire_rested":1,"item_purchase_floors":[10,14,14],"current_hp_per_floor":[61,61,63,63,65,65,64,44,44,44,39,28,30,30,54,22,80,56,56,56,0,0],"gold":423,"neow_bonus":"RANDOM_COLORLESS_2","is_daily":false,"chose_seed":false,"campfire_upgraded":1,"win_rate":0.0,"timestamp":1612895256,"path_taken":["M","?","M","?","M","R","M","E","T","?","M","?","?","$","R","BOSS","M","?","?","?"],"items_purchased_type":["Card","Relic","Card"],"build_version":"2020-12-22","purchased_purges":0,"victory":false,"max_hp_per_floor":[80,80,80,80,80,80,80,80,80,80,80,80,80,80,80,80,80,80,80,80,80,80],"card_choices":[{"not_picked":["The Bomb","Secret Technique"],"picked":"Chrysalis","floor":0},{"not_picked":["Headbutt","Twin Strike"],"picked":"Seeing Red","floor":1},{"not_picked":["Havoc","Battle Trance"],"picked":"Thunderclap","floor":3},{"not_picked":["Flame Barrier","True Grit"],"picked":"Rupture","floor":5},{"not_picked":["Iron Wave","Twin Strike"],"picked":"Anger","floor":7},{"not_picked":["Perfected Strike","Entrench"],"picked":"Limit Break","floor":8},{"not_picked":["Dual Wield","Warcry","Perfected Strike"],"picked":"SKIP","floor":11},{"not_picked":["Dark Embrace","Infernal Blade"],"picked":"Heavy Blade","floor":13},{"not_picked":["Limit Break","Brutality"],"picked":"Offering","floor":16},{"not_picked":["Clothesline","Warcry"],"picked":"Battle Trance","floor":18}],"player_experience":226590,"relics_obtained":[{"floor":8,"key":"Bag of Preparation"},{"floor":9,"key":"Gremlin Horn"}],"event_choices":[{"damage_healed":0,"gold_gain":0,"player_choice":"Got Potions","damage_taken":0,"max_hp_gain":0,"max_hp_loss":0,"event_name":"Lab","floor":2,"gold_loss":0},{"damage_healed":0,"gold_gain":75,"player_choice":"Gather Gold","damage_taken":11,"max_hp_gain":0,"max_hp_loss":0,"event_name":"World of Goop","floor":12,"gold_loss":0},{"damage_healed":0,"gold_gain":275,"player_choice":"Desecrate","damage_taken":0,"max_hp_gain":0,"max_hp_loss":0,"event_name":"Golden Shrine","floor":19,"gold_loss":0,"cards_obtained":["Regret"]},{"damage_healed":0,"gold_gain":0,"player_choice":"Trade","damage_taken":0,"relics_obtained":["GremlinMask"],"max_hp_gain":0,"max_hp_loss":0,"event_name":"FaceTrader","floor":20,"gold_loss":0},{"damage_healed":0,"gold_gain":0,"player_choice":"Fought Bandits","damage_taken":0,"max_hp_gain":0,"max_hp_loss":0,"event_name":"Masked Bandits","floor":21,"gold_loss":0}],"is_beta":false,"boss_relics":[{"not_picked":["Runic Cube","SacredBark"],"picked":"Snecko Eye"}],"items_purged_floors":[],"is_endless":false,"potions_floor_spawned":[1,7,13,16,18],"killed_by":"Masked Bandits","ascension_level":0}}