{"host":"lwpvkgc6ydwupigp","time":1612904956,"event":{"mods":["AchievementEnabler","BaseMod","Bestiary","Minty Spire (QoL Compilation)","Quick Restart","Relic Stats"],"gold_per_floor":[109,128,148,166,166,166,199,219,219,235,235,185,185,196,196,298,348,366,399,399,409,409,409],"floor_reached":22,"language":"ENG","playtime":2103,"items_purged":[],"score":188,"play_id":"d6b5c29f-bff0-4080-8b3b-443ce716a92a","local_time":"20210209220916","is_ascension_mode":false,"campfire_choices":[{"data":"Blade Dance","floor":6,"key":"SMITH"},{"floor":11,"key":"REST"},{"data":"Endless Agony","floor":13,"key":"SMITH"},{"data":"Caltrops","floor":15,"key":"SMITH"}],"circlet_count":0,"master_deck":["Strike_G","Strike_G","Strike_G","Defend_G","Defend_G","Defend_G","Defend_G","Defend_G","Survivor","Neutralize","Outmaneuver","Blade Dance+1","Deadly Poison","Quick Slash","Heel Hook+1","Endless Agony+1","Bouncing Flask","Caltrops+1","Adrenaline","Finisher","Underhanded Strike","Dagger Throw+1","Blade Dance"],"relics":["Ring of the Snake","Regal Pillow","Bronze Scales","Tiny House","Red Mask","Enchiridion"],"acts_visited":["Exordium","TheCity"],"potions_floor_usage":[7,7,19,22],"damage_taken":[{"damage":2.0,"enemies":"Cultist","floor":1.0,"turns":5.0},{"damage":1.0,"enemies":"2 Louse","floor":2.0,"turns":3.0},{"damage":3,"enemies":"Jaw Worm","floor":3,"turns":4},{"damage":0,"enemies":"2 Fungi Beasts","floor":4,"turns":5},{"damage":36,"enemies":"Lagavulin","floor":7,"turns":8},{"damage":6,"enemies":"Blue Slaver","floor":8,"turns":3},{"damage":5,"enemies":"3 Louse","floor":10,"turns":3},{"damage":0,"enemies":"2 Fungi Beasts","floor":14,"turns":2},{"damage":33,"enemies":"Hexaghost","floor":16,"turns":9},{"damage":14,"enemies":"2 Thieves","floor":18,"turns":4},{"damage":38,"enemies":"Masked Bandits","floor":19,"turns":6},{"damage":13,"enemies":"Spheric Guardian","floor":21,"turns":5},{"damage":5,"enemies":"Chosen and Byrds","floor":22,"turns":4}],"seed_played":"564073720313839038","potions_obtained":[{"floor":1.0,"key":"LiquidBronze"},{"floor":4,"key":"Explosive Potion"},{"floor":16,"key":"SneckoOil"},{"floor":17,"key":"FearPotion"},{"floor":18,"key":"Dexterity Potion"}],"is_trial":false,"path_per_floor":["M","M","M","M","?","R","E","M","T","M","R","?","R","M","R","B",null,"M","?","?","M","M"],"character_chosen":"THE_SILENT","items_purchased":[],"campfire_rested":1,"item_purchase_floors":[],"current_hp_per_floor":[75,74,71,71,71,71,35,29,29,24,62,62,62,62,62,29,82,68,30,14,1,0,0],"gold":409,"neow_bonus":"TEN_PERCENT_HP_BONUS","is_daily":false,"chose_seed":false,"campfire_upgraded":3,"win_rate":0.0,"timestamp":1612904956,"path_taken":["M","?","M","?","?","R","E","M","T","M","R","?","R","M","R","BOSS","M","?","?","M","M"],"items_purchased_type":[],"build_version":"2020-12-22","purchased_purges":0,"victory":false,"max_hp_per_floor":[77,77,77,77,77,77,77,77,77,77,77,77,77,77,77,77,82,82,82,82,82,82,82],"relic_stats":{"Regal Pillow":15,"counters":[13,61],"Bronze Scales":[108],"obtain_stats":[{"Regal Pillow":7,"Tiny House":17,"Bronze Scales":9,"Enchiridion":20,"Red Mask":19,"Ring of the Snake":0},{"Regal Pillow":5,"Tiny House":9,"Bronze Scales":6,"Enchiridion":11,"Red Mask":11,"Ring of the Snake":0},{"Regal Pillow":25,"Tiny House":42,"Bronze Scales":28,"Enchiridion":52,"Red Mask":52,"Ring of the Snake":0}],"Ring of the Snake":[26]},"card_choices":[{"not_picked":["Catalyst","Underhanded Strike"],"picked":"Outmaneuver","floor":1.0},{"not_picked":["Sucker Punch","Acrobatics"],"picked":"Blade Dance","floor":2},{"not_picked":["Backflip","Escape Plan"],"picked":"Deadly Poison","floor":3},{"not_picked":["Prepared","Masterful Stab"],"picked":"Quick Slash","floor":4},{"not_picked":["Reflex","Expertise"],"picked":"Endless Agony","floor":7},{"not_picked":["Dash","Cloak And Dagger"],"picked":"Bouncing Flask","floor":8},{"not_picked":["Distraction","Underhanded Strike","Noxious Fumes"],"picked":"SKIP","floor":10},{"not_picked":["Expertise","Prepared"],"picked":"Caltrops","floor":14},{"not_picked":["Phantasmal Killer","Burst"],"picked":"Adrenaline","floor":16},{"not_picked":["Blade Dance","Masterful Stab"],"picked":"Finisher","floor":17},{"not_picked":["Acrobatics+1","Prepared+1"],"picked":"Underhanded Strike","floor":18},{"not_picked":["Endless Agony+1","Blade Dance"],"picked":"Dagger Throw+1","floor":19},{"not_picked":["Underhanded Strike+1","Catalyst"],"picked":"Blade Dance","floor":21}],"player_experience":109842,"relics_obtained":[{"floor":7,"key":"Regal Pillow"},{"floor":9,"key":"Bronze Scales"},{"floor":19,"key":"Red Mask"},{"floor":20,"key":"Enchiridion"}],"event_choices":[{"damage_healed":0,"gold_gain":0,"cards_transformed":["Strike_G"],"player_choice":"Change","damage_taken":0,"max_hp_gain":0,"max_hp_loss":0,"event_name":"Living Wall","floor":5,"gold_loss":0,"cards_obtained":["Heel Hook"]},{"cards_removed":["Strike_G"],"damage_healed":0,"gold_gain":0,"player_choice":"Card Removal","damage_taken":0,"max_hp_gain":0,"max_hp_loss":0,"event_name":"The Cleric","floor":12,"gold_loss":50},{"damage_healed":0,"gold_gain":0,"player_choice":"Fought Bandits","damage_taken":0,"max_hp_gain":0,"max_hp_loss":0,"event_name":"Masked Bandits","floor":19,"gold_loss":0},{"damage_healed":0,"gold_gain":0,"player_choice":"Obtained Book","damage_taken":16,"max_hp_gain":0,"max_hp_loss":0,"event_name":"Cursed Tome","floor":20,"gold_loss":0}],"is_beta":false,"boss_relics":[{"not_picked":["Ring of the Serpent","Busted Crown"],"picked":"Tiny House"}],"items_purged_floors":[],"is_endless":false,"potions_floor_spawned":[1,4,16,18],"killed_by":"Chosen and Byrds","ascension_level":0}}