{"host":"85rg8sallz0lemh6","time":1612837983,"event":{"mods":["BaseMod","Bestiary","Colored Powertips","Highlight Path","Minty Spire (QoL Compilation)","Quick Restart"],"gold_per_floor":[113,113,113,125,136,167,190,218,218,73,107,117,128,146,146,242,242,262,262,281,200,211,242,242,257,257,282,282,133,133,149,149,249,249,260,14,33,0,0,0,35,35,35,35,54,64,64,64],"floor_reached":47,"language":"ENG","playtime":1303,"items_purged":["Normality"],"score":622,"play_id":"892d9314-cb75-4fd5-9a38-3c64241b2821","local_time":"20210208203303","is_ascension_mode":true,"campfire_choices":[{"data":"Dualcast","floor":15,"key":"SMITH"},{"data":"Defragment","floor":24,"key":"SMITH"},{"floor":30,"key":"REST"},{"data":"Defragment","floor":32,"key":"SMITH"},{"data":"Loop","floor":40,"key":"SMITH"},{"data":"Self Repair","floor":44,"key":"SMITH"}],"circlet_count":0,"master_deck":["Strike_B","Strike_B","Defend_B","Defend_B","Defend_B","Defend_B","Zap+1","Dualcast+1","Sweeping Beam+1","Cold Snap","Leap","Go for the Eyes","Core Surge","Melter+1","Loop+1","Static Discharge","Defragment+1","Leap+1","Defragment+1","Double Energy+1","Self Repair+1","Electrodynamics","Parasite","Ball Lightning+1"],"relics":["Cracked Core","NeowsBlessing","Vajra","Pen Nib","Sundial","Blood Vial","Chemical X","Whetstone","Cursed Key","Boot","Ornamental Fan","White Beast Statue","Coffee Dripper","Kunai","Red Mask","Toxic Egg 2","Omamori"],"acts_visited":["Exordium","TheCity","TheBeyond"],"potions_floor_usage":[16,22,27,27,45,45,46],"damage_taken":[{"damage":0,"enemies":"Small Slimes","floor":1,"turns":1},{"damage":0,"enemies":"Jaw Worm","floor":4,"turns":1},{"damage":0,"enemies":"Cultist","floor":5,"turns":1},{"damage":10,"enemies":"3 Sentries","floor":6,"turns":6},{"damage":12,"enemies":"Lagavulin","floor":8,"turns":7},{"damage":19,"enemies":"Gremlin Nob","floor":11,"turns":4},{"damage":1,"enemies":"Looter","floor":12,"turns":2},{"damage":7,"enemies":"Gremlin Gang","floor":13,"turns":3},{"damage":0,"enemies":"2 Fungi Beasts","floor":14,"turns":2},{"damage":0,"enemies":"Hexaghost","floor":16,"turns":10},{"damage":7,"enemies":"3 Byrds","floor":18,"turns":4},{"damage":0,"enemies":"Spheric Guardian","floor":20,"turns":3},{"damage":28,"enemies":"Snake Plant","floor":22,"turns":5},{"damage":13,"enemies":"Gremlin Leader","floor":23,"turns":7},{"damage":6,"enemies":"Centurion and Healer","floor":25,"turns":5},{"damage":27,"enemies":"Slavers","floor":27,"turns":4},{"damage":2,"enemies":"Sentry and Sphere","floor":31,"turns":3},{"damage":28,"enemies":"Automaton","floor":33,"turns":9},{"damage":8,"enemies":"Orb Walker","floor":35,"turns":4},{"damage":10,"enemies":"3 Shapes","floor":37,"turns":6},{"damage":51,"enemies":"Giant Head","floor":41,"turns":10},{"damage":26,"enemies":"Maw","floor":45,"turns":6},{"damage":2,"enemies":"3 Darklings","floor":46,"turns":4},{"damage":28,"enemies":"Nemesis","floor":47,"turns":3}],"seed_played":"-1155415128172249783","potions_obtained":[{"floor":11,"key":"FocusPotion"},{"floor":13,"key":"Weak Potion"},{"floor":16,"key":"Energy Potion"},{"floor":23,"key":"AttackPotion"},{"floor":31,"key":"DuplicationPotion"},{"floor":33,"key":"DistilledChaos"},{"floor":35,"key":"PowerPotion"},{"floor":45,"key":"SteroidPotion"},{"floor":46,"key":"SteroidPotion"}],"is_trial":false,"path_per_floor":["M","$","?","M","M","E","T","E","T","$","E","M","M","M","R","B",null,"M","?","M","$","M","E","R","M","T","E","?","$","R","M","R","B",null,"M","$","M","?","?","R","E","$","T","R","M","M","E"],"character_chosen":"DEFECT","items_purchased":["Chemical X","Static Discharge","Self Repair","Kunai"],"campfire_rested":1,"item_purchase_floors":[10,21,29,36],"current_hp_per_floor":[75,75,75,75,75,65,65,53,53,53,36,37,32,34,34,36,75,68,68,70,70,44,33,33,29,29,4,4,4,26,33,33,14,75,74,74,72,72,72,72,30,30,30,30,16,26,0,0],"gold":64,"neow_bonus":"THREE_ENEMY_KILL","is_daily":false,"chose_seed":false,"campfire_upgraded":5,"win_rate":0.0,"timestamp":1612837983,"path_taken":["M","$","?","M","M","E","?","E","T","?","E","?","?","M","R","BOSS","M","?","M","$","?","E","R","M","T","E","?","?","R","M","R","BOSS","M","$","M","?","?","R","E","$","T","R","M","?","E"],"items_purchased_type":["Relic","Card","Card","Relic"],"build_version":"2020-12-22","purchased_purges":1,"victory":false,"max_hp_per_floor":[75,75,75,75,75,75,75,75,75,75,75,75,75,75,75,75,75,75,75,75,75,75,75,75,75,75,75,75,75,75,75,75,75,75,75,75,75,75,75,75,75,75,75,75,75,75,75,75],"card_choices":[{"not_picked":["Barrage","Streamline","Scrape"],"picked":"SKIP","floor":1},{"not_picked":["Chaos","Storm"],"picked":"Sweeping Beam","floor":4},{"not_picked":["Rebound","Darkness"],"picked":"Cold Snap","floor":5},{"not_picked":["Beam Cell","Fusion"],"picked":"Leap","floor":6},{"not_picked":["Blizzard","Hologram","Steam"],"picked":"SKIP","floor":8},{"not_picked":["Sunder","Lockon","Stack"],"picked":"SKIP","floor":11},{"not_picked":["Cold Snap","Double Energy"],"picked":"Go for the Eyes","floor":12},{"not_picked":["Meteor Strike","Chill","Leap"],"picked":"SKIP","floor":13},{"not_picked":["Chaos","Rebound","Cold Snap"],"picked":"SKIP","floor":14},{"not_picked":["Rainbow","All For One"],"picked":"Core Surge","floor":16},{"not_picked":["Streamline","Chaos"],"picked":"Melter+1","floor":18},{"not_picked":["Conserve Battery","Coolheaded"],"picked":"Loop","floor":20},{"not_picked":["Coolheaded","Stack"],"picked":"Defragment","floor":22},{"not_picked":["Darkness","Barrage"],"picked":"Leap+1","floor":23},{"not_picked":["Storm+1","Beam Cell+1"],"picked":"Defragment","floor":25},{"not_picked":["Rebound","Biased Cognition"],"picked":"Double Energy+1","floor":27},{"not_picked":["Gash","Hologram+1","Glacier"],"picked":"SKIP","floor":31},{"not_picked":["Machine Learning","Seek"],"picked":"Electrodynamics","floor":33},{"not_picked":["Hello World+1","Chill","Double Energy"],"picked":"SKIP","floor":35},{"not_picked":["Reprogram","Compile Driver+1","Chill"],"picked":"SKIP","floor":37},{"not_picked":["Auto Shields+1","Hologram+1","Gash"],"picked":"SKIP","floor":41},{"not_picked":["Auto Shields+1","Compile Driver+1","Gash+1"],"picked":"SKIP","floor":45},{"not_picked":["Chill+1","Steam Power+1"],"picked":"Ball Lightning+1","floor":46}],"player_experience":83760,"relics_obtained":[{"floor":6,"key":"Vajra"},{"floor":7,"key":"Pen Nib"},{"floor":8,"key":"Sundial"},{"floor":9,"key":"Blood Vial"},{"floor":11,"key":"Whetstone"},{"floor":23,"key":"Boot"},{"floor":26,"key":"Ornamental Fan"},{"floor":27,"key":"White Beast Statue"},{"floor":41,"key":"Toxic Egg 2"},{"floor":43,"key":"Omamori"}],"event_choices":[{"damage_healed":0,"gold_gain":0,"player_choice":"Grow","damage_taken":0,"max_hp_gain":0,"max_hp_loss":0,"event_name":"Living Wall","floor":3,"gold_loss":0,"cards_upgraded":["Zap"]},{"cards_removed":["Strike_B"],"damage_healed":0,"gold_gain":0,"player_choice":"Offered Basic","damage_taken":0,"max_hp_gain":0,"max_hp_loss":0,"event_name":"Bonfire Elementals","floor":19,"gold_loss":0},{"damage_healed":0,"gold_gain":0,"player_choice":"Ignored","damage_taken":0,"max_hp_gain":0,"max_hp_loss":0,"event_name":"The Mausoleum","floor":28,"gold_loss":0},{"damage_healed":0,"gold_gain":0,"player_choice":"Paid","damage_taken":0,"relics_obtained":["Red Mask"],"max_hp_gain":0,"max_hp_loss":0,"event_name":"Tomb of Lord Red Mask","floor":38,"gold_loss":33},{"cards_removed":["Strike_B"],"damage_healed":0,"gold_gain":0,"player_choice":"Card Removal","damage_taken":0,"max_hp_gain":0,"max_hp_loss":0,"event_name":"Wheel of Change","floor":39,"gold_loss":0}],"is_beta":false,"boss_relics":[{"not_picked":["Astrolabe","Pandora\u0027s Box"],"picked":"Cursed Key"},{"not_picked":["Busted Crown","Philosopher\u0027s Stone"],"picked":"Coffee Dripper"}],"items_purged_floors":[29],"is_endless":false,"potions_floor_spawned":[11,13,16,23,31,33,35,37,41,45,46],"killed_by":"Nemesis","ascension_level":2}}