{"host":"8fl9fk3sx00hvnsh","time":1612890861,"event":{"mods":["BaseMod","Bestiary","Bossed Relics","Colored Powertips","Custom Start","Downfall","Minty Spire (QoL Compilation)","Reliquary","Replay The Spire","StSLib","The Blue Laboratory","The Dragon Tamer","The Gatherer","The Marked","The Wild Card"],"gold_per_floor":[99,110,130,130,141,141,168,183,196,96,121,134,134,167,184,283,283,183,203,223,239,239,9,9,0,0,0,0],"floor_reached":26,"language":"ENG","playtime":1737,"items_purged":["ReplayTheSpireMod:Splinters"],"score":245,"play_id":"8bc32637-ee2e-42c7-af85-38f403f7035b","local_time":"20210209121421","is_ascension_mode":false,"campfire_choices":[{"floor":1,"key":"RECALL"},{"floor":10,"key":"REST"},{"floor":13,"key":"REST"}],"circlet_count":0,"master_deck":["Guardian:Strike_Guardian","Guardian:Strike_Guardian","Guardian:Strike_Guardian","Guardian:Defend_Guardian","Guardian:Defend_Guardian","Guardian:Defend_Guardian","Guardian:CurlUp","Guardian:TwinSlam","Guardian:ChargeCore","Guardian:Reroute","Guardian:Planning","Guardian:Recover","Guardian:Suspension","Guardian:GatlingBeam","Guardian:TimeSifter","Guardian:Reroute","Guardian:GatlingBeam","Guardian:Gem_Synthetic","Guardian:Gem_Lightblue","Guardian:DonusPower+1","Guardian:Orbwalk","Guardian:Orbwalk+1","Guardian:GatlingBeam","Guardian:TimeSifter","Guardian:Clone","Guardian:GatlingBeam"],"relics":["Guardian:ModeShifter","Tiny Chest","downfall:HeartBlessingRed","Mango","Guardian:PickAxe","SlaversCollar","downfall:HeartBlessingGreen","reliquary:Sideboard"],"acts_visited":["Exordium","TheCity"],"potions_floor_usage":[14,14,16],"damage_taken":[{"damage":0,"enemies":"Small Slimes","floor":2,"turns":3},{"damage":0,"enemies":"2 Louse","floor":3,"turns":2},{"damage":0,"enemies":"Cultist","floor":5,"turns":3},{"damage":22,"enemies":"Exordium Wildlife","floor":8,"turns":6},{"damage":2,"enemies":"3 Louse","floor":9,"turns":5},{"damage":14,"enemies":"3 Sentries","floor":11,"turns":7},{"damage":13,"enemies":"Exordium Thugs","floor":12,"turns":5},{"damage":17,"enemies":"Gremlin Nob","floor":14,"turns":4},{"damage":15,"enemies":"Exordium Wildlife","floor":15,"turns":4},{"damage":28,"enemies":"IC_STATUS_ARCHETYPE","floor":16,"turns":7},{"damage":5,"enemies":"3 Byrds","floor":19,"turns":4},{"damage":10,"enemies":"Chosen","floor":20,"turns":4},{"damage":16,"enemies":"Shelled Parasite and Fungi","floor":21,"turns":4},{"damage":12,"enemies":"downfall:FleeingMerchant","floor":23,"turns":4},{"damage":0,"enemies":"downfall:FleeingMerchant","floor":25,"turns":4},{"damage":58,"enemies":"Centurion and Healer","floor":26,"turns":9}],"seed_played":"4281504216072570639","potions_obtained":[{"floor":5,"key":"blueLaboratory:HorrorPotion"},{"floor":9,"key":"Energy Potion"},{"floor":12,"key":"blueLaboratory:BottleOfRum"},{"floor":15,"key":"blueLaboratory:TrueEctoplasm"}],"is_trial":false,"path_per_floor":["R","M","M","?","M","?","T","M","M","R","E","M","R","E","M","B",null,"R","M","M","M","?","$","T","$","M"],"character_chosen":"GUARDIAN","items_purchased":["Guardian:GatlingBeam"],"campfire_rested":2,"item_purchase_floors":[23],"current_hp_per_floor":[80,80,80,80,80,80,80,58,56,80,80,67,94,77,62,34,94,94,89,79,63,63,51,51,51,0,0,0],"gold":0,"neow_bonus":"TRANSFORM_CARD","is_daily":false,"chose_seed":false,"campfire_upgraded":0,"win_rate":0.0,"timestamp":1612890861,"path_taken":["R","M","M","?","M","?","T","M","M","R","E","M","R","E","M","BOSS","R","M","M","M","?","$","T","$","M"],"items_purchased_type":["Card"],"build_version":"2020-12-22","purchased_purges":1,"victory":false,"max_hp_per_floor":[80,80,80,80,80,80,80,80,80,80,94,94,94,94,94,94,94,94,94,94,94,94,94,94,94,94,94,94],"card_choices":[{"not_picked":["Guardian:VentSteam","Guardian:Repulse","Guardian:Emergency"],"picked":"SKIP","floor":2},{"not_picked":["Guardian:PrimingBeam","Guardian:PrismaticBarrier"],"picked":"Guardian:Gem_Purple","floor":3},{"not_picked":["Guardian:TimeCapacitor","Guardian:Suspension"],"picked":"Guardian:Reroute","floor":5},{"not_picked":["Guardian:Gem_Red","Guardian:VentSteam"],"picked":"Guardian:Planning","floor":8},{"not_picked":["Guardian:TemporalStrike","Guardian:DecasProtection"],"picked":"Guardian:Recover","floor":9},{"not_picked":["Guardian:ChargeCore","Guardian:BronzeArmor"],"picked":"Guardian:Suspension","floor":11},{"not_picked":["Guardian:BronzeOrb","Guardian:Gem_Purple"],"picked":"Guardian:GatlingBeam","floor":12},{"not_picked":["Guardian:TemporalShield","Guardian:Suspension"],"picked":"Guardian:TimeSifter","floor":14},{"not_picked":["Guardian:PrimingBeam","Guardian:Planning"],"picked":"Guardian:Reroute","floor":15},{"not_picked":["Guardian:ExploitGems","Guardian:RevengeProtocol"],"picked":"Guardian:GatlingBeam","floor":16},{"not_picked":["Guardian:Incinerate","Guardian:Reroute"],"picked":"Guardian:DonusPower+1","floor":19},{"not_picked":["Guardian:Recover","Guardian:Planning"],"picked":"Guardian:Orbwalk","floor":20},{"not_picked":["Guardian:ShieldSpikes","Guardian:ArmoredProtocol"],"picked":"Guardian:Orbwalk+1","floor":21},{"not_picked":["Guardian:Gem_Green","Guardian:Suspension+1"],"picked":"Guardian:Clone","floor":23},{"not_picked":["Guardian:BodySlam+1","Guardian:ArmoredProtocol"],"picked":"Guardian:GatlingBeam","floor":25}],"player_experience":251880,"relics_obtained":[{"floor":7,"key":"Tiny Chest"},{"floor":11,"key":"Mango"},{"floor":14,"key":"Guardian:PickAxe"},{"floor":24,"key":"reliquary:Sideboard"}],"event_choices":[],"is_beta":false,"boss_relics":[{"not_picked":["reliquary:RedCape","bronze:MakeshiftBattery"],"picked":"SlaversCollar"}],"items_purged_floors":[23],"is_endless":false,"potions_floor_spawned":[5,9,12,15],"killed_by":"Centurion and Healer","ascension_level":0}}