{"host":"Vegetablebread","time":1612897056,"event":{"mods":["BaseMod","Bestiary","Minty Spire (QoL Compilation)","Relic Stats","Slay the Relics Exporter"],"gold_per_floor":[116,126,140,152,152,180,180,192,216,228,270,270,310,329,329,409,409,438,45,45,62,74,74,108,108,108,134,159,159,193,212,212,297,369,389,403,425,425,375,408,408,458,458,475,501,501,501,536,536,536,536,536],"floor_reached":51,"language":"ENG","playtime":9146,"items_purged":["Strike_R"],"score":1783,"play_id":"c81a8b1a-5183-4d5f-a459-bf2c3cc2220e","local_time":"20210209105736","is_ascension_mode":true,"campfire_choices":[{"floor":7.0,"key":"REST"},{"floor":15.0,"key":"REST"},{"data":"Whirlwind","floor":23.0,"key":"SMITH"},{"floor":25.0,"key":"REST"},{"data":"Immolate","floor":29.0,"key":"SMITH"},{"data":"Disarm","floor":32.0,"key":"SMITH"},{"floor":41.0,"key":"RECALL"},{"floor":49,"key":"REST"}],"circlet_count":0,"master_deck":["AscendersBane","Bash+1","Carnage+1","Shrug It Off","Clothesline","Headbutt","Whirlwind+1","Barricade","Burning Pact","Disarm+1","Immolate+1","Shrug It Off","Disarm","Second Wind","Burning Pact","Double Tap","Entrench","Power Through","Disarm","Hemokinesis","Warcry","Entrench+1","Dropkick","Havoc","Shrug It Off","Corruption","Burning Pact"],"relics":["Cursed Key","Pen Nib","CeramicFish","Spirit Poop","Vajra","Runic Dome","Chemical X","Anchor","Oddly Smooth Stone","Juzu Bracelet","Whetstone","Pandora\u0027s Box","Bronze Scales","Prayer Wheel","StrikeDummy","Sundial"],"acts_visited":["Exordium","TheCity","TheBeyond"],"potions_floor_usage":[45,50],"damage_taken":[{"damage":2.0,"enemies":"2 Louse","floor":1.0,"turns":3.0},{"damage":0.0,"enemies":"Cultist","floor":2.0,"turns":2.0},{"damage":0.0,"enemies":"Jaw Worm","floor":3.0,"turns":3.0},{"damage":37.0,"enemies":"Exordium Thugs","floor":4.0,"turns":6.0},{"damage":19.0,"enemies":"Lagavulin","floor":6.0,"turns":5.0},{"damage":7.0,"enemies":"Exordium Wildlife","floor":8.0,"turns":4.0},{"damage":0.0,"enemies":"Blue Slaver","floor":10.0,"turns":2.0},{"damage":13.0,"enemies":"3 Sentries","floor":11.0,"turns":4.0},{"damage":0.0,"enemies":"Lagavulin","floor":13.0,"turns":6.0},{"damage":0.0,"enemies":"Lots of Slimes","floor":14.0,"turns":2.0},{"damage":0.0,"enemies":"Slime Boss","floor":16.0,"turns":4.0},{"damage":18.0,"enemies":"Shell Parasite","floor":18.0,"turns":5.0},{"damage":0.0,"enemies":"Spheric Guardian","floor":21.0,"turns":4.0},{"damage":0.0,"enemies":"Snecko","floor":22.0,"turns":3.0},{"damage":9.0,"enemies":"Book of Stabbing","floor":24.0,"turns":3.0},{"damage":6.0,"enemies":"Snake Plant","floor":27.0,"turns":3.0},{"damage":1.0,"enemies":"Gremlin Leader","floor":28.0,"turns":5.0},{"damage":4.0,"enemies":"Slavers","floor":30.0,"turns":3.0},{"damage":6.0,"enemies":"3 Cultists","floor":31.0,"turns":3.0},{"damage":21.0,"enemies":"Champ","floor":33.0,"turns":12.0},{"damage":0.0,"enemies":"Orb Walker","floor":35.0,"turns":4.0},{"damage":0.0,"enemies":"3 Darklings","floor":36.0,"turns":4.0},{"damage":0.0,"enemies":"Maw","floor":37.0,"turns":9.0},{"damage":0.0,"enemies":"Giant Head","floor":40.0,"turns":14.0},{"damage":0.0,"enemies":"2 Orb Walkers","floor":42.0,"turns":1.0},{"damage":15.0,"enemies":"Transient","floor":44.0,"turns":6.0},{"damage":0,"enemies":"Reptomancer","floor":45,"turns":3},{"damage":15,"enemies":"Nemesis","floor":48,"turns":19},{"damage":46,"enemies":"Time Eater","floor":50,"turns":20},{"damage":32,"enemies":"Awakened One","floor":51,"turns":4}],"seed_played":"-8996346015183442790","potions_obtained":[{"floor":2.0,"key":"Block Potion"},{"floor":3.0,"key":"SpeedPotion"},{"floor":4.0,"key":"Explosive Potion"},{"floor":14.0,"key":"Fire Potion"},{"floor":24.0,"key":"BlessingOfTheForge"},{"floor":27.0,"key":"BloodPotion"},{"floor":28.0,"key":"Fire Potion"},{"floor":31.0,"key":"ElixirPotion"},{"floor":33.0,"key":"SpeedPotion"},{"floor":35.0,"key":"SteroidPotion"},{"floor":48,"key":"Regen Potion"}],"is_trial":false,"path_per_floor":["M","M","M","M","?","E","R","M","T","M","E","?","E","M","R","B",null,"M","$","?","M","M","R","E","R","T","M","E","R","E","M","R","B",null,"M","M","M","?","?","E","R","?","T","M","E","?","?","E","R","B","B"],"character_chosen":"IRONCLAD","items_purchased":["Chemical X","Anchor"],"campfire_rested":4,"item_purchase_floors":[19,19],"current_hp_per_floor":[66,66,66,29,29,10,32,25,25,25,12,12,12,12,34,34,65,47,47,47,47,47,47,38,60,60,54,68,68,64,58,58,37,66,66,66,66,66,66,66,66,66,66,51,51,51,51,36,57,26,0,0],"gold":536,"neow_bonus":"BOSS_RELIC","is_daily":false,"chose_seed":false,"campfire_upgraded":3,"win_rate":0.0,"timestamp":1612897056,"path_taken":["M","M","M","M","?","E","R","M","T","?","E","?","E","?","R","BOSS","M","$","?","M","M","R","E","R","T","M","E","R","E","M","R","BOSS","M","M","M","?","?","E","R","?","T","M","E","?","?","E","R","BOSS","BOSS"],"items_purchased_type":["Relic","Relic"],"build_version":"2020-12-18","purchased_purges":1,"victory":false,"max_hp_per_floor":[75,75,75,75,75,75,75,75,75,75,75,75,75,75,75,75,75,75,75,75,75,75,75,75,75,75,75,75,75,75,75,75,75,75,75,75,75,71,71,71,71,71,71,71,71,71,71,71,71,71,71,71],"relic_stats":{"counters":[30,166],"Sundial":[4],"CeramicFish":180,"Bronze Scales":[215],"Pandora\u0027s Box":["Entrench","Power Through","Disarm","Hemokinesis","Warcry","Entrench","Dropkick","Havoc"],"Prayer Wheel":1,"Pen Nib":[22],"Juzu Bracelet":2,"Chemical X":[43],"Whetstone":["Bash","Strike_R"],"Cursed Key":1,"obtain_stats":[{"CeramicFish":11,"Spirit Poop":12,"Vajra":13,"Oddly Smooth Stone":24,"Pen Nib":6,"Juzu Bracelet":28,"Whetstone":30,"Cursed Key":0,"Burning Blood":0,"Runic Dome":17,"Anchor":19,"Sundial":48,"Bronze Scales":40,"Pandora\u0027s Box":34,"Prayer Wheel":42,"Chemical X":19,"StrikeDummy":45},{"CeramicFish":8,"Spirit Poop":8,"Vajra":9,"Oddly Smooth Stone":15,"Pen Nib":5,"Juzu Bracelet":17,"Whetstone":18,"Cursed Key":0,"Burning Blood":0,"Runic Dome":11,"Anchor":12,"Sundial":28,"Bronze Scales":24,"Pandora\u0027s Box":20,"Prayer Wheel":25,"Chemical X":12,"StrikeDummy":27},{"CeramicFish":29,"Spirit Poop":29,"Vajra":35,"Oddly Smooth Stone":56,"Pen Nib":19,"Juzu Bracelet":64,"Whetstone":67,"Cursed Key":0,"Burning Blood":0,"Runic Dome":41,"Anchor":46,"Sundial":142,"Bronze Scales":113,"Pandora\u0027s Box":82,"Prayer Wheel":114,"Chemical X":46,"StrikeDummy":123}]},"card_choices":[{"not_picked":["Iron Wave","Cleave"],"picked":"Carnage","floor":1.0},{"not_picked":["Clash","Dark Embrace"],"picked":"Shrug It Off","floor":2.0},{"not_picked":["Perfected Strike","Flex"],"picked":"Clothesline","floor":3.0},{"not_picked":["Twin Strike","Sword Boomerang"],"picked":"Headbutt","floor":4.0},{"not_picked":["Anger","Clothesline"],"picked":"Whirlwind","floor":6.0},{"not_picked":["Body Slam","Anger","Clash"],"picked":"SKIP","floor":10.0},{"not_picked":["Body Slam","Anger","Clash"],"picked":"SKIP","floor":10.0},{"not_picked":["Iron Wave","Feel No Pain"],"picked":"Barricade","floor":11.0},{"not_picked":["Body Slam","Barricade"],"picked":"Burning Pact","floor":13.0},{"not_picked":["Havoc","Seeing Red"],"picked":"Disarm","floor":14.0},{"not_picked":["Brutality","Corruption"],"picked":"Immolate","floor":16.0},{"not_picked":["Havoc","Rupture"],"picked":"Shrug It Off","floor":18.0},{"not_picked":["Thunderclap","Flex","Iron Wave"],"picked":"SKIP","floor":21.0},{"not_picked":["Twin Strike","Sword Boomerang","Anger+1"],"picked":"SKIP","floor":22.0},{"not_picked":["Thunderclap","Pommel Strike","Sword Boomerang"],"picked":"SKIP","floor":24.0},{"not_picked":["Bludgeon","Clash"],"picked":"Disarm","floor":27.0},{"not_picked":["Blood for Blood","Body Slam","Dark Embrace"],"picked":"SKIP","floor":28.0},{"not_picked":["Heavy Blade","Clothesline+1"],"picked":"Second Wind","floor":30.0},{"not_picked":["Clothesline","Sever Soul"],"picked":"Burning Pact","floor":31.0},{"not_picked":["Berserk","Bludgeon"],"picked":"Double Tap","floor":33.0},{"not_picked":["Anger","Dropkick"],"picked":"Shrug It Off","floor":35.0},{"not_picked":["Havoc","Anger","True Grit"],"picked":"SKIP","floor":36.0},{"not_picked":["Headbutt","Cleave"],"picked":"Corruption","floor":37.0},{"not_picked":["Pummel","Havoc","Infernal Blade"],"picked":"SKIP","floor":40.0},{"not_picked":["Clothesline","Hemokinesis","Shrug It Off"],"picked":"SKIP","floor":44.0},{"not_picked":["Twin Strike","Iron Wave","Anger"],"picked":"SKIP","floor":44.0},{"not_picked":["Uppercut","Clothesline","Thunderclap"],"picked":"SKIP","floor":45},{"not_picked":["Wild Strike","Demon Form"],"picked":"Burning Pact","floor":48}],"player_experience":10469819,"relics_obtained":[{"floor":6.0,"key":"Pen Nib"},{"floor":11.0,"key":"CeramicFish"},{"floor":13.0,"key":"Vajra"},{"floor":24.0,"key":"Oddly Smooth Stone"},{"floor":28.0,"key":"Juzu Bracelet"},{"floor":30.0,"key":"Whetstone"},{"floor":40.0,"key":"Bronze Scales"},{"floor":42.0,"key":"Prayer Wheel"},{"floor":45,"key":"StrikeDummy"},{"floor":48,"key":"Sundial"}],"event_choices":[{"damage_healed":0.0,"max_hp_gain":0.0,"max_hp_loss":0.0,"gold_gain":0.0,"event_name":"Accursed Blacksmith","player_choice":"Forge","floor":5.0,"gold_loss":0.0,"damage_taken":0.0,"cards_upgraded":["Carnage"]},{"cards_removed":["Regret"],"damage_healed":0.0,"max_hp_gain":0.0,"max_hp_loss":0.0,"gold_gain":0.0,"event_name":"Bonfire Elementals","player_choice":"Offered Curse","floor":12.0,"gold_loss":0.0,"damage_taken":0.0,"relics_obtained":["Spirit Poop"]},{"damage_healed":0.0,"max_hp_gain":0.0,"max_hp_loss":4.0,"gold_gain":0.0,"event_name":"Winding Halls","player_choice":"Max HP","floor":38.0,"gold_loss":0.0,"damage_taken":0.0},{"damage_healed":0.0,"max_hp_gain":0.0,"max_hp_loss":0.0,"gold_gain":0.0,"event_name":"Designer","player_choice":"Upgrade","floor":39.0,"gold_loss":50.0,"damage_taken":0.0,"cards_upgraded":["Entrench"]},{"damage_healed":0.0,"max_hp_gain":0.0,"max_hp_loss":0.0,"gold_gain":0.0,"event_name":"Mysterious Sphere","player_choice":"Fight","floor":42.0,"gold_loss":0.0,"damage_taken":0.0},{"damage_healed":0,"gold_gain":0,"player_choice":"Ignored","damage_taken":0,"max_hp_gain":0,"max_hp_loss":0,"event_name":"SecretPortal","floor":46,"gold_loss":0},{"damage_healed":0,"gold_gain":0,"player_choice":"Ignored","damage_taken":0,"max_hp_gain":0,"max_hp_loss":0,"event_name":"Tomb of Lord Red Mask","floor":47,"gold_loss":0}],"is_beta":true,"boss_relics":[{"not_picked":["Calling Bell","Sozu"],"picked":"Runic Dome"},{"not_picked":["Empty Cage","Tiny House"],"picked":"Pandora\u0027s Box"}],"items_purged_floors":[19],"is_endless":false,"potions_floor_spawned":[2,3,4,14,24,27,28,31,33,35,42,44,48],"killed_by":"Awakened One","ascension_level":20}}