{"host":"qy1e0kd24tpj3i2m","time":1612899774,"event":{"mods":["Act Like it!","BaseMod","Better Skull","Better Vampires","Colored Map","Colored Powertips","Custom Start","Displayed Cursed Tome","Faster Ascension Climbing","Friendly Minions","GifTheSpireLib","Gremlin Skip","Highlight Path","Minty Spire (QoL Compilation)","Permanent Neow","Poor People Problems","Quick Restart","Red Circlet Mod","Relic Filter Mod","Relic Sorter","Reorder Act Four","SacredBarkPlus","Shop Mod","StSLib","SuperFastMode","Transform Curses","没有小屋子和绿帽子啦"],"gold_per_floor":[111,130,146,71,90,90,90],"floor_reached":6,"language":"ZHS","playtime":251,"items_purged":["Bash"],"score":76,"play_id":"b087a8da-403a-4964-a89d-c375da9252ad","local_time":"20210210044254","is_ascension_mode":true,"campfire_choices":[],"circlet_count":0,"master_deck":["AscendersBane","Strike_R","Strike_R","Strike_R","Strike_R","Strike_R","Defend_R","Defend_R","Defend_R","Defend_R","Perfected Strike","Dark Embrace","True Grit","Anger","Wild Strike","Brutality","Wild Strike","Rupture"],"relics":["Burning Blood","Prayer Wheel"],"acts_visited":["Exordium"],"potions_floor_usage":[],"damage_taken":[{"damage":2.0,"enemies":"Cultist","floor":1.0,"turns":4.0},{"damage":16,"enemies":"Jaw Worm","floor":2,"turns":5},{"damage":9,"enemies":"Small Slimes","floor":3,"turns":4},{"damage":19,"enemies":"Red Slaver","floor":5,"turns":4},{"damage":28,"enemies":"Lagavulin","floor":6,"turns":5}],"seed_played":"-8075524318225296072","potions_obtained":[{"floor":5,"key":"ElixirPotion"}],"is_trial":false,"path_per_floor":["M","M","M","$","M","E"],"character_chosen":"IRONCLAD","items_purchased":[],"campfire_rested":0,"item_purchase_floors":[],"current_hp_per_floor":[54,44,41,41,28,0,0],"gold":90,"neow_bonus":"ONE_RARE_RELIC","is_daily":false,"chose_seed":false,"campfire_upgraded":0,"win_rate":0.0,"timestamp":1612899774,"path_taken":["M","M","?","$","M","E"],"items_purchased_type":[],"build_version":"2020-12-22","purchased_purges":1,"victory":false,"max_hp_per_floor":[75,75,75,75,75,75,75],"card_choices":[{"not_picked":["Thunderclap","Rampage"],"picked":"Perfected Strike","floor":1.0},{"not_picked":["Havoc","Sword Boomerang"],"picked":"Dark Embrace","floor":1.0},{"not_picked":["Thunderclap","Heavy Blade"],"picked":"True Grit","floor":2},{"not_picked":["Armaments","Heavy Blade"],"picked":"Anger","floor":2},{"not_picked":["Havoc","Iron Wave"],"picked":"Wild Strike","floor":3},{"not_picked":["Entrench","Twin Strike"],"picked":"Brutality","floor":3},{"not_picked":["Sword Boomerang","Armaments"],"picked":"Wild Strike","floor":5},{"not_picked":["Rampage","Body Slam"],"picked":"Rupture","floor":5}],"player_experience":1003270,"relics_obtained":[],"event_choices":[],"is_beta":false,"boss_relics":[],"items_purged_floors":[4],"is_endless":false,"potions_floor_spawned":[5],"killed_by":"Lagavulin","ascension_level":20}}