{"host":"7hpq7e8rzvzbnf1s","time":1612880949,"event":{"mods":["BaseMod","Minty Spire (QoL Compilation)","Quick Restart","StSLib","Waifu the Spire","WarShipGirlsR/’ΩΩ¢…Ÿ≈ÆR mod"],"gold_per_floor":[109,125,141,141,66,100,100,114,114,39,63,63,128,28,28,154,154,172,188,188,203,128,156,156,156,156,170,170,185,185,185,185,287,287,306,110,110,110,123,123,138,138,165,165,165,165,178,193,193,193,193],"floor_reached":50,"language":"ZHS","playtime":2664,"items_purged":["rmod:defend","rmod:strick","rmod:strick"],"score":460,"play_id":"e6cea984-db95-4d58-b750-90587bbb1541","local_time":"20210209222909","is_ascension_mode":false,"campfire_choices":[{"data":"rmod:expeditionaryescort","floor":7.0,"key":"SMITH"},{"data":"rmod:chargemoney","floor":12.0,"key":"SMITH"},{"floor":15.0,"key":"REST"},{"floor":24.0,"key":"REST"},{"data":"rmod:desperatesituation","floor":28.0,"key":"SMITH"},{"floor":30.0,"key":"RECALL"},{"data":"rmod:defend","floor":32.0,"key":"PURGE"},{"data":"rmod:strick","floor":40.0,"key":"PURGE"},{"data":"Writhe","floor":44,"key":"PURGE"},{"data":"rmod:defend","floor":46,"key":"PURGE"},{"data":"rmod:expedition","floor":49,"key":"PURGE"}],"circlet_count":0,"master_deck":["rmod:basicallowance","rmod:maingunfire","rmod:firesupport","rmod:expeditionaryescort+1","rmod:bulid","rmod:gendarmerie","rmod:chargemoney+1","rmod:fletcherpendant","rmod:diamondstrike","rmod:stealaluminum","rmod:fletcherpendant","rmod:steelsupply+1","rmod:luckystar+1","rmod:desperatesituation+1","rmod:ring","rmod:secretscript","rmod:highspeedmaneuver"],"relics":["Regal Pillow","Bloody Idol","Blood Vial","HornCleat","Philosopher\u0027s Stone","Peace Pipe","Sundial","Eternal Feather","MutagenicStrength","rmod:mogul","Pen Nib"],"acts_visited":["Exordium","TheCity","TheBeyond"],"potions_floor_usage":[],"damage_taken":[{"damage":0.0,"enemies":"Cultist","floor":1.0,"turns":3.0},{"damage":0.0,"enemies":"Jaw Worm","floor":2.0,"turns":3.0},{"damage":6.0,"enemies":"2 Louse","floor":3.0,"turns":4.0},{"damage":20.0,"enemies":"Gremlin Nob","floor":6.0,"turns":4.0},{"damage":9.0,"enemies":"2 Fungi Beasts","floor":8.0,"turns":3.0},{"damage":0.0,"enemies":"Large Slime","floor":11.0,"turns":5.0},{"damage":21.0,"enemies":"Lagavulin Event","floor":13.0,"turns":5.0},{"damage":3.0,"enemies":"The Guardian","floor":16.0,"turns":8.0},{"damage":22.0,"enemies":"2 Thieves","floor":18.0,"turns":4.0},{"damage":2.0,"enemies":"Spheric Guardian","floor":19.0,"turns":4.0},{"damage":17.0,"enemies":"Chosen and Byrds","floor":21.0,"turns":8.0},{"damage":44.0,"enemies":"Slavers","floor":23.0,"turns":9.0},{"damage":25.0,"enemies":"Cultist and Chosen","floor":27.0,"turns":7.0},{"damage":23.0,"enemies":"3 Cultists","floor":29.0,"turns":6.0},{"damage":37.0,"enemies":"Collector","floor":33.0,"turns":7.0},{"damage":51.0,"enemies":"3 Darklings","floor":35.0,"turns":6.0},{"damage":30.0,"enemies":"3 Shapes","floor":39.0,"turns":4.0},{"damage":19,"enemies":"Writhing Mass","floor":41,"turns":5},{"damage":0,"enemies":"Transient","floor":47,"turns":5},{"damage":28,"enemies":"3 Darklings","floor":48,"turns":4},{"damage":56,"enemies":"Awakened One","floor":50,"turns":3}],"seed_played":"-9137151383315446372","potions_obtained":[{"floor":1.0,"key":"BlessingOfTheForge"},{"floor":3.0,"key":"LiquidMemories"},{"floor":13.0,"key":"PowerPotion"}],"is_trial":false,"path_per_floor":["M","M","M","?","$","E","R","M","T","$","M","R","?","$","R","B",null,"M","M","?","M","?","E","R","T","T","M","R","M","R","?","R","B",null,"M","$","?","$","M","R","M","?","T","R","?","R","M","M","R","B"],"character_chosen":"PRAEFECT","items_purchased":["rmod:chargemoney","rmod:highspeedmaneuver"],"campfire_rested":2,"item_purchase_floors":[10,36],"current_hp_per_floor":[75,75,69,51,51,31,31,24,24,24,26,26,7,7,44,43,75,53,53,53,43,43,6,43,43,43,25,37,21,33,33,45,15,75,29,29,29,29,6,18,6,25,30,42,42,51,58,37,46,0,0],"gold":193,"neow_bonus":"RANDOM_COMMON_RELIC","is_daily":false,"chose_seed":false,"campfire_upgraded":3,"win_rate":0.0,"timestamp":1612880949,"path_taken":["M","M","M","?","$","E","R","M","T","$","M","R","?","?","R","BOSS","M","M","?","M","?","E","R","?","T","?","R","M","R","?","R","BOSS","M","$","?","$","M","R","M","?","T","R","?","R","M","M","R","BOSS"],"items_purchased_type":["Card","Card"],"build_version":"2020-12-22","purchased_purges":3,"victory":false,"max_hp_per_floor":[75,75,75,75,75,75,75,75,75,75,75,75,75,75,75,75,75,75,75,75,75,75,75,75,75,75,75,75,75,75,75,75,75,75,75,75,75,75,75,75,75,75,75,75,75,75,75,75,75,75,75],"card_choices":[{"not_picked":["rmod:maintain","rmod:luckystar"],"picked":"rmod:expedition","floor":1.0},{"not_picked":["rmod:robin","rmod:ammunitionsupply"],"picked":"rmod:firesupport","floor":2.0},{"not_picked":["rmod:luckystar","rmod:ring"],"picked":"rmod:expeditionaryescort","floor":3.0},{"not_picked":["rmod:heivgo","rmod:victimresponsibility"],"picked":"rmod:bulid","floor":6.0},{"not_picked":["rmod:wolves","rmod:tearstotiara"],"picked":"rmod:gendarmerie","floor":8.0},{"not_picked":["rmod:goodfighter","rmod:tearstotiara","rmod:firesupport"],"picked":"SKIP","floor":11.0},{"not_picked":["rmod:sl","rmod:aluminumsupply"],"picked":"rmod:diamondstrike","floor":13.0},{"not_picked":["rmod:u235","rmod:abidefaith"],"picked":"rmod:stealaluminum","floor":16.0},{"not_picked":["rmod:aluminumsupply","rmod:intelligenceanalysis"],"picked":"rmod:fletcherpendant","floor":18.0},{"not_picked":["rmod:ammunitionsupply","rmod:supportescort+1","rmod:steelsupply"],"picked":"SKIP","floor":19.0},{"not_picked":["rmod:diamondstrike","rmod:garrisonisland"],"picked":"rmod:steelsupply+1","floor":21.0},{"not_picked":["rmod:robin","rmod:ammunitionsupply"],"picked":"rmod:luckystar+1","floor":23.0},{"not_picked":["rmod:wolves+1","rmod:fuelsupply"],"picked":"rmod:desperatesituation","floor":27.0},{"not_picked":["rmod:fletcherpendant","rmod:aviationdawn+1"],"picked":"rmod:ring","floor":29.0},{"not_picked":["rmod:expeditionaryescort","rmod:windflower"],"picked":"rmod:secretscript","floor":33.0},{"not_picked":["rmod:diamondstrike","rmod:garrisonisland","rmod:ring+1"],"picked":"SKIP","floor":35.0},{"not_picked":["rmod:launchingtorpedo+1","rmod:diamondstrike+1","rmod:slowdown+1"],"picked":"SKIP","floor":39.0},{"not_picked":["rmod:tearstotiara+1","rmod:goodsister+1","rmod:aviationdawn"],"picked":"SKIP","floor":41},{"not_picked":["rmod:fuelsupply","rmod:firesupport","rmod:smokecover"],"picked":"SKIP","floor":47},{"not_picked":["rmod:steelsupply","rmod:luckystar","rmod:expedition+1"],"picked":"SKIP","floor":48}],"player_experience":187338,"relics_obtained":[{"floor":6.0,"key":"Blood Vial"},{"floor":13.0,"key":"HornCleat"},{"floor":23.0,"key":"Peace Pipe"},{"floor":25.0,"key":"Sundial"},{"floor":26.0,"key":"Eternal Feather"},{"floor":43,"key":"Pen Nib"}],"event_choices":[{"damage_healed":0.0,"max_hp_gain":0.0,"max_hp_loss":0.0,"gold_gain":0.0,"event_name":"Golden Idol","player_choice":"Take Damage","floor":4.0,"gold_loss":0.0,"damage_taken":18.0,"relics_obtained":["Golden Idol"]},{"damage_healed":0.0,"max_hp_gain":0.0,"max_hp_loss":0.0,"gold_gain":30.0,"event_name":"Dead Adventurer","player_choice":"Searched \u00273\u0027 times","floor":13.0,"gold_loss":0.0,"damage_taken":0.0},{"damage_healed":0.0,"max_hp_gain":0.0,"max_hp_loss":0.0,"gold_gain":0.0,"event_name":"Forgotten Altar","player_choice":"Gave Idol","floor":20.0,"relics_lost":["Golden Idol"],"gold_loss":0.0,"damage_taken":0.0,"relics_obtained":["Bloody Idol"]},{"cards_removed":["rmod:strick"],"damage_healed":0.0,"max_hp_gain":0.0,"max_hp_loss":0.0,"gold_gain":0.0,"event_name":"Beggar","player_choice":"Gave Gold","floor":22.0,"gold_loss":75.0,"damage_taken":0.0},{"damage_healed":0.0,"max_hp_gain":0.0,"max_hp_loss":0.0,"gold_gain":0.0,"event_name":"Drug Dealer","player_choice":"Inject Mutagens","floor":31.0,"gold_loss":0.0,"damage_taken":0.0,"relics_obtained":["MutagenicStrength"]},{"cards_removed":["rmod:defend"],"damage_healed":0.0,"max_hp_gain":0.0,"max_hp_loss":0.0,"gold_gain":0.0,"event_name":"Falling","player_choice":"Removed Skill","floor":37.0,"gold_loss":0.0,"damage_taken":0.0},{"damage_healed":19,"gold_gain":0,"player_choice":"Writhe","damage_taken":0,"max_hp_gain":0,"max_hp_loss":0,"event_name":"Winding Halls","floor":42,"gold_loss":0,"cards_obtained":["Writhe"]},{"damage_healed":0,"gold_gain":0,"player_choice":"Ignored","damage_taken":0,"max_hp_gain":0,"max_hp_loss":0,"event_name":"NoteForYourself","floor":45,"gold_loss":0}],"is_beta":false,"boss_relics":[{"not_picked":["Cursed Key","Astrolabe"],"picked":"Philosopher\u0027s Stone"},{"not_picked":["Fusion Hammer","Velvet Choker"],"picked":"rmod:mogul"}],"items_purged_floors":[5,14,36],"is_endless":false,"potions_floor_spawned":[1,3,13,21,23,27,41],"killed_by":"Awakened One","ascension_level":0}}