{"host":"ishme5wb80o83upk","time":1612880460,"event":{"mods":["BaseMod","HololiveMod","Minty Spire (QoL Compilation)","StSLib"],"gold_per_floor":[76,91,109,109,123,158,158,190,190,203,51,51,81,94,94,166,166,178,192,211,229,258,291,291,307,307,145,175,187,187,213,213,290,290,307,325,345,345,362,380,380,408,460,494,514,18,29,57,57,57,57,57,7,32,32],"floor_reached":56,"language":"KOR","playtime":2716,"items_purged":["Hololive_Strike","Hololive_Strike+1","Hololive_CallRoboco"],"score":3203,"play_id":"618335c6-cf15-45c4-bccc-eb3c93a25fbd","local_time":"20210209232100","is_ascension_mode":true,"campfire_choices":[{"data":"Hololive_CallRoboco","floor":7,"key":"SMITH"},{"data":"Hololive_SummonFox","floor":12,"key":"SMITH"},{"data":"Hololive_CallNakiriAyame","floor":15,"key":"SMITH"},{"data":"Hololive_CallUruhaRushia","floor":24,"key":"SMITH"},{"data":"Hololive_CallTokinoSora","floor":32,"key":"SMITH"},{"data":"Hololive_DDD","floor":41,"key":"SMITH"},{"floor":49,"key":"RECALL"},{"data":"Apotheosis","floor":52,"key":"SMITH"}],"circlet_count":0,"master_deck":["AscendersBane","Hololive_CandyCastle","Hololive_CallNakiriAyame+1","Hololive_CallRoboco+1","Hololive_CallCivia","Hololive_CallUruhaRushia+1","Hololive_CallNatsuiroMatsuri","Hololive_SummonFox+1","Hololive_CallHimemoriLuna","Hololive_CandyCastle","Hololive_CallShirakamiFubuki","Hololive_CallOkamiMio","Hololive_CallTsunomakiWatame","Hololive_CallAkiRosenthal","Hololive_StarCraft","Hololive_CallNekomataOkayu","Hololive_CallKiryuuCoco","Hololive_CallOzoraSubaru","Hololive_CallTokinoSora+1","Hololive_DDD","Hololive_DDD+1","Hololive_SummonFox+1","Hololive_CallInugamiKorone","Hololive_DurableLive","Apotheosis+1","Hololive_CallShiroganeNoel","Hololive_CallAkaiHaato"],"relics":["Hololive_TheStar","Anchor","Strawberry","Nunchaku","Singing Bowl","Hololive_Finger","Red Mask","Ornamental Fan","Question Card","Hololive_LightStick","Ancient Tea Set","Bottled Tornado","Velvet Choker","InkBottle","Dream Catcher","Whetstone","Bag of Preparation","Smiling Mask","Blood Vial"],"acts_visited":["Exordium","TheCity","TheBeyond","TheEnding"],"potions_floor_usage":[6,16,55,55],"damage_taken":[{"damage":0,"enemies":"2 Louse","floor":1,"turns":4},{"damage":0,"enemies":"Small Slimes","floor":2,"turns":3},{"damage":0,"enemies":"Jaw Worm","floor":3,"turns":4},{"damage":0,"enemies":"Exordium Thugs","floor":5,"turns":3},{"damage":0,"enemies":"Lagavulin","floor":6,"turns":3},{"damage":0,"enemies":"Gremlin Nob","floor":8,"turns":4},{"damage":0,"enemies":"Lots of Slimes","floor":10,"turns":3},{"damage":0,"enemies":"3 Sentries","floor":13,"turns":4},{"damage":0,"enemies":"3 Louse","floor":14,"turns":4},{"damage":0,"enemies":"Slime Boss","floor":16,"turns":5},{"damage":0,"enemies":"Shell Parasite","floor":18,"turns":4},{"damage":0,"enemies":"Chosen","floor":19,"turns":4},{"damage":0,"enemies":"Snecko","floor":20,"turns":3},{"damage":0,"enemies":"Snake Plant","floor":21,"turns":3},{"damage":0,"enemies":"Masked Bandits","floor":22,"turns":3},{"damage":0,"enemies":"Gremlin Leader","floor":23,"turns":4},{"damage":0,"enemies":"3 Cultists","floor":25,"turns":4},{"damage":0,"enemies":"Book of Stabbing","floor":28,"turns":4},{"damage":0,"enemies":"Centurion and Healer","floor":29,"turns":3},{"damage":0,"enemies":"Slavers","floor":31,"turns":3},{"damage":0,"enemies":"Collector","floor":33,"turns":6},{"damage":0,"enemies":"3 Shapes","floor":35,"turns":2},{"damage":0,"enemies":"Orb Walker","floor":36,"turns":2},{"damage":0,"enemies":"Jaw Worm Horde","floor":37,"turns":3},{"damage":47,"enemies":"4 Shapes","floor":39,"turns":4},{"damage":0,"enemies":"Nemesis","floor":40,"turns":5},{"damage":0,"enemies":"Reptomancer","floor":42,"turns":5},{"damage":0,"enemies":"Giant Head","floor":44,"turns":5},{"damage":0,"enemies":"Writhing Mass","floor":45,"turns":2},{"damage":0,"enemies":"Transient","floor":47,"turns":6},{"damage":0,"enemies":"Nemesis","floor":48,"turns":3},{"damage":0,"enemies":"Donu and Deca","floor":50,"turns":8},{"damage":39,"enemies":"Shield and Spear","floor":54,"turns":8},{"damage":0,"enemies":"The Heart","floor":55,"turns":8}],"seed_played":"-7246045725152764997","potions_obtained":[{"floor":3,"key":"Weak Potion"},{"floor":5,"key":"Energy Potion"},{"floor":8,"key":"Ancient Potion"},{"floor":16,"key":"AttackPotion"},{"floor":19,"key":"DuplicationPotion"}],"is_trial":false,"path_per_floor":["M","M","M","?","M","E","R","E","T","M","$","R","E","M","R","B",null,"M","M","M","M","?","E","R","M","T","$","E","M","?","E","R","B",null,"M","M","M","?","M","E","R","E","T","E","M","$","M","E","R","B",null,"R","$","E","B",null],"character_chosen":"Hololive_HololiveCharacter","items_purchased":["Hololive_CallTsunomakiWatame","Hololive_LightStick","Apotheosis","Bag of Preparation","Hololive_CallShiroganeNoel"],"campfire_rested":0,"item_purchase_floors":[11,27,46,46,46],"current_hp_per_floor":[21,21,21,26,26,26,26,33,33,33,33,33,33,35,35,35,42,42,42,42,42,44,46,46,48,48,48,50,52,52,54,54,54,56,58,60,60,60,15,15,15,15,15,17,19,19,19,21,21,21,56,56,56,19,21],"gold":32,"neow_bonus":"REMOVE_TWO","is_daily":false,"chose_seed":false,"campfire_upgraded":7,"win_rate":0.0,"timestamp":1612880460,"path_taken":["M","M","M","?","M","E","R","E","T","M","$","R","E","M","R","BOSS","M","M","M","M","?","E","R","M","T","$","E","M","?","E","R","BOSS","M","M","M","?","M","E","R","E","T","E","M","$","M","E","R","BOSS","R","$","E","BOSS"],"items_purchased_type":["Card","Relic","Card","Relic","Card"],"build_version":"2020-12-22","purchased_purges":3,"victory":true,"max_hp_per_floor":[30,30,30,35,35,35,35,42,42,42,42,42,42,44,44,44,44,44,44,44,44,46,48,48,50,50,50,52,54,54,56,56,56,56,58,60,60,60,62,62,62,62,62,64,66,66,66,68,68,68,68,68,68,70,70],"card_choices":[{"not_picked":["Hololive_StrengthChampion","Hololive_LuckPotion","Hololive_CallHoshimachiSuisei"],"picked":"Hololive_CallNatsuiroMatsuri","floor":1},{"not_picked":["Hololive_CallShiranuiFlare","Hololive_Psychosis","Hololive_Trident"],"picked":"Hololive_SummonFox","floor":2},{"not_picked":["Hololive_Psychosis","Hololive_Breathe","Hololive_CallManoAloe"],"picked":"Hololive_CallHimemoriLuna","floor":3},{"not_picked":["Hololive_HuntDinosaur","Hololive_Drill","Hololive_Breathe"],"picked":"Hololive_CandyCastle","floor":5},{"not_picked":["Hololive_CallHoshimachiSuisei","Hololive_CallSpadeEcho","Hololive_DDD"],"picked":"Hololive_CallShirakamiFubuki","floor":6},{"not_picked":["Hololive_Rebound","Hololive_CallDoris","Hololive_Trident"],"picked":"Hololive_CallOkamiMio","floor":8},{"not_picked":["Hololive_Teleport","Hololive_CallNakiriAyame","Hololive_StrengthChampion","Hololive_CocoNews"],"picked":"SKIP","floor":10},{"not_picked":["Hololive_Teleport","Hololive_CallNakiriAyame","Hololive_StrengthChampion","Hololive_CocoNews"],"picked":"SKIP","floor":10},{"not_picked":["Hololive_FlyingPonyTail","Hololive_CallDoris","Hololive_Psychosis"],"picked":"Hololive_CallAkiRosenthal","floor":13},{"not_picked":["Hololive_HuntDinosaur","Hololive_CocoNews","Hololive_Psychosis","Hololive_FlyingPonyTail"],"picked":"Singing Bowl","floor":14},{"not_picked":["Hololive_HighAtkLowDef","Hololive_OpenUp","Hololive_ASMR"],"picked":"Hololive_StarCraft","floor":16},{"not_picked":["Hololive_Psychosis","Hololive_Drill+1","Hololive_LuckPotion"],"picked":"Hololive_CallNekomataOkayu","floor":18},{"not_picked":["Hololive_RevenueBasedLive","Hololive_CocoNews","Hololive_ManjiGathering+1"],"picked":"Hololive_CallKiryuuCoco","floor":19},{"not_picked":["Hololive_Breathe","Hololive_Rebound","Hololive_Sequa"],"picked":"Hololive_CallOzoraSubaru","floor":20},{"not_picked":["Hololive_ASMR","Hololive_RevenueBasedLive","Hololive_Trident"],"picked":"Hololive_CallTokinoSora","floor":21},{"not_picked":["Hololive_Trident","Hololive_RevenueBasedLive","Hololive_HuntDinosaur","Hololive_SummonFox"],"picked":"Singing Bowl","floor":22},{"not_picked":["Hololive_ScarfAndHalo","Hololive_OvertimeWork","Hololive_RevenueBasedLive","Hololive_CallAZKi+1"],"picked":"Singing Bowl","floor":23},{"not_picked":["Hololive_Drill","Hololive_LuckPotion+1","Hololive_HuntDinosaur","Hololive_Breathe"],"picked":"Singing Bowl","floor":25},{"not_picked":["Hololive_Recruit","Hololive_Sequa","Hololive_CallAiraniIofifteen","Hololive_Watashimo+1","Hololive_Rebound"],"picked":"Singing Bowl","floor":28},{"not_picked":["Hololive_CallRoboco","Hololive_LuckPotion","Hololive_StrengthChampion","Hololive_OvertimeWork+1","Hololive_Drill"],"picked":"Singing Bowl","floor":29},{"not_picked":["Hololive_Breathe","Hololive_OvertimeWork","Hololive_Rebound","Hololive_CallAyundaRisu+1","Hololive_FlyingPonyTail"],"picked":"Singing Bowl","floor":31},{"not_picked":["Hololive_BeCareful","Hololive_DiamondStrike","Hololive_ScarfAndHalo","Hololive_OpenUp"],"picked":"Hololive_DDD","floor":33},{"not_picked":["Hololive_CallShirakamiFubuki+1","Hololive_ManjiGathering","Hololive_Sequa","Hololive_Trident","Hololive_Breathe"],"picked":"Singing Bowl","floor":35},{"not_picked":["Hololive_CallNatsuiroMatsuri+1","Hololive_CallOzoraSubaru+1","Hololive_CallMoonaHoshinova","Hololive_FlyingPonyTail","Hololive_OvertimeWork"],"picked":"Singing Bowl","floor":36},{"not_picked":["Hololive_CallAkiRosenthal","Hololive_BringToTrial","Hololive_CallUruhaRushia","Hololive_Drill+1"],"picked":"Hololive_DDD","floor":37},{"not_picked":["Hololive_Sequa","Hololive_Teleport","Hololive_CocoNews","Hololive_CallOkamiMio+1","Hololive_Watashimo"],"picked":"Singing Bowl","floor":39},{"not_picked":["Hololive_Trident","Hololive_CallAkiRosenthal","Hololive_Spy","Hololive_HuntDinosaur+1"],"picked":"Hololive_CallInugamiKorone","floor":40},{"not_picked":["Hololive_CallArtia","Hololive_CallMomosuzuNene+1","Hololive_OvertimeWork","Hololive_LuckPotion"],"picked":"Hololive_DurableLive","floor":42},{"not_picked":["Hololive_Drill","Hololive_CallSpadeEcho","Hololive_Breathe","Hololive_DevilCharm","Hololive_RevenueBasedLive"],"picked":"Singing Bowl","floor":44},{"not_picked":["Hololive_CallTsunomakiWatame","Hololive_StrengthChampion+1","Hololive_LuckPotion","Hololive_HuntDinosaur","Hololive_Teleport"],"picked":"Singing Bowl","floor":45},{"not_picked":["Hololive_DiamondStrike","Hololive_LuckPotion","Hololive_Rebound","Hololive_CallKiryuuCoco"],"picked":"Hololive_CallAkaiHaato","floor":47},{"not_picked":["Hololive_Sequa","Hololive_CallYogiri","Hololive_Psychosis","Hololive_CallCivia","Hololive_Drill"],"picked":"Singing Bowl","floor":48},{"not_picked":["Hololive_FlyingPonyTail+1","Hololive_RevenueBasedLive","Hololive_StrengthChampion","Hololive_WolfAndLamb","Hololive_SummonFox"],"picked":"Singing Bowl","floor":54}],"player_experience":1127059,"relics_obtained":[{"floor":6,"key":"Anchor"},{"floor":8,"key":"Strawberry"},{"floor":9,"key":"Nunchaku"},{"floor":13,"key":"Singing Bowl"},{"floor":22,"key":"Red Mask"},{"floor":23,"key":"Ornamental Fan"},{"floor":26,"key":"Question Card"},{"floor":28,"key":"Ancient Tea Set"},{"floor":31,"key":"Bottled Tornado"},{"floor":40,"key":"InkBottle"},{"floor":42,"key":"Dream Catcher"},{"floor":44,"key":"Whetstone"},{"floor":48,"key":"Smiling Mask"},{"floor":54,"key":"Blood Vial"}],"event_choices":[{"damage_healed":0,"gold_gain":0,"player_choice":"Donut","damage_taken":0,"max_hp_gain":5,"max_hp_loss":0,"event_name":"Big Fish","floor":4,"gold_loss":0},{"damage_healed":0,"gold_gain":0,"player_choice":"Fought Bandits","damage_taken":0,"max_hp_gain":0,"max_hp_loss":0,"event_name":"Masked Bandits","floor":22,"gold_loss":0},{"damage_healed":0,"gold_gain":0,"player_choice":"Ignored","damage_taken":0,"max_hp_gain":0,"max_hp_loss":0,"event_name":"Ghosts","floor":30,"gold_loss":0},{"damage_healed":0,"gold_gain":0,"player_choice":"Copied","damage_taken":0,"max_hp_gain":0,"max_hp_loss":0,"event_name":"Duplicator","floor":38,"gold_loss":0,"cards_obtained":["Hololive_SummonFox"]}],"is_beta":false,"boss_relics":[{"not_picked":["Tiny House","Astrolabe"],"picked":"Hololive_Finger"},{"not_picked":["Hololive_ChaosS","Hololive_TopUpMoneyS"],"picked":"Velvet Choker"}],"items_purged_floors":[11,46,53],"is_endless":false,"potions_floor_spawned":[3,5,8,16,19,21,22,23,25,29,37,39,42,44,48],"ascension_level":19}}