{"host":"vxp84kvh2mp2zn27","time":1612865784,"event":{"mods":["A Magickal Journey","AchievementEnabler","Aspiration","Astrologer","Bard","BaseMod","BetterRewards","Card Forge","Challenge The Spire","Chen","Colored Map","Colored Powertips","Conspire","Duelist Mod","Friendly Minions","FutureSeer","Glutton Mod","Googly Eyes","Halation","Hero for Fun","Highlight Path","HornydragonMod","Hubris","Hunter ??","Infinite Spire","Jedi Mod","Kiyohime????","KomeijiMod","Mad Scientist","Magitek Elite","Marisa????????","Mimic Mod","Minty Spire (QoL Compilation)","Prisma Mod","Quick Restart","Reimu??????","Replay The Spire","Shop Mod","Somnambulant","Spikes Relics","StSLib","The Animator","The Blackbeard","The Bladedancer","The Bug Knight","The Cursed","The Druid","The Elementalist","The Florist","The Gatherer","The Hayseed","The Juggle","The Jungle","The Mystic","The Necromancer","The Poker Player","The Problem Sleuth","The Runesmith","The Servant 0.9.4","The Wild Card","Yohane!","Youmu??????","Yuri Mod"],"gold_per_floor":[114,133,133,12,24,24,36,36,88,88,4,4,18,18,18],"floor_reached":14,"language":"FRA","playtime":1211,"items_purged":[],"score":80,"play_id":"d31b4c2c-127b-4ed9-9d92-d31db4f7925d","local_time":"20210209111624","is_ascension_mode":false,"campfire_choices":[{"floor":6,"key":"REST"},{"floor":8,"key":"REST"},{"floor":10,"key":"REST"},{"floor":12,"key":"REST"}],"circlet_count":0,"master_deck":["Strike_L","Strike_L","Strike_L","Strike_L","Defend_L","Defend_L","Defend_L","Defend_L","Defend_L","Fire2","Cure","Man_Eater","Transpose_P","Enhancer","Meteor","Quake","Thunder_P","Barrier","Faith","Meltdown"],"relics":["Pendant","Hammer of Thor","Seething Fire","Anvil of the Gods"],"acts_visited":["Exordium"],"potions_floor_usage":[7],"damage_taken":[{"damage":10,"enemies":"Cultist","floor":1,"turns":4},{"damage":11,"enemies":"Jaw Worm","floor":2,"turns":3},{"damage":11,"enemies":"2 Louse","floor":5,"turns":4},{"damage":64,"enemies":"Gremlin Gang","floor":7,"turns":8},{"damage":36,"enemies":"Large Slime","floor":13,"turns":8},{"damage":43,"enemies":"Lagavulin","floor":14,"turns":6}],"seed_played":"6939857188209179709","potions_obtained":[{"floor":2,"key":"GamblersBrew"},{"floor":5,"key":"Weak Potion"},{"floor":13,"key":"RedTea"}],"is_trial":false,"path_per_floor":["M","M","?","$","M","R","M","R","T","R","$","R","M","E"],"character_chosen":"MAGITEKELITE","items_purchased":["Enhancer","Meteor","Barrier","Faith"],"campfire_rested":4,"item_purchase_floors":[4,4,11,11],"current_hp_per_floor":[65,58,46,46,41,61,3,23,23,43,43,63,33,0,0],"gold":18,"neow_bonus":"TEN_PERCENT_HP_BONUS","is_daily":false,"chose_seed":false,"campfire_upgraded":0,"win_rate":0.0,"timestamp":1612865784,"path_taken":["M","M","?","?","M","R","M","R","T","R","$","R","?","E"],"items_purchased_type":["Card","Card","Card","Card"],"build_version":"2020-12-22","purchased_purges":0,"victory":false,"max_hp_per_floor":[69,69,69,69,69,69,69,69,69,69,69,69,69,69,69],"card_choices":[{"not_picked":["Circlet","Crystal_Sword"],"picked":"Man_Eater","floor":1},{"not_picked":["Gladius","Magus_Robe"],"picked":"Transpose_P","floor":2},{"not_picked":["Crystal_Sword","Balance"],"picked":"Quake","floor":5},{"not_picked":["Man_Eater","Dispel"],"picked":"Thunder_P","floor":7},{"not_picked":["Gaia_Gear","Haste"],"picked":"Meltdown","floor":13}],"player_experience":221596,"relics_obtained":[],"event_choices":[{"damage_healed":0,"gold_gain":0,"player_choice":"Fled","damage_taken":12,"max_hp_gain":0,"max_hp_loss":0,"event_name":"Scrap Ooze","floor":3,"gold_loss":0}],"is_beta":false,"boss_relics":[],"items_purged_floors":[],"is_endless":false,"potions_floor_spawned":[2,5,13],"killed_by":"Lagavulin","ascension_level":0}}