{"host":"ooetke516h53yqww","time":1612900684,"event":{"mods":["100% Spire Juice","2.2 Compatiblity","Abigail Mod","Act Like it!","Astrologer","Bartender","BaseMod","Beaked The Cultist","Better Match","Better Third Choice","Conspire","Elementarium","Friendly Minions","Hallownest","Hermit","HololiveMod","Hubris","Infinite Spire","Kiyohime????","Lobotomy","LobotomyExtend","Mari Mod (Legacy)","Mari\u0027s V1 Patch","Menagerie","Minty Spire (QoL Compilation)","Morshu Shopkeeper","Prisma Mod","Random Character Button","Reliquary","Replay The Spire","Robot Space Explorer","Spicy Shops","StSLib","Td1madao Mod","The Alterego","The Bug Knight","The Marked","The Poker Player","The Senshi","TheSwordswoman","Uncapped","WarShipGirlsR/????R mod","Yakumo Yukari mod","Yohane!"],"gold_per_floor":[82,7,19,30,40,65,80,105,105,131,131,60,88,88,88,186,186,205,205,205,226,226,255,272,291,314,343,362,394,394,348,348,484],"floor_reached":17,"language":"ENG","playtime":2443,"items_purged":[],"score":919,"play_id":"f3dbb9c5-a372-4582-9d8d-3290a9fc16c7","local_time":"20210209145804","is_ascension_mode":true,"campfire_choices":[{"data":"Hololive_CallUruhaRushia","floor":11,"key":"SMITH"},{"data":"Hololive_CallHimemoriLuna","floor":15,"key":"SMITH"},{"data":"Hololive_CallHimemoriLuna","floor":13,"key":"SMITH"},{"data":"Hololive_WolfAndLamb","floor":15,"key":"SMITH"}],"circlet_count":0,"master_deck":["AscendersBane","conspire:GhostlyStrike","conspire:GhostlyStrike","conspire:GhostlyDefend","conspire:GhostlyDefend","Hololive_OvertimeWork","Hololive_CallHimemoriLuna+1","Hololive_CallMoonaHoshinova","Hololive_CallYuzukiChoco","Hololive_CallTsunomakiWatame","Hololive_CallMinatoAqua","Hololive_CallRosalyn","Hololive_CallShiroganeNoel","Hololive_CallOmaruPolka","Hololive_CallTokoyamiTowa","Hololive_WolfAndLamb+1","Hololive_CocoNews","Hololive_CallHimemoriLuna+1","Hololive_CallUruhaRushia+1","Hololive_CallHimemoriLuna+1","Hololive_StarCraft","Hololive_CallTsunomakiWatame","hubris:Despair","Pain","Hololive_CallYuzukiChoco","Diffraction","Regret_ego","Hololive_CallUsadaPekora","Hololive_OpenUp","Christmas","Hololive_CallOkamiMio","Hololive_Rebirth"],"relics":["Hololive_TheStar","infinitespire:Joker Card","Juzu Bracelet","Protect_Vest","Ginger","Oddly Smooth Stone","Ice Cream","Ring of Fangs","Ring of Searing","hubris:GrandSneckoEye","LetterFromLob","hubris:DisguiseKit","WarpedTongs","Ornamental Fan","theSenshi:SailorFukuRelic","HollowMod:LifeEnderRelic","reliquary:SilkGlove","betterThird:SlimedRelic"],"acts_visited":["Menagerie:Menagerie","Elementarium:Elementarium"],"potions_floor_usage":[],"damage_taken":[{"damage":0,"enemies":"Menagerie:WhisperingWraith","floor":1,"turns":4},{"damage":0,"enemies":"Menagerie:StygianBoar","floor":3,"turns":2},{"damage":0,"enemies":"Menagerie:MonstrousExperiment","floor":4,"turns":3},{"damage":0,"enemies":"Menagerie:BEAST_MAGE_AND_PROWLING_AMALGAM","floor":5,"turns":5},{"damage":0,"enemies":"Menagerie:Hydra","floor":6,"turns":4},{"damage":0,"enemies":"Menagerie:3_RABBITS","floor":7,"turns":5},{"damage":0,"enemies":"Menagerie:MaskedSummoner","floor":8,"turns":6},{"damage":1,"enemies":"Menagerie:VoidReaper","floor":10,"turns":5},{"damage":6,"enemies":"Menagerie:MaskedSummoner","floor":13,"turns":7},{"damage":0,"enemies":"Menagerie:Suneater","floor":16,"turns":7},{"damage":11,"enemies":"Small Slimes","floor":1,"turns":3},{"damage":0,"enemies":"2 Louse","floor":4,"turns":3},{"damage":0,"enemies":"Nightmare","floor":6,"turns":6},{"damage":0,"enemies":"Cultist","floor":7,"turns":3},{"damage":0,"enemies":"Lots of Slimes","floor":8,"turns":3},{"damage":0,"enemies":"3 Sentries","floor":10,"turns":5},{"damage":0,"enemies":"Gremlin Gang","floor":11,"turns":5},{"damage":0,"enemies":"Lagavulin","floor":12,"turns":4},{"damage":0,"enemies":"Slime Boss","floor":16,"turns":8},{"damage":5,"enemies":"Malkuth","floor":17,"turns":8},{"damage":7,"enemies":"Netzach","floor":17,"turns":12}],"seed_played":"-1859346573440524131","potions_obtained":[{"floor":1,"key":"SmokeBomb"},{"floor":3,"key":"Explosive Potion"},{"floor":11,"key":"AttackPotion"}],"is_trial":false,"path_per_floor":["M","?","M","M","M","E","M","E","T","E","R","$","E","?","R","B",null,"M","M","?","?","M","?","NM","M","M","T","E","M","E","R","?","R","B",null],"character_chosen":"Hololive_HololiveCharacter","items_purchased":["Oddly Smooth Stone"],"campfire_rested":0,"item_purchase_floors":[12],"current_hp_per_floor":[32,32,32,35,35,35,35,35,35,34,34,34,28,28,28,28,33,24,24,24,24,24,24,24,24,24,24,24,24,24,13,13,13],"gold":519,"neow_bonus":"UPGRADE_CARD","is_daily":false,"chose_seed":false,"campfire_upgraded":4,"win_rate":0.0,"timestamp":1612900684,"path_taken":["M","?","M","M","M","E","M","E","T","E","R","?","E","?","R","BOSS","M","M","?","?","M","?","NM","M","M","T","E","M","E","R","?","R","BOSS"],"items_purchased_type":["Relic"],"build_version":"2020-12-22","purchased_purges":0,"victory":true,"max_hp_per_floor":[35,35,35,35,35,35,35,35,35,35,35,35,35,35,35,35,35,35,35,35,35,35,35,35,35,35,35,35,35,35,35,35,35],"card_choices":[{"not_picked":["Hololive_ManjiGathering","Hololive_CallDoris","Hololive_CallSpadeEcho"],"picked":"Hololive_CallRosalyn","floor":1},{"not_picked":["Hololive_CocoNews","Hololive_StrengthChampion","Hololive_Psychosis"],"picked":"Hololive_CallShiroganeNoel","floor":3},{"not_picked":["Hololive_Psychosis","Hololive_RevenueBasedLive","Hololive_CallMurasakiShion"],"picked":"Hololive_CallOmaruPolka","floor":4},{"not_picked":["Hololive_Rebound","Hololive_Psychosis","Hololive_LuckPotion"],"picked":"Hololive_CallTokoyamiTowa","floor":5},{"not_picked":["Hololive_Spy","Hololive_CallYuzukiChoco","Hololive_HighAtkLowDef"],"picked":"Hololive_WolfAndLamb","floor":6},{"not_picked":["Hololive_HuntDinosaur","Hololive_OvertimeWork","Hololive_CandyCastle"],"picked":"Hololive_CocoNews","floor":7},{"not_picked":["Hololive_Sequa","Hololive_Drill","Hololive_CallMoonaHoshinova"],"picked":"Hololive_CallHimemoriLuna","floor":8},{"not_picked":["Hololive_CallAkaiHaato","Hololive_CallKiryuuCoco","Hololive_HuntDinosaur"],"picked":"Hololive_CallUruhaRushia","floor":10},{"not_picked":["Hololive_Breathe","Hololive_Trident","Hololive_DevilCharm"],"picked":"Hololive_CallHimemoriLuna","floor":13},{"not_picked":["Hololive_ASMR","Hololive_AWSL","Hololive_OpenUp"],"picked":"Hololive_StarCraft","floor":16},{"not_picked":["Hololive_Breathe","Hololive_RevenueBasedLive","Hololive_Trident"],"picked":"Hololive_CallTsunomakiWatame","floor":1},{"not_picked":["Hololive_Sequa","Hololive_FlyingPonyTail","Hololive_Drill","Beak"],"picked":"Hololive_CallYuzukiChoco","floor":4},{"not_picked":["Hololive_ASMR","Hololive_CallKiryuuCoco","Hololive_FlyingPonyTail","Hololive_CallShishiroBotan"],"picked":"Diffraction","floor":6},{"not_picked":["Hololive_CallDoris","Hololive_Breathe","Hololive_CallSpadeEcho","Hololive_CallMinatoAqua"],"picked":"Regret_ego","floor":7},{"not_picked":["Hololive_Sequa","Hololive_Psychosis","Hololive_RevenueBasedLive","Gaze"],"picked":"Hololive_CallUsadaPekora","floor":8},{"not_picked":["Hololive_CocoNews","Hololive_DevilCharm","Hololive_Drill","SomewhereSpear"],"picked":"Hololive_OpenUp","floor":10},{"not_picked":["Hololive_StrengthChampion","Hololive_Breathe","Hololive_Trident","Hololive_OvertimeWork"],"picked":"Christmas","floor":11},{"not_picked":["Hololive_CallCivia","Hololive_CallOzoraSubaru","Hololive_OvertimeWork","BearPaw"],"picked":"Hololive_CallOkamiMio","floor":12},{"not_picked":["Hololive_FlareMind","Hololive_AWSL","Hololive_ASMR","Mimicry"],"picked":"Hololive_Rebirth","floor":16}],"player_experience":1545938,"relics_obtained":[{"floor":1,"key":"LetterFromLob"},{"floor":6,"key":"infinitespire:Joker Card"},{"floor":8,"key":"Juzu Bracelet"},{"floor":9,"key":"Protect_Vest"},{"floor":10,"key":"Ginger"},{"floor":13,"key":"Ice Cream"},{"floor":14,"key":"Ring of Fangs"},{"floor":14,"key":"Ring of Searing"},{"floor":1,"key":"LetterFromLob"},{"floor":6,"key":"Ornamental Fan"},{"floor":9,"key":"theSenshi:SailorFukuRelic"},{"floor":10,"key":"HollowMod:LifeEnderRelic"},{"floor":12,"key":"reliquary:SilkGlove"}],"event_choices":[{"damage_healed":0,"gold_gain":0,"player_choice":"2","damage_taken":0,"max_hp_gain":0,"max_hp_loss":0,"event_name":"betterMatch:BetterMatch","floor":2,"gold_loss":0,"cards_obtained":[]},{"damage_healed":0,"gold_gain":0,"player_choice":"Rummage","damage_taken":0,"relics_obtained":["WarpedTongs"],"max_hp_gain":0,"max_hp_loss":0,"event_name":"Accursed Blacksmith","floor":3,"gold_loss":0,"cards_obtained":["Pain"]},{"damage_healed":0,"gold_gain":0,"player_choice":"Agree","damage_taken":0,"max_hp_gain":0,"max_hp_loss":0,"event_name":"conspire:LoneGhost","floor":5,"gold_loss":0},{"damage_healed":0,"gold_gain":0,"player_choice":"Slimed","damage_taken":11,"max_hp_gain":0,"max_hp_loss":0,"event_name":"betterThird:BetterGoop","floor":14,"gold_loss":46}],"is_beta":false,"boss_relics":[{"not_picked":["reliquary:RedPaperclip","ReplayTheSpireMod:DimensionalGlitch"],"picked":"hubris:GrandSneckoEye"}],"items_purged_floors":[],"is_endless":false,"potions_floor_spawned":[1,3,6,8,16,4,11,12],"ascension_level":11}}