{"host":"v3qphhcqhwfpabne","time":1612845612,"event":{"mods":["100% Spire Juice","2.2 Compatiblity","AchievementEnabler","BaseMod","CapriCore","DeckTracker","KinomotoSakuraMod(ÙÊñýÜâ?)","Koishi","Marisa£¨Ùöéë¡¡Øª×âÞÞ£©","Minty Spire (QoL Compilation)","Permanent Neow","Prisma Mod","StSLib","Td1madao Mod","The Bug Knight","The Cursed","The Immortal","The Runesmith","WarShipGirlsR/??á´Ò³R mod"],"gold_per_floor":[117,129,56,69,69,83,107,124,195,195,195],"floor_reached":10,"language":"KOR","playtime":370,"items_purged":[],"score":66,"play_id":"d4cd966d-8b65-4cfa-8d65-a9fd11a06a8e","local_time":"20210209134012","is_ascension_mode":true,"campfire_choices":[],"circlet_count":0,"master_deck":["Strike_R","Strike_R","Strike_R","Strike_R","Strike_R","Defend_R","Defend_R","Defend_R","Defend_R","Bash","Body Slam","Whirlwind","Fire Breathing","Ghostly Armor"],"relics":["Burning Blood","Ice Cream","Odd Mushroom","Bottled Flame"],"acts_visited":["Exordium"],"potions_floor_usage":[10,10,10,10,10],"damage_taken":[{"damage":19,"enemies":"Jaw Worm","floor":1,"turns":4},{"damage":0,"enemies":"Small Slimes","floor":2,"turns":3},{"damage":13,"enemies":"2 Louse","floor":4,"turns":2},{"damage":22,"enemies":"Looter","floor":6,"turns":3},{"damage":24,"enemies":"The Mushroom Lair","floor":7,"turns":4},{"damage":11,"enemies":"Lots of Slimes","floor":8,"turns":2},{"damage":19,"enemies":"Gremlin Nob","floor":10,"turns":4}],"seed_played":"4851814669430805169","potions_obtained":[{"floor":1,"key":"PowerPotion"},{"floor":4,"key":"Weak Potion"},{"floor":7,"key":"EntropicBrew"}],"is_trial":false,"path_per_floor":["M","M","$","M","$","M","?","M","T","E"],"character_chosen":"IRONCLAD","items_purchased":["Whirlwind"],"campfire_rested":0,"item_purchase_floors":[3],"current_hp_per_floor":[59,65,65,58,58,42,24,19,19,0,0],"gold":195,"neow_bonus":"ONE_RARE_RELIC","is_daily":false,"chose_seed":false,"campfire_upgraded":0,"win_rate":0.0,"timestamp":1612845612,"path_taken":["M","M","$","M","$","M","?","M","T","E"],"items_purchased_type":["Card"],"build_version":"2020-12-22","purchased_purges":0,"victory":false,"max_hp_per_floor":[72,72,72,72,72,72,72,72,72,72,72],"card_choices":[{"not_picked":["Second Wind","Uppercut","Dark Embrace"],"picked":"SKIP","floor":1},{"not_picked":["Flame Barrier","True Grit"],"picked":"Body Slam","floor":2},{"not_picked":["Heavy Blade","Perfected Strike"],"picked":"Fire Breathing","floor":4},{"not_picked":["Heavy Blade","Uppercut","Perfected Strike"],"picked":"SKIP","floor":6},{"not_picked":["True Grit","Intimidate"],"picked":"Ghostly Armor","floor":7},{"not_picked":["Flex","Cleave","Feel No Pain"],"picked":"SKIP","floor":8}],"player_experience":131108,"relics_obtained":[{"floor":7,"key":"Odd Mushroom"},{"floor":9,"key":"Bottled Flame"}],"event_choices":[{"damage_healed":0,"gold_gain":0,"player_choice":"Fought Mushrooms","damage_taken":0,"max_hp_gain":0,"max_hp_loss":0,"event_name":"Mushrooms","floor":7,"gold_loss":0}],"is_beta":false,"boss_relics":[],"items_purged_floors":[],"is_endless":false,"potions_floor_spawned":[1,4,7],"killed_by":"Gremlin Nob","ascension_level":2}}