{"host":"1zjc08c6hob33401","time":1612834395,"event":{"mods":["AchievementEnabler","Act Like it!","Aspiration","BaseMod","Downfall","Elementarium","Energized Spire","Evolution","Friendly Minions","Gensokyo","GifTheSpireLib","Hubris","Infinite Spire","Jedi Mod","Menagerie","Minty Spire (QoL Compilation)","Pale of the Ancients","Quick Restart","Reliquary","Replay The Spire","Retaliation","Shop Mod","Spicy Shops","Spire Arcade","StS++","StSLib","Stuff the Spire","The Blue Laboratory","Wandering Minibosses","??????REMEMod"],"gold_per_floor":[109,120,140,55,75,75,101,101,125,125,141,141,153,167,167,240,240,258,258,306,138,156,156,180,180,180,180,140,140,155,155,155,150,150],"floor_reached":33,"language":"RUS","playtime":2933,"items_purged":["Defend_B"],"score":507,"play_id":"2ac2d74a-86ce-43b1-9cf0-51901840df85","local_time":"20210209033315","is_ascension_mode":true,"campfire_choices":[{"data":"After Image","floor":6,"key":"SMITH"},{"data":"StuffTheSpire:ForEach","floor":8,"key":"SMITH"},{"data":"ReplayTheSpireMod:Repulse","floor":10,"key":"SMITH"},{"floor":12,"key":"REST"},{"data":"StSpp:CopyPaste","floor":15,"key":"SMITH"},{"data":"infinitespire:Collect","floor":23,"key":"SMITH"},{"data":"Mirror Shield","floor":27,"key":"SMITH"},{"data":"StuffTheSpire:Harmony","floor":29,"key":"SMITH"},{"floor":32,"key":"REST"}],"circlet_count":0,"master_deck":["AscendersBane","Cold Snap","Barrage","Rebound","Sweeping Beam","Leap","Defend_B","Defend_B","Zap","Dualcast","After Image+1","ReplayGash","FTL","ReplayTheSpireMod:Reroute Power","StuffTheSpire:ForEach+1","ReplayTheSpireMod:Repulse+1","Lockon","Leap","StSpp:CopyPaste+1","Mirror Shield+1","jedi:sharpshooter","infinitespire:Collect+1","Stack+1","Go for the Eyes","Gash","REME_DataAnalysis","StuffTheSpire:Harmony+1","ReplayTheSpireMod:Calculation Training","Hyperbeam"],"relics":["Cracked Core","EVO:Axolotl","REME_ComplimentaryCards","Replay:Wax Seal","infinitespire:Freezer","aspiration:FutureDiary","StoneCalendar","reliquary:Aerogel","StuffTheSpire:Mouthbags","reliquary:Boomerang","Pen Nib","Cables"],"acts_visited":["Menagerie:Menagerie","TheCity"],"potions_floor_usage":[7,16,18,28],"damage_taken":[{"damage":0,"enemies":"Menagerie:2_RABBITS","floor":1,"turns":4},{"damage":8,"enemies":"Menagerie:WhisperingWraith","floor":2,"turns":3},{"damage":5,"enemies":"Menagerie:MonstrousExperiment","floor":3,"turns":3},{"damage":13,"enemies":"Menagerie:3_RABBITS","floor":5,"turns":6},{"damage":15,"enemies":"Menagerie:Hydra","floor":7,"turns":4},{"damage":1,"enemies":"Menagerie:BEAST_MAGE_AND_PROWLING_AMALGAM","floor":11,"turns":6},{"damage":4,"enemies":"Menagerie:Hexasnake","floor":13,"turns":5},{"damage":0,"enemies":"Menagerie:RedMage","floor":14,"turns":3},{"damage":16,"enemies":"Menagerie:AVATARS","floor":16,"turns":8},{"damage":5,"enemies":"3 Byrds","floor":18,"turns":4},{"damage":0,"enemies":"Chosen","floor":22,"turns":4},{"damage":0,"enemies":"3 Cultists","floor":28,"turns":6},{"damage":54,"enemies":"Gremlin Leader","floor":30,"turns":7},{"damage":47,"enemies":"Pondfish","floor":33,"turns":9}],"seed_played":"7454192250309547745","potions_obtained":[{"floor":5,"key":"Energy Potion"},{"floor":13,"key":"Languid Potion"},{"floor":16,"key":"Strength Potion"},{"floor":18,"key":"ColorlessPotion"},{"floor":20,"key":"blueLaboratory:PhilterOfMotion"}],"is_trial":false,"path_per_floor":["M","M","M","$","M","R","E","R","T","R","M","R","M","M","R","B",null,"M","AVR","?","$","M","R","T","?","T","R","M","R","E","$","R","B"],"character_chosen":"DEFECT","items_purchased":["Replay:Wax Seal","StuffTheSpire:Mouthbags"],"campfire_rested":2,"item_purchase_floors":[4,21],"current_hp_per_floor":[64,56,51,51,38,38,23,23,23,23,22,43,39,39,39,23,59,54,54,54,54,54,54,54,54,54,54,60,60,16,16,37,0,0],"gold":150,"neow_bonus":"THREE_CARDS","is_daily":false,"chose_seed":false,"campfire_upgraded":7,"win_rate":0.0,"timestamp":1612834395,"path_taken":["M","M","M","$","M","R","E","R","T","R","M","R","M","M","R","BOSS","M","AVR","?","$","M","R","?","?","T","R","?","R","E","?","R","BOSS"],"items_purchased_type":["Relic","Relic"],"build_version":"2020-12-22","purchased_purges":1,"victory":false,"max_hp_per_floor":[71,71,71,71,71,71,71,71,71,71,71,71,71,71,71,71,71,71,71,71,71,71,71,71,71,71,71,71,71,71,71,71,71,71],"card_choices":[{"not_picked":["StSpp:Mask","Panic Button"],"picked":"ReplayGash","floor":0},{"not_picked":["ReplaySort","jedi:locknload"],"picked":"Gash","floor":1},{"not_picked":["Skim","StuffTheSpire:LoadUp"],"picked":"FTL","floor":2},{"not_picked":["StuffTheSpire:LoadUp","Rebound"],"picked":"ReplayTheSpireMod:Reroute Power","floor":3},{"not_picked":["Hologram","Stack"],"picked":"StuffTheSpire:ForEach","floor":5},{"not_picked":["Hello World","StuffTheSpire:ShieldGenerator"],"picked":"ReplayTheSpireMod:Repulse","floor":7},{"not_picked":["Turbo","jedi:overflow"],"picked":"Lockon","floor":11},{"not_picked":["StuffTheSpire:Plugnplay","Doom and Gloom"],"picked":"Leap","floor":13},{"not_picked":["Hologram","Go for the Eyes"],"picked":"StSpp:CopyPaste","floor":14},{"not_picked":["hubris:DoWhile","Core Surge"],"picked":"Mirror Shield","floor":16},{"not_picked":["Conserve Battery","jedi:BurstLightning"],"picked":"jedi:sharpshooter","floor":18},{"not_picked":["StuffTheSpire:Rend","Fusion"],"picked":"Stack+1","floor":20},{"not_picked":["StSpp:Mask","Leap"],"picked":"Go for the Eyes","floor":20},{"not_picked":["jedi:reiji","jedi:BurstFrost+1"],"picked":"REME_DataAnalysis","floor":22},{"not_picked":["StuffTheSpire:Rapture","StuffTheSpire:BrainWave"],"picked":"StuffTheSpire:Harmony","floor":25},{"not_picked":["Barrage","ReplayTheSpireMod:Repulse"],"picked":"ReplayTheSpireMod:Calculation Training","floor":28},{"not_picked":["StSpp:Mask","Turbo"],"picked":"Hyperbeam","floor":30}],"player_experience":732147,"relics_obtained":[{"floor":7,"key":"Geode"},{"floor":9,"key":"infinitespire:Freezer"},{"floor":20,"key":"reliquary:Aerogel"},{"floor":24,"key":"reliquary:Boomerang"},{"floor":26,"key":"Pen Nib"},{"floor":30,"key":"Cables"}],"event_choices":[],"is_beta":false,"boss_relics":[{"not_picked":["energizedSpire:EnergizedDie","Empty Cage"],"picked":"aspiration:FutureDiary"}],"items_purged_floors":[19],"is_endless":false,"potions_floor_spawned":[5,13,16,18,22],"killed_by":"Pondfish","ascension_level":19}}