{"host":"mo4d2vii2wc3uyp7","time":1612861750,"event":{"mods":["AchievementEnabler","BaseMod","Colored Map","Highlight Path","Keyboard Shortcuts","Minty Spire (QoL Compilation)","Permanent Neow","Quick Restart","Shop Mod","StSLib","SuperFastMode","everything is the same but u backflip on backflip"],"gold_per_floor":[113,130,149,149,165,165,165],"floor_reached":6,"language":"KOR","playtime":260,"items_purged":[],"score":57,"play_id":"f47359cb-0ad8-4456-b725-5ba6ea0d6a12","local_time":"20210209180910","is_ascension_mode":true,"campfire_choices":[],"circlet_count":0,"master_deck":["AscendersBane","Strike_G","Strike_G","Strike_G","Strike_G","Defend_G","Defend_G","Defend_G","Defend_G","Defend_G","Survivor","Neutralize","Discovery","Dagger Throw","Poisoned Stab","Endless Agony","All Out Attack"],"relics":["Ring of the Snake"],"acts_visited":["Exordium"],"potions_floor_usage":[],"damage_taken":[{"damage":12.0,"enemies":"Jaw Worm","floor":1.0,"turns":8.0},{"damage":15.0,"enemies":"Small Slimes","floor":2.0,"turns":4.0},{"damage":0.0,"enemies":"2 Louse","floor":3.0,"turns":3.0},{"damage":4.0,"enemies":"Large Slime","floor":5.0,"turns":6.0},{"damage":37,"enemies":"Gremlin Nob","floor":6,"turns":4}],"seed_played":"-5940313001353857884","potions_obtained":[],"is_trial":false,"path_per_floor":["M","M","M","?","M","E"],"character_chosen":"THE_SILENT","items_purchased":[],"campfire_rested":0,"item_purchase_floors":[],"current_hp_per_floor":[51,36,36,29,25,0,0],"gold":165,"neow_bonus":"RANDOM_COLORLESS","is_daily":false,"chose_seed":false,"campfire_upgraded":0,"win_rate":0.0,"timestamp":1612861750,"path_taken":["M","M","M","?","M","E"],"items_purchased_type":[],"build_version":"2020-12-22","purchased_purges":0,"victory":false,"max_hp_per_floor":[70,70,70,70,70,70,70],"card_choices":[{"not_picked":["Dramatic Entrance","Mind Blast"],"picked":"Discovery","floor":0.0},{"not_picked":["Deadly Poison","Distraction"],"picked":"Dagger Throw","floor":1.0},{"not_picked":["Crippling Poison","Concentrate"],"picked":"Poisoned Stab","floor":2.0},{"not_picked":["Accuracy","Sucker Punch"],"picked":"Endless Agony","floor":3.0},{"not_picked":["Underhanded Strike","Masterful Stab"],"picked":"All Out Attack","floor":5}],"player_experience":606833,"relics_obtained":[],"event_choices":[{"cards_removed":["Strike_G"],"damage_healed":0.0,"max_hp_gain":0.0,"max_hp_loss":0.0,"gold_gain":0.0,"event_name":"Golden Wing","player_choice":"Card Removal","floor":4.0,"gold_loss":0.0,"damage_taken":7.0}],"is_beta":false,"boss_relics":[],"items_purged_floors":[],"is_endless":false,"potions_floor_spawned":[],"killed_by":"Gremlin Nob","ascension_level":10}}