{"host":"6q94iy5iz6612v89","time":1612846813,"event":{"mods":["2.2 Compatiblity","AchievementEnabler","BaseMod","Colored Map","DeckTracker","Keyboard Shortcuts","Minty Spire (QoL Compilation)","Permanent Neow","StSLib","SuperFastMode"],"gold_per_floor":[112,37,112,126,126,153,153,163,186,196,216,243,243,254,254,333,383,401,452,452,475,492,492,492],"floor_reached":23,"language":"KOR","playtime":348,"items_purged":["Strike_R"],"score":527,"play_id":"f94e5d23-a31a-49f1-a0ca-642b4cd3de18","local_time":"20210209140013","is_ascension_mode":true,"campfire_choices":[{"data":"Uppercut","floor":7,"key":"SMITH"},{"data":"Dropkick","floor":15,"key":"SMITH"}],"circlet_count":0,"master_deck":["AscendersBane","Defend_R","Defend_R","Defend_R","Defend_R","Bash","Uppercut+1","Evolve+1","Twin Strike+1","Carnage","Dropkick+1","Immolate","Bite","Bite","Bite","Bite","Bite"],"relics":["Burning Blood","NeowsBlessing","Vajra","Centennial Puzzle","Dream Catcher","Tiny House","Potion Belt","Lantern"],"acts_visited":["Exordium","TheCity"],"potions_floor_usage":[12,16,16,23],"damage_taken":[{"damage":0.0,"enemies":"Jaw Worm","floor":1.0,"turns":1.0},{"damage":0.0,"enemies":"2 Louse","floor":4.0,"turns":1.0},{"damage":0.0,"enemies":"3 Sentries","floor":6.0,"turns":1.0},{"damage":0,"enemies":"Cultist","floor":8,"turns":3},{"damage":4,"enemies":"Blue Slaver","floor":10,"turns":2},{"damage":16,"enemies":"Lots of Slimes","floor":11,"turns":4},{"damage":0,"enemies":"Gremlin Nob","floor":12,"turns":2},{"damage":17,"enemies":"2 Fungi Beasts","floor":14,"turns":3},{"damage":43,"enemies":"The Guardian","floor":16,"turns":11},{"damage":39,"enemies":"Shell Parasite","floor":18,"turns":4},{"damage":33,"enemies":"Spheric Guardian","floor":22,"turns":4},{"damage":25,"enemies":"Gremlin Leader","floor":23,"turns":4}],"seed_played":"9204919445045820928","potions_obtained":[{"floor":8,"key":"Fire Potion"},{"floor":10,"key":"LiquidBronze"},{"floor":12,"key":"SteroidPotion"},{"floor":17,"key":"Strength Potion"},{"floor":22,"key":"ElixirPotion"}],"is_trial":false,"path_per_floor":["M","$","?","M","?","E","R","M","T","M","M","E","?","M","R","B",null,"M","T","?","T","M","E"],"character_chosen":"IRONCLAD","items_purchased":[],"campfire_rested":0,"item_purchase_floors":[],"current_hp_per_floor":[74,74,63,69,51,57,57,63,63,65,55,61,61,50,50,13,65,32,32,32,32,15,0,0],"gold":492,"neow_bonus":"THREE_ENEMY_KILL","is_daily":false,"chose_seed":false,"campfire_upgraded":2,"win_rate":0.0,"timestamp":1612846813,"path_taken":["M","$","?","M","?","E","R","M","T","M","M","E","?","M","R","BOSS","M","?","?","?","M","E"],"items_purchased_type":[],"build_version":"2020-12-22","purchased_purges":1,"victory":false,"max_hp_per_floor":[75,75,75,75,75,75,75,75,75,75,75,75,75,75,75,75,80,80,80,56,56,56,56,56],"card_choices":[{"not_picked":["Flex","Pommel Strike"],"picked":"Uppercut","floor":1.0},{"not_picked":["Battle Trance","Seeing Red"],"picked":"Evolve","floor":4.0},{"not_picked":["Exhume","Havoc","True Grit"],"picked":"SKIP","floor":6},{"not_picked":["Cleave","Combust"],"picked":"Twin Strike","floor":8},{"not_picked":["Twin Strike","Sentinel"],"picked":"Carnage","floor":10},{"not_picked":["Thunderclap","Flex","Heavy Blade"],"picked":"SKIP","floor":11},{"not_picked":["Blood for Blood","Clothesline"],"picked":"Dropkick","floor":12},{"not_picked":["Heavy Blade","Cleave","Perfected Strike"],"picked":"SKIP","floor":14},{"not_picked":["Double Tap","Demon Form"],"picked":"Immolate","floor":16},{"not_picked":["Iron Wave","Heavy Blade","Sword Boomerang"],"picked":"SKIP","floor":18},{"not_picked":["Searing Blow","Iron Wave","Armaments"],"picked":"SKIP","floor":22}],"player_experience":1481032,"relics_obtained":[{"floor":9,"key":"Centennial Puzzle"},{"floor":12,"key":"Dream Catcher"},{"floor":19,"key":"Potion Belt"},{"floor":21,"key":"Lantern"}],"event_choices":[{"damage_healed":0.0,"max_hp_gain":0.0,"max_hp_loss":0.0,"gold_gain":75.0,"event_name":"World of Goop","player_choice":"Gather Gold","floor":3.0,"gold_loss":0.0,"damage_taken":11.0},{"damage_healed":0.0,"max_hp_gain":0.0,"max_hp_loss":0.0,"gold_gain":0.0,"event_name":"Scrap Ooze","player_choice":"Success","floor":5.0,"gold_loss":0.0,"damage_taken":18.0,"relics_obtained":["Vajra"]},{"damage_healed":0,"gold_gain":0,"player_choice":"Forge","damage_taken":0,"max_hp_gain":0,"max_hp_loss":0,"event_name":"Accursed Blacksmith","floor":13,"gold_loss":0,"cards_upgraded":["Twin Strike"]},{"damage_healed":0,"gold_gain":0,"player_choice":"Became a vampire","damage_taken":0,"max_hp_gain":0,"max_hp_loss":24,"event_name":"Vampires","floor":20,"gold_loss":0,"cards_obtained":["Bite","Bite","Bite","Bite","Bite"]}],"is_beta":false,"boss_relics":[{"not_picked":["Black Blood","SacredBark"],"picked":"Tiny House"}],"items_purged_floors":[2],"is_endless":false,"potions_floor_spawned":[8,10,11,12,14,22],"killed_by":"Gremlin Leader","ascension_level":20}}