{"host":"Baz","time":1612836372,"event":{"mods":["BaseMod","Colored Map","Filter the Spire","Googly Eyes","Highlight Path","Minty Spire (QoL Compilation)","Quick Restart","Rare Cards Sparkle","Relic Stats","StSLib"],"gold_per_floor":[15,33,53,77,77,106,27,27,27,46,46,10,40,54,54,126,126,142,160,160,179,75,101,101,120,120,154,174,174,11,44,44,119,119,139,139,149,168,168,168],"floor_reached":39,"language":"ENG","playtime":2118,"items_purged":["Strike_G"],"score":1002,"play_id":"c523cb95-e9a6-4bb2-88ee-1bbca8a0c12a","local_time":"20210208200612","is_ascension_mode":true,"campfire_choices":[{"data":"Glass Knife","floor":8,"key":"SMITH"},{"floor":11,"key":"REST"},{"floor":15,"key":"REST"},{"data":"Glass Knife","floor":24,"key":"SMITH"},{"data":"1","floor":29,"key":"LIFT"},{"data":"2","floor":32,"key":"LIFT"}],"circlet_count":0,"master_deck":["AscendersBane","Strike_G","Strike_G+1","Defend_G","Defend_G","Defend_G","Defend_G","Defend_G","Survivor","Neutralize","Glass Knife+1","Poisoned Stab+1","Terror","Dagger Spray","PiercingWail","Phantasmal Killer","Noxious Fumes","Burst","Blade Dance+1","Well Laid Plans","PiercingWail","Glass Knife+1","Finisher","Dash","Echo Form","Blade Dance","Stack+1"],"relics":["Ring of the Snake","Bag of Marbles","Pen Nib","Tough Bandages","Whetstone","Runic Dome","Ginger","Lantern","Girya","PrismaticShard","Boot","Fusion Hammer"],"acts_visited":["Exordium","TheCity","TheBeyond"],"potions_floor_usage":[6,10,10,18,27,33,33,33,38],"damage_taken":[{"damage":0,"enemies":"Cultist","floor":1,"turns":4},{"damage":1,"enemies":"2 Louse","floor":2,"turns":3},{"damage":6,"enemies":"Jaw Worm","floor":3,"turns":4},{"damage":42,"enemies":"3 Sentries","floor":6,"turns":10},{"damage":13,"enemies":"Exordium Wildlife","floor":10,"turns":5},{"damage":15,"enemies":"Lagavulin","floor":13,"turns":3},{"damage":0,"enemies":"2 Fungi Beasts","floor":14,"turns":3},{"damage":12,"enemies":"The Guardian","floor":16,"turns":9},{"damage":12,"enemies":"Spheric Guardian","floor":18,"turns":5},{"damage":0,"enemies":"Chosen","floor":19,"turns":4},{"damage":3,"enemies":"Shelled Parasite and Fungi","floor":21,"turns":4},{"damage":15,"enemies":"Gremlin Leader","floor":23,"turns":4},{"damage":0,"enemies":"Snake Plant","floor":25,"turns":3},{"damage":0,"enemies":"Slavers","floor":27,"turns":3},{"damage":14,"enemies":"Cultist and Chosen","floor":28,"turns":4},{"damage":0,"enemies":"Gremlin Leader","floor":31,"turns":2},{"damage":16,"enemies":"Automaton","floor":33,"turns":6},{"damage":0,"enemies":"3 Shapes","floor":35,"turns":1},{"damage":0,"enemies":"Orb Walker","floor":37,"turns":1},{"damage":21,"enemies":"4 Shapes","floor":38,"turns":8}],"seed_played":"-5076664038168059344","potions_obtained":[{"floor":1,"key":"LiquidBronze"},{"floor":6,"key":"SteroidPotion"},{"floor":13,"key":"GamblersBrew"},{"floor":18,"key":"DistilledChaos"},{"floor":21,"key":"Dexterity Potion"},{"floor":23,"key":"EntropicBrew"},{"floor":25,"key":"Regen Potion"},{"floor":31,"key":"FearPotion"},{"floor":37,"key":"Block Potion"},{"floor":38,"key":"GamblersBrew"}],"is_trial":false,"path_per_floor":["M","M","M","T","?","E","$","R","T","M","R","?","E","M","R","B",null,"M","M","?","M","$","E","R","M","T","E","M","R","$","E","R","B",null,"M","?","M","M","M"],"character_chosen":"THE_SILENT","items_purchased":["Regen Potion","PiercingWail","PrismaticShard"],"campfire_rested":2,"item_purchase_floors":[7,22,30],"current_hp_per_floor":[59,58,52,52,45,3,3,3,3,4,23,23,8,8,27,15,53,41,41,41,38,38,23,23,23,23,32,18,18,18,18,18,11,52,52,52,52,31,0,0],"gold":168,"neow_bonus":"THREE_RARE_CARDS","is_daily":false,"chose_seed":false,"campfire_upgraded":2,"win_rate":0.0,"timestamp":1612836372,"path_taken":["M","M","M","?","?","E","?","R","T","?","R","?","E","M","R","BOSS","M","M","?","M","$","E","R","M","T","E","M","R","$","E","R","BOSS","M","?","?","M","M"],"items_purchased_type":["Potion","Card","Relic"],"build_version":"2020-12-18","purchased_purges":1,"victory":false,"max_hp_per_floor":[66,66,66,66,66,66,66,66,66,66,66,66,66,66,66,66,66,66,66,66,66,66,66,66,66,66,66,66,66,66,66,66,66,66,66,66,66,66,66,66],"relic_stats":{"Tough Bandages":[54],"counters":[21,94],"Pen Nib":[15],"Whetstone":["Poisoned Stab","Strike_G"],"Ginger":[4],"Boot":[0],"obtain_stats":[{"Runic Dome":17,"Girya":27,"Tough Bandages":9,"Lantern":26,"Pen Nib":6,"Fusion Hammer":34,"Bag of Marbles":4,"Whetstone":13,"Ginger":23,"PrismaticShard":30,"Boot":31,"Ring of the Snake":0},{"Runic Dome":8,"Girya":14,"Tough Bandages":4,"Lantern":13,"Pen Nib":4,"Fusion Hammer":17,"Bag of Marbles":3,"Whetstone":6,"Ginger":12,"PrismaticShard":15,"Boot":16,"Ring of the Snake":0},{"Runic Dome":41,"Girya":64,"Tough Bandages":21,"Lantern":61,"Pen Nib":21,"Fusion Hammer":76,"Bag of Marbles":11,"Whetstone":29,"Ginger":58,"PrismaticShard":68,"Boot":70,"Ring of the Snake":0}],"Ring of the Snake":[42]},"card_choices":[{"not_picked":["Wraith Form v2","Burst"],"picked":"Glass Knife","floor":0},{"not_picked":["Setup","Flying Knee"],"picked":"Poisoned Stab","floor":1},{"not_picked":["Poisoned Stab","Reflex"],"picked":"Terror","floor":2},{"not_picked":["Infinite Blades","Quick Slash"],"picked":"Dagger Spray","floor":3},{"not_picked":["Setup","Sucker Punch"],"picked":"PiercingWail","floor":6},{"not_picked":["Riddle With Holes","Acrobatics","Setup"],"picked":"SKIP","floor":10},{"not_picked":["Backflip","Prepared"],"picked":"Phantasmal Killer","floor":13},{"not_picked":["Dodge and Roll","Backflip"],"picked":"Noxious Fumes","floor":14},{"not_picked":["Unload","Phantasmal Killer"],"picked":"Burst","floor":16},{"not_picked":["Cloak And Dagger","Caltrops"],"picked":"Blade Dance+1","floor":18},{"not_picked":["Dagger Spray","Prepared+1"],"picked":"Well Laid Plans","floor":19},{"not_picked":["Poisoned Stab","Caltrops","Reflex"],"picked":"SKIP","floor":21},{"not_picked":["PiercingWail","Cloak And Dagger"],"picked":"Glass Knife","floor":23},{"not_picked":["Bane","Escape Plan"],"picked":"Finisher","floor":25},{"not_picked":["Cloak And Dagger","Heel Hook"],"picked":"Dash","floor":27},{"not_picked":["Underhanded Strike","All Out Attack","Cloak And Dagger"],"picked":"SKIP","floor":28},{"not_picked":["Poisoned Stab","Anger","Heavy Blade+1"],"picked":"SKIP","floor":31},{"not_picked":["Mayhem","Reboot"],"picked":"Echo Form","floor":33},{"not_picked":["PathToVictory","InnerPeace+1","Metallicize"],"picked":"SKIP","floor":35},{"not_picked":["Predator","FollowUp"],"picked":"Blade Dance","floor":37},{"not_picked":["Hologram","Magnetism"],"picked":"Stack+1","floor":38}],"player_experience":1309246,"relics_obtained":[{"floor":4,"key":"Bag of Marbles"},{"floor":6,"key":"Pen Nib"},{"floor":9,"key":"Tough Bandages"},{"floor":13,"key":"Whetstone"},{"floor":23,"key":"Ginger"},{"floor":26,"key":"Lantern"},{"floor":27,"key":"Girya"},{"floor":31,"key":"Boot"}],"event_choices":[{"cards_removed":["Strike_G"],"damage_healed":0,"gold_gain":0,"player_choice":"Card Removal","damage_taken":7,"max_hp_gain":0,"max_hp_loss":0,"event_name":"Golden Wing","floor":5,"gold_loss":0},{"damage_healed":0,"gold_gain":0,"player_choice":"Left Gold","damage_taken":0,"max_hp_gain":0,"max_hp_loss":0,"event_name":"World of Goop","floor":12,"gold_loss":36},{"cards_removed":["Strike_G"],"damage_healed":0,"gold_gain":0,"player_choice":"Purged","damage_taken":0,"max_hp_gain":0,"max_hp_loss":0,"event_name":"Purifier","floor":20,"gold_loss":0},{"damage_healed":0,"gold_gain":0,"player_choice":"0 cards matched","damage_taken":0,"max_hp_gain":0,"max_hp_loss":0,"event_name":"Match and Keep!","floor":36,"gold_loss":0,"cards_obtained":[]}],"is_beta":true,"boss_relics":[{"not_picked":["Black Star","Busted Crown"],"picked":"Runic Dome"},{"not_picked":["Sozu","Coffee Dripper"],"picked":"Fusion Hammer"}],"items_purged_floors":[22],"is_endless":false,"potions_floor_spawned":[1,6,13,18,21,23,25,31,37,38],"killed_by":"Sphere and 2 Shapes","ascension_level":20}}