{"host":"at5b10nm0iti0w4x","time":1612830440,"event":{"mods":["2.2 Compatiblity","AchievementEnabler","BaseMod","Bestiary","Block Reminder","Colored Map","Colored Powertips","Highlight Path","Keyboard Shortcuts","Minty Spire (QoL Compilation)","Relic Stats","Slay the Relics Exporter","StSLib","SuperFastMode","Unknown Chances"],"gold_per_floor":[109,109,109,127,141,182,182,207,234,252,52,73,2,16,16,136,136,157,157,7,30,30,69,90,90,90],"floor_reached":25,"language":"ENG","playtime":1339,"items_purged":[],"score":225,"play_id":"24944299-db73-4659-b915-8326ff1ed755","local_time":"20210208192720","is_ascension_mode":false,"campfire_choices":[{"data":"Zap","floor":7,"key":"SMITH"},{"data":"Hologram","floor":15,"key":"SMITH"}],"circlet_count":0,"master_deck":["Strike_B","Strike_B","Strike_B","Strike_B","Defend_B","Defend_B","Defend_B","Defend_B","Zap+1","Dualcast","Streamline+1","Recycle","Coolheaded","Reinforced Body","Beam Cell","Skim","Rebound","Go for the Eyes","Defragment","Hologram+1","Creative AI","Glacier","Stack","RitualDagger"],"relics":["Coffee Dripper","Golden Idol","Ancient Tea Set","Medical Kit","SlaversCollar","Nloth\u0027s Gift","OrangePellets","Art of War"],"acts_visited":["Exordium","TheCity"],"potions_floor_usage":[16,16,24,24],"damage_taken":[{"damage":2,"enemies":"2 Louse","floor":1,"turns":3},{"damage":0,"enemies":"Small Slimes","floor":4,"turns":2},{"damage":1,"enemies":"Cultist","floor":5,"turns":3},{"damage":17,"enemies":"Lagavulin","floor":6,"turns":5},{"damage":2,"enemies":"Exordium Thugs","floor":8,"turns":4},{"damage":3,"enemies":"Lots of Slimes","floor":10,"turns":4},{"damage":11,"enemies":"Large Slime","floor":12,"turns":6},{"damage":16,"enemies":"Gremlin Gang","floor":14,"turns":6},{"damage":9,"enemies":"Slime Boss","floor":16,"turns":8},{"damage":5,"enemies":"Shell Parasite","floor":18,"turns":6},{"damage":17,"enemies":"Spheric Guardian","floor":21,"turns":4},{"damage":37,"enemies":"Slavers","floor":23,"turns":5},{"damage":0,"enemies":"Snecko","floor":24,"turns":8},{"damage":10,"enemies":"Shelled Parasite and Fungi","floor":25,"turns":5}],"seed_played":"-1234101800660192968","potions_obtained":[{"floor":5,"key":"ColorlessPotion"},{"floor":6,"key":"EssenceOfSteel"},{"floor":12,"key":"Swift Potion"},{"floor":16,"key":"Ancient Potion"},{"floor":21,"key":"EssenceOfSteel"}],"is_trial":false,"path_per_floor":["M","?","?","M","M","E","R","M","T","M","$","M","$","M","R","B",null,"M","?","$","M","?","E","M","M"],"character_chosen":"DEFECT","items_purchased":["Rebound","Medical Kit","Defragment","OrangePellets"],"campfire_rested":0,"item_purchase_floors":[11,11,13,20],"current_hp_per_floor":[73,69,69,69,68,51,51,49,49,46,46,35,35,19,19,10,69,64,64,64,47,41,4,4,0,0],"gold":90,"neow_bonus":"BOSS_RELIC","is_daily":false,"chose_seed":false,"campfire_upgraded":2,"win_rate":0.0,"timestamp":1612830440,"path_taken":["M","?","?","M","?","E","R","M","T","M","$","M","?","?","R","BOSS","M","?","$","?","?","E","M","M"],"items_purchased_type":["Card","Relic","Card","Relic"],"build_version":"2020-12-22","purchased_purges":0,"victory":false,"max_hp_per_floor":[75,69,69,69,69,69,69,69,69,69,69,69,69,69,69,69,69,69,69,69,69,69,69,69,69,69],"relic_stats":{"OrangePellets":[6],"counters":[14,69],"Golden Idol":76,"Nloth\u0027s Gift":0,"Art of War":[3],"Medical Kit":[0],"obtain_stats":[{"SlaversCollar":17,"OrangePellets":20,"Golden Idol":2,"Coffee Dripper":0,"Omamori":6,"Nloth\u0027s Gift":19,"Art of War":23,"Cracked Core":0,"Ancient Tea Set":9,"Medical Kit":11},{"SlaversCollar":9,"OrangePellets":10,"Golden Idol":1,"Coffee Dripper":0,"Omamori":4,"Nloth\u0027s Gift":10,"Art of War":12,"Cracked Core":0,"Ancient Tea Set":5,"Medical Kit":6},{"SlaversCollar":41,"OrangePellets":47,"Golden Idol":3,"Coffee Dripper":0,"Omamori":13,"Nloth\u0027s Gift":47,"Art of War":56,"Cracked Core":0,"Ancient Tea Set":17,"Medical Kit":21}]},"card_choices":[{"not_picked":["Sweeping Beam","Heatsinks"],"picked":"Streamline","floor":1},{"not_picked":["Steam Power","Barrage"],"picked":"Recycle","floor":4},{"not_picked":["Steam","Auto Shields"],"picked":"Coolheaded","floor":5},{"not_picked":["Fission","Storm"],"picked":"Reinforced Body","floor":6},{"not_picked":["Leap","Go for the Eyes"],"picked":"Beam Cell","floor":8},{"not_picked":["Cold Snap","Static Discharge"],"picked":"Skim","floor":10},{"not_picked":["BootSequence","Heatsinks"],"picked":"Go for the Eyes","floor":12},{"not_picked":["Compile Driver","Consume"],"picked":"Hologram","floor":14},{"not_picked":["Machine Learning","Hyperbeam"],"picked":"Creative AI","floor":16},{"not_picked":["Turbo","Sweeping Beam"],"picked":"Glacier","floor":18},{"not_picked":["Steam","Genetic Algorithm"],"picked":"Stack","floor":21},{"not_picked":["FTL","Redo","Coolheaded"],"picked":"SKIP","floor":23},{"not_picked":["Go for the Eyes","Recycle","Loop"],"picked":"SKIP","floor":24}],"player_experience":77243,"relics_obtained":[{"floor":6,"key":"Omamori"},{"floor":9,"key":"Ancient Tea Set"},{"floor":23,"key":"Art of War"}],"event_choices":[{"damage_healed":0,"gold_gain":0,"player_choice":"Lose Max HP","damage_taken":0,"relics_obtained":["Golden Idol"],"max_hp_gain":0,"max_hp_loss":6,"event_name":"Golden Idol","floor":2,"gold_loss":0},{"damage_healed":0,"gold_gain":0,"player_choice":"Forge","damage_taken":0,"max_hp_gain":0,"max_hp_loss":0,"event_name":"Accursed Blacksmith","floor":3,"gold_loss":0,"cards_upgraded":["Streamline"]},{"damage_healed":0,"gold_gain":0,"player_choice":"Traded Relic","damage_taken":0,"relics_obtained":["Nloth\u0027s Gift"],"max_hp_gain":0,"max_hp_loss":0,"event_name":"N\u0027loth","floor":19,"relics_lost":["Omamori"],"gold_loss":0},{"damage_healed":0,"gold_gain":0,"player_choice":"Joined the Cult","damage_taken":6,"max_hp_gain":0,"max_hp_loss":0,"event_name":"Nest","floor":22,"gold_loss":0,"cards_obtained":["RitualDagger"]}],"is_beta":false,"boss_relics":[{"not_picked":["Velvet Choker","Runic Dome"],"picked":"SlaversCollar"}],"items_purged_floors":[],"is_endless":false,"potions_floor_spawned":[5,6,12,16,21,23],"killed_by":"Shelled Parasite and Fungi","ascension_level":0}}