{"host":"f5akwxsmb9r0twid","time":1612910050,"event":{"mods":["BaseMod","Colored Map","Minty Spire (QoL Compilation)"],"gold_per_floor":[15,15,29,29,50,88,88,122,122,160,160,203,203,221,221,342,342,365,365,365,465,2,43,67,100,123,222,222,222,222,240,240,369,369,389,1,64,13,13,13,52,6,6,6,6,74,74,110,110,110,110,110,28,67,67,67],"floor_reached":55,"language":"ENG","playtime":3038,"items_purged":["Cleave","Bash"],"score":858,"play_id":"b5a60a60-db0d-42b5-bb6f-d6c6f65f19f9","local_time":"20210210013410","is_ascension_mode":true,"campfire_choices":[{"data":"Perfected Strike","floor":7.0,"key":"SMITH"},{"floor":11.0,"key":"RECALL"},{"floor":15.0,"key":"REST"},{"floor":28.0,"key":"REST"},{"data":"Berserk","floor":30.0,"key":"SMITH"},{"data":"Pommel Strike","floor":32.0,"key":"SMITH"},{"data":"Pommel Strike","floor":40,"key":"SMITH"},{"data":"Flex","floor":49,"key":"SMITH"},{"data":"Strike_R","floor":52,"key":"SMITH"}],"circlet_count":0,"master_deck":["Strike_R","Strike_R","Strike_R","Strike_R","Strike_R+1","Defend_R","Defend_R","Defend_R","Perfected Strike+1","Flex+1","Pommel Strike+1","Pommel Strike+1","Flex+1","Berserk+1","CurseOfTheBell","Shrug It Off+1","Seeing Red+1","Flex+1","Twin Strike+1","Thunderclap+1","Twin Strike+1","Shrug It Off+1","Perfected Strike+1","Perfected Strike+1","Double Tap+1","Twin Strike+1","Seeing Red+1","Trip+1","Pommel Strike+1","Perfected Strike+1","Seeing Red+1","Swift Strike+1"],"relics":["Burning Blood","Thread and Needle","Golden Idol","Nunchaku","Question Card","White Beast Statue","Odd Mushroom","Self Forming Clay","Calling Bell","MealTicket","Toxic Egg 2","Prayer Wheel","Enchiridion","Juzu Bracelet","Molten Egg 2","Ornamental Fan","Bottled Tornado","Busted Crown","Gambling Chip","Bottled Flame","HornCleat","Champion Belt","Happy Flower","Toy Ornithopter"],"acts_visited":["TheEnding"],"potions_floor_usage":[50,50,54,55],"damage_taken":[{"damage":3.0,"enemies":"2 Louse","floor":1.0,"turns":4.0},{"damage":8.0,"enemies":"Jaw Worm","floor":3.0,"turns":5.0},{"damage":3.0,"enemies":"Small Slimes","floor":5.0,"turns":3.0},{"damage":15.0,"enemies":"Gremlin Nob","floor":6.0,"turns":4.0},{"damage":35.0,"enemies":"3 Sentries","floor":8.0,"turns":9.0},{"damage":0.0,"enemies":"The Mushroom Lair","floor":10.0,"turns":3.0},{"damage":12.0,"enemies":"Gremlin Nob","floor":12.0,"turns":3.0},{"damage":0.0,"enemies":"2 Fungi Beasts","floor":14.0,"turns":2.0},{"damage":44.0,"enemies":"The Guardian","floor":16.0,"turns":9.0},{"damage":1.0,"enemies":"3 Byrds","floor":18.0,"turns":3.0},{"damage":12.0,"enemies":"Book of Stabbing","floor":23.0,"turns":3.0},{"damage":7.0,"enemies":"Chosen","floor":24.0,"turns":6.0},{"damage":40.0,"enemies":"Slavers","floor":25.0,"turns":5.0},{"damage":0.0,"enemies":"Snecko","floor":31.0,"turns":3.0},{"damage":82.0,"enemies":"Automaton","floor":33.0,"turns":8.0},{"damage":0.0,"enemies":"3 Darklings","floor":35.0,"turns":3.0},{"damage":9.0,"enemies":"Mind Bloom Boss Battle","floor":37.0,"turns":2.0},{"damage":68,"enemies":"Reptomancer","floor":41,"turns":3},{"damage":4,"enemies":"2 Orb Walkers","floor":46,"turns":2},{"damage":0,"enemies":"Nemesis","floor":48,"turns":5},{"damage":76,"enemies":"Donu and Deca","floor":50,"turns":7},{"damage":26,"enemies":"Shield and Spear","floor":54,"turns":5},{"damage":65,"enemies":"The Heart","floor":55,"turns":6}],"seed_played":"7843807150926519793","potions_obtained":[{"floor":3.0,"key":"Energy Potion"},{"floor":6.0,"key":"LiquidMemories"},{"floor":10.0,"key":"AttackPotion"},{"floor":12.0,"key":"Explosive Potion"},{"floor":16.0,"key":"FearPotion"},{"floor":18.0,"key":"SkillPotion"},{"floor":23.0,"key":"Dexterity Potion"},{"floor":24.0,"key":"BloodPotion"},{"floor":25.0,"key":"LiquidMemories"},{"floor":31.0,"key":"FearPotion"},{"floor":33.0,"key":"Dexterity Potion"},{"floor":35.0,"key":"BloodPotion"},{"floor":37.0,"key":"ElixirPotion"},{"floor":41,"key":"FearPotion"},{"floor":46,"key":"Fire Potion"},{"floor":48,"key":"SteroidPotion"},{"floor":54,"key":"PowerPotion"}],"is_trial":false,"path_per_floor":["M","?","M","?","M","E","R","E","T","?","R","E","?","M","R","B",null,"M","?","?","?","$","E","M","E","T","?","R","?","R","M","R","B",null,"M","$","?","$","?","R","E","$","T","$","$","?","?","E","R","B",null,"R","$","E","B"],"character_chosen":"IRONCLAD","items_purchased":["Seeing Red+1","Molten Egg 2","Flex+1","Twin Strike+1","Twin Strike+1","Seeing Red+1","Trip+1","DuplicationPotion","Pommel Strike+1","Perfected Strike+1","Swift Strike+1"],"campfire_rested":2,"item_purchase_floors":[22,22,22,22,36,36,36,36,38,42,53],"current_hp_per_floor":[80,80,78,78,80,71,71,42,42,48,48,42,42,48,72,34,80,80,64,64,64,79,73,72,38,38,38,62,62,62,68,68,8,80,80,80,77,80,80,80,18,33,33,48,63,65,65,71,71,17,80,80,80,60,0,0],"gold":67,"neow_bonus":"ONE_RARE_RELIC","is_daily":false,"chose_seed":false,"campfire_upgraded":6,"win_rate":0.0,"timestamp":1612910050,"path_taken":["M","?","M","?","M","E","R","E","T","?","R","E","?","M","R","BOSS","M","?","?","?","$","E","M","E","T","?","R","?","R","M","R","BOSS","M","$","?","$","?","R","E","?","T","?","$","?","?","E","R","BOSS","R","$","E","BOSS"],"items_purchased_type":["Card","Relic","Card","Card","Card","Card","Card","Potion","Card","Card","Card"],"build_version":"2020-12-22","purchased_purges":2,"victory":false,"max_hp_per_floor":[80,80,80,80,80,80,80,80,80,80,80,80,80,80,80,80,80,80,80,80,80,80,80,80,80,80,80,80,80,80,80,80,80,80,80,80,80,80,80,80,80,80,80,80,80,80,80,80,80,80,80,80,80,80,80,80],"card_choices":[{"not_picked":["Body Slam","Blood for Blood"],"picked":"Cleave","floor":1.0},{"not_picked":["True Grit","Pummel"],"picked":"Perfected Strike","floor":3.0},{"not_picked":["Clash","Anger"],"picked":"Flex","floor":5.0},{"not_picked":["Headbutt","Body Slam","Corruption"],"picked":"SKIP","floor":6.0},{"not_picked":["Anger","Thunderclap"],"picked":"Pommel Strike","floor":8.0},{"not_picked":["Warcry","Anger","Clothesline"],"picked":"Pommel Strike","floor":10.0},{"not_picked":["Evolve","Brutality","Cleave","Anger"],"picked":"SKIP","floor":12.0},{"not_picked":["Headbutt","Clothesline","Feel No Pain"],"picked":"Flex","floor":14.0},{"not_picked":["Reaper","Brutality","Barricade"],"picked":"Berserk","floor":16.0},{"not_picked":["Anger","Pummel","Iron Wave+1"],"picked":"Shrug It Off+1","floor":18.0},{"not_picked":["Headbutt+1","Evolve","Body Slam","Ghostly Armor+1"],"picked":"SKIP","floor":18.0},{"not_picked":["Dark Embrace+1","Spot Weakness+1","Second Wind+1","Cleave+1"],"picked":"SKIP","floor":23.0},{"not_picked":["Whirlwind+1","Juggernaut","Iron Wave+1"],"picked":"Thunderclap+1","floor":24.0},{"not_picked":["Cleave+1","Warcry+1","Headbutt+1"],"picked":"Twin Strike+1","floor":24.0},{"not_picked":["Headbutt+1","Flex+1","Barricade"],"picked":"Shrug It Off+1","floor":25.0},{"not_picked":["Armaments+1","Demon Form","Cleave+1"],"picked":"Perfected Strike+1","floor":31.0},{"not_picked":["True Grit+1","Bloodletting+1","Sentinel+1","Metallicize+1"],"picked":"SKIP","floor":31.0},{"not_picked":["Brutality","Juggernaut","Demon Form"],"picked":"Double Tap+1","floor":33.0},{"not_picked":["Sword Boomerang+1","Carnage+1"],"picked":"SKIP","floor":35.0},{"not_picked":["Thunderclap+1","Sword Boomerang+1"],"picked":"SKIP","floor":35.0},{"not_picked":["Feel No Pain","Clothesline+1"],"picked":"SKIP","floor":41},{"not_picked":["Carnage+1"],"picked":"Seeing Red+1","floor":48},{"not_picked":["Clothesline+1","Wild Strike+1"],"picked":"SKIP","floor":54}],"player_experience":313470,"relics_obtained":[{"floor":6.0,"key":"Nunchaku"},{"floor":8.0,"key":"Question Card"},{"floor":9.0,"key":"White Beast Statue"},{"floor":10.0,"key":"Odd Mushroom"},{"floor":12.0,"key":"Self Forming Clay"},{"floor":17.0,"key":"MealTicket"},{"floor":17.0,"key":"Toxic Egg 2"},{"floor":17.0,"key":"Prayer Wheel"},{"floor":19.0,"key":"Enchiridion"},{"floor":23.0,"key":"Ornamental Fan"},{"floor":25.0,"key":"Bottled Tornado"},{"floor":37.0,"key":"Gambling Chip"},{"floor":41,"key":"Bottled Flame"},{"floor":43,"key":"HornCleat"},{"floor":46,"key":"Champion Belt"},{"floor":48,"key":"Happy Flower"},{"floor":54,"key":"Toy Ornithopter"}],"event_choices":[{"damage_healed":0.0,"max_hp_gain":0.0,"max_hp_loss":0.0,"gold_gain":0.0,"event_name":"Golden Idol","player_choice":"Take Wound","floor":2.0,"gold_loss":0.0,"damage_taken":0.0,"relics_obtained":["Golden Idol"],"cards_obtained":["Injury"]},{"cards_removed":["Injury"],"damage_healed":0.0,"max_hp_gain":0.0,"max_hp_loss":0.0,"gold_gain":0.0,"event_name":"Living Wall","player_choice":"Forget","floor":4.0,"gold_loss":0.0,"damage_taken":0.0},{"damage_healed":0.0,"max_hp_gain":0.0,"max_hp_loss":0.0,"gold_gain":0.0,"event_name":"Mushrooms","player_choice":"Fought Mushrooms","floor":10.0,"gold_loss":0.0,"damage_taken":0.0},{"damage_healed":0.0,"max_hp_gain":0.0,"max_hp_loss":0.0,"gold_gain":0.0,"event_name":"Liars Game","player_choice":"Ignored","floor":13.0,"gold_loss":0.0,"damage_taken":0.0},{"damage_healed":0.0,"max_hp_gain":0.0,"max_hp_loss":0.0,"gold_gain":0.0,"event_name":"Cursed Tome","player_choice":"Obtained Book","floor":19.0,"gold_loss":0.0,"damage_taken":16.0},{"damage_healed":0.0,"max_hp_gain":0.0,"max_hp_loss":0.0,"gold_gain":0.0,"event_name":"The Mausoleum","player_choice":"Opened","floor":20.0,"gold_loss":0.0,"damage_taken":0.0,"relics_obtained":["Juzu Bracelet"]},{"damage_healed":0.0,"max_hp_gain":0.0,"max_hp_loss":0.0,"gold_gain":100.0,"event_name":"Golden Shrine","player_choice":"Pray","floor":21.0,"gold_loss":0.0,"damage_taken":0.0},{"damage_healed":0.0,"max_hp_gain":0.0,"max_hp_loss":0.0,"gold_gain":99.0,"event_name":"Nest","player_choice":"Stole From Cult","floor":27.0,"gold_loss":0.0,"damage_taken":0.0},{"damage_healed":0.0,"max_hp_gain":0.0,"max_hp_loss":0.0,"gold_gain":0.0,"event_name":"The Library","player_choice":"Read","floor":29.0,"gold_loss":0.0,"damage_taken":0.0,"cards_obtained":["Perfected Strike"]},{"damage_healed":0.0,"max_hp_gain":0.0,"max_hp_loss":0.0,"gold_gain":0.0,"event_name":"MindBloom","player_choice":"Fight","floor":37.0,"gold_loss":0.0,"damage_taken":0.0},{"cards_removed":["Defend_R"],"damage_healed":0,"gold_gain":0,"player_choice":"Removed Skill","damage_taken":0,"max_hp_gain":0,"max_hp_loss":0,"event_name":"Falling","floor":39,"gold_loss":0},{"damage_healed":0,"gold_gain":0,"player_choice":"Fight","damage_taken":0,"max_hp_gain":0,"max_hp_loss":0,"event_name":"Mysterious Sphere","floor":46,"gold_loss":0},{"damage_healed":0,"gold_gain":0,"player_choice":"Upgraded","damage_taken":0,"max_hp_gain":0,"max_hp_loss":0,"event_name":"Upgrade Shrine","floor":47,"gold_loss":0,"cards_upgraded":["Flex"]}],"is_beta":false,"boss_relics":[{"not_picked":["Mark of Pain","Runic Cube"],"picked":"Calling Bell"},{"not_picked":["Black Blood","Sozu"],"picked":"Busted Crown"}],"items_purged_floors":[22,36],"is_endless":false,"potions_floor_spawned":[3,6,10,12,14,16,18,23,24,25,31,33,35,37,41,46,48,54],"killed_by":"The Heart","ascension_level":1}}