{"host":"bg8va46pgqgvtzim","time":1612854811,"event":{"mods":["BaseMod","Minty Spire (QoL Compilation)","Quick Restart","StSLib","SuperFastMode"],"gold_per_floor":[367,380,399,410,335,410,421,421,421,421,421],"floor_reached":10,"language":"ZHS","playtime":1318,"items_purged":["Strike_G"],"score":63,"play_id":"7e1a166f-ac87-4a53-95f2-cad3733a8413","local_time":"20210209151331","is_ascension_mode":true,"campfire_choices":[{"data":"Bouncing Flask","floor":9.0,"key":"SMITH"}],"circlet_count":0,"master_deck":["Strike_G","Strike_G","Strike_G","Strike_G","Defend_G","Defend_G","Defend_G","Defend_G","Defend_G","Survivor","Neutralize","Leg Sweep","Dash","Bouncing Flask+1"],"relics":["Ring of the Snake"],"acts_visited":["Exordium"],"potions_floor_usage":[10,10],"damage_taken":[{"damage":3.0,"enemies":"Cultist","floor":1.0,"turns":6.0},{"damage":0.0,"enemies":"Jaw Worm","floor":2.0,"turns":7.0},{"damage":0.0,"enemies":"2 Louse","floor":3.0,"turns":3.0},{"damage":0.0,"enemies":"Red Slaver","floor":4.0,"turns":4.0},{"damage":0.0,"enemies":"Looter","floor":7.0,"turns":4.0},{"damage":18,"enemies":"Gremlin Nob","floor":10,"turns":5}],"seed_played":"-8725893893033434152","potions_obtained":[{"floor":2.0,"key":"SpeedPotion"},{"floor":7.0,"key":"FearPotion"}],"is_trial":false,"path_per_floor":["M","M","M","M","$","?","M","E","R","E"],"character_chosen":"THE_SILENT","items_purchased":[],"campfire_rested":0,"item_purchase_floors":[],"current_hp_per_floor":[46,46,46,46,46,35,35,13,13,0,0],"gold":421,"neow_bonus":"TWO_FIFTY_GOLD","is_daily":false,"chose_seed":false,"campfire_upgraded":1,"win_rate":0.0,"timestamp":1612854811,"path_taken":["M","M","M","?","$","?","M","E","R","E"],"items_purchased_type":[],"build_version":"2020-12-22","purchased_purges":1,"victory":false,"max_hp_per_floor":[70,70,70,70,70,70,70,70,70,70,70],"card_choices":[{"not_picked":["PiercingWail","Prepared"],"picked":"Leg Sweep","floor":1.0},{"not_picked":["Prepared","Flying Knee","Poisoned Stab"],"picked":"SKIP","floor":2.0},{"not_picked":["Skewer","Slice"],"picked":"Dash","floor":3.0},{"not_picked":["Blur","Underhanded Strike"],"picked":"Bouncing Flask","floor":4.0},{"not_picked":["Cloak And Dagger","Dodge and Roll","Leg Sweep"],"picked":"SKIP","floor":7.0}],"player_experience":2438426,"relics_obtained":[],"event_choices":[{"damage_healed":0.0,"max_hp_gain":0.0,"max_hp_loss":0.0,"gold_gain":75.0,"event_name":"World of Goop","player_choice":"Gather Gold","floor":6.0,"gold_loss":0.0,"damage_taken":11.0}],"is_beta":false,"boss_relics":[],"items_purged_floors":[5],"is_endless":false,"potions_floor_spawned":[2,7],"killed_by":"Gremlin Nob","ascension_level":1}}