{"host":"d61fcf2p3sjwe6yo","time":1612865908,"event":{"mods":["BaseMod","Colored Map","Koishi","Marisa????????","Minty Spire (QoL Compilation)","StSLib","SuperFastMode","The Servant 0.9.4"],"gold_per_floor":[115,127,147,162,181,181,197,207,207,242,266,266,266,276,276,347,347,365,375,425,68,94,94,107,117,142,42,73,85,115,132,132,207,207,223,223,250,125,144,144,144,178,178,178,191,207,252,279,279,279,279],"floor_reached":50,"language":"ENG","playtime":3421,"items_purged":["Strike_MRS","Normality","Pain"],"score":1192,"play_id":"ba5af3eb-f882-4b96-82f4-7e9ae1eba99c","local_time":"20210209131828","is_ascension_mode":true,"campfire_choices":[{"data":"BlazingStar","floor":6,"key":"SMITH"},{"data":"OortCloud","floor":13,"key":"SMITH"},{"data":"OrrerysSun","floor":15,"key":"SMITH"},{"data":"OrrerysSun","floor":23,"key":"SMITH"},{"data":"Acceleration","floor":32,"key":"SMITH"},{"data":"Apotheosis","floor":40,"key":"SMITH"},{"floor":44,"key":"RECALL"},{"data":"Acceleration","floor":49,"key":"SMITH"}],"circlet_count":0,"master_deck":["AscendersBane","Strike_MRS","Strike_MRS","Strike_MRS","Defend_MRS","Defend_MRS","Defend_MRS","Defend_MRS","MasterSpark","UpSweep","OortCloud+1","OrrerysSun+1","PropBag","BlazingStar+1","Parasite","Parasite","OrrerysSun+1","StarBarrage+1","UltimateShortwave","AsteroidBelt","AsteroidBelt+1","FairyDestructionRay+1","GalacticHalo","Acceleration+1","CasketOfStar","Deep Breath","Deep Breath","Apotheosis+1","GravityBeat+1","Acceleration+1","EnergyFlow"],"relics":["MiniHakkero","Bottled Tornado","Molten Egg 2","ShroomBag","Cursed Key","Mummified Hand","Red Mask","Art of War","Dream Catcher","Eternal Feather","Coffee Dripper","InkBottle","CatCart","Question Card","AmplifyWand"],"acts_visited":["Exordium","TheCity","TheBeyond"],"potions_floor_usage":[11,11,19,24,28],"damage_taken":[{"damage":7.0,"enemies":"Small Slimes","floor":1.0,"turns":3.0},{"damage":0.0,"enemies":"2 Louse","floor":2.0,"turns":3.0},{"damage":7.0,"enemies":"Jaw Worm","floor":3.0,"turns":3.0},{"damage":6.0,"enemies":"Red Slaver","floor":4.0,"turns":5.0},{"damage":21.0,"enemies":"Exordium Thugs","floor":5.0,"turns":4.0},{"damage":8,"enemies":"Exordium Wildlife","floor":7,"turns":4},{"damage":8,"enemies":"3 Louse","floor":8,"turns":4},{"damage":9,"enemies":"3 Sentries","floor":10,"turns":8},{"damage":2,"enemies":"The Mushroom Lair","floor":11,"turns":4},{"damage":0,"enemies":"Blue Slaver","floor":14,"turns":4},{"damage":12,"enemies":"Hexaghost","floor":16,"turns":9},{"damage":8,"enemies":"Shell Parasite","floor":18,"turns":4},{"damage":2,"enemies":"2 Thieves","floor":19,"turns":5},{"damage":0,"enemies":"Masked Bandits","floor":22,"turns":5},{"damage":20,"enemies":"Cultist and Chosen","floor":24,"turns":6},{"damage":3,"enemies":"3 Cultists","floor":25,"turns":5},{"damage":19,"enemies":"Book of Stabbing","floor":28,"turns":8},{"damage":2,"enemies":"Snake Plant","floor":29,"turns":3},{"damage":0,"enemies":"Gremlin Leader","floor":30,"turns":5},{"damage":0,"enemies":"Shelled Parasite and Fungi","floor":31,"turns":4},{"damage":57,"enemies":"Collector","floor":33,"turns":15},{"damage":8,"enemies":"3 Shapes","floor":35,"turns":5},{"damage":16,"enemies":"3 Darklings","floor":39,"turns":5},{"damage":34,"enemies":"Giant Head","floor":42,"turns":9},{"damage":7,"enemies":"Maw","floor":45,"turns":7},{"damage":0,"enemies":"Jaw Worm Horde","floor":46,"turns":4},{"damage":0,"enemies":"Orin","floor":47,"turns":9},{"damage":18,"enemies":"Nemesis","floor":48,"turns":5},{"damage":82,"enemies":"Awakened One","floor":50,"turns":6}],"seed_played":"-2809807129016980426","potions_obtained":[{"floor":2.0,"key":"Explosive Potion"},{"floor":7,"key":"Block Potion"},{"floor":8,"key":"Swift Potion"},{"floor":10,"key":"ColorlessPotion"},{"floor":11,"key":"Explosive Potion"},{"floor":16,"key":"Block Potion"},{"floor":19,"key":"Regen Potion"},{"floor":29,"key":"ShroomBrew"},{"floor":30,"key":"CultistPotion"},{"floor":47,"key":"Energy Potion"}],"is_trial":false,"path_per_floor":["M","M","M","M","M","R","M","M","T","E","?","?","R","M","R","B",null,"M","M","?","$","?","R","M","M","T","$","E","M","E","M","R","B",null,"M","?","T","$","M","R","?","E","T","R","M","M","?","E","R","B"],"character_chosen":"MARISA","items_purchased":["Mummified Hand"],"campfire_rested":0,"item_purchase_floors":[21],"current_hp_per_floor":[63,63,56,50,29,29,21,13,13,16,14,14,14,30,30,22,63,59,61,61,61,65,65,49,50,50,50,50,52,56,58,70,17,62,58,48,48,48,36,51,51,21,21,36,33,37,41,27,45,0,0],"gold":279,"neow_bonus":"TEN_PERCENT_HP_BONUS","is_daily":false,"chose_seed":false,"campfire_upgraded":7,"win_rate":0.0,"timestamp":1612865908,"path_taken":["M","M","M","M","M","R","M","M","T","E","?","?","R","M","R","BOSS","M","M","?","$","?","R","M","M","T","?","E","M","E","?","R","BOSS","M","?","?","$","M","R","?","E","T","R","?","M","?","E","R","BOSS"],"items_purchased_type":["Relic"],"build_version":"2020-12-22","purchased_purges":3,"victory":false,"max_hp_per_floor":[77,77,77,77,77,77,77,77,77,77,77,77,77,77,77,77,77,77,77,77,77,77,77,77,77,77,77,77,77,77,77,77,77,77,77,77,77,77,77,77,73,73,73,73,73,73,73,73,73,73,73],"card_choices":[{"not_picked":["WitchOfGreed","GalacticHalo"],"picked":"OortCloud","floor":1.0},{"not_picked":["DoubleSpark","6A","GrandCross"],"picked":"SKIP","floor":2.0},{"not_picked":["SporeBomb","ManaConvection"],"picked":"OrrerysSun","floor":3.0},{"not_picked":["DeepEcoloBomb","WitchOfGreed"],"picked":"PropBag","floor":4.0},{"not_picked":["IllusionStar","WitchLeyline"],"picked":"BlazingStar","floor":5},{"not_picked":["MilkyWay","GrandCross","6A"],"picked":"SKIP","floor":7},{"not_picked":["MilkyWay","GrandCross","6A"],"picked":"SKIP","floor":7},{"not_picked":["GravityBeat","UnstableBomb","EventHorizon"],"picked":"SKIP","floor":8},{"not_picked":["ShootTheMoon+1","LuminesStrike+1","SporeBomb"],"picked":"SKIP","floor":10},{"not_picked":["WitchLeyline+1","UnstableBomb+1"],"picked":"OrrerysSun","floor":11},{"not_picked":["EventHorizon","UltimateShortwave"],"picked":"StarBarrage+1","floor":14},{"not_picked":["CollectingQuirk+1","BigCrunch"],"picked":"UltimateShortwave","floor":16},{"not_picked":["DoubleSpark+1","OneTimeOff"],"picked":"AsteroidBelt","floor":18},{"not_picked":["ManaConvection+1","MeteoricShower+1"],"picked":"AsteroidBelt+1","floor":19},{"not_picked":["GasGiant","DragonMeteor+1"],"picked":"FairyDestructionRay+1","floor":24},{"not_picked":["AbsoluteMagnitude+1","OrrerysSun"],"picked":"GalacticHalo","floor":25},{"not_picked":["AsteroidBelt","PowerUp"],"picked":"Acceleration","floor":28},{"not_picked":["OrrerysSun","MilkyWay","WitchOfGreed"],"picked":"SKIP","floor":29},{"not_picked":["6A+1","StarDustReverie","Robbery+1"],"picked":"SKIP","floor":30},{"not_picked":["PowerUp","ShootingEcho+1","WitchLeyline+1"],"picked":"SKIP","floor":31},{"not_picked":["SuperNova","JA+1"],"picked":"CasketOfStar","floor":33},{"not_picked":["MysteriousBeam+1","IllusionStar","ShootingEcho+1"],"picked":"SKIP","floor":35},{"not_picked":["Purity","Blind"],"picked":"Deep Breath","floor":36},{"not_picked":["Mind Blast+1","Impatience"],"picked":"Deep Breath","floor":36},{"not_picked":["Flash of Steel+1","Mind Blast+1"],"picked":"Apotheosis","floor":36},{"not_picked":["Robbery+1","DarkMatter","GravityBeat+1"],"picked":"SKIP","floor":39},{"not_picked":["UnstableBomb+1","BinaryStars"],"picked":"GravityBeat+1","floor":42},{"not_picked":["LuminesStrike+1","StarlightTyphoon","PowerUp"],"picked":"SKIP","floor":45},{"not_picked":["AsteroidBelt","MachineGunSpark+1","GrandCross+1"],"picked":"SKIP","floor":46},{"not_picked":["UnstableBomb+1","NonDirectionalLaser+1"],"picked":"Acceleration","floor":47},{"not_picked":["MeteoricShower+1","6A+1"],"picked":"EnergyFlow","floor":48}],"player_experience":302117,"relics_obtained":[{"floor":9,"key":"Bottled Tornado"},{"floor":10,"key":"Molten Egg 2"},{"floor":11,"key":"ShroomBag"},{"floor":22,"key":"Red Mask"},{"floor":26,"key":"Art of War"},{"floor":28,"key":"Dream Catcher"},{"floor":30,"key":"Eternal Feather"},{"floor":42,"key":"InkBottle"},{"floor":47,"key":"CatCart"},{"floor":48,"key":"Question Card"}],"event_choices":[{"damage_healed":0,"gold_gain":0,"player_choice":"Fought Mushrooms","damage_taken":0,"max_hp_gain":0,"max_hp_loss":0,"event_name":"Mushrooms_MRS","floor":11,"gold_loss":0},{"damage_healed":0,"gold_gain":0,"player_choice":"Ignored","damage_taken":0,"max_hp_gain":0,"max_hp_loss":0,"event_name":"Liars Game","floor":12,"gold_loss":0},{"damage_healed":0,"gold_gain":50,"player_choice":"Stole From Cult","damage_taken":0,"max_hp_gain":0,"max_hp_loss":0,"event_name":"Nest","floor":20,"gold_loss":0},{"damage_healed":0,"gold_gain":0,"player_choice":"Fought Bandits","damage_taken":0,"max_hp_gain":0,"max_hp_loss":0,"event_name":"Masked Bandits","floor":22,"gold_loss":0},{"damage_healed":0,"gold_gain":0,"player_choice":"Memory 3","damage_taken":10,"max_hp_gain":0,"max_hp_loss":0,"event_name":"SensoryStone","floor":36,"gold_loss":0},{"damage_healed":0,"gold_gain":0,"player_choice":"Max HP","damage_taken":0,"max_hp_gain":0,"max_hp_loss":4,"event_name":"Winding Halls","floor":41,"gold_loss":0},{"damage_healed":0,"gold_gain":0,"player_choice":"Fight","damage_taken":0,"max_hp_gain":0,"max_hp_loss":0,"event_name":"OrinTheCat","floor":47,"gold_loss":0}],"is_beta":false,"boss_relics":[{"not_picked":["Black Star","Tiny House"],"picked":"Cursed Key"},{"not_picked":["Velvet Choker","Busted Crown"],"picked":"Coffee Dripper"}],"items_purged_floors":[21,27,38],"is_endless":false,"potions_floor_spawned":[2,7,8,10,11,16,19,29,30,35,45,47],"killed_by":"Awakened One","ascension_level":20}}