{"host":"tq99ucv8ezzqzioe","time":1612852058,"event":{"mods":["BaseMod","Colored Map","Downfall","Highlight Path","Minty Spire (QoL Compilation)","StSLib"],"gold_per_floor":[118,131,12,112,123,123,153,15,90,90,106,116,143,23,23,127,127,142,142,158,158,158],"floor_reached":21,"language":"ENG","playtime":2785,"items_purged":["Strike_B"],"score":265,"play_id":"f0ab7620-0d29-459a-9449-94b538de63de","local_time":"20210209012738","is_ascension_mode":true,"campfire_choices":[{"data":"Streamline","floor":6,"key":"SMITH"},{"data":"Machine Learning","floor":10,"key":"SMITH"},{"floor":15,"key":"REST"}],"circlet_count":0,"master_deck":["Strike_B","Strike_B","Strike_B","Defend_B","Defend_B","Defend_B","Defend_B","Zap","Dualcast","Multi-Cast","Streamline+1","Cold Snap","Self Repair","Rebound","Machine Learning+1","Hologram","Capacitor","Streamline","Cold Snap","Tempest","White Noise","Ball Lightning","Echo Form","Loop","Necronomicurse"],"relics":["Cracked Core","Boot","Regal Pillow","Sozu","Necronomicon"],"acts_visited":["Exordium","TheCity"],"potions_floor_usage":[12,13,13,16,16],"damage_taken":[{"damage":1,"enemies":"Cultist","floor":1,"turns":4},{"damage":9,"enemies":"Jaw Worm","floor":2,"turns":4},{"damage":1,"enemies":"Small Slimes","floor":5,"turns":4},{"damage":20,"enemies":"Gremlin Nob","floor":7,"turns":4},{"damage":21,"enemies":"Blue Slaver","floor":11,"turns":3},{"damage":0,"enemies":"Looter","floor":12,"turns":3},{"damage":38,"enemies":"3 Sentries","floor":13,"turns":6},{"damage":26,"enemies":"The Guardian","floor":16,"turns":8},{"damage":31,"enemies":"Chosen","floor":18,"turns":6},{"damage":27,"enemies":"3 Byrds","floor":20,"turns":4},{"damage":21,"enemies":"3 Cultists","floor":21,"turns":4}],"seed_played":"-7736162410455951570","potions_obtained":[{"floor":1,"key":"hexamod:SoulburnPotion"},{"floor":2,"key":"SkillPotion"},{"floor":12,"key":"Regen Potion"},{"floor":13,"key":"Ancient Potion"}],"is_trial":false,"path_per_floor":["M","M","$","?","M","R","E","$","T","R","M","M","E","$","R","B",null,"M","?","M","M"],"character_chosen":"DEFECT","items_purchased":["Self Repair","Rebound","Capacitor","Streamline","Strength Potion","Ball Lightning"],"campfire_rested":1,"item_purchase_floors":[3,3,8,8,8,14],"current_hp_per_floor":[67,58,58,58,64,64,51,51,51,51,30,37,14,14,51,32,64,47,31,18,0,0],"gold":158,"neow_bonus":"ONE_RANDOM_RARE_CARD","is_daily":false,"chose_seed":false,"campfire_upgraded":2,"win_rate":0.0,"timestamp":1612852058,"path_taken":["M","M","$","?","M","R","E","?","T","R","M","M","E","$","R","BOSS","M","?","M","M"],"items_purchased_type":["Card","Card","Card","Card","Potion","Card"],"build_version":"2020-12-22","purchased_purges":1,"victory":false,"max_hp_per_floor":[75,75,75,75,75,75,75,75,75,75,75,75,75,75,75,75,75,75,75,75,75,75],"card_choices":[{"not_picked":["Heatsinks","Compile Driver"],"picked":"Streamline","floor":1},{"not_picked":["Beam Cell","Ball Lightning"],"picked":"Cold Snap","floor":2},{"not_picked":["Cold Snap","Storm"],"picked":"Machine Learning","floor":5},{"not_picked":["Compile Driver","Meteor Strike"],"picked":"Hologram","floor":7},{"not_picked":["Aggregate","Redo"],"picked":"Cold Snap","floor":11},{"not_picked":["Skim","Barrage"],"picked":"Tempest","floor":12},{"not_picked":["Rip and Tear","Ball Lightning"],"picked":"White Noise","floor":13},{"not_picked":["Amplify","Meteor Strike"],"picked":"Echo Form","floor":16},{"not_picked":["Rip and Tear","Lockon+1"],"picked":"Loop","floor":18},{"not_picked":["Gash+1","Coolheaded","Redo"],"picked":"SKIP","floor":20}],"player_experience":944394,"relics_obtained":[{"floor":7,"key":"Boot"},{"floor":13,"key":"Regal Pillow"},{"floor":19,"key":"Necronomicon"}],"event_choices":[{"damage_healed":0,"gold_gain":100,"player_choice":"Pray","damage_taken":0,"max_hp_gain":0,"max_hp_loss":0,"event_name":"Golden Shrine","floor":4,"gold_loss":0},{"damage_healed":0,"gold_gain":0,"player_choice":"Obtained Book","damage_taken":16,"max_hp_gain":0,"max_hp_loss":0,"event_name":"Cursed Tome","floor":19,"gold_loss":0}],"is_beta":false,"boss_relics":[{"not_picked":["Inserter","Velvet Choker"],"picked":"Sozu"}],"items_purged_floors":[14],"is_endless":false,"potions_floor_spawned":[1,2,12,13,20],"killed_by":"3 Cultists","ascension_level":8}}