{"host":"7cp3z5w0tcrrm8ys","time":1612867122,"event":{"mods":["AchievementEnabler","BaseMod","DeckTracker","Minty Spire (QoL Compilation)","StSLib","SuperFastMode"],"gold_per_floor":[110,71,88,104,114,114,130,130,130,130,145,145,145,155,155,233,283,296,26,45,45,59,59,59,59,59],"floor_reached":25,"language":"KOR","playtime":490,"items_purged":[],"score":390,"play_id":"f798b5a5-ee83-4e3f-aa38-a14bf7a49c8c","local_time":"20210209193842","is_ascension_mode":true,"campfire_choices":[{"data":"Inflame","floor":6,"key":"SMITH"},{"data":"Uppercut","floor":10,"key":"SMITH"},{"data":"Bash","floor":12,"key":"SMITH"},{"data":"Whirlwind","floor":15,"key":"SMITH"},{"data":"Dark Embrace","floor":23,"key":"SMITH"}],"circlet_count":0,"master_deck":["AscendersBane","Strike_R","Strike_R","Strike_R","Strike_R","Strike_R+1","Defend_R","Defend_R","Defend_R","Defend_R","Bash+1","Uppercut+1","Whirlwind","Inflame+1","Whirlwind+1","Dropkick","Reaper","Dark Embrace+1","Second Wind","PanicButton"],"relics":["Burning Blood","Incense Burner","Blue Candle","Tiny House","TheAbacus"],"acts_visited":["Exordium","TheCity"],"potions_floor_usage":[1,13,16,20,25,25],"damage_taken":[{"damage":7,"enemies":"Cultist","floor":1,"turns":4},{"damage":2,"enemies":"Jaw Worm","floor":3,"turns":4},{"damage":11,"enemies":"Small Slimes","floor":4,"turns":3},{"damage":12,"enemies":"Looter","floor":5,"turns":4},{"damage":8,"enemies":"Lots of Slimes","floor":7,"turns":2},{"damage":4,"enemies":"Large Slime","floor":11,"turns":4},{"damage":0,"enemies":"The Mushroom Lair","floor":13,"turns":1},{"damage":2,"enemies":"Looter","floor":14,"turns":3},{"damage":53,"enemies":"The Guardian","floor":16,"turns":15},{"damage":15,"enemies":"Chosen","floor":18,"turns":6},{"damage":45,"enemies":"Spheric Guardian","floor":20,"turns":9},{"damage":23,"enemies":"3 Cultists","floor":22,"turns":4},{"damage":46,"enemies":"Slavers","floor":25,"turns":3}],"seed_played":"-10886425761024329","potions_obtained":[{"floor":1,"key":"Fruit Juice"},{"floor":4,"key":"Ancient Potion"},{"floor":5,"key":"SmokeBomb"},{"floor":14,"key":"SteroidPotion"},{"floor":17,"key":"Dexterity Potion"},{"floor":22,"key":"ColorlessPotion"}],"is_trial":false,"path_per_floor":["M","$","M","M","M","R","M","?","T","R","M","R","?","M","R","B",null,"M","$","M","?","M","R","$","E"],"character_chosen":"IRONCLAD","items_purchased":["Whirlwind","TheAbacus","PanicButton"],"campfire_rested":0,"item_purchase_floors":[2,19,19],"current_hp_per_floor":[72,72,73,68,62,62,60,65,65,65,67,67,73,77,77,30,71,62,62,23,23,20,20,20,0,0],"gold":59,"neow_bonus":"ONE_RARE_RELIC","is_daily":false,"chose_seed":false,"campfire_upgraded":5,"win_rate":0.0,"timestamp":1612867122,"path_taken":["M","$","?","M","M","R","M","?","T","R","M","R","?","M","R","BOSS","M","$","M","?","M","R","$","E"],"items_purchased_type":["Card","Relic","Card"],"build_version":"2020-12-22","purchased_purges":0,"victory":false,"max_hp_per_floor":[73,73,73,73,73,73,73,78,78,78,78,78,78,78,78,78,83,83,83,83,83,83,83,83,83,83],"card_choices":[{"not_picked":["Pommel Strike","Shrug It Off"],"picked":"Uppercut","floor":1},{"not_picked":["Perfected Strike","Sword Boomerang"],"picked":"Inflame","floor":3},{"not_picked":["Twin Strike","Perfected Strike"],"picked":"Whirlwind","floor":4},{"not_picked":["Headbutt","Perfected Strike","Iron Wave"],"picked":"SKIP","floor":5},{"not_picked":["Pommel Strike","Uppercut"],"picked":"Dropkick","floor":7},{"not_picked":["Armaments","Rampage","Havoc"],"picked":"SKIP","floor":11},{"not_picked":["Sword Boomerang","Headbutt","Armaments"],"picked":"SKIP","floor":14},{"not_picked":["Demon Form","Exhume"],"picked":"Reaper","floor":16},{"not_picked":["Body Slam","Headbutt"],"picked":"Dark Embrace","floor":17},{"not_picked":["Headbutt+1","Clothesline"],"picked":"Second Wind","floor":18},{"not_picked":["Anger","Shockwave","Inflame+1"],"picked":"SKIP","floor":20},{"not_picked":["Iron Wave","True Grit","Pommel Strike"],"picked":"SKIP","floor":22}],"player_experience":812253,"relics_obtained":[{"floor":9,"key":"Blue Candle"}],"event_choices":[{"damage_healed":0,"gold_gain":0,"player_choice":"Donut","damage_taken":0,"max_hp_gain":5,"max_hp_loss":0,"event_name":"Big Fish","floor":8,"gold_loss":0},{"damage_healed":0,"gold_gain":0,"player_choice":"Fought Mushrooms","damage_taken":0,"max_hp_gain":0,"max_hp_loss":0,"event_name":"Mushrooms","floor":13,"gold_loss":0},{"damage_healed":0,"gold_gain":0,"player_choice":"Leave","damage_taken":0,"max_hp_gain":0,"max_hp_loss":0,"event_name":"FaceTrader","floor":21,"gold_loss":0}],"is_beta":false,"boss_relics":[{"not_picked":["Black Star","SlaversCollar"],"picked":"Tiny House"}],"items_purged_floors":[],"is_endless":false,"potions_floor_spawned":[1,4,5,14,22],"killed_by":"Slavers","ascension_level":20}}