{"host":"zjc1tzo4ovig5lll","time":1612887316,"event":{"mods":["AchievementEnabler","Aspiration","BaseMod","Beaked The Cultist","Better Altar","Better Match","Better Note","Better Sensory Stone","Colored Map","Colored Powertips","Conspire","Energized Spire","Friendly Minions","GifTheSpireLib","Halation","Hermit","Hubris","Minty Spire (QoL Compilation)","Rare Cards Sparkle","Reliquary","Replay The Spire","StSLib","The Blue Laboratory","The Bug Knight","The Construct","The Jungle","everything is the same but u backflip on backflip"],"gold_per_floor":[111,122,122,297,297,297,307,340,364,376,393,393,411,426,426,426,426],"floor_reached":16,"language":"ENG","playtime":572,"items_purged":[],"score":125,"play_id":"9b19271b-a76a-4545-a8a7-bceabcff33f0","local_time":"20210209181516","is_ascension_mode":true,"campfire_choices":[{"data":"Madness","floor":6,"key":"SMITH"},{"floor":12,"key":"REST"},{"floor":15,"key":"REST"}],"circlet_count":0,"master_deck":["hermit:Strike_Hermit","hermit:Strike_Hermit","hermit:Strike_Hermit","hermit:Strike_Hermit","hermit:Defend_Hermit","hermit:Defend_Hermit","hermit:Defend_Hermit","hermit:Defend_Hermit","hermit:Snapshot","hermit:Covet","Doubt","Madness+1","hermit:Quickdraw","hermit:Quickdraw","hermit:GhostlyPresence"],"relics":["hermit:Momento","PreservedInsect","halation:KoshaPiece"],"acts_visited":["Exordium"],"potions_floor_usage":[14],"damage_taken":[{"damage":13,"enemies":"Jaw Worm","floor":1,"turns":4},{"damage":4,"enemies":"Small Slimes","floor":2,"turns":3},{"damage":0,"enemies":"Cultist","floor":7,"turns":4},{"damage":25,"enemies":"3 Sentries","floor":8,"turns":10},{"damage":14,"enemies":"Gremlin Gang","floor":10,"turns":8},{"damage":17,"enemies":"Large Slime","floor":11,"turns":6},{"damage":12,"enemies":"Exordium Wildlife","floor":13,"turns":4},{"damage":7,"enemies":"Red Slaver","floor":14,"turns":4},{"damage":24,"enemies":"Fading Forest","floor":16,"turns":6}],"seed_played":"6257065848742527887","potions_obtained":[{"floor":7,"key":"SteroidPotion"},{"floor":13,"key":"GamblersBrew"}],"is_trial":false,"path_per_floor":["M","M","$","?","?","R","M","E","T","M","M","R","M","M","R","B"],"character_chosen":"HERMIT","items_purchased":[],"campfire_rested":2,"item_purchase_floors":[],"current_hp_per_floor":[62,58,58,58,58,58,58,33,33,19,2,24,12,5,27,11,11],"gold":426,"neow_bonus":"RANDOM_COMMON_RELIC","is_daily":false,"chose_seed":false,"campfire_upgraded":1,"win_rate":0.0,"timestamp":1612887316,"path_taken":["M","M","$","?","?","R","M","E","T","?","M","R","M","M","R","BOSS"],"items_purchased_type":[],"build_version":"2020-12-22","purchased_purges":0,"victory":false,"max_hp_per_floor":[75,75,75,75,75,75,75,75,75,75,75,75,75,75,75,75,75],"card_choices":[{"not_picked":["hermit:LowProfile","hermit:GhostlyPresence","hermit:PistolWhip"],"picked":"SKIP","floor":1},{"not_picked":["hermit:Roulette","hermit:Feint","hermit:Virtue"],"picked":"SKIP","floor":2},{"not_picked":["The Bomb","Dark Shackles"],"picked":"Madness","floor":5},{"not_picked":["hermit:CalledShot","hermit:Glare","hermit:LowProfile"],"picked":"SKIP","floor":7},{"not_picked":["hermit:Dive","hermit:HighCaliber","hermit:Ricochet"],"picked":"SKIP","floor":8},{"not_picked":["hermit:Combo","hermit:Reprieve"],"picked":"hermit:Quickdraw","floor":10},{"not_picked":["hermit:Shortfuse","hermit:BigShot"],"picked":"hermit:Quickdraw","floor":11},{"not_picked":["hermit:Showdown","hermit:Gestalt"],"picked":"hermit:GhostlyPresence","floor":13},{"not_picked":["hermit:Coalescence","hermit:WideOpen","hermit:ShadowCloak"],"picked":"SKIP","floor":14}],"player_experience":704951,"relics_obtained":[{"floor":8,"key":"halation:KoshaPiece"}],"event_choices":[{"damage_healed":0,"gold_gain":175,"player_choice":"AGREE","damage_taken":0,"max_hp_gain":0,"max_hp_loss":0,"event_name":"Liars Game","floor":4,"gold_loss":0,"cards_obtained":["Doubt"]},{"damage_healed":0,"gold_gain":1,"player_choice":"1","damage_taken":0,"max_hp_gain":0,"max_hp_loss":0,"event_name":"betterStone:BetterStone","floor":5,"gold_loss":0}],"is_beta":false,"boss_relics":[],"items_purged_floors":[],"is_endless":false,"potions_floor_spawned":[2,7,13],"killed_by":"Fading Forest","ascension_level":4}}