{"host":"wbs0wzz0alz01mnq","time":1612828839,"event":{"mods":["BaseMod","Bestiary","GifTheSpireLib","Googly Eyes","Highlight Path","Minty Spire (QoL Compilation)","Quick Restart","StSLib","The Alterego"],"gold_per_floor":[116,116,191,141,159,159,179,193,241,241,259,259,14,30,30,134,134,59,59,59,74,85,85,85,85],"floor_reached":24,"language":"ENG","playtime":1244,"items_purged":[],"score":188,"play_id":"06659fce-1be5-4e7f-a09c-cee37cfdbb15","local_time":"20210208190039","is_ascension_mode":false,"campfire_choices":[{"data":"alterego_mod:BreastValley","floor":6,"key":"SMITH"},{"data":"alterego_mod:Mirror","floor":15,"key":"SMITH"},{"data":"alterego_mod:BrynhildrRomantia","floor":23,"key":"SMITH"}],"circlet_count":0,"master_deck":["alterego_mod:Strike","alterego_mod:Strike","alterego_mod:Strike","alterego_mod:Strike","alterego_mod:Defend","alterego_mod:Defend","alterego_mod:Defend","alterego_mod:Defend","alterego_mod:Impale","alterego_mod:BigMeatyClaws","alterego_mod:BrynhildrsRune","alterego_mod:Birthday","alterego_mod:Pet","alterego_mod:Cycle","alterego_mod:Mirror+1","alterego_mod:BreastValley+1","alterego_mod:Lingerie","alterego_mod:Birthday","alterego_mod:Cushion","alterego_mod:Bounce","alterego_mod:BusterCard","alterego_mod:Rake","alterego_mod:PresenceConcealment","alterego_mod:TrashNCrash","alterego_mod:BrynhildrRomantia+1","CurseOfTheBell","alterego_mod:Birthday+1","alterego_mod:Santa"],"relics":["alterego_mod:MasochisticConstitution","NeowsBlessing","Potion Belt","Bottled Tornado","Calling Bell","Anchor","Ornamental Fan","Ice Cream","Lantern"],"acts_visited":["Exordium","TheCity"],"potions_floor_usage":[8,16],"damage_taken":[{"damage":0,"enemies":"2 Louse","floor":1,"turns":1},{"damage":0,"enemies":"Small Slimes","floor":5,"turns":2},{"damage":0,"enemies":"Cultist","floor":7,"turns":1},{"damage":16,"enemies":"Blue Slaver","floor":8,"turns":3},{"damage":26,"enemies":"Looter","floor":11,"turns":4},{"damage":18,"enemies":"Exordium Wildlife","floor":14,"turns":5},{"damage":18,"enemies":"Slime Boss","floor":16,"turns":11},{"damage":7,"enemies":"2 Thieves","floor":18,"turns":4},{"damage":22,"enemies":"3 Byrds","floor":21,"turns":9},{"damage":16,"enemies":"Sentry and Sphere","floor":22,"turns":11},{"damage":79,"enemies":"Slavers","floor":24,"turns":4}],"seed_played":"-6829121531358700071","potions_obtained":[{"floor":5,"key":"SkillPotion"},{"floor":7,"key":"Ancient Potion"},{"floor":14,"key":"Regen Potion"},{"floor":16,"key":"Block Potion"},{"floor":21,"key":"LiquidMemories"},{"floor":22,"key":"GamblersBrew"}],"is_trial":false,"path_per_floor":["M","?","?","$","M","R","M","M","T","?","M","?","$","M","R","B",null,"M","?","T","M","M","R","E"],"character_chosen":"The_Alterego","items_purchased":["alterego_mod:Birthday","Bottled Tornado"],"campfire_rested":0,"item_purchase_floors":[4,13],"current_hp_per_floor":[70,70,59,59,63,63,63,52,52,52,29,53,53,40,40,41,74,70,70,70,80,75,75,0,0],"gold":85,"neow_bonus":"THREE_ENEMY_KILL","is_daily":false,"chose_seed":false,"campfire_upgraded":3,"win_rate":0.0,"timestamp":1612828839,"path_taken":["M","?","?","$","M","R","M","M","T","?","?","?","$","M","R","BOSS","M","?","?","M","M","R","E"],"items_purchased_type":["Card","Relic"],"build_version":"2020-12-22","purchased_purges":0,"victory":false,"max_hp_per_floor":[70,70,70,70,70,70,70,71,71,71,72,72,72,73,73,74,74,75,75,75,81,84,84,84,84],"card_choices":[{"not_picked":["alterego_mod:HighServant","alterego_mod:Skirt"],"picked":"alterego_mod:Birthday","floor":1},{"not_picked":["alterego_mod:BeGentle","alterego_mod:SakuraLabyrinth"],"picked":"alterego_mod:Cushion","floor":5},{"not_picked":["alterego_mod:DeftHands","alterego_mod:Punishment"],"picked":"alterego_mod:Bounce","floor":7},{"not_picked":["alterego_mod:MagicResistance","alterego_mod:Jiggle"],"picked":"alterego_mod:BusterCard","floor":8},{"not_picked":["alterego_mod:MagicResistance","alterego_mod:Belts"],"picked":"alterego_mod:PresenceConcealment","floor":11},{"not_picked":["alterego_mod:DestructionOfProperty","alterego_mod:GoddessCore"],"picked":"alterego_mod:TrashNCrash","floor":14},{"not_picked":["alterego_mod:InsideBaseball","alterego_mod:VirginLaserPalladion"],"picked":"alterego_mod:BrynhildrRomantia","floor":16},{"not_picked":["alterego_mod:RocketPunch","alterego_mod:Cycle+1"],"picked":"alterego_mod:Birthday+1","floor":21},{"not_picked":["alterego_mod:MagicResistance","alterego_mod:Pet"],"picked":"alterego_mod:Santa","floor":22}],"player_experience":11605,"relics_obtained":[{"floor":9,"key":"Potion Belt"},{"floor":17,"key":"Anchor"},{"floor":17,"key":"Ornamental Fan"},{"floor":17,"key":"Ice Cream"},{"floor":20,"key":"Lantern"}],"event_choices":[{"damage_healed":0,"gold_gain":75,"player_choice":"Gather Gold","damage_taken":11,"max_hp_gain":0,"max_hp_loss":0,"event_name":"World of Goop","floor":3,"gold_loss":0},{"damage_healed":0,"gold_gain":0,"player_choice":"1 cards matched","damage_taken":0,"max_hp_gain":0,"max_hp_loss":0,"event_name":"Match and Keep!","floor":10,"gold_loss":0,"cards_obtained":["alterego_mod:Rake"]},{"damage_healed":24,"gold_gain":0,"player_choice":"Banana","damage_taken":0,"max_hp_gain":0,"max_hp_loss":0,"event_name":"Big Fish","floor":12,"gold_loss":0},{"damage_healed":0,"gold_gain":0,"player_choice":"Ignored","damage_taken":0,"max_hp_gain":0,"max_hp_loss":0,"event_name":"Vampires","floor":19,"gold_loss":0}],"is_beta":false,"boss_relics":[{"not_picked":["Runic Dome","Coffee Dripper"],"picked":"Calling Bell"}],"items_purged_floors":[],"is_endless":false,"potions_floor_spawned":[5,7,14,16,18,21,22],"killed_by":"Slavers","ascension_level":0}}