{"host":"0kk91h4bq4kgfj0u","time":1612838009,"event":{"mods":["BaseMod","Bestiary","Block Reminder","Colored Map","Colored Powertips","Curses Come First","Highlight Path","Minty Spire (QoL Compilation)","Relic Stats","StSLib"],"gold_per_floor":[111,127,127,143,143,143,174,186,186,186,202,231,306,320,320,423,423,438,438,363,363],"floor_reached":20,"language":"ENG","playtime":675,"items_purged":[],"score":239,"play_id":"45e0b4b6-9e3d-4daf-a323-0343e89a43db","local_time":"20210208213329","is_ascension_mode":true,"campfire_choices":[{"floor":6,"key":"REST"},{"floor":10,"key":"REST"},{"floor":15,"key":"REST"}],"circlet_count":0,"master_deck":["Strike_G","Strike_G","Strike_G","Strike_G","Strike_G","Defend_G","Defend_G","Defend_G","Defend_G","Defend_G","Survivor","Neutralize","Normality","Quick Slash","Blade Dance","Dash","Slice","Deadly Poison","Flying Knee","Prepared","Caltrops","Envenom+1","Quick Slash+1"],"relics":["Ring of the Serpent","Ginger","Pen Nib","Bottled Flame","Vajra","Pocketwatch"],"acts_visited":["Exordium","TheCity"],"potions_floor_usage":[12,16,16,16],"damage_taken":[{"damage":1,"enemies":"Small Slimes","floor":1,"turns":3},{"damage":0,"enemies":"2 Louse","floor":2,"turns":2},{"damage":0,"enemies":"Jaw Worm","floor":4,"turns":3},{"damage":29,"enemies":"3 Sentries","floor":7,"turns":11},{"damage":4,"enemies":"Lots of Slimes","floor":8,"turns":3},{"damage":7,"enemies":"Exordium Wildlife","floor":11,"turns":4},{"damage":16,"enemies":"Gremlin Nob","floor":12,"turns":3},{"damage":0,"enemies":"Looter","floor":14,"turns":2},{"damage":27,"enemies":"The Guardian","floor":16,"turns":8},{"damage":22,"enemies":"3 Byrds","floor":18,"turns":4},{"damage":37,"enemies":"2 Thieves","floor":20,"turns":3}],"seed_played":"-1997520677936732620","potions_obtained":[{"floor":4,"key":"Weak Potion"},{"floor":7,"key":"AttackPotion"},{"floor":12,"key":"DistilledChaos"},{"floor":14,"key":"Poison Potion"}],"is_trial":false,"path_per_floor":["M","M","?","M","$","R","E","M","T","R","M","E","?","M","R","B",null,"M","?","M"],"character_chosen":"THE_SILENT","items_purchased":[],"campfire_rested":3,"item_purchase_floors":[],"current_hp_per_floor":[62,62,44,44,44,65,36,32,32,53,46,30,19,19,40,13,56,34,34,0,0],"gold":363,"neow_bonus":"ONE_RARE_RELIC","is_daily":false,"chose_seed":false,"campfire_upgraded":0,"win_rate":0.0,"timestamp":1612838009,"path_taken":["M","M","?","M","$","R","E","M","T","R","M","E","?","M","R","BOSS","M","?","M"],"items_purchased_type":[],"build_version":"2020-12-22","purchased_purges":0,"victory":false,"max_hp_per_floor":[70,70,70,70,70,70,70,70,70,70,70,70,70,70,70,70,70,70,70,70,70],"relic_stats":{"counters":[11,46],"Pen Nib":[11],"Ginger":[4],"obtain_stats":[{"Bottled Flame":7,"Vajra":9,"Pen Nib":3,"Ginger":0,"Ring of the Serpent":17,"Ring of the Snake":0,"Pocketwatch":12},{"Bottled Flame":4,"Vajra":5,"Pen Nib":2,"Ginger":0,"Ring of the Serpent":9,"Ring of the Snake":0,"Pocketwatch":7},{"Bottled Flame":19,"Vajra":22,"Pen Nib":5,"Ginger":0,"Ring of the Serpent":39,"Ring of the Snake":0,"Pocketwatch":29}],"Pocketwatch":[15]},"card_choices":[{"not_picked":["Slice","Skewer"],"picked":"Quick Slash","floor":1},{"not_picked":["Dagger Throw","Slice"],"picked":"Blade Dance","floor":2},{"not_picked":["Calculated Gamble","Blade Dance"],"picked":"Dash","floor":4},{"not_picked":["Eviscerate","Dodge and Roll"],"picked":"Slice","floor":7},{"not_picked":["Bane","Distraction"],"picked":"Deadly Poison","floor":8},{"not_picked":["Dagger Spray","Sucker Punch"],"picked":"Flying Knee","floor":11},{"not_picked":["Bane","Flying Knee"],"picked":"Prepared","floor":12},{"not_picked":["Setup","Leg Sweep"],"picked":"Caltrops","floor":14},{"not_picked":["After Image","Doppelganger"],"picked":"Envenom","floor":16},{"not_picked":["Deflect","Crippling Poison"],"picked":"Quick Slash+1","floor":18}],"player_experience":863640,"relics_obtained":[{"floor":7,"key":"Bottled Flame"},{"floor":9,"key":"Vajra"},{"floor":12,"key":"Pocketwatch"}],"event_choices":[{"damage_healed":0,"gold_gain":0,"player_choice":"Success","damage_taken":18,"relics_obtained":["Pen Nib"],"max_hp_gain":0,"max_hp_loss":0,"event_name":"Scrap Ooze","floor":3,"gold_loss":0},{"damage_healed":0,"gold_gain":75,"player_choice":"Gather Gold","damage_taken":11,"max_hp_gain":0,"max_hp_loss":0,"event_name":"World of Goop","floor":13,"gold_loss":0},{"damage_healed":0,"gold_gain":0,"player_choice":"Forge","damage_taken":0,"max_hp_gain":0,"max_hp_loss":0,"event_name":"Accursed Blacksmith","floor":19,"gold_loss":0,"cards_upgraded":["Envenom"]}],"is_beta":false,"boss_relics":[{"not_picked":["Coffee Dripper","Tiny House"],"picked":"Ring of the Serpent"}],"items_purged_floors":[],"is_endless":false,"potions_floor_spawned":[4,7,12,14],"killed_by":"2 Thieves","ascension_level":6}}