{"host":"3azvxbhvx7nk2p5g","time":1612856301,"event":{"mods":["BaseMod","Minty Spire (QoL Compilation)","StSLib","The Senshi"],"gold_per_floor":[114,131,148,148,166,166,241,241,322,322,338,357,357,367,367,462,462,479,366,385,385,385,385,385],"floor_reached":23,"language":"ZHS","playtime":1844,"items_purged":["theSenshi:SailorKick"],"score":183,"play_id":"dd7c99fd-b4cd-4f3d-8aa8-37a3617f158f","local_time":"20210209153821","is_ascension_mode":false,"campfire_choices":[{"data":"theSenshi:SailorNeptuneAssists","floor":6.0,"key":"SMITH"},{"data":"theSenshi:MoonCrystalPowerMakeUp","floor":8.0,"key":"SMITH"},{"data":"theSenshi:RoseThrow","floor":13.0,"key":"SMITH"},{"data":"theSenshi:SchoolBag","floor":15.0,"key":"SMITH"}],"circlet_count":0,"master_deck":["theSenshi:SailorBlock","theSenshi:SailorBlock","theSenshi:SailorBlock","theSenshi:RoseThrow+1","theSenshi:MoonPrismPowerMakeUp","theSenshi:SailorNeptuneAssists+1","theSenshi:SchoolBag+1","theSenshi:MoonCrystalPowerMakeUp+1","theSenshi:NeptunesGrace","theSenshi:MoonTiaraMagic","theSenshi:MoonsReflection","theSenshi:SailorStarHealerAssists","theSenshi:SailorVenusAssists","theSenshi:MoonlightKnight","theSenshi:MoonPrincessHalation+1","theSenshi:SailorPlutoAssists","theSenshi:MoonCrisisMakeUp"],"relics":["theSenshi:TransformationBroochRelic","Pantograph","theSenshi:CosmicHeartCompactRelic","Runic Pyramid"],"acts_visited":["Exordium","TheCity"],"potions_floor_usage":[],"damage_taken":[{"damage":2.0,"enemies":"Small Slimes","floor":1.0,"turns":5.0},{"damage":0.0,"enemies":"Jaw Worm","floor":2.0,"turns":8.0},{"damage":0.0,"enemies":"Cultist","floor":3.0,"turns":4.0},{"damage":10.0,"enemies":"Looter","floor":5.0,"turns":2.0},{"damage":8.0,"enemies":"3 Louse","floor":11.0,"turns":15.0},{"damage":0.0,"enemies":"Blue Slaver","floor":12.0,"turns":4.0},{"damage":2.0,"enemies":"Looter","floor":14.0,"turns":3.0},{"damage":62.0,"enemies":"The Guardian","floor":16.0,"turns":21.0},{"damage":46,"enemies":"Spheric Guardian","floor":18,"turns":9},{"damage":51,"enemies":"Shell Parasite","floor":20,"turns":14},{"damage":18,"enemies":"Gremlin Leader","floor":23,"turns":2}],"seed_played":"1997612164829219841","potions_obtained":[{"floor":0.0,"key":"Strength Potion"},{"floor":0.0,"key":"EssenceOfSteel"},{"floor":0.0,"key":"ColorlessPotion"},{"floor":3.0,"key":"EntropicBrew"}],"is_trial":false,"path_per_floor":["M","M","M","?","M","R","?","R","T","T","M","M","R","M","R","B",null,"M","$","M","?","?","E"],"character_chosen":"THE_SENSHI","items_purchased":["theSenshi:MoonlightKnight"],"campfire_rested":0,"item_purchase_floors":[19],"current_hp_per_floor":[73,73,73,73,63,63,52,52,52,52,75,75,75,73,73,48,75,44,44,18,18,18,0,0],"gold":385,"neow_bonus":"THREE_SMALL_POTIONS","is_daily":false,"chose_seed":false,"campfire_upgraded":4,"win_rate":0.0,"timestamp":1612856301,"path_taken":["M","M","M","?","M","R","?","R","T","?","M","?","R","M","R","BOSS","M","$","M","?","?","E"],"items_purchased_type":["Card"],"build_version":"2020-12-22","purchased_purges":1,"victory":false,"max_hp_per_floor":[75,75,75,75,75,75,75,75,75,75,75,75,75,75,75,75,75,75,75,75,75,75,75,75],"card_choices":[{"not_picked":["theSenshi:HesSoDreamy","theSenshi:SailorChibiMoonAssists"],"picked":"theSenshi:SailorNeptuneAssists","floor":1.0},{"not_picked":["theSenshi:SailorMarsAssists","theSenshi:TuxedoSmokingBomber"],"picked":"theSenshi:SchoolBag","floor":2.0},{"not_picked":["theSenshi:MoonPrincessHalation","theSenshi:TallSilhouette"],"picked":"theSenshi:MoonCrystalPowerMakeUp","floor":3.0},{"not_picked":["theSenshi:DramaticEntrance","theSenshi:KlutzyLuck","theSenshi:SailorPlutoAssists"],"picked":"SKIP","floor":5.0},{"not_picked":["theSenshi:MoonTiaraMagic","theSenshi:OdangoHead","theSenshi:MoonPrincessHalation"],"picked":"SKIP","floor":11.0},{"not_picked":["theSenshi:OdangoHead","theSenshi:MoonPrincessHalation"],"picked":"theSenshi:MoonTiaraMagic","floor":11.0},{"not_picked":["theSenshi:TallSilhouette","theSenshi:MoonPrincessHalation"],"picked":"theSenshi:MoonsReflection","floor":12.0},{"not_picked":["theSenshi:MoonKick","theSenshi:OdangoHead","theSenshi:SailorChibiMoonAssists"],"picked":"SKIP","floor":14.0},{"not_picked":["theSenshi:ChibiMoonsLove","theSenshi:IWillPunishYou"],"picked":"theSenshi:SailorStarHealerAssists","floor":16.0},{"not_picked":["theSenshi:GatheringStrength","theSenshi:SailorMarsAssists"],"picked":"theSenshi:SailorVenusAssists","floor":18},{"not_picked":["theSenshi:KlutzyLuck","theSenshi:GlimpseOfThePast"],"picked":"theSenshi:MoonPrincessHalation+1","floor":20}],"player_experience":77277,"relics_obtained":[{"floor":9.0,"key":"Pantograph"},{"floor":10.0,"key":"theSenshi:CosmicHeartCompactRelic"}],"event_choices":[{"damage_healed":0.0,"max_hp_gain":0.0,"max_hp_loss":0.0,"gold_gain":0.0,"cards_transformed":["theSenshi:SailorBlock"],"event_name":"Living Wall","player_choice":"Change","floor":4.0,"gold_loss":0.0,"damage_taken":0.0,"cards_obtained":["theSenshi:NeptunesGrace"]},{"damage_healed":0.0,"max_hp_gain":0.0,"max_hp_loss":0.0,"gold_gain":75.0,"event_name":"World of Goop","player_choice":"Gather Gold","floor":7.0,"gold_loss":0.0,"damage_taken":11.0},{"damage_healed":0,"gold_gain":0,"cards_transformed":["theSenshi:SailorKick","theSenshi:SailorKick"],"player_choice":"Became Test Subject","damage_taken":0,"max_hp_gain":0,"max_hp_loss":0,"event_name":"Drug Dealer","floor":21,"gold_loss":0,"cards_obtained":["theSenshi:SailorPlutoAssists","theSenshi:MoonCrisisMakeUp"]},{"cards_removed":["theSenshi:SailorKick"],"damage_healed":0,"gold_gain":0,"player_choice":"Elegance","damage_taken":0,"max_hp_gain":0,"max_hp_loss":0,"event_name":"Back to Basics","floor":22,"gold_loss":0}],"is_beta":false,"boss_relics":[{"not_picked":["Fusion Hammer","SlaversCollar"],"picked":"Runic Pyramid"}],"items_purged_floors":[19],"is_endless":false,"potions_floor_spawned":[3,11,14,20],"killed_by":"Gremlin Leader","ascension_level":0}}