{"host":"jfbo3eu2ui08ej1u","time":1612897051,"event":{"mods":["2.2 Compatiblity","AchievementEnabler","Act Like it!","Aspiration","BaseMod","Better Altar","Better Match","Better Note","Better Sensory Stone","Better Skull","Better Third Choice","Block Reminder","Colored Map","Colored Powertips","Conspire","DeckTracker","Displayed Cursed Tome","Energized Spire","Fox Events","GifTheSpireLib","Hermit","Hubris","Infinite Spire","Marked Mod","Minty Spire (QoL Compilation)","Monster B Gone","Pale of the Ancients","Poor People Problems","Quick Restart","Relic Filter","Reliquary","Reorder Act Four","Replay The Spire","Shop Mod","Spicy Shops","Spire Arcade","StSLib","Stuff the Spire","The Blue Laboratory","The Disciple","The Forsaken","The Hierophant","The Marked","Uncapped","Unceasing Turn Reminder","Wandering Minibosses"],"gold_per_floor":[118,128,11,30,41,41,41,71,71,96,96,107,141,61,61,160,160,179,179,179,192,208,238,238,238,238,271,271,290,290,310,310,310,310],"floor_reached":33,"language":"ENG","playtime":2464,"items_purged":["hubris:Wrath"],"score":408,"play_id":"60dc676e-216e-4680-aeb7-e8260a6b2711","local_time":"20210209135731","is_ascension_mode":true,"campfire_choices":[{"data":"Goo","floor":6.0,"key":"SMITH"},{"floor":11.0,"key":"REST"},{"floor":15.0,"key":"REST"},{"data":"WatchCommand","floor":28,"key":"SMITH"},{"floor":30,"key":"REST"},{"floor":32,"key":"REST"}],"circlet_count":0,"master_deck":["Accelerando","Defend_Br","Defend_Br","SecondHand","PatternShift+1","AlternateTimeline+1","AlternateTimeline","LockedAnchor","Recurrance+1","RageCommand","ExoVibe","ExoVibe","CrunchTime","LockedThread","SwitchThreat","BlueShift","LockedBell","BeatsPerMinute","theForsaken:WordsOfMight+1","Break","WatchCommand+1","Ritenuto+1","LockedScales+1","BiteCommand","LockedMedicine","Echoward+1"],"relics":["Chronometer","Centennial Puzzle","Snack Pack","conspire:BottledYoYo","Whetstone","ReplayTheSpireMod:Lightbulb","Replay:Wax Seal","Bird Faced Urn","Kintsugi","Pen Nib","reliquary:Buckler","Philosopher\u0027s Stone","Juzu Bracelet","Sundial"],"acts_visited":["Exordium","TheCity"],"potions_floor_usage":[22,29,33],"damage_taken":[{"damage":0.0,"enemies":"2 Louse","floor":1.0,"turns":3.0},{"damage":14.0,"enemies":"Jaw Worm","floor":2.0,"turns":9.0},{"damage":0.0,"enemies":"Cultist","floor":4.0,"turns":5.0},{"damage":5.0,"enemies":"3 Louse","floor":5.0,"turns":7.0},{"damage":0.0,"enemies":"3 Sentries","floor":8.0,"turns":5.0},{"damage":34.0,"enemies":"Replay:BlueRogue","floor":10.0,"turns":8.0},{"damage":0.0,"enemies":"Large Slime","floor":12.0,"turns":5.0},{"damage":24.0,"enemies":"3 Sentries","floor":13.0,"turns":4.0},{"damage":2.0,"enemies":"Hexaghost","floor":16.0,"turns":14.0},{"damage":14,"enemies":"3 Byrds","floor":18,"turns":8},{"damage":4,"enemies":"Shell Parasite","floor":21,"turns":7},{"damage":6,"enemies":"Centurion and Healer","floor":22,"turns":7},{"damage":15,"enemies":"conspire:SneckoGhost","floor":23,"turns":17},{"damage":34,"enemies":"conspire:Head Lice","floor":27,"turns":8},{"damage":22,"enemies":"Shelled Parasite and Fungi","floor":29,"turns":10},{"damage":37,"enemies":"Chosen and Byrds","floor":31,"turns":8},{"damage":38,"enemies":"Pondfish","floor":33,"turns":3}],"seed_played":"5194630314478788169","potions_obtained":[{"floor":2.0,"key":"blueLaboratory:Moonshine"},{"floor":4.0,"key":"blueLaboratory:EnragingPotion"},{"floor":5.0,"key":"blueLaboratory:AbyssPotion"},{"floor":10.0,"key":"blueLaboratory:FruitPunch"},{"floor":18,"key":"Weak Potion"},{"floor":21,"key":"blueLaboratory:EmptyBottle"},{"floor":27,"key":"AttackPotion"}],"is_trial":false,"path_per_floor":["M","M","$","M","M","R","?","E","T","E","R","M","E","$","R","B",null,"M","?","?","M","M","E","?","AVR","T","E","R","M","R","M","R","B"],"character_chosen":"CHRONO_CLASS","items_purchased":["Centennial Puzzle","AlternateTimeline","LockedThread"],"campfire_rested":4,"item_purchase_floors":[3,3,14],"current_hp_per_floor":[65,51,51,51,46,46,36,38,38,8,27,31,7,7,27,31,67,57,57,57,61,61,56,56,56,56,32,32,16,36,9,29,0,0],"gold":310,"neow_bonus":"UPGRADE_CARD","is_daily":false,"chose_seed":false,"campfire_upgraded":2,"win_rate":0.0,"timestamp":1612897051,"path_taken":["M","M","$","M","M","R","?","E","T","E","R","M","E","$","R","BOSS","M","?","?","?","M","E","?","AVR","T","E","R","M","R","M","R","BOSS"],"items_purchased_type":["Relic","Card","Card"],"build_version":"2020-12-22","purchased_purges":1,"victory":false,"max_hp_per_floor":[65,65,65,65,65,65,65,65,65,65,65,67,67,67,67,67,67,67,67,67,67,67,67,67,67,67,67,67,67,67,67,67,67,67],"card_choices":[{"not_picked":["Break","LockedScales"],"picked":"AlternateTimeline","floor":1.0},{"not_picked":["LockedWarPaint","LockedBlood"],"picked":"Goo","floor":2.0},{"not_picked":["Break","CrunchTime"],"picked":"LockedAnchor","floor":4.0},{"not_picked":["LockedScales","WindUp"],"picked":"Recurrance","floor":5.0},{"not_picked":["HandsUpB","LockedMedicine"],"picked":"RageCommand","floor":8.0},{"not_picked":["HandsUpC","BiteCommand"],"picked":"ExoVibe","floor":10.0},{"not_picked":["BlueShift","LockedWhetstone"],"picked":"ExoVibe","floor":12.0},{"not_picked":["ReapSow","LockedMedicine"],"picked":"CrunchTime","floor":13.0},{"not_picked":["DaylightSavings","HandsUpB"],"picked":"BlueShift","floor":18},{"not_picked":["Keepsakes","WindUp+1"],"picked":"Break","floor":21},{"not_picked":["PrimeTime","LockedBlood"],"picked":"WatchCommand","floor":22},{"not_picked":["LockedMercury","Break"],"picked":"LockedScales+1","floor":23},{"not_picked":["WakeUpCall+1","SlimeSpray"],"picked":"BiteCommand","floor":27},{"not_picked":["HandsUpC","VestedLegacy+1"],"picked":"LockedMedicine","floor":29},{"not_picked":["LockedMedicine","LockedWhetstone"],"picked":"Echoward+1","floor":31}],"player_experience":1310741,"relics_obtained":[{"floor":8.0,"key":"Whetstone"},{"floor":9.0,"key":"ReplayTheSpireMod:Lightbulb"},{"floor":10.0,"key":"Replay:Wax Seal"},{"floor":13.0,"key":"Bird Faced Urn"},{"floor":23,"key":"Pen Nib"},{"floor":26,"key":"Juzu Bracelet"},{"floor":27,"key":"Sundial"}],"event_choices":[{"damage_healed":0.0,"max_hp_gain":0.0,"max_hp_loss":0.0,"gold_gain":1.0,"event_name":"betterThird:BetterScrap","player_choice":"Relic Relic ","floor":7.0,"gold_loss":0.0,"damage_taken":10.0,"cards_obtained":["StuffTheSpire:Synthwave"]},{"damage_healed":0,"gold_gain":0,"cards_transformed":["Strike_Br","Defend_Br"],"player_choice":"Became Test Subject","damage_taken":0,"max_hp_gain":0,"max_hp_loss":0,"event_name":"Drug Dealer","floor":19,"gold_loss":0,"cards_obtained":["LockedBell","BeatsPerMinute"]},{"damage_healed":0,"gold_gain":0,"player_choice":"Read","damage_taken":0,"max_hp_gain":0,"max_hp_loss":0,"event_name":"The Library","floor":20,"gold_loss":0,"cards_obtained":["theForsaken:WordsOfMight"]},{"damage_healed":0,"gold_gain":0,"player_choice":"Ignored","damage_taken":0,"max_hp_gain":0,"max_hp_loss":0,"event_name":"Vampires","floor":24,"gold_loss":0}],"is_beta":false,"boss_relics":[{"not_picked":["energizedSpire:CursedPentagram","hubris:TerracottaHorce"],"picked":"Kintsugi"}],"items_purged_floors":[25],"is_endless":false,"potions_floor_spawned":[2,4,5,10,18,21,27],"killed_by":"Pondfish","ascension_level":3}}