{"host":"0r2yuz9akuqaukjg","time":1612908759,"event":{"mods":["2.2 Compatiblity","AchievementEnabler","Aspiration","BaseMod","Conspire","Dota2Spire","Downfall","Energized Spire","Friendly Minions","Hermit","Hubris","HumanHunterMod(????mod)","Infinite Spire","Jorbs\u0027s Wanderer Trilogy","Lobotomy","LobotomyExtend","Minty Spire (QoL Compilation)","Quarter Circle Forward PUNCH!","Reliquary","Replay The Spire","Spicy Shops","Spires \u0026 Sneckos","StSLib","The Bug Knight","The Construct","The Cursed","The Disciple","The Hierophant","The Jungle","The Marked","The Mystic","The Runesmith","The Servant 0.9.4","Trackpad","Wandering Minibosses"],"gold_per_floor":[116,116,116,133,133,133,93,93,93,103,103,113,213,230,230,327,327,327,327,296,326,326,326,345,345,345,345,357,375,393,410,410,410,410],"floor_reached":33,"language":"ENG","playtime":3904,"items_purged":[],"score":273,"play_id":"c44916b1-ef93-4639-a82b-5e4d9cd307be","local_time":"20210209161239","daily_mods":["SealedDeck","Specialized","Vintage"],"is_ascension_mode":true,"campfire_choices":[{"data":"CrunchTime","floor":6.0,"key":"SMITH"},{"data":"Poison Darts","floor":11.0,"key":"SMITH"},{"data":"Poison Darts","floor":15.0,"key":"SMITH"},{"floor":23.0,"key":"REST"},{"data":"Poison Darts","floor":25.0,"key":"SMITH"},{"data":"hubris:Rewind","floor":32,"key":"SMITH"}],"circlet_count":0,"master_deck":["Poison Darts+1","Poison Darts","Poison Darts","Poison Darts+1","Goo","CrunchTime+1","Poisoned Stab","Bane","Bouncing Flask","Dagger Throw","Echoward","Noxious Fumes","LockedAnchor","Prepared","SnowQueen","CrumblingArmor","ShyLook","BackFourSeconds","hubris:Rewind+1","Echoward"],"relics":["Ring of the Snake","hubris:Icosahedron","hubris:AncientText","infinitespire:Satchel","Lantern","Counterbalance","Tough Bandages","hubris:PeanutButter","ReplayTheSpireMod:TigerMarble","CogitoBucket","hubris:Metronome","LetterFromLob","aspiration:Nostalgia","Chronometer","ReplayFunnel","reliquary:Boomerang","Eternal Feather","infinitespire:Eraser","infinitespire:ShieldingShard","trackpad:CultistFigurine","hubris:HollowSoul","Replay:PocketPolymizer","Toy Ornithopter","NeowsBlessing","aspiration:ChemicalBlood","Garlic","aspiration:Nostalgia","champ:ChampionCrown","Dota2Spire:BattleFury","reliquary:PorcupineQuills","Dota2Spire:BladeMail","Quantum Egg"],"acts_visited":["Exordium","theJungle:Jungle"],"potions_floor_usage":[33,33,33,33,33,33],"damage_taken":[{"damage":0.0,"enemies":"Cultist","floor":1.0,"turns":2.0},{"damage":0.0,"enemies":"conspire:RoseBush","floor":4.0,"turns":2.0},{"damage":8.0,"enemies":"Jaw Worm","floor":7.0,"turns":2.0},{"damage":0.0,"enemies":"Blue Slaver","floor":10.0,"turns":2.0},{"damage":0.0,"enemies":"Large Slime","floor":12.0,"turns":5.0},{"damage":0.0,"enemies":"Gremlin Gang","floor":14.0,"turns":3.0},{"damage":24.0,"enemies":"Hexaghost","floor":16.0,"turns":6.0},{"damage":2.0,"enemies":"theJungle:GiantWrat","floor":20.0,"turns":3.0},{"damage":16.0,"enemies":"conspire:MimicChest","floor":21.0,"turns":5.0},{"damage":0.0,"enemies":"Shell Parasite","floor":24.0,"turns":1.0},{"damage":0.0,"enemies":"Snake Plant","floor":28.0,"turns":1.0},{"damage":0.0,"enemies":"theJungle:Lyon","floor":29.0,"turns":6.0},{"damage":0,"enemies":"theJungle:JungleHuntersEncounter","floor":30,"turns":5},{"damage":0,"enemies":"theJungle:2_Snecko_Cultists","floor":31,"turns":3},{"damage":18,"enemies":"theJungle:QueenSpyder","floor":33,"turns":5}],"seed_played":"4843413030238149788","potions_obtained":[{"floor":1.0,"key":"Adrenaline Potion"},{"floor":4.0,"key":"Energy Potion"},{"floor":14.0,"key":"Ancient Potion"}],"is_trial":true,"path_per_floor":["M","WH","?","M","WH","R","M","WH","T","M","R","M","WH","M","R","B",null,"M","AVR","M","?","WH","R","M","R","T","WH","M","M","M","M","R","B"],"character_chosen":"THE_SILENT","items_purchased":[],"campfire_rested":1,"item_purchase_floors":[],"current_hp_per_floor":[70,70,70,70,70,70,62,62,62,62,70,70,70,70,70,46,70,70,70,35,19,19,52,52,64,64,64,64,64,64,64,70,0,0],"gold":410,"neow_bonus":"NOSTALGIA","is_daily":false,"chose_seed":false,"campfire_upgraded":5,"win_rate":0.0,"timestamp":1612908759,"path_taken":["M","WH","?","M","WH","R","M","WH","T","M","R","M","WH","M","R","BOSS","M","AVR","M","?","WH","R","M","R","T","WH","M","M","M","M","R","BOSS"],"items_purchased_type":[],"build_version":"2020-12-22","purchased_purges":0,"victory":false,"max_hp_per_floor":[70,70,70,70,70,70,70,70,70,70,70,70,70,70,70,70,70,70,70,70,70,70,70,70,70,70,70,70,70,70,70,70,70,70],"card_choices":[{"not_picked":["Woodsman","OldLady"],"picked":"SnowQueen","floor":4.0},{"not_picked":["MHz","WallGazer"],"picked":"CrumblingArmor","floor":7.0},{"not_picked":["Scarecrow","QueenBee","VoidDream"],"picked":"Singing Bowl","floor":10.0},{"not_picked":["UniverseFragment","Murderer"],"picked":"ShyLook","floor":10.0},{"not_picked":["LockedAstrolabe","OldTimer"],"picked":"BackFourSeconds","floor":16.0},{"not_picked":["Outmaneuver+1","All Out Attack"],"picked":"Echoward","floor":21.0},{"not_picked":["LaLuna","Scarecrow"],"picked":"MeltingLove","floor":30}],"player_experience":81936,"relics_obtained":[{"floor":1.0,"key":"ReplayTheSpireMod:TigerMarble"},{"floor":4.0,"key":"hubris:Metronome"},{"floor":4.0,"key":"LetterFromLob"},{"floor":7.0,"key":"ReplayFunnel"},{"floor":9.0,"key":"Eternal Feather"},{"floor":10.0,"key":"infinitespire:Eraser"},{"floor":12.0,"key":"infinitespire:ShieldingShard"},{"floor":14.0,"key":"trackpad:CultistFigurine"},{"floor":20.0,"key":"Replay:PocketPolymizer"},{"floor":21.0,"key":"Toy Ornithopter"},{"floor":24.0,"key":"aspiration:ChemicalBlood"},{"floor":26.0,"key":"Garlic"},{"floor":28.0,"key":"Dota2Spire:BattleFury"},{"floor":29,"key":"reliquary:PorcupineQuills"},{"floor":30,"key":"Dota2Spire:BladeMail"},{"floor":31,"key":"Quantum Egg"}],"event_choices":[],"is_beta":false,"boss_relics":[{"not_picked":["Tiny House","hubris:CrackedHourglass"],"picked":"hubris:HollowSoul"}],"items_purged_floors":[],"is_endless":false,"potions_floor_spawned":[1,4,14,16,20,29,31],"killed_by":"theJungle:QueenSpyder","ascension_level":1}}