{"host":"2e3z4r48quhw80cc","time":1612882307,"event":{"mods":["BaseMod","Minty Spire (QoL Compilation)","Quick Restart","StSLib","SuperFastMode"],"gold_per_floor":[110,285,164,164,183,210,223,223,270,285,285,296,322,341,341,439,439,452,433,532,532,532,562,580,580,654,689,689,705,95,115,115,210,210,220,442,295,345,192,192,220,220,274,309,223,236,90,102,102,102],"floor_reached":51,"language":"KOR","playtime":5371,"items_purged":["Doubt","Dash"],"score":1212,"play_id":"979951d1-0cee-47a1-aa9f-d7079d4860f3","local_time":"20210209235147","is_ascension_mode":true,"campfire_choices":[{"data":"Well Laid Plans","floor":8.0,"key":"SMITH"},{"data":"Neutralize","floor":11.0,"key":"SMITH"},{"data":"Malaise","floor":15.0,"key":"SMITH"},{"data":"Tactician","floor":28.0,"key":"SMITH"},{"floor":32.0,"key":"REST"},{"floor":40.0,"key":"DIG"},{"data":"Night Terror","floor":42.0,"key":"SMITH"},{"floor":49.0,"key":"DIG"}],"circlet_count":0,"master_deck":["AscendersBane","Survivor","Neutralize+1","Concentrate+1","Footwork+1","Deadly Poison+1","Backflip+1","Bane","Well Laid Plans+1","Blade Dance","Flying Knee","Tactician+1","Malaise+1","Doppelganger","Acrobatics","Dash","Flechettes","Reflex","Night Terror+1","Blur","Escape Plan","Noxious Fumes+1"],"relics":["Astrolabe","Blood Vial","Lantern","Anchor","Pandora\u0027s Box","Vajra","Mummified Hand","Red Mask","HornCleat","Singing Bowl","Black Star","ClockworkSouvenir","Shovel","Omamori","Juzu Bracelet","Happy Flower","Shuriken","Centennial Puzzle","Bag of Preparation","Letter Opener","TheAbacus","Bird Faced Urn"],"acts_visited":["Exordium","TheCity","TheBeyond"],"potions_floor_usage":[50],"damage_taken":[{"damage":0.0,"enemies":"Cultist","floor":1.0,"turns":4.0},{"damage":0.0,"enemies":"Small Slimes","floor":5.0,"turns":3.0},{"damage":16.0,"enemies":"Gremlin Nob","floor":6.0,"turns":4.0},{"damage":0.0,"enemies":"Jaw Worm","floor":7.0,"turns":4.0},{"damage":4.0,"enemies":"3 Louse","floor":10.0,"turns":5.0},{"damage":1.0,"enemies":"Large Slime","floor":12.0,"turns":4.0},{"damage":0.0,"enemies":"Lagavulin","floor":13.0,"turns":8.0},{"damage":0.0,"enemies":"Looter","floor":14.0,"turns":3.0},{"damage":6.0,"enemies":"The Guardian","floor":16.0,"turns":13.0},{"damage":7.0,"enemies":"Chosen","floor":18.0,"turns":7.0},{"damage":0.0,"enemies":"2 Thieves","floor":19.0,"turns":4.0},{"damage":6.0,"enemies":"Book of Stabbing","floor":23.0,"turns":6.0},{"damage":6.0,"enemies":"Snake Plant","floor":24.0,"turns":5.0},{"damage":22.0,"enemies":"Masked Bandits","floor":27.0,"turns":6.0},{"damage":4.0,"enemies":"Sentry and Sphere","floor":29.0,"turns":7.0},{"damage":3.0,"enemies":"Cultist and Chosen","floor":31.0,"turns":9.0},{"damage":11.0,"enemies":"Champ","floor":33.0,"turns":11.0},{"damage":0.0,"enemies":"3 Shapes","floor":35.0,"turns":6.0},{"damage":0.0,"enemies":"Mind Bloom Boss Battle","floor":38.0,"turns":7.0},{"damage":5.0,"enemies":"Reptomancer","floor":41.0,"turns":7.0},{"damage":21.0,"enemies":"Nemesis","floor":44.0,"turns":7.0},{"damage":0.0,"enemies":"3 Darklings","floor":46.0,"turns":5.0},{"damage":0.0,"enemies":"Spire Growth","floor":48.0,"turns":5.0},{"damage":11,"enemies":"Awakened One","floor":50,"turns":12}],"seed_played":"8357804333635976246","potions_obtained":[{"floor":5.0,"key":"GamblersBrew"},{"floor":10.0,"key":"EssenceOfSteel"},{"floor":16.0,"key":"AttackPotion"},{"floor":29.0,"key":"DuplicationPotion"},{"floor":41.0,"key":"SpeedPotion"},{"floor":44.0,"key":"Ancient Potion"}],"is_trial":false,"path_per_floor":["M","?","$","?","M","E","M","R","T","M","R","M","E","M","R","B",null,"M","M","?","?","?","E","M","?","T","?","R","M","$","M","R","B",null,"M","?","$","?","$","R","E","R","T","E","?","M","$","M","R","B",null],"character_chosen":"THE_SILENT","items_purchased":["Bane","HornCleat","Singing Bowl","ClockworkSouvenir","Omamori","TheAbacus"],"campfire_rested":1,"item_purchase_floors":[3,30,30,37,39,47],"current_hp_per_floor":[63,63,63,49,49,33,35,35,35,33,33,34,36,38,38,34,61,56,58,58,45,45,41,37,37,37,17,17,15,15,14,36,29,65,67,67,67,71,71,71,70,70,70,53,53,57,57,61,61,58],"gold":102,"neow_bonus":"BOSS_RELIC","is_daily":false,"chose_seed":false,"campfire_upgraded":5,"win_rate":0.0,"timestamp":1612882307,"path_taken":["M","?","$","?","?","E","M","R","T","M","R","M","E","M","R","BOSS","M","M","?","?","?","E","?","?","T","?","R","M","$","M","R","BOSS","M","?","$","?","$","R","E","R","T","E","?","M","?","M","R","BOSS"],"items_purchased_type":["Card","Relic","Relic","Relic","Relic","Relic"],"build_version":"2020-12-22","purchased_purges":2,"victory":true,"max_hp_per_floor":[70,70,70,70,70,70,70,70,70,70,70,70,70,70,70,70,70,70,70,70,75,75,75,75,75,75,75,75,75,75,75,75,77,77,77,77,77,79,79,79,81,81,81,83,83,85,85,87,87,87],"card_choices":[{"not_picked":["Deflect","Sucker Punch"],"picked":"Backflip","floor":1.0},{"not_picked":["Underhanded Strike","Tactician"],"picked":"Well Laid Plans","floor":5.0},{"not_picked":["Prepared","Underhanded Strike"],"picked":"Blade Dance","floor":6.0},{"not_picked":["PiercingWail","Finisher"],"picked":"Flying Knee","floor":7.0},{"not_picked":["Predator","Underhanded Strike","Dodge and Roll"],"picked":"SKIP","floor":10.0},{"not_picked":["All Out Attack","Outmaneuver"],"picked":"Tactician","floor":12.0},{"not_picked":["Blade Dance","Concentrate"],"picked":"Malaise","floor":13.0},{"not_picked":["Sucker Punch","Well Laid Plans","Dagger Spray"],"picked":"SKIP","floor":14.0},{"not_picked":["Phantasmal Killer","Grand Finale"],"picked":"Doppelganger","floor":16.0},{"not_picked":["Blade Dance","All Out Attack","Dagger Spray"],"picked":"SKIP","floor":18.0},{"not_picked":["Dagger Spray","Prepared","Masterful Stab"],"picked":"SKIP","floor":19.0},{"not_picked":["Poisoned Stab","Dagger Throw","Dagger Spray"],"picked":"SKIP","floor":23.0},{"not_picked":["Dodge and Roll","Poisoned Stab","PiercingWail"],"picked":"SKIP","floor":24.0},{"not_picked":["Footwork","Predator+1","Envenom"],"picked":"SKIP","floor":29.0},{"not_picked":["Skewer","Sucker Punch+1"],"picked":"Escape Plan","floor":31.0},{"not_picked":["Corpse Explosion","Malaise","Phantasmal Killer"],"picked":"Singing Bowl","floor":33.0},{"not_picked":["Heel Hook","Reflex+1"],"picked":"Noxious Fumes+1","floor":35.0},{"not_picked":["Deadly Poison+1","Prepared","Cloak And Dagger"],"picked":"Singing Bowl","floor":38.0},{"not_picked":["Bouncing Flask+1","Grand Finale","Leg Sweep+1"],"picked":"Singing Bowl","floor":41.0},{"not_picked":["Catalyst+1","Underhanded Strike","Quick Slash+1"],"picked":"Singing Bowl","floor":44.0},{"not_picked":["Underhanded Strike+1","Choke","Quick Slash"],"picked":"Singing Bowl","floor":46.0},{"not_picked":["All Out Attack","Bane+1","Expertise+1"],"picked":"Singing Bowl","floor":48.0}],"player_experience":178633,"relics_obtained":[{"floor":6.0,"key":"Blood Vial"},{"floor":9.0,"key":"Lantern"},{"floor":13.0,"key":"Anchor"},{"floor":23.0,"key":"Vajra"},{"floor":26.0,"key":"Mummified Hand"},{"floor":27.0,"key":"Red Mask"},{"floor":38.0,"key":"Shovel"},{"floor":40.0,"key":"Juzu Bracelet"},{"floor":41.0,"key":"Happy Flower"},{"floor":41.0,"key":"Shuriken"},{"floor":43.0,"key":"Centennial Puzzle"},{"floor":44.0,"key":"Bag of Preparation"},{"floor":49.0,"key":"Bird Faced Urn"}],"event_choices":[{"damage_healed":0.0,"max_hp_gain":0.0,"max_hp_loss":0.0,"gold_gain":175.0,"event_name":"Liars Game","player_choice":"AGREE","floor":2.0,"gold_loss":0.0,"damage_taken":0.0,"cards_obtained":["Doubt"]},{"damage_healed":0.0,"max_hp_gain":0.0,"max_hp_loss":0.0,"gold_gain":0.0,"event_name":"Shining Light","player_choice":"Entered Light","floor":4.0,"gold_loss":0.0,"damage_taken":14.0,"cards_upgraded":["Backflip","Strike_G"]},{"damage_healed":0.0,"max_hp_gain":0.0,"max_hp_loss":0.0,"gold_gain":99.0,"event_name":"Nest","player_choice":"Stole From Cult","floor":20.0,"gold_loss":0.0,"damage_taken":0.0},{"damage_healed":0.0,"max_hp_gain":5.0,"max_hp_loss":0.0,"gold_gain":0.0,"event_name":"Forgotten Altar","player_choice":"Shed Blood","floor":21.0,"gold_loss":0.0,"damage_taken":18.0},{"damage_healed":0.0,"max_hp_gain":0.0,"max_hp_loss":0.0,"gold_gain":0.0,"event_name":"The Woman in Blue","player_choice":"Bought 0 Potions","floor":22.0,"gold_loss":0.0,"damage_taken":0.0},{"damage_healed":0.0,"max_hp_gain":0.0,"max_hp_loss":0.0,"gold_gain":0.0,"event_name":"Ghosts","player_choice":"Ignored","floor":25.0,"gold_loss":0.0,"damage_taken":0.0},{"damage_healed":0.0,"max_hp_gain":0.0,"max_hp_loss":0.0,"gold_gain":0.0,"event_name":"Masked Bandits","player_choice":"Fought Bandits","floor":27.0,"gold_loss":0.0,"damage_taken":0.0},{"damage_healed":0.0,"max_hp_gain":0.0,"max_hp_loss":0.0,"gold_gain":222.0,"event_name":"Tomb of Lord Red Mask","player_choice":"Wore Mask","floor":36.0,"gold_loss":0.0,"damage_taken":0.0},{"damage_healed":0.0,"max_hp_gain":0.0,"max_hp_loss":0.0,"gold_gain":0.0,"event_name":"MindBloom","player_choice":"Fight","floor":38.0,"gold_loss":0.0,"damage_taken":0.0},{"damage_healed":0.0,"max_hp_gain":0.0,"max_hp_loss":0.0,"gold_gain":0.0,"event_name":"WeMeetAgain","player_choice":"Paid Gold","floor":45.0,"gold_loss":86.0,"damage_taken":0.0,"relics_obtained":["Letter Opener"]}],"is_beta":false,"boss_relics":[{"not_picked":["Snecko Eye","Fusion Hammer"],"picked":"Pandora\u0027s Box"},{"not_picked":["Runic Pyramid","SacredBark"],"picked":"Black Star"}],"items_purged_floors":[3,30],"is_endless":false,"potions_floor_spawned":[5,10,16,24,27,29,33,41,44,46],"ascension_level":10}}