{"host":"rolltorest","time":1612907182,"event":{"mods":["BaseMod","Minty Spire (QoL Compilation)","Relic Stats","Slay the Relics Exporter","StSLib"],"gold_per_floor":[110,110,110,110,126,126,160,65,89,89,120,120,146,224,224,317,317,332,376,291,314,79,110,110,148,227,227,252,252,252,252,252,252,252],"floor_reached":33,"language":"ENG","playtime":845,"items_purged":["Strike_P"],"score":695,"play_id":"a22b789a-5fdf-45d6-a13c-87e2822559f2","local_time":"20210209134622","is_ascension_mode":true,"campfire_choices":[{"data":"FlurryOfBlows","floor":6,"key":"SMITH"},{"floor":10,"key":"REST"},{"data":"EmptyFist","floor":12,"key":"SMITH"},{"data":"TalkToTheHand","floor":15,"key":"SMITH"},{"data":"Consecrate","floor":24,"key":"SMITH"},{"data":"Blasphemy","floor":32,"key":"SMITH"}],"circlet_count":0,"master_deck":["AscendersBane","Strike_P","Strike_P","Strike_P","Defend_P","Defend_P","Defend_P","Defend_P","Eruption","Vigilance","FlurryOfBlows+1","ThirdEye","CutThroughFate","Wireheading","EmptyFist+1","TalkToTheHand+1","Consecrate+1","CarveReality","Judgement","BowlingBash","Tantrum","Indignation","Normality","Scrawl","Blasphemy+1","RitualDagger"],"relics":["Sozu","Golden Idol","Akabeko","InkBottle","Bag of Marbles","Eternal Feather","Odd Mushroom","Mango","Cursed Key","Red Mask","Strawberry","PreservedInsect","Darkstone Periapt","Pear","Ornamental Fan","MutagenicStrength"],"acts_visited":["Exordium","TheCity"],"potions_floor_usage":[],"damage_taken":[{"damage":7,"enemies":"Jaw Worm","floor":1,"turns":4},{"damage":0,"enemies":"Small Slimes","floor":5,"turns":3},{"damage":44,"enemies":"Lagavulin","floor":7,"turns":6},{"damage":0,"enemies":"Gremlin Nob","floor":11,"turns":2},{"damage":0,"enemies":"The Mushroom Lair","floor":13,"turns":2},{"damage":6,"enemies":"3 Sentries","floor":14,"turns":7},{"damage":3,"enemies":"Hexaghost","floor":16,"turns":6},{"damage":2,"enemies":"2 Thieves","floor":18,"turns":3},{"damage":0,"enemies":"Masked Bandits","floor":19,"turns":2},{"damage":0,"enemies":"3 Byrds","floor":21,"turns":3},{"damage":0,"enemies":"Gremlin Leader","floor":23,"turns":4},{"damage":12,"enemies":"Book of Stabbing","floor":25,"turns":3},{"damage":0,"enemies":"Snecko","floor":28,"turns":2},{"damage":110,"enemies":"Champ","floor":33,"turns":11}],"seed_played":"711626579740101806","potions_obtained":[],"is_trial":false,"path_per_floor":["M","?","?","T","M","R","E","$","T","R","E","R","?","?","R","B",null,"M","?","?","M","$","E","R","E","T","?","M","T","?","?","R","B"],"character_chosen":"WATCHER","items_purchased":["Wireheading","EmptyFist","PreservedInsect"],"campfire_rested":1,"item_purchase_floors":[8,8,22],"current_hp_per_floor":[54,54,49,49,49,49,5,5,5,23,23,32,32,40,49,46,69,67,67,74,74,74,74,83,81,87,87,87,87,81,81,96,0,0],"gold":252,"neow_bonus":"BOSS_RELIC","is_daily":false,"chose_seed":false,"campfire_upgraded":5,"win_rate":0.0,"timestamp":1612907182,"path_taken":["M","?","?","?","M","R","E","$","T","R","E","R","?","?","R","BOSS","M","?","?","?","$","E","R","E","T","?","M","?","?","?","R","BOSS"],"items_purchased_type":["Card","Card","Relic"],"build_version":"2020-12-18","purchased_purges":1,"victory":false,"max_hp_per_floor":[68,62,62,62,62,62,62,62,62,62,62,62,62,76,76,76,76,76,76,83,83,83,83,83,93,99,99,99,99,99,99,99,99,99],"relic_stats":{"Sozu":7,"Darkstone Periapt":6,"counters":[14,58],"Golden Idol":100,"Ornamental Fan":[44],"Eternal Feather":42,"PreservedInsect":101,"Cursed Key":1,"obtain_stats":[{"Darkstone Periapt":23,"Pear":25,"Golden Idol":2,"Eternal Feather":11,"Mango":14,"PreservedInsect":22,"Odd Mushroom":13,"Cursed Key":17,"Akabeko":3,"Sozu":0,"Ornamental Fan":26,"Strawberry":20,"MutagenicStrength":31,"Bag of Marbles":7,"Red Mask":19,"PureWater":0,"InkBottle":4},{"Darkstone Periapt":11,"Pear":12,"Golden Idol":1,"Eternal Feather":4,"Mango":6,"PreservedInsect":10,"Odd Mushroom":5,"Cursed Key":7,"Akabeko":1,"Sozu":0,"Ornamental Fan":12,"Strawberry":9,"MutagenicStrength":13,"Bag of Marbles":3,"Red Mask":9,"PureWater":0,"InkBottle":1},{"Darkstone Periapt":42,"Pear":45,"Golden Idol":4,"Eternal Feather":15,"Mango":24,"PreservedInsect":38,"Odd Mushroom":17,"Cursed Key":30,"Akabeko":4,"Sozu":0,"Ornamental Fan":45,"Strawberry":35,"MutagenicStrength":47,"Bag of Marbles":13,"Red Mask":35,"PureWater":0,"InkBottle":4}],"InkBottle":[20]},"card_choices":[{"not_picked":["FlyingSleeves","FollowUp"],"picked":"FlurryOfBlows","floor":1},{"not_picked":["MentalFortress","Protect"],"picked":"ThirdEye","floor":5},{"not_picked":["EmptyMind","EmptyBody"],"picked":"CutThroughFate","floor":7},{"not_picked":["JustLucky","EmptyFist"],"picked":"TalkToTheHand","floor":11},{"not_picked":["Omniscience","PathToVictory"],"picked":"Consecrate","floor":13},{"not_picked":["Sanctity","BowlingBash"],"picked":"CarveReality","floor":14},{"not_picked":["Alpha","Establishment"],"picked":"Judgement","floor":16},{"not_picked":["DeceiveReality","JustLucky","SashWhip"],"picked":"SKIP","floor":18},{"not_picked":["InnerPeace","WindmillStrike"],"picked":"BowlingBash","floor":19},{"not_picked":["Collect","Protect","EmptyBody"],"picked":"SKIP","floor":21},{"not_picked":["WreathOfFlame","SandsOfTime"],"picked":"Tantrum","floor":23},{"not_picked":["CrushJoints","Crescendo"],"picked":"Indignation","floor":25},{"not_picked":["Protect","EmptyBody"],"picked":"Blasphemy","floor":28}],"player_experience":1933172,"relics_obtained":[{"floor":4,"key":"InkBottle"},{"floor":7,"key":"Bag of Marbles"},{"floor":11,"key":"Eternal Feather"},{"floor":13,"key":"Odd Mushroom"},{"floor":14,"key":"Mango"},{"floor":19,"key":"Red Mask"},{"floor":23,"key":"Darkstone Periapt"},{"floor":25,"key":"Pear"},{"floor":26,"key":"Ornamental Fan"}],"event_choices":[{"damage_healed":0,"gold_gain":0,"player_choice":"Lose Max HP","damage_taken":0,"relics_obtained":["Golden Idol"],"max_hp_gain":0,"max_hp_loss":6,"event_name":"Golden Idol","floor":2,"gold_loss":0},{"damage_healed":0,"gold_gain":0,"player_choice":"Success","damage_taken":5,"relics_obtained":["Akabeko"],"max_hp_gain":0,"max_hp_loss":0,"event_name":"Scrap Ooze","floor":3,"gold_loss":0},{"damage_healed":0,"gold_gain":0,"player_choice":"Fought Mushrooms","damage_taken":0,"max_hp_gain":0,"max_hp_loss":0,"event_name":"Mushrooms","floor":13,"gold_loss":0},{"damage_healed":0,"gold_gain":0,"player_choice":"Searched \u00271\u0027 times","damage_taken":0,"max_hp_gain":0,"max_hp_loss":0,"event_name":"Dead Adventurer","floor":14,"gold_loss":0},{"damage_healed":0,"gold_gain":0,"player_choice":"Fought Bandits","damage_taken":0,"max_hp_gain":0,"max_hp_loss":0,"event_name":"Masked Bandits","floor":19,"gold_loss":0},{"damage_healed":0,"gold_gain":0,"player_choice":"Obtained Relic","damage_taken":0,"relics_obtained":["Strawberry"],"max_hp_gain":0,"max_hp_loss":0,"event_name":"Addict","floor":20,"gold_loss":85},{"damage_healed":0,"gold_gain":0,"player_choice":"Read","damage_taken":0,"max_hp_gain":0,"max_hp_loss":0,"event_name":"The Library","floor":27,"gold_loss":0,"cards_obtained":["Scrawl"]},{"damage_healed":0,"gold_gain":0,"player_choice":"Joined the Cult","damage_taken":6,"max_hp_gain":0,"max_hp_loss":0,"event_name":"Nest","floor":30,"gold_loss":0,"cards_obtained":["RitualDagger"]},{"damage_healed":0,"gold_gain":0,"player_choice":"Inject Mutagens","damage_taken":0,"relics_obtained":["MutagenicStrength"],"max_hp_gain":0,"max_hp_loss":0,"event_name":"Drug Dealer","floor":31,"gold_loss":0}],"is_beta":true,"boss_relics":[{"not_picked":["Velvet Choker","Calling Bell"],"picked":"Cursed Key"}],"items_purged_floors":[22],"is_endless":false,"potions_floor_spawned":[7,13,14,16,18,23,25],"killed_by":"Champ","ascension_level":20}}