{"host":"y3h3n3f7seyagppx","time":1612897087,"event":{"mods":["AlwaysNeverKeys","BaseMod","Better Vampires","Colored Powertips","DeckTracker","Emptier Cage","Minty Spire (QoL Compilation)","Permanent Neow","Quick Restart","Rare Cards Sparkle","Relic Sorter","Relic Stats","StSLib","Transform Curses"],"gold_per_floor":[13,13,26,36,36,36,61,61,85,111,36,63,63,92,92,168,168,185,235,250,260,270,304,304,330,408,439,52,70,98,108,108,186,186,198,18,28,28,48,78,78,111,156,181,181,28,28,60,60,60,60,60,60,6,37,37],"floor_reached":57,"language":"ENG","playtime":9628,"items_purged":["Strike_R","Injury","Strike_R"],"score":3048,"play_id":"f75f3500-58ef-4a8c-9b1b-57fdb2c497b5","local_time":"20210209135807","is_ascension_mode":true,"campfire_choices":[{"data":"Bludgeon","floor":6.0,"key":"SMITH"},{"data":"Uppercut","floor":8.0,"key":"SMITH"},{"data":"Power Through","floor":13.0,"key":"SMITH"},{"data":"Power Through","floor":15.0,"key":"SMITH"},{"data":"Offering","floor":24.0,"key":"SMITH"},{"data":"Double Tap","floor":32.0,"key":"SMITH"},{"floor":41.0,"key":"REST"},{"data":"Demon Form","floor":49.0,"key":"SMITH"},{"floor":53.0,"key":"REST"}],"circlet_count":0,"master_deck":["AscendersBane","Strike_R","Strike_R","Strike_R","Defend_R","Defend_R","Defend_R","Defend_R","Bash+1","Offering+1","Anger","Bludgeon+1","Uppercut+1","Power Through+1","Dropkick","Power Through+1","Feed+1","Disarm","Flame Barrier+1","Shrug It Off","Double Tap+1","Exhume","Demon Form+1","Shrug It Off","Enlightenment","Disarm","Uppercut+1","Clumsy","Reaper+1","Fire Breathing+1","Pommel Strike+1","Reaper+1"],"relics":["Burning Blood","PreservedInsect","Boot","Lantern","Pen Nib","Oddly Smooth Stone","Cursed Key","Tiny Chest","Molten Egg 2","StrikeDummy","Ornamental Fan","Paper Frog","Whetstone","Philosopher\u0027s Stone","Juzu Bracelet","Singing Bowl","Art of War","Bottled Flame","Ice Cream","Nunchaku"],"acts_visited":["Exordium","TheCity","TheBeyond","TheEnding"],"potions_floor_usage":[56,56],"damage_taken":[{"damage":3.0,"enemies":"2 Louse","floor":1.0,"turns":6.0},{"damage":6.0,"enemies":"Cultist","floor":3.0,"turns":2.0},{"damage":2.0,"enemies":"Small Slimes","floor":4.0,"turns":3.0},{"damage":6.0,"enemies":"Gremlin Nob","floor":7.0,"turns":3.0},{"damage":10.0,"enemies":"3 Sentries","floor":10.0,"turns":4.0},{"damage":0.0,"enemies":"Gremlin Nob","floor":12.0,"turns":2.0},{"damage":21.0,"enemies":"3 Sentries","floor":14.0,"turns":5.0},{"damage":17.0,"enemies":"Slime Boss","floor":16.0,"turns":8.0},{"damage":5.0,"enemies":"Spheric Guardian","floor":18.0,"turns":3.0},{"damage":9.0,"enemies":"Shell Parasite","floor":20.0,"turns":5.0},{"damage":15.0,"enemies":"Shelled Parasite and Fungi","floor":21.0,"turns":4.0},{"damage":0.0,"enemies":"Snecko","floor":22.0,"turns":2.0},{"damage":6.0,"enemies":"Book of Stabbing","floor":23.0,"turns":4.0},{"damage":19.0,"enemies":"Slavers","floor":25.0,"turns":5.0},{"damage":14.0,"enemies":"Book of Stabbing","floor":27.0,"turns":4.0},{"damage":9.0,"enemies":"Centurion and Healer","floor":29.0,"turns":8.0},{"damage":18.0,"enemies":"Gremlin Leader","floor":30.0,"turns":4.0},{"damage":6.0,"enemies":"3 Cultists","floor":31.0,"turns":4.0},{"damage":59.0,"enemies":"Champ","floor":33.0,"turns":13.0},{"damage":7.0,"enemies":"3 Shapes","floor":35.0,"turns":7.0},{"damage":20.0,"enemies":"Orb Walker","floor":37.0,"turns":4.0},{"damage":35.0,"enemies":"Maw","floor":39.0,"turns":7.0},{"damage":48.0,"enemies":"Giant Head","floor":40.0,"turns":7.0},{"damage":6.0,"enemies":"Reptomancer","floor":42.0,"turns":1.0},{"damage":14.0,"enemies":"Nemesis","floor":44.0,"turns":4.0},{"damage":16.0,"enemies":"Giant Head","floor":48.0,"turns":5.0},{"damage":76.0,"enemies":"Awakened One","floor":50.0,"turns":11.0},{"damage":39.0,"enemies":"Time Eater","floor":51.0,"turns":9.0},{"damage":62.0,"enemies":"Shield and Spear","floor":55.0,"turns":4.0},{"damage":73,"enemies":"The Heart","floor":56,"turns":8}],"seed_played":"-1814512072182034868","potions_obtained":[{"floor":3.0,"key":"BloodPotion"},{"floor":7.0,"key":"ColorlessPotion"},{"floor":14.0,"key":"DuplicationPotion"},{"floor":21.0,"key":"BloodPotion"},{"floor":25.0,"key":"Energy Potion"},{"floor":31.0,"key":"BloodPotion"},{"floor":33.0,"key":"Energy Potion"},{"floor":37.0,"key":"Fire Potion"},{"floor":44.0,"key":"PowerPotion"},{"floor":55.0,"key":"Ancient Potion"}],"is_trial":false,"path_per_floor":["M","?","M","M","?","R","E","R","T","E","$","E","R","E","R","B",null,"M","?","M","M","M","E","R","E","T","E","$","M","E","M","R","B",null,"M","$","M","?","M","E","R","E","T","E","T","$","$","E","R","B","B",null,"R","$","E","B",null],"character_chosen":"IRONCLAD","items_purchased":["Paper Frog","BloodPotion","Reaper+1","Pommel Strike+1"],"campfire_rested":2,"item_purchase_floors":[28,36,46,54],"current_hp_per_floor":[71,71,71,75,75,75,75,75,75,71,71,75,75,60,60,49,69,70,63,60,66,72,72,72,74,74,66,66,66,57,65,65,12,70,77,96,101,91,66,24,55,55,55,49,49,49,49,88,88,74,41,97,115,115,63,34],"gold":37,"neow_bonus":"THREE_RARE_CARDS","is_daily":false,"chose_seed":false,"campfire_upgraded":7,"win_rate":0.0,"timestamp":1612897087,"path_taken":["M","?","?","M","?","R","E","R","T","E","?","E","R","E","R","BOSS","M","?","M","M","M","E","R","E","T","E","?","M","E","?","R","BOSS","M","$","M","?","M","E","R","E","T","E","?","?","$","E","R","BOSS","BOSS","R","$","E","BOSS"],"items_purchased_type":["Relic","Potion","Card","Card"],"build_version":"2020-12-22","purchased_purges":3,"victory":true,"max_hp_per_floor":[75,75,75,75,75,75,75,75,75,75,75,75,75,75,75,75,75,75,75,75,75,75,75,75,75,75,75,75,78,81,89,89,89,89,97,97,101,101,105,105,105,105,105,107,107,107,107,111,111,115,115,115,115,115,119,119],"relic_stats":{"Singing Bowl":2,"counters":[30,156],"PreservedInsect":708,"Pen Nib":[28],"Juzu Bracelet":0,"Whetstone":["Feed","Bash"],"Boot":[26],"Cursed Key":2,"Burning Blood":178,"Nunchaku":[1],"Ornamental Fan":[140],"Tiny Chest":1,"Art of War":[9],"obtain_stats":[{"Ice Cream":48,"Lantern":10,"Singing Bowl":42,"Oddly Smooth Stone":14,"PreservedInsect":7,"Pen Nib":12,"Juzu Bracelet":40,"Whetstone":30,"Boot":9,"Cursed Key":17,"Burning Blood":0,"Bottled Flame":44,"Nunchaku":55,"Ornamental Fan":27,"Tiny Chest":23,"Molten Egg 2":25,"Philosopher\u0027s Stone":34,"Art of War":43,"StrikeDummy":26,"Paper Frog":28},{"Ice Cream":26,"Lantern":5,"Singing Bowl":24,"Oddly Smooth Stone":7,"PreservedInsect":4,"Pen Nib":6,"Juzu Bracelet":23,"Whetstone":17,"Boot":4,"Cursed Key":8,"Burning Blood":0,"Bottled Flame":25,"Nunchaku":29,"Ornamental Fan":15,"Tiny Chest":13,"Molten Egg 2":14,"Philosopher\u0027s Stone":19,"Art of War":24,"StrikeDummy":14,"Paper Frog":15},{"Ice Cream":124,"Lantern":18,"Singing Bowl":115,"Oddly Smooth Stone":25,"PreservedInsect":14,"Pen Nib":20,"Juzu Bracelet":114,"Whetstone":72,"Boot":14,"Cursed Key":33,"Burning Blood":0,"Bottled Flame":119,"Nunchaku":148,"Ornamental Fan":60,"Tiny Chest":51,"Molten Egg 2":56,"Philosopher\u0027s Stone":89,"Art of War":115,"StrikeDummy":56,"Paper Frog":60}]},"card_choices":[{"not_picked":["Brutality","Reaper"],"picked":"Offering","floor":0.0},{"not_picked":["Shrug It Off","Flame Barrier"],"picked":"Anger","floor":1.0},{"not_picked":["Havoc","Iron Wave","Heavy Blade"],"picked":"SKIP","floor":3.0},{"not_picked":["Havoc","Iron Wave","Heavy Blade"],"picked":"SKIP","floor":3.0},{"not_picked":["Intimidate","Infernal Blade"],"picked":"Uppercut","floor":4.0},{"not_picked":["Inflame","Spot Weakness"],"picked":"Power Through","floor":7.0},{"not_picked":["Warcry","Entrench","Reckless Charge"],"picked":"SKIP","floor":10.0},{"not_picked":["Sever Soul","Clash"],"picked":"Dropkick","floor":12.0},{"not_picked":["Shockwave","Searing Blow"],"picked":"Power Through","floor":14.0},{"not_picked":["Bludgeon","Berserk"],"picked":"Feed","floor":16.0},{"not_picked":["Heavy Blade+1","Pummel","Wild Strike"],"picked":"SKIP","floor":18.0},{"not_picked":["Flame Barrier","Thunderclap","Heavy Blade"],"picked":"SKIP","floor":20.0},{"not_picked":["Flame Barrier","Thunderclap","Heavy Blade"],"picked":"SKIP","floor":20.0},{"not_picked":["Flame Barrier","Thunderclap","Heavy Blade"],"picked":"SKIP","floor":20.0},{"not_picked":["Flame Barrier","Thunderclap","Heavy Blade"],"picked":"SKIP","floor":20.0},{"not_picked":["Flame Barrier","Thunderclap","Heavy Blade"],"picked":"SKIP","floor":20.0},{"not_picked":["True Grit","Pommel Strike","Cleave"],"picked":"SKIP","floor":21.0},{"not_picked":["True Grit","Pommel Strike","Cleave"],"picked":"SKIP","floor":21.0},{"not_picked":["Cleave","Clothesline+1"],"picked":"Disarm","floor":22.0},{"not_picked":["Intimidate","Power Through"],"picked":"Flame Barrier+1","floor":23.0},{"not_picked":["Sword Boomerang+1","Armaments","Shrug It Off"],"picked":"SKIP","floor":25.0},{"not_picked":["Sword Boomerang+1","Armaments"],"picked":"Shrug It Off","floor":25.0},{"not_picked":["Armaments","Intimidate","Perfected Strike+1"],"picked":"SKIP","floor":27.0},{"not_picked":["Infernal Blade+1","Headbutt+1"],"picked":"Double Tap","floor":29.0},{"not_picked":["Intimidate+1","Clothesline+1"],"picked":"Exhume","floor":30.0},{"not_picked":["Rupture+1","Flex","Warcry"],"picked":"SKIP","floor":31.0},{"not_picked":["Fiend Fire+1","Juggernaut"],"picked":"Demon Form","floor":33.0},{"not_picked":["Perfected Strike+1","Thunderclap+1","Carnage+1"],"picked":"SKIP","floor":35.0},{"not_picked":["Warcry","Wild Strike+1"],"picked":"Shrug It Off","floor":37.0},{"not_picked":["PanicButton","Trip"],"picked":"Enlightenment","floor":38.0},{"not_picked":["Rage","Wild Strike+1","Rupture"],"picked":"SKIP","floor":39.0},{"not_picked":["Sentinel","Twin Strike+1"],"picked":"Disarm","floor":40.0},{"not_picked":["Clothesline+1","Rampage+1"],"picked":"Uppercut+1","floor":42.0},{"not_picked":["Uppercut+1","Inflame","Reckless Charge+1"],"picked":"Singing Bowl","floor":44.0},{"not_picked":["Iron Wave+1","Clothesline+1"],"picked":"Fire Breathing+1","floor":48.0},{"not_picked":["Sentinel+1","Clothesline+1"],"picked":"Reaper+1","floor":55.0}],"player_experience":22036138,"relics_obtained":[{"floor":7.0,"key":"PreservedInsect"},{"floor":9.0,"key":"Boot"},{"floor":10.0,"key":"Lantern"},{"floor":12.0,"key":"Pen Nib"},{"floor":14.0,"key":"Oddly Smooth Stone"},{"floor":23.0,"key":"Tiny Chest"},{"floor":25.0,"key":"Molten Egg 2"},{"floor":26.0,"key":"StrikeDummy"},{"floor":27.0,"key":"Ornamental Fan"},{"floor":30.0,"key":"Whetstone"},{"floor":40.0,"key":"Juzu Bracelet"},{"floor":42.0,"key":"Singing Bowl"},{"floor":43.0,"key":"Art of War"},{"floor":44.0,"key":"Bottled Flame"},{"floor":48.0,"key":"Ice Cream"},{"floor":55.0,"key":"Nunchaku"}],"event_choices":[{"damage_healed":0.0,"max_hp_gain":0.0,"max_hp_loss":0.0,"gold_gain":0.0,"event_name":"Match and Keep!","player_choice":"1 cards matched","floor":2.0,"gold_loss":0.0,"damage_taken":0.0,"cards_obtained":["Bludgeon"]},{"damage_healed":0.0,"max_hp_gain":0.0,"max_hp_loss":0.0,"gold_gain":0.0,"event_name":"Wheel of Change","player_choice":"Full Heal","floor":5.0,"gold_loss":0.0,"damage_taken":0.0},{"damage_healed":0.0,"max_hp_gain":0.0,"max_hp_loss":0.0,"gold_gain":50.0,"event_name":"FaceTrader","player_choice":"Touch","floor":19.0,"gold_loss":0.0,"damage_taken":7.0},{"damage_healed":0.0,"max_hp_gain":0.0,"max_hp_loss":0.0,"gold_gain":0.0,"event_name":"SensoryStone","player_choice":"Memory 3","floor":38.0,"gold_loss":0.0,"damage_taken":10.0}],"is_beta":false,"boss_relics":[{"not_picked":["SlaversCollar","Runic Pyramid"],"picked":"Cursed Key"},{"not_picked":["SacredBark","Pandora\u0027s Box"],"picked":"Philosopher\u0027s Stone"}],"items_purged_floors":[11,28,36],"is_endless":false,"potions_floor_spawned":[3,7,14,18,21,22,25,29,31,33,37,44,55],"ascension_level":20}}