{"host":"5h6e4l6hpn0p5lap","time":1612838701,"event":{"mods":["AchievementEnabler","BaseMod","Better Altar","Better Match","Better Sensory Stone","Better Skull","Better Third Choice","Colored Map","Filter the Spire","Minty Spire (QoL Compilation)","StSLib"],"gold_per_floor":[118,128,139,151,165,193,193,223,223,255,255,271,271,0,0,102,102,121,121,121],"floor_reached":19,"language":"ENG","playtime":701,"items_purged":["Strike_B"],"score":242,"play_id":"9964e62d-a7ee-4e7c-aea9-5449c27e2c81","local_time":"20210208214501","is_ascension_mode":true,"campfire_choices":[{"floor":7,"key":"REST"},{"floor":11,"key":"REST"},{"data":"Zap","floor":13,"key":"SMITH"},{"data":"Conserve Battery","floor":15,"key":"SMITH"}],"circlet_count":0,"master_deck":["Strike_B","Strike_B","Strike_B","Defend_B","Defend_B","Defend_B","Defend_B","Zap+1","Dualcast","Swift Strike","Genetic Algorithm","Conserve Battery+1","Defragment","Compile Driver","Beam Cell","Biased Cognition","Melter","BootSequence+1","Rainbow+1","Cold Snap","Core Surge","Defragment"],"relics":["Cracked Core","Toxic Egg 2","Nunchaku","Anchor","Sozu"],"acts_visited":["Exordium","TheCity"],"potions_floor_usage":[],"damage_taken":[{"damage":0,"enemies":"Small Slimes","floor":1,"turns":2},{"damage":8,"enemies":"Jaw Worm","floor":2,"turns":4},{"damage":1,"enemies":"2 Louse","floor":3,"turns":2},{"damage":4,"enemies":"2 Fungi Beasts","floor":4,"turns":4},{"damage":9,"enemies":"Blue Slaver","floor":5,"turns":4},{"damage":24,"enemies":"3 Sentries","floor":6,"turns":9},{"damage":13,"enemies":"Gremlin Nob","floor":10,"turns":4},{"damage":1,"enemies":"Looter","floor":12,"turns":2},{"damage":10,"enemies":"The Guardian","floor":16,"turns":10},{"damage":1,"enemies":"Shell Parasite","floor":18,"turns":4},{"damage":75,"enemies":"Masked Bandits","floor":19,"turns":4}],"seed_played":"7120446477053211655","potions_obtained":[{"floor":1,"key":"PotionOfCapacity"},{"floor":2,"key":"LiquidBronze"},{"floor":4,"key":"LiquidBronze"},{"floor":6,"key":"Energy Potion"}],"is_trial":false,"path_per_floor":["M","M","M","M","M","E","R","?","T","E","R","M","R","$","R","B",null,"M","?"],"character_chosen":"DEFECT","items_purchased":["Rainbow+1","Cold Snap"],"campfire_rested":2,"item_purchase_floors":[14,14],"current_hp_per_floor":[68,60,59,55,46,22,44,44,44,31,53,52,52,52,52,42,67,66,0,0],"gold":121,"neow_bonus":"RANDOM_COLORLESS","is_daily":false,"chose_seed":false,"campfire_upgraded":2,"win_rate":0.0,"timestamp":1612838701,"path_taken":["M","M","M","M","M","E","R","?","T","E","R","M","R","$","R","BOSS","M","?"],"items_purchased_type":["Card","Card"],"build_version":"2020-12-22","purchased_purges":1,"victory":false,"max_hp_per_floor":[75,75,75,75,75,75,75,75,75,75,75,75,75,75,75,75,75,75,75,75],"card_choices":[{"not_picked":["Finesse","Purity"],"picked":"Swift Strike","floor":0},{"not_picked":["Coolheaded","Steam"],"picked":"Genetic Algorithm","floor":1},{"not_picked":["Coolheaded","Loop"],"picked":"Conserve Battery","floor":2},{"not_picked":["Coolheaded","White Noise"],"picked":"Defragment","floor":3},{"not_picked":["Skim","Turbo"],"picked":"Compile Driver","floor":4},{"not_picked":["Steam","Capacitor"],"picked":"Beam Cell","floor":5},{"not_picked":["Multi-Cast+1","Hologram+1"],"picked":"Biased Cognition","floor":6},{"not_picked":["Storm","Hello World"],"picked":"Melter","floor":10},{"not_picked":["Sweeping Beam","Barrage"],"picked":"BootSequence+1","floor":12},{"not_picked":["Buffer","Multi-Cast+1"],"picked":"Core Surge","floor":16},{"not_picked":["Loop+1","BootSequence+1"],"picked":"Defragment","floor":18}],"player_experience":1083917,"relics_obtained":[{"floor":6,"key":"Toxic Egg 2"},{"floor":9,"key":"Nunchaku"},{"floor":10,"key":"Anchor"}],"event_choices":[{"damage_healed":0,"gold_gain":30,"player_choice":"Searched \u00272\u0027 times","damage_taken":0,"max_hp_gain":0,"max_hp_loss":0,"event_name":"Dead Adventurer","floor":8,"gold_loss":0},{"damage_healed":0,"gold_gain":0,"player_choice":"Fought Bandits","damage_taken":0,"max_hp_gain":0,"max_hp_loss":0,"event_name":"Masked Bandits","floor":19,"gold_loss":0}],"is_beta":false,"boss_relics":[{"not_picked":["Snecko Eye","Ectoplasm"],"picked":"Sozu"}],"items_purged_floors":[14],"is_endless":false,"potions_floor_spawned":[1,2,4,6,16,18],"killed_by":"Masked Bandits","ascension_level":7}}