{"host":"yrtk68ixj64vhhh3","time":1612845458,"event":{"mods":["2.2 Compatiblity","AchievementEnabler","Aspiration","BaseMod","Better Altar","Better Match","Better Note","Better Silent Start","Better Skull","Better Third Choice","Colored Map","Colored Powertips","Conspire","Dio Mod","Downfall","Energized Spire","Hubris","Infinite Spire","Minty Spire (QoL Compilation)","Prisma Mod","RNG Fix","Random Character Button","Random Character Mod","Reliquary","StSLib","Steal the Spire","Td1madao Mod","The Animator","The Bug Knight","The Mystic","The Poker Player","The Wild Card","TheBandit","TheHero"],"gold_per_floor":[116,116,0,0,10,44,44,61,61,61,61,95,114,132,132,236,236,255,255,0,15,33,33,51,80,106,106,106,106,106,124,124,225,225,239,250,250,267,283,283,283,283],"floor_reached":41,"language":"ENG","playtime":3260,"items_purged":["Pain"],"score":523,"play_id":"715d53be-e0bc-4f80-a714-0c7821980441","local_time":"20210209173738","is_ascension_mode":false,"campfire_choices":[{"floor":7,"key":"REST"},{"data":"Enlightenment","floor":10,"key":"SMITH"},{"floor":15,"key":"REST"},{"floor":23,"key":"RECALL"},{"floor":30,"key":"REST"},{"floor":32,"key":"REST"},{"floor":40,"key":"REST"}],"circlet_count":0,"master_deck":["mysticmod:Defend_Mystic","mysticmod:Defend_Mystic","mysticmod:Defend_Mystic","mysticmod:Defend_Mystic","mysticmod:ArcaneDodge","mysticmod:ShockingGrasp","mysticmod:CorrosiveTouch","Enlightenment+1","mysticmod:Sideswipe","mysticmod:Dedication","mysticmod:ComboCaster","mysticmod:BladedDash","mysticmod:Riposte","mysticmod:GeminiForm","mysticmod:Disintegrate","mysticmod:HeavyStrike+1","Mayhem","mysticmod:CorrosiveTouch","mysticmod:VorpalThrust","mysticmod:Probe","mysticmod:FloatingDisk+1","Bite","Bite","Bite","Bite","Bite","mysticmod:Flurry+1","mysticmod:Discipline","mysticmod:ComponentsPouch+1","mysticmod:SuddenClarity","mysticmod:Disengage+1","mysticmod:ClosingBarrage","mysticmod:PureInstinct+1","mysticmod:Fly+1","mysticmod:Dedication+1","mysticmod:LightningBolt+1","mysticmod:ComponentsPouch"],"relics":["mysticmod:SpellBook","WarpedTongs","Centennial Puzzle","reliquary:SharkskinSheath","mysticmod:CrystalBall","Anchor","Boot","Torii","energizedSpire:StickyHand","HollowMod:PaleOreRelic"],"acts_visited":["Exordium","TheCity","TheBeyond"],"potions_floor_usage":[16,16,24,33,33,33,41],"damage_taken":[{"damage":3,"enemies":"Cultist","floor":1,"turns":4},{"damage":5,"enemies":"Small Slimes","floor":5,"turns":4},{"damage":28,"enemies":"3 Sentries","floor":6,"turns":8},{"damage":2,"enemies":"2 Louse","floor":8,"turns":4},{"damage":12,"enemies":"Gremlin Nob","floor":12,"turns":3},{"damage":7,"enemies":"Red Slaver","floor":13,"turns":3},{"damage":12,"enemies":"2 Fungi Beasts","floor":14,"turns":5},{"damage":16,"enemies":"The Guardian","floor":16,"turns":11},{"damage":23,"enemies":"Shell Parasite","floor":18,"turns":5},{"damage":1,"enemies":"Chosen","floor":21,"turns":4},{"damage":12,"enemies":"Snecko","floor":22,"turns":5},{"damage":21,"enemies":"Shelled Parasite and Fungi","floor":24,"turns":5},{"damage":7,"enemies":"conspire:Head Lice","floor":25,"turns":6},{"damage":27,"enemies":"Sentry and Sphere","floor":31,"turns":6},{"damage":25,"enemies":"hubris:MusketHawk","floor":33,"turns":8},{"damage":0,"enemies":"3 Shapes","floor":35,"turns":3},{"damage":21,"enemies":"3 Darklings","floor":36,"turns":5},{"damage":26,"enemies":"Spire Growth","floor":38,"turns":5},{"damage":12,"enemies":"4 Shapes","floor":39,"turns":4},{"damage":40,"enemies":"Writhing Mass","floor":41,"turns":4}],"seed_played":"-8880907214176473133","potions_obtained":[{"floor":5,"key":"PowerPotion"},{"floor":8,"key":"SkillPotion"},{"floor":16,"key":"Energy Potion"},{"floor":18,"key":"conspire:TimeTravelPotion"},{"floor":21,"key":"mysticmod:EssenceOfMagic"},{"floor":31,"key":"LiquidBronze"},{"floor":35,"key":"Block Potion"},{"floor":38,"key":"FearPotion"},{"floor":39,"key":"Dexterity Potion"}],"is_trial":false,"path_per_floor":["M","?","?","?","M","E","R","M","T","R","?","E","M","M","R","B",null,"M","?","$","M","M","R","M","E","T","?","AVR","?","R","M","R","B",null,"M","M","AVR","M","M","R","M"],"character_chosen":"MYSTIC_CLASS","items_purchased":["Mayhem"],"campfire_rested":5,"item_purchase_floors":[20],"current_hp_per_floor":[81,81,87,87,82,54,81,79,79,79,79,67,60,48,75,59,90,67,67,67,66,54,54,41,34,34,34,34,34,52,32,50,39,62,62,43,43,24,17,35,0,0],"gold":283,"neow_bonus":"TEN_PERCENT_HP_BONUS","is_daily":false,"chose_seed":false,"campfire_upgraded":1,"win_rate":0.0,"timestamp":1612845458,"path_taken":["M","?","?","?","M","E","R","?","T","R","?","E","M","M","R","BOSS","M","?","$","M","M","R","M","E","T","?","AVR","?","R","M","R","BOSS","M","M","AVR","M","M","R","M"],"items_purchased_type":["Card"],"build_version":"2020-12-22","purchased_purges":1,"victory":false,"max_hp_per_floor":[84,84,90,90,90,90,90,90,90,90,90,90,90,90,90,90,90,90,90,90,90,90,90,90,90,90,90,90,62,62,62,62,62,62,62,62,62,62,62,62,62,62],"card_choices":[{"not_picked":["mysticmod:Flourish","mysticmod:IllusionOfCalm"],"picked":"mysticmod:CorrosiveTouch","floor":1},{"not_picked":["mysticmod:AllIn","mysticmod:PureInstinct"],"picked":"mysticmod:Sideswipe","floor":5},{"not_picked":["mysticmod:Fly","mysticmod:Shield"],"picked":"mysticmod:Dedication","floor":6},{"not_picked":["mysticmod:HeavyStrike","mysticmod:Dedication"],"picked":"mysticmod:ComboCaster","floor":8},{"not_picked":["mysticmod:Fireball","mysticmod:MightyMagic"],"picked":"mysticmod:BladedDash","floor":12},{"not_picked":["mysticmod:Probe","mysticmod:PowerSlash"],"picked":"mysticmod:Riposte","floor":13},{"not_picked":["mysticmod:Snowball","mysticmod:Alacrity"],"picked":"mysticmod:GeminiForm","floor":14},{"not_picked":["mysticmod:Spellstrike","mysticmod:Doublecast"],"picked":"mysticmod:Disintegrate","floor":16},{"not_picked":["mysticmod:Sideswipe+1","mysticmod:Snowball"],"picked":"mysticmod:HeavyStrike+1","floor":18},{"not_picked":["mysticmod:BladedDash","mysticmod:Alacrity+1"],"picked":"mysticmod:CorrosiveTouch","floor":21},{"not_picked":["mysticmod:SuddenClarity","mysticmod:Sideswipe"],"picked":"mysticmod:VorpalThrust","floor":22},{"not_picked":["mysticmod:Grapple+1","mysticmod:ComboCaster"],"picked":"mysticmod:Probe","floor":24},{"not_picked":["mysticmod:Spellstrike","mysticmod:Stoneskin"],"picked":"mysticmod:FloatingDisk+1","floor":25},{"not_picked":["mysticmod:PreparedCaster","mysticmod:PureInstinct"],"picked":"mysticmod:Flurry+1","floor":31},{"not_picked":["mysticmod:GreaterInvisibility","mysticmod:Haste"],"picked":"mysticmod:Discipline","floor":33},{"not_picked":["mysticmod:SuddenClarity","mysticmod:Disengage+1"],"picked":"mysticmod:ComponentsPouch+1","floor":35},{"not_picked":["mysticmod:ClosingBarrage","mysticmod:PureInstinct+1"],"picked":"mysticmod:Fly+1","floor":36},{"not_picked":["mysticmod:ComboCaster","mysticmod:Sideswipe","mysticmod:ComponentsPouch+1"],"picked":"SKIP","floor":38},{"not_picked":["mysticmod:Dedication+1","mysticmod:LightningBolt+1"],"picked":"mysticmod:ComponentsPouch","floor":39}],"player_experience":797662,"relics_obtained":[{"floor":6,"key":"Centennial Puzzle"},{"floor":12,"key":"reliquary:SharkskinSheath"},{"floor":25,"key":"Anchor"},{"floor":26,"key":"Boot"}],"event_choices":[{"damage_healed":0,"gold_gain":0,"player_choice":"Disagree","damage_taken":0,"max_hp_gain":0,"max_hp_loss":0,"event_name":"conspire:LoneGhost","floor":2,"gold_loss":0},{"damage_healed":0,"gold_gain":0,"player_choice":"RENOUNCE","damage_taken":116,"max_hp_gain":0,"max_hp_loss":0,"event_name":"betterThird:BetterSerpent","floor":3,"gold_loss":116,"cards_obtained":["Enlightenment"]},{"damage_healed":0,"gold_gain":0,"player_choice":"Rummage","damage_taken":0,"relics_obtained":["WarpedTongs"],"max_hp_gain":0,"max_hp_loss":0,"event_name":"Accursed Blacksmith","floor":4,"gold_loss":0,"cards_obtained":["Pain"]},{"damage_healed":0,"gold_gain":0,"player_choice":"Bought 0 Potions","damage_taken":0,"max_hp_gain":0,"max_hp_loss":0,"event_name":"The Woman in Blue","floor":11,"gold_loss":0},{"damage_healed":0,"gold_gain":0,"player_choice":"Ignored","damage_taken":0,"max_hp_gain":0,"max_hp_loss":0,"event_name":"betterNote:BetterNote","floor":19,"gold_loss":0,"cards_obtained":["PrismaMod:MiyuCheapChannelHeal"]},{"damage_healed":0,"gold_gain":0,"player_choice":"Serpent","damage_taken":0,"max_hp_gain":0,"max_hp_loss":0,"event_name":"BanditSerpent","floor":27,"gold_loss":0},{"damage_healed":0,"gold_gain":0,"player_choice":"Became a vampire","damage_taken":0,"max_hp_gain":0,"max_hp_loss":28,"event_name":"Vampires","floor":29,"gold_loss":0,"cards_obtained":["Bite","Bite","Bite","Bite","Bite"]}],"is_beta":false,"boss_relics":[{"not_picked":["aspiration:WatcherSkillbook","energizedSpire:SpiderWeb"],"picked":"mysticmod:CrystalBall"},{"not_picked":["conspire:RoyalGoblet","bronze:MakeshiftBattery"],"picked":"energizedSpire:StickyHand"}],"items_purged_floors":[20],"is_endless":false,"potions_floor_spawned":[5,8,16,18,21,31,33,35,38,39],"killed_by":"Writhing Mass","ascension_level":0}}