{"host":"vit9b6u76k1y61sh","time":1612898967,"event":{"mods":["BaseMod","Block Reminder","Colored Powertips","Highlight Path","Minty Spire (QoL Compilation)","Quick Restart","Rare Cards Sparkle","Relic Sorter","Relic Stats","StSLib"],"gold_per_floor":[118,131,306,306,329,356,371,62,88,13,33,59,84,96,96,193,193,163,163],"floor_reached":18,"language":"ENG","playtime":1742,"items_purged":["Strike_R"],"score":215,"play_id":"175e2c2e-6548-4e90-9a69-ef1c507a5fd5","local_time":"20210209142927","is_ascension_mode":true,"campfire_choices":[{"data":"Anger","floor":15,"key":"SMITH"}],"circlet_count":0,"master_deck":["Strike_R","Strike_R","Strike_R","Strike_R","Defend_R","Defend_R","Defend_R","Defend_R","Bash","Shrug It Off","Iron Wave","Anger+1","Searing Blow","Metallicize","Reaper"],"relics":["Black Blood","NeowsBlessing","Omamori","MealTicket","Ice Cream","Orichalcum","Bronze Scales","Odd Mushroom"],"acts_visited":["Exordium","TheCity"],"potions_floor_usage":[11,12,13,16],"damage_taken":[{"damage":0,"enemies":"Cultist","floor":1,"turns":1},{"damage":0,"enemies":"Small Slimes","floor":2,"turns":1},{"damage":0,"enemies":"3 Sentries","floor":6,"turns":1},{"damage":0,"enemies":"Jaw Worm","floor":7,"turns":4},{"damage":1,"enemies":"Red Slaver","floor":11,"turns":4},{"damage":27,"enemies":"Lagavulin","floor":12,"turns":8},{"damage":21,"enemies":"The Mushroom Lair","floor":13,"turns":4},{"damage":5,"enemies":"Lots of Slimes","floor":14,"turns":5},{"damage":39,"enemies":"Slime Boss","floor":16,"turns":11},{"damage":12,"enemies":"2 Thieves","floor":18,"turns":2}],"seed_played":"189188159239256419","potions_obtained":[{"floor":2,"key":"Swift Potion"},{"floor":6,"key":"AttackPotion"},{"floor":12,"key":"BloodPotion"},{"floor":14,"key":"Dexterity Potion"}],"is_trial":false,"path_per_floor":["M","M","?","?","T","E","M","$","T","$","M","E","?","M","R","B",null,"M"],"character_chosen":"IRONCLAD","items_purchased":["Ice Cream"],"campfire_rested":0,"item_purchase_floors":[8],"current_hp_per_floor":[80,80,80,73,73,79,80,80,80,80,80,59,60,61,61,28,80,68,68],"gold":163,"neow_bonus":"THREE_ENEMY_KILL","is_daily":false,"chose_seed":false,"campfire_upgraded":1,"win_rate":0.0,"timestamp":1612898967,"path_taken":["M","M","?","?","?","E","?","?","T","$","?","E","?","M","R","BOSS","M"],"items_purchased_type":["Relic"],"build_version":"2020-12-22","purchased_purges":1,"victory":false,"max_hp_per_floor":[80,80,80,80,80,80,80,80,80,80,80,80,80,80,80,80,80,80,80],"relic_stats":{"counters":[10,41],"Bronze Scales":[51],"Black Blood":32,"MealTicket":0,"Orichalcum":[54],"obtain_stats":[{"Ice Cream":8,"NeowsBlessing":0,"Bronze Scales":12,"Black Blood":17,"MealTicket":6,"Omamori":5,"Orichalcum":9,"Odd Mushroom":13,"Burning Blood":0},{"Ice Cream":4,"NeowsBlessing":0,"Bronze Scales":6,"Black Blood":9,"MealTicket":3,"Omamori":2,"Orichalcum":4,"Odd Mushroom":7,"Burning Blood":0},{"Ice Cream":7,"NeowsBlessing":0,"Bronze Scales":19,"Black Blood":39,"MealTicket":3,"Omamori":2,"Orichalcum":7,"Odd Mushroom":23,"Burning Blood":0}]},"card_choices":[{"not_picked":["True Grit","Burning Pact"],"picked":"Shrug It Off","floor":1},{"not_picked":["Clothesline","Pommel Strike"],"picked":"Iron Wave","floor":2},{"not_picked":["Disarm","Body Slam"],"picked":"Anger","floor":6},{"not_picked":["Thunderclap","Entrench"],"picked":"Searing Blow","floor":7},{"not_picked":["Clothesline","Immolate","Sever Soul"],"picked":"SKIP","floor":11},{"not_picked":["Dual Wield","Cleave","True Grit"],"picked":"SKIP","floor":12},{"not_picked":["Searing Blow","Feel No Pain"],"picked":"Metallicize","floor":13},{"not_picked":["Cleave","Sword Boomerang","Combust"],"picked":"SKIP","floor":14},{"not_picked":["Corruption","Limit Break"],"picked":"Reaper","floor":16}],"player_experience":165270,"relics_obtained":[{"floor":5,"key":"Omamori"},{"floor":6,"key":"MealTicket"},{"floor":9,"key":"Orichalcum"},{"floor":12,"key":"Bronze Scales"},{"floor":13,"key":"Odd Mushroom"}],"event_choices":[{"damage_healed":0,"gold_gain":175,"player_choice":"AGREE","damage_taken":0,"max_hp_gain":0,"max_hp_loss":0,"event_name":"Liars Game","floor":3,"gold_loss":0,"cards_obtained":["Doubt"]},{"cards_removed":["Doubt"],"damage_healed":0,"gold_gain":0,"player_choice":"Card Removal","damage_taken":7,"max_hp_gain":0,"max_hp_loss":0,"event_name":"Golden Wing","floor":4,"gold_loss":0},{"damage_healed":0,"gold_gain":0,"player_choice":"Fought Mushrooms","damage_taken":0,"max_hp_gain":0,"max_hp_loss":0,"event_name":"Mushrooms","floor":13,"gold_loss":0}],"is_beta":false,"boss_relics":[{"not_picked":["Fusion Hammer","Coffee Dripper"],"picked":"Black Blood"}],"items_purged_floors":[10],"is_endless":false,"potions_floor_spawned":[2,6,12,14],"killed_by":"2 Thieves","ascension_level":2}}