{"host":"sav7uxregyirlf69","time":1612859050,"event":{"mods":["AchievementEnabler","BaseMod","Colored Map","DeckTracker","Keyboard Shortcuts","Minty Spire (QoL Compilation)","READ ME - Guardian Mod","StSLib","SuperFastMode"],"gold_per_floor":[112,126,201,219,219,246,246,246,293,306,41,76,87,14,14,115,115,126,126,137,150,1,1,20,20,20,30,362,380,410,410,410,515,515,525,346,1345,1345,1363,1376,1376,1403,1403,1436,1436,1465,1465,1480,1480,1480,1480,1480,494,520,520],"floor_reached":56,"language":"KOR","playtime":1342,"items_purged":["Strike_B","Steam Power+1","Lockon","Cold Snap"],"score":1516,"play_id":"ddd5c229-895c-472d-a0e4-3f513fa70d75","local_time":"20210209172410","daily_mods":["Heirloom"],"is_ascension_mode":true,"campfire_choices":[{"data":"Zap","floor":7,"key":"SMITH"},{"data":"Loop","floor":15,"key":"SMITH"},{"data":"Defragment","floor":23,"key":"SMITH"},{"data":"Seek","floor":32,"key":"SMITH"},{"data":"Turbo","floor":41,"key":"SMITH"},{"data":"Recycle","floor":47,"key":"SMITH"},{"floor":49,"key":"RECALL"},{"data":"Hologram","floor":52,"key":"SMITH"}],"circlet_count":0,"master_deck":["Defend_B","Zap+1","Dualcast","Genetic Algorithm","FTL","Cold Snap","Loop+1","Echo Form","Glacier","Seek+1","Compile Driver+1","Electrodynamics+1","BootSequence","Defragment+1","Turbo+1","Defragment+1","Undo","Thunder Strike","Electrodynamics","Core Surge","Self Repair+1","Hologram+1","Recycle+1","Echo Form+1","Core Surge"],"relics":["Cracked Core","TungstenRod","Omamori","Dream Catcher","Vajra","Runic Capacitor","Turnip","Astrolabe","Old Coin","Orichalcum","SlaversCollar","InkBottle","Frozen Egg 2","Pen Nib","Bag of Preparation","Torii","Centennial Puzzle","Frozen Eye","Mummified Hand"],"acts_visited":["Exordium","TheCity","TheBeyond","TheEnding"],"potions_floor_usage":[12,16,28,28,30,44,48,55,55],"damage_taken":[{"damage":4,"enemies":"Small Slimes","floor":1,"turns":3},{"damage":1,"enemies":"2 Louse","floor":2,"turns":2},{"damage":0,"enemies":"Cultist","floor":4,"turns":3},{"damage":27,"enemies":"Lagavulin","floor":6,"turns":10},{"damage":1,"enemies":"2 Fungi Beasts","floor":10,"turns":3},{"damage":1,"enemies":"Gremlin Nob","floor":12,"turns":4},{"damage":5,"enemies":"Exordium Wildlife","floor":13,"turns":4},{"damage":0,"enemies":"Slime Boss","floor":16,"turns":8},{"damage":12,"enemies":"Spheric Guardian","floor":18,"turns":4},{"damage":8,"enemies":"Shell Parasite","floor":20,"turns":4},{"damage":5,"enemies":"Sentry and Sphere","floor":21,"turns":4},{"damage":0,"enemies":"Snake Plant","floor":24,"turns":3},{"damage":11,"enemies":"Centurion and Healer","floor":27,"turns":5},{"damage":0,"enemies":"Book of Stabbing","floor":28,"turns":4},{"damage":2,"enemies":"Shelled Parasite and Fungi","floor":29,"turns":4},{"damage":9,"enemies":"Slavers","floor":30,"turns":4},{"damage":0,"enemies":"Collector","floor":33,"turns":6},{"damage":28,"enemies":"3 Darklings","floor":35,"turns":4},{"damage":0,"enemies":"Orb Walker","floor":39,"turns":4},{"damage":0,"enemies":"Transient","floor":40,"turns":5},{"damage":2,"enemies":"Giant Head","floor":42,"turns":8},{"damage":0,"enemies":"Nemesis","floor":44,"turns":5},{"damage":3,"enemies":"Giant Head","floor":46,"turns":8},{"damage":0,"enemies":"3 Darklings","floor":48,"turns":3},{"damage":38,"enemies":"Awakened One","floor":50,"turns":9},{"damage":36,"enemies":"Shield and Spear","floor":54,"turns":5},{"damage":5,"enemies":"The Heart","floor":55,"turns":6}],"seed_played":"2536035603252703423","potions_obtained":[{"floor":1,"key":"Regen Potion"},{"floor":2,"key":"PowerPotion"},{"floor":10,"key":"DistilledChaos"},{"floor":16,"key":"LiquidBronze"},{"floor":21,"key":"DistilledChaos"},{"floor":28,"key":"AttackPotion"},{"floor":29,"key":"Explosive Potion"},{"floor":40,"key":"LiquidMemories"},{"floor":46,"key":"Strength Potion"}],"is_trial":true,"path_per_floor":["M","M","?","M","?","E","R","?","T","M","$","E","M","$","R","B",null,"M","?","M","M","$","R","M","?","T","M","E","M","E","?","R","B",null,"M","$","?","?","M","M","R","E","T","E","?","E","R","M","R","B",null,"R","$","E","B",null],"character_chosen":"DEFECT","items_purchased":["Runic Capacitor","Loop","Glacier","Turbo","Hologram","Torii","Centennial Puzzle","Frozen Eye","Energy Potion","Core Surge","Dexterity Potion"],"campfire_rested":0,"item_purchase_floors":[11,11,14,22,36,53,53,53,53,53,53],"current_hp_per_floor":[71,70,60,60,58,31,31,31,31,30,30,41,36,36,36,36,75,63,63,55,50,50,50,50,50,50,39,39,37,28,28,28,28,75,47,47,47,47,57,57,57,65,65,75,71,71,71,71,71,43,71,71,71,35,40],"gold":520,"neow_bonus":"","is_daily":false,"chose_seed":false,"campfire_upgraded":7,"win_rate":0.0,"timestamp":1612859050,"path_taken":["M","M","?","M","?","E","R","?","T","M","$","E","?","$","R","BOSS","M","?","M","M","$","R","M","?","T","M","E","?","E","?","R","BOSS","M","$","?","?","M","M","R","E","T","E","?","E","R","M","R","BOSS","R","$","E","BOSS"],"items_purchased_type":["Relic","Card","Card","Card","Card","Relic","Relic","Relic","Potion","Card","Potion"],"build_version":"2020-12-22","purchased_purges":4,"victory":true,"max_hp_per_floor":[75,75,75,75,75,75,75,75,75,75,75,75,75,75,75,75,75,75,75,75,75,75,75,75,75,75,75,75,75,75,75,75,75,75,75,75,75,75,75,75,75,75,75,75,71,71,71,71,71,71,71,71,71,71,71],"card_choices":[{"not_picked":["Blizzard","Leap"],"picked":"Cold Snap","floor":1},{"not_picked":["Undo","Conserve Battery"],"picked":"Genetic Algorithm","floor":2},{"not_picked":["Compile Driver","Beam Cell"],"picked":"White Noise","floor":4},{"not_picked":["Consume","Force Field"],"picked":"FTL","floor":6},{"not_picked":["Rip and Tear","Steam"],"picked":"Cold Snap","floor":10},{"not_picked":["Go for the Eyes","Beam Cell"],"picked":"Echo Form","floor":12},{"not_picked":["Darkness","Melter"],"picked":"Lockon","floor":13},{"not_picked":["All For One","Multi-Cast"],"picked":"Seek","floor":16},{"not_picked":["Reinforced Body","Genetic Algorithm","Auto Shields"],"picked":"SKIP","floor":18},{"not_picked":["Undo","Glacier"],"picked":"BootSequence","floor":20},{"not_picked":["Rebound","Conserve Battery"],"picked":"Defragment","floor":21},{"not_picked":["Rebound","Gash","Aggregate"],"picked":"SKIP","floor":24},{"not_picked":["Beam Cell","Turbo","Redo+1"],"picked":"SKIP","floor":27},{"not_picked":["Cold Snap","Stack","Gash"],"picked":"SKIP","floor":28},{"not_picked":["Double Energy","Rebound","Undo"],"picked":"SKIP","floor":29},{"not_picked":["Double Energy","Rebound"],"picked":"Undo","floor":29},{"not_picked":["Rebound","Leap+1","Darkness"],"picked":"SKIP","floor":30},{"not_picked":["Reboot","Fission"],"picked":"Core Surge","floor":33},{"not_picked":["Hologram+1","Stack"],"picked":"Self Repair+1","floor":35},{"not_picked":["Rebound+1","Reprogram"],"picked":"Recycle","floor":39},{"not_picked":["Go for the Eyes+1","Steam Power+1","Beam Cell"],"picked":"SKIP","floor":40},{"not_picked":["Streamline+1","Reprogram+1","Fusion"],"picked":"SKIP","floor":42},{"not_picked":["Leap","Sunder+1"],"picked":"Echo Form+1","floor":44},{"not_picked":["Conserve Battery+1","Stack+1","Leap+1"],"picked":"SKIP","floor":46},{"not_picked":["Gash","Redo","Ball Lightning"],"picked":"SKIP","floor":48},{"not_picked":["Conserve Battery+1","Redo","Lockon+1"],"picked":"SKIP","floor":54}],"player_experience":1540398,"relics_obtained":[{"floor":6,"key":"Dream Catcher"},{"floor":9,"key":"Vajra"},{"floor":12,"key":"Turnip"},{"floor":28,"key":"Old Coin"},{"floor":30,"key":"Orichalcum"},{"floor":42,"key":"InkBottle"},{"floor":43,"key":"Frozen Egg 2"},{"floor":44,"key":"Pen Nib"},{"floor":46,"key":"Bag of Preparation"},{"floor":54,"key":"Mummified Hand"}],"event_choices":[{"damage_healed":0,"gold_gain":75,"player_choice":"Gather Gold","damage_taken":11,"max_hp_gain":0,"max_hp_loss":0,"event_name":"World of Goop","floor":3,"gold_loss":0},{"damage_healed":0,"gold_gain":0,"player_choice":"Success","damage_taken":3,"relics_obtained":["Omamori"],"max_hp_gain":0,"max_hp_loss":0,"event_name":"Scrap Ooze","floor":5,"gold_loss":0},{"cards_removed":["Strike_B"],"damage_healed":0,"gold_gain":0,"player_choice":"Offered Basic","damage_taken":0,"max_hp_gain":0,"max_hp_loss":0,"event_name":"Bonfire Elementals","floor":8,"gold_loss":0},{"damage_healed":0,"gold_gain":0,"player_choice":"Ignored","damage_taken":0,"max_hp_gain":0,"max_hp_loss":0,"event_name":"Vampires","floor":19,"gold_loss":0},{"damage_healed":0,"gold_gain":0,"player_choice":"Copied","damage_taken":0,"max_hp_gain":0,"max_hp_loss":0,"event_name":"Duplicator","floor":25,"gold_loss":0,"cards_obtained":["Defragment"]},{"damage_healed":0,"gold_gain":0,"cards_transformed":["Defend_B","White Noise"],"player_choice":"Became Test Subject","damage_taken":0,"max_hp_gain":0,"max_hp_loss":0,"event_name":"Drug Dealer","floor":31,"gold_loss":0,"cards_obtained":["Thunder Strike","Electrodynamics"]},{"damage_healed":0,"gold_gain":999,"player_choice":"Gold","damage_taken":0,"max_hp_gain":0,"max_hp_loss":0,"event_name":"MindBloom","floor":37,"gold_loss":0,"cards_obtained":["Normality","Normality"]},{"cards_removed":["Defend_B"],"damage_healed":0,"gold_gain":0,"player_choice":"Removed Skill","damage_taken":0,"max_hp_gain":0,"max_hp_loss":0,"event_name":"Falling","floor":38,"gold_loss":0},{"damage_healed":0,"gold_gain":0,"player_choice":"Max HP","damage_taken":0,"max_hp_gain":0,"max_hp_loss":4,"event_name":"Winding Halls","floor":45,"gold_loss":0}],"is_beta":false,"boss_relics":[{"not_picked":["Runic Pyramid","Snecko Eye"],"picked":"Astrolabe"},{"not_picked":["SacredBark","Busted Crown"],"picked":"SlaversCollar"}],"items_purged_floors":[11,22,36,53],"is_endless":false,"potions_floor_spawned":[1,2,10,16,21,27,28,29,40,42,46],"ascension_level":1}}