{"host":"odhb85ppoyjrwi3n","time":1612909867,"event":{"mods":["BaseMod","Better Third Choice","BetterRewards","Bossed Relics","Minty Spire (QoL Compilation)","Quick Restart","StSLib"],"gold_per_floor":[109,109,109,119,119,145,145,180,248,263,91,105,116,126,126,228,228,244,257,257,268,268,301,317,349,349,382,405,405,436,454,454,558,558,570,588,641,521,571,596,610,642,642,654,684,702,775,794,794,794,794,794,794,828,828],"floor_reached":56,"language":"ENG","playtime":1869,"items_purged":["Defend_G","Strike_G","Blade Dance","Strike_G","Accuracy","Defend_G","Apotheosis","Infinite Blades","Accuracy","Infinite Blades","Strike_G","Defend_G","Apotheosis+1","Defend_G","Defend_G","Strike_G","Strike_G"],"score":2600,"play_id":"dd325367-7850-4d25-a00b-8395979fb8cc","local_time":"20210209233107","is_ascension_mode":true,"campfire_choices":[{"floor":15,"key":"RECALL"},{"floor":29,"key":"REST"},{"floor":32,"key":"REST"},{"floor":49,"key":"REST"},{"floor":52,"key":"REST"}],"circlet_count":0,"master_deck":["Survivor+1","Neutralize+1","Blade Dance+1","Blade Dance+1","Accuracy+1","Cloak And Dagger+1","Blade Dance+1","Infinite Blades+1","Accuracy+1","Infinite Blades+1","Cloak And Dagger+1","Cloak And Dagger+1","Accuracy+1"],"relics":["Ring of the Snake","Ninja Scroll","Medical Kit","Bird Faced Urn","Lantern","TungstenRod","Kunai","Membership Card","Toxic Egg 2","MealTicket","ClockworkSouvenir","Molten Egg 2","Mango","Ice Cream","Pear","Frozen Egg 2","Torii","Lee\u0027s Waffle","Tiny Chest","Sling","Omamori","Mummified Hand","Strawberry","DollysMirror","Shovel","Peace Pipe","Pen Nib","Singing Bowl","Turnip","Vajra","PreservedInsect","FossilizedHelix","War Paint","Blue Candle","Shuriken","SacredBark","Letter Opener","Oddly Smooth Stone","Toy Ornithopter","Dream Catcher","Nunchaku","Mercury Hourglass","WristBlade","Unceasing Top","Paper Crane","Orichalcum","Anchor","The Specimen","Question Card","Darkstone Periapt","HornCleat"],"acts_visited":["Exordium","TheCity","TheBeyond","TheEnding"],"potions_floor_usage":[55],"damage_taken":[{"damage":0,"enemies":"Jaw Worm","floor":1,"turns":1},{"damage":0,"enemies":"2 Louse","floor":4,"turns":1},{"damage":0,"enemies":"3 Sentries","floor":6,"turns":1},{"damage":0,"enemies":"Gremlin Nob","floor":8,"turns":1},{"damage":0,"enemies":"Small Slimes","floor":10,"turns":1},{"damage":0,"enemies":"Looter","floor":12,"turns":1},{"damage":0,"enemies":"Large Slime","floor":13,"turns":1},{"damage":0,"enemies":"Gremlin Gang","floor":14,"turns":1},{"damage":0,"enemies":"Hexaghost","floor":16,"turns":2},{"damage":0,"enemies":"3 Byrds","floor":18,"turns":2},{"damage":0,"enemies":"Chosen","floor":19,"turns":1},{"damage":0,"enemies":"Shelled Parasite and Fungi","floor":21,"turns":1},{"damage":0,"enemies":"Book of Stabbing","floor":23,"turns":1},{"damage":0,"enemies":"Sentry and Sphere","floor":24,"turns":1},{"damage":0,"enemies":"Gremlin Leader","floor":25,"turns":2},{"damage":0,"enemies":"Slavers","floor":27,"turns":1},{"damage":0,"enemies":"Book of Stabbing","floor":30,"turns":1},{"damage":0,"enemies":"Chosen and Byrds","floor":31,"turns":1},{"damage":0,"enemies":"Collector","floor":33,"turns":2},{"damage":0,"enemies":"Orb Walker","floor":35,"turns":1},{"damage":0,"enemies":"3 Shapes","floor":36,"turns":2},{"damage":0,"enemies":"2 Orb Walkers","floor":37,"turns":1},{"damage":0,"enemies":"Mind Bloom Boss Battle","floor":39,"turns":2},{"damage":0,"enemies":"Nemesis","floor":40,"turns":1},{"damage":0,"enemies":"Sphere and 2 Shapes","floor":41,"turns":1},{"damage":0,"enemies":"Giant Head","floor":42,"turns":1},{"damage":0,"enemies":"4 Shapes","floor":44,"turns":1},{"damage":0,"enemies":"Nemesis","floor":45,"turns":1},{"damage":0,"enemies":"Jaw Worm Horde","floor":46,"turns":1},{"damage":0,"enemies":"Sphere and 2 Shapes","floor":48,"turns":1},{"damage":0,"enemies":"Time Eater","floor":50,"turns":3},{"damage":0,"enemies":"Shield and Spear","floor":54,"turns":1},{"damage":0,"enemies":"The Heart","floor":55,"turns":3}],"seed_played":"3451985915366065442","potions_obtained":[{"floor":1,"key":"Dexterity Potion"},{"floor":6,"key":"Ancient Potion"},{"floor":12,"key":"BlessingOfTheForge"},{"floor":27,"key":"FearPotion"},{"floor":42,"key":"Explosive Potion"},{"floor":54,"key":"PowerPotion"}],"is_trial":false,"path_per_floor":["M","?","?","M","?","E","T","E","T","M","$","M","M","M","R","B",null,"M","M","?","M","?","E","M","E","T","E","T","R","E","M","R","B",null,"M","M","?","$","?","E","M","E","T","M","E","M","T","M","R","B",null,"R","$","E","B",null],"character_chosen":"THE_SILENT","items_purchased":["Ninja Scroll","Infinite Blades","Medical Kit","Infinite Blades","Accuracy","Bird Faced Urn","Lantern","Kunai","Membership Card","Apotheosis","Accuracy","Toxic Egg 2","Blade Dance+1","MealTicket","ClockworkSouvenir","Blade Dance+1","Molten Egg 2","Mango","Ice Cream","Pear","Frozen Egg 2","Torii","Accuracy+1","Cloak And Dagger+1","Lee\u0027s Waffle","Apotheosis+1","Blade Dance+1","Infinite Blades+1","Tiny Chest","Accuracy+1","Infinite Blades+1","Sling","Omamori","Mummified Hand","Strawberry","Cloak And Dagger+1","DollysMirror","Pen Nib","Singing Bowl","Turnip","Vajra","Shuriken","Accuracy+1","Paper Crane"],"campfire_rested":4,"item_purchase_floors":[0,0,0,0,0,0,0,0,0,0,0,0,0,0,0,0,0,0,0,0,0,0,0,0,0,0,0,0,0,0,0,0,0,0,0,0,0,0,0,0,0,11,11,38],"current_hp_per_floor":[110,110,110,112,98,104,104,112,112,118,118,120,122,124,124,126,126,128,130,130,132,132,134,136,138,138,140,140,142,144,146,148,150,150,152,154,156,156,158,160,162,164,164,166,168,170,170,172,174,174,174,176,176,178,178],"gold":828,"neow_bonus":"","is_daily":false,"chose_seed":false,"campfire_upgraded":0,"win_rate":0.0,"timestamp":1612909867,"path_taken":["M","?","?","M","?","E","?","E","T","M","$","M","M","M","R","BOSS","M","M","?","?","?","E","M","E","T","E","?","R","E","M","R","BOSS","M","?","?","$","?","E","M","E","T","M","E","M","?","M","R","BOSS","R","$","E","BOSS"],"items_purchased_type":["Relic","Card","Relic","Card","Card","Relic","Relic","Relic","Relic","Card","Card","Relic","Card","Relic","Relic","Card","Relic","Relic","Relic","Relic","Relic","Relic","Card","Card","Relic","Card","Card","Card","Relic","Card","Card","Relic","Relic","Relic","Relic","Card","Relic","Relic","Relic","Relic","Relic","Relic","Card","Relic"],"build_version":"2020-12-22","purchased_purges":17,"victory":true,"max_hp_per_floor":[110,110,110,112,112,114,114,116,116,118,118,120,122,124,124,126,126,128,130,130,132,132,134,136,138,138,140,140,142,144,146,148,150,150,152,154,156,156,158,160,162,164,164,166,168,170,170,172,174,174,174,176,176,178,178],"card_choices":[{"not_picked":["Well Laid Plans+1","Quick Slash+1","Underhanded Strike+1"],"picked":"Singing Bowl","floor":1},{"not_picked":["Quick Slash+1","Dagger Throw+1","Leg Sweep+1"],"picked":"Singing Bowl","floor":4},{"not_picked":["Corpse Explosion+1","Deflect+1","Concentrate+1"],"picked":"Singing Bowl","floor":6},{"not_picked":["Underhanded Strike+1","Concentrate+1","Heel Hook+1"],"picked":"Singing Bowl","floor":8},{"not_picked":["Dagger Throw+1","Poisoned Stab+1","Sucker Punch+1"],"picked":"Singing Bowl","floor":10},{"not_picked":["All Out Attack+1","Well Laid Plans+1","Dagger Throw+1"],"picked":"Singing Bowl","floor":12},{"not_picked":["Outmaneuver+1","Acrobatics+1","Dodge and Roll+1"],"picked":"Singing Bowl","floor":13},{"not_picked":["PiercingWail+1","Masterful Stab+1","Poisoned Stab+1"],"picked":"Singing Bowl","floor":14},{"not_picked":["Glass Knife+1","A Thousand Cuts+1","Wraith Form v2+1"],"picked":"Singing Bowl","floor":16},{"not_picked":["Blade Dance+1","Dagger Throw+1","Acrobatics+1"],"picked":"Singing Bowl","floor":18},{"not_picked":["Skewer+1","Deflect+1","Masterful Stab+1"],"picked":"Singing Bowl","floor":19},{"not_picked":["Dagger Throw+1","Setup+1","Catalyst+1"],"picked":"Singing Bowl","floor":21},{"not_picked":["Dagger Throw+1","Infinite Blades+1","Escape Plan+1"],"picked":"Singing Bowl","floor":23},{"not_picked":["Skewer+1","Dash+1","Deflect+1"],"picked":"Singing Bowl","floor":24},{"not_picked":["Venomology+1","All Out Attack+1","Poisoned Stab+1"],"picked":"Singing Bowl","floor":25},{"not_picked":["Dagger Throw+1","Bane+1","Blade Dance+1"],"picked":"Singing Bowl","floor":27},{"not_picked":["Finisher+1","Flying Knee+1","Blade Dance+1"],"picked":"Singing Bowl","floor":29},{"not_picked":["Slice+1","Sucker Punch+1","Accuracy+1"],"picked":"Singing Bowl","floor":30},{"not_picked":["Underhanded Strike+1","Poisoned Stab+1","Catalyst+1"],"picked":"Singing Bowl","floor":31},{"not_picked":["Footwork+1","Accuracy+1","Bane+1"],"picked":"Singing Bowl","floor":32},{"not_picked":["Wraith Form v2+1","A Thousand Cuts+1","Glass Knife+1"],"picked":"Singing Bowl","floor":33},{"not_picked":["Acrobatics+1","Deflect+1","Dagger Spray+1"],"picked":"Singing Bowl","floor":35},{"not_picked":["Escape Plan+1","Poisoned Stab+1","Calculated Gamble+1"],"picked":"Singing Bowl","floor":36},{"not_picked":["Quick Slash+1","Concentrate+1","Poisoned Stab+1"],"picked":"Singing Bowl","floor":37},{"not_picked":["Reflex+1","Storm of Steel+1","Bane+1"],"picked":"Singing Bowl","floor":39},{"not_picked":["Well Laid Plans+1","Outmaneuver+1","Dagger Spray+1"],"picked":"Singing Bowl","floor":40},{"not_picked":["Sucker Punch+1","Dash+1","Noxious Fumes+1"],"picked":"Singing Bowl","floor":41},{"not_picked":["Deadly Poison+1","Backstab+1","Dagger Spray+1"],"picked":"Singing Bowl","floor":42},{"not_picked":["Predator+1","All Out Attack+1","Outmaneuver+1"],"picked":"Singing Bowl","floor":44},{"not_picked":["Distraction+1","Terror+1","Crippling Poison+1"],"picked":"Singing Bowl","floor":45},{"not_picked":["Malaise+1","Underhanded Strike+1","Sucker Punch+1","Prepared+1"],"picked":"Singing Bowl","floor":46},{"not_picked":["Footwork+1","Finisher+1","Expertise+1","Deadly Poison+1"],"picked":"Singing Bowl","floor":48},{"not_picked":["Prepared+1","Outmaneuver+1","Poisoned Stab+1","Finisher+1"],"picked":"Singing Bowl","floor":49},{"not_picked":["Blade Dance+1","Catalyst+1","Noxious Fumes+1","A Thousand Cuts+1"],"picked":"Singing Bowl","floor":52},{"not_picked":["Riddle With Holes+1","Envenom+1","Calculated Gamble+1","Deflect+1"],"picked":"Singing Bowl","floor":54}],"player_experience":153330,"relics_obtained":[{"floor":6,"key":"FossilizedHelix"},{"floor":8,"key":"War Paint"},{"floor":9,"key":"Blue Candle"},{"floor":23,"key":"Letter Opener"},{"floor":25,"key":"Oddly Smooth Stone"},{"floor":26,"key":"Toy Ornithopter"},{"floor":27,"key":"Dream Catcher"},{"floor":28,"key":"Nunchaku"},{"floor":30,"key":"Mercury Hourglass"},{"floor":37,"key":"Unceasing Top"},{"floor":40,"key":"Orichalcum"},{"floor":42,"key":"Anchor"},{"floor":43,"key":"The Specimen"},{"floor":45,"key":"Question Card"},{"floor":47,"key":"Darkstone Periapt"},{"floor":54,"key":"HornCleat"}],"event_choices":[{"damage_healed":0,"gold_gain":0,"player_choice":"Ignored","damage_taken":0,"max_hp_gain":0,"max_hp_loss":0,"event_name":"Golden Wing","floor":2,"gold_loss":0},{"damage_healed":0,"gold_gain":0,"player_choice":"Leave","damage_taken":0,"max_hp_gain":0,"max_hp_loss":0,"event_name":"The Cleric","floor":3,"gold_loss":0},{"damage_healed":0,"gold_gain":0,"player_choice":"Relic ","damage_taken":18,"max_hp_gain":0,"max_hp_loss":0,"event_name":"betterThird:BetterScrap","floor":5,"gold_loss":0,"cards_obtained":["Wallop"]},{"damage_healed":0,"gold_gain":0,"player_choice":"Forge","damage_taken":0,"max_hp_gain":0,"max_hp_loss":0,"event_name":"Accursed Blacksmith","floor":20,"gold_loss":0,"cards_upgraded":["Neutralize"]},{"damage_healed":0,"gold_gain":0,"player_choice":"Ignored","damage_taken":0,"max_hp_gain":0,"max_hp_loss":0,"event_name":"Beggar","floor":22,"gold_loss":0},{"damage_healed":0,"gold_gain":0,"player_choice":"Fight","damage_taken":0,"max_hp_gain":0,"max_hp_loss":0,"event_name":"Mysterious Sphere","floor":37,"gold_loss":0},{"damage_healed":0,"gold_gain":0,"player_choice":"Fight","damage_taken":0,"max_hp_gain":0,"max_hp_loss":0,"event_name":"MindBloom","floor":39,"gold_loss":0}],"is_beta":false,"boss_relics":[{"not_picked":["Philosopher\u0027s Stone","Runic Pyramid"],"picked":"SacredBark"},{"not_picked":["Busted Crown","Ring of the Serpent"],"picked":"WristBlade"}],"items_purged_floors":[0,0,0,0,0,0,0,0,0,0,0,0,0,0,0,0,0],"is_endless":false,"potions_floor_spawned":[1,6,12,14,16,21,25,27,33,36,41,42,44,48,54],"ascension_level":4}}