{"host":"d85gwtocd8go8gx0","time":1612910378,"event":{"mods":["AchievementEnabler","BaseMod","Better Altar","Better Skull","Better Third Choice","Block Reminder","Colored Powertips","Curses Come First","Dark Map","Filter the Spire","Highlight Path","Minty Spire (QoL Compilation)","Permanent Neow","Quick Restart","Shop Mod","StSLib","SuperFastMode","UnlockEverythingMod"],"gold_per_floor":[117,131,142,142,153,153,184,23,49,49,68,68,68],"floor_reached":12,"language":"ENG","playtime":394,"items_purged":[],"score":160,"play_id":"550e1a58-41ca-4e34-91d8-c213ddd3c6c5","local_time":"20210209143938","is_ascension_mode":true,"campfire_choices":[{"data":"Eruption","floor":6,"key":"SMITH"}],"circlet_count":0,"master_deck":["AscendersBane","Strike_P","Strike_P","Strike_P","Strike_P","Defend_P","Defend_P","Defend_P","Defend_P","Eruption+1","Vigilance","Ragnarok","FollowUp","Perseverance","Weave","BowlingBash","Wireheading","CutThroughFate"],"relics":["PureWater","MawBank","OrangePellets","Damaru"],"acts_visited":["Exordium"],"potions_floor_usage":[5,5],"damage_taken":[{"damage":0.0,"enemies":"Small Slimes","floor":1.0,"turns":2.0},{"damage":0.0,"enemies":"Cultist","floor":2.0,"turns":3.0},{"damage":0.0,"enemies":"2 Louse","floor":3.0,"turns":2.0},{"damage":6,"enemies":"Lots of Slimes","floor":5,"turns":4},{"damage":2,"enemies":"3 Sentries","floor":7,"turns":3},{"damage":37,"enemies":"Gremlin Gang","floor":11,"turns":4},{"damage":18,"enemies":"Lagavulin","floor":12,"turns":5}],"seed_played":"3239745815683623487","potions_obtained":[{"floor":4.0,"key":"BottledMiracle"},{"floor":4.0,"key":"Strength Potion"},{"floor":5,"key":"Weak Potion"},{"floor":7,"key":"SkillPotion"}],"is_trial":false,"path_per_floor":["M","M","M","?","M","R","E","$","T","$","M","E"],"character_chosen":"WATCHER","items_purchased":["OrangePellets"],"campfire_rested":0,"item_purchase_floors":[8],"current_hp_per_floor":[61,61,61,61,55,55,53,53,53,53,16,0,0],"gold":68,"neow_bonus":"ONE_RANDOM_RARE_CARD","is_daily":false,"chose_seed":false,"campfire_upgraded":1,"win_rate":0.0,"timestamp":1612910378,"path_taken":["M","M","M","?","M","R","E","?","T","$","M","E"],"items_purchased_type":["Relic"],"build_version":"2020-12-22","purchased_purges":0,"victory":false,"max_hp_per_floor":[68,68,68,68,68,68,68,68,68,68,68,68,68],"card_choices":[{"not_picked":["EmptyBody","FlurryOfBlows"],"picked":"FollowUp","floor":1.0},{"not_picked":["ClearTheMind","Weave"],"picked":"Perseverance","floor":2.0},{"not_picked":["ThirdEye","Halt"],"picked":"Weave","floor":3.0},{"not_picked":["EmptyMind","Evaluate"],"picked":"BowlingBash","floor":5},{"not_picked":["Perseverance","Evaluate"],"picked":"Wireheading","floor":7},{"not_picked":["FearNoEvil","Protect"],"picked":"CutThroughFate","floor":11}],"player_experience":49944,"relics_obtained":[{"floor":7,"key":"MawBank"},{"floor":9,"key":"Damaru"}],"event_choices":[{"damage_healed":0.0,"max_hp_gain":0.0,"max_hp_loss":0.0,"gold_gain":0.0,"event_name":"Lab","player_choice":"Got Potions","floor":4.0,"gold_loss":0.0,"damage_taken":0.0}],"is_beta":false,"boss_relics":[],"items_purged_floors":[],"is_endless":false,"potions_floor_spawned":[5,7,11],"killed_by":"Lagavulin","ascension_level":20}}