{"host":"2lo6hma6kymb0g9i","time":1612848727,"event":{"mods":["BaseMod","Colored Map","DeckTracker","Minty Spire (QoL Compilation)"],"gold_per_floor":[217,231,251,176,186,212,212,245,268,268,268],"floor_reached":10,"language":"JPN","playtime":752,"items_purged":["Strike_R"],"score":156,"play_id":"f6188972-62ef-4f81-8e3b-78681daa4bf7","local_time":"20210209143207","is_ascension_mode":true,"campfire_choices":[{"floor":7.0,"key":"REST"}],"circlet_count":0,"master_deck":["AscendersBane","Strike_R","Strike_R","Strike_R","Strike_R","Defend_R","Defend_R","Defend_R","Defend_R","Bash","Thunderclap","Pommel Strike","Evolve","Rage"],"relics":["Burning Blood","Self Forming Clay","PreservedInsect","Ancient Tea Set"],"acts_visited":["Exordium"],"potions_floor_usage":[],"damage_taken":[{"damage":2.0,"enemies":"Cultist","floor":1.0,"turns":4.0},{"damage":7.0,"enemies":"2 Louse","floor":2.0,"turns":3.0},{"damage":9.0,"enemies":"Jaw Worm","floor":3.0,"turns":4.0},{"damage":21.0,"enemies":"Lots of Slimes","floor":5.0,"turns":4.0},{"damage":40.0,"enemies":"3 Sentries","floor":6.0,"turns":9.0},{"damage":29.0,"enemies":"Gremlin Nob","floor":8.0,"turns":4.0},{"damage":32,"enemies":"Lagavulin","floor":10,"turns":5}],"seed_played":"-5138273857406348652","potions_obtained":[{"floor":2.0,"key":"ElixirPotion"},{"floor":5.0,"key":"Swift Potion"}],"is_trial":false,"path_per_floor":["M","M","M","$","M","E","R","E","T","E"],"character_chosen":"IRONCLAD","items_purchased":[],"campfire_rested":1,"item_purchase_floors":[],"current_hp_per_floor":[72,71,68,68,53,19,41,18,18,0,0],"gold":268,"neow_bonus":"HUNDRED_GOLD","is_daily":false,"chose_seed":false,"campfire_upgraded":0,"win_rate":0.0,"timestamp":1612848727,"path_taken":["M","M","?","$","M","E","R","E","T","E"],"items_purchased_type":[],"build_version":"2020-12-22","purchased_purges":1,"victory":false,"max_hp_per_floor":[75,75,75,75,75,75,75,75,75,75,75],"card_choices":[{"not_picked":["Heavy Blade","Hemokinesis"],"picked":"Thunderclap","floor":1.0},{"not_picked":["Cleave","Iron Wave"],"picked":"Pommel Strike","floor":2.0},{"not_picked":["Havoc","Warcry","Armaments"],"picked":"SKIP","floor":3.0},{"not_picked":["Cleave","Clash"],"picked":"Evolve","floor":5.0},{"not_picked":["Anger","Body Slam","Flex"],"picked":"SKIP","floor":6.0},{"not_picked":["Bludgeon","Havoc"],"picked":"Rage","floor":8.0}],"player_experience":1153914,"relics_obtained":[{"floor":6.0,"key":"Self Forming Clay"},{"floor":8.0,"key":"PreservedInsect"},{"floor":9.0,"key":"Ancient Tea Set"}],"event_choices":[],"is_beta":false,"boss_relics":[],"items_purged_floors":[4],"is_endless":false,"potions_floor_spawned":[2,5],"killed_by":"Lagavulin","ascension_level":20}}