{"host":"coame8l8goqx0svj","time":1612886351,"event":{"mods":["BaseMod","Downfall","Minty Spire (QoL Compilation)","StSLib"],"gold_per_floor":[0,14,34,34,34,19,19,19,19,44,44,57,57,42,62,165,165,65,65,85,100,100,5,31,43,43,143,343,243,278,295,311,406,406,306,325,345,356,356,356,356,375,192,227,227,245,295,313,330,330,330,364,286,286,286,286,286,286],"floor_reached":56,"language":"ENG","playtime":4746,"items_purged":["Parasite"],"score":808,"play_id":"19b37da4-233b-47bf-a1fb-ab24f209c5e5","local_time":"20210209165911","is_ascension_mode":true,"campfire_choices":[{"data":"bronze:Flail","floor":1.0,"key":"SMITH"},{"data":"bronze:Replicate","floor":8.0,"key":"SMITH"},{"data":"bronze:Repulsor","floor":11.0,"key":"SMITH"},{"data":"bronze:DelayedSlice","floor":13.0,"key":"SMITH"},{"data":"bronze:Mutator","floor":18.0,"key":"SMITH"},{"data":"bronze:MaxOutput","floor":26.0,"key":"SMITH"},{"floor":29.0,"key":"RECALL"},{"data":"bronze:AlphaBuild","floor":35.0,"key":"SMITH"},{"data":"bronze:ClassDefault","floor":45,"key":"SMITH"},{"data":"bronze:Frontload","floor":54,"key":"SMITH"}],"circlet_count":0,"master_deck":["bronze:Strike","bronze:Strike","bronze:Defend","bronze:Defend","bronze:Defend","bronze:Replicate+1","bronze:Goto","bronze:DelayedSlice+1","bronze:Flail+1","bronze:BronzeOrb","bronze:ChosenStrike","CurseOfTheBell","CurseOfTheBell","bronze:ThunderWave","bronze:Repulsor+1","bronze:Frontload+1","bronze:Iterate","bronze:FineTuning","bronze:Mutator+1","bronze:Constructor+1","bronze:ClassDefault+1","bronze:FollowUp","bronze:Repair","bronze:MaxOutput+1","bronze:FineTuning","bronze:Optimize+1","bronze:Format","bronze:ItsAFeature","bronze:AlphaBuild+1","bronze:ClassDefault+1","bronze:MaxOutput+1","bronze:BuggyMess+1","bronze:FineTuning","bronze:RecursiveStrike+1","Parasite","bronze:GetLatest+1","bronze:BuggyMess+1","bronze:Repulsor"],"relics":["bronze:PlatinumCore","downfall:ExtraCursedBell","Dream Catcher","Shuriken","Calipers","Eternal Feather","bronze:MakeshiftBattery","downfall:HeartBlessingGreen","Orichalcum","Lizard Tail","hexamod:CandleOfCauterizing","downfall:HeartBlessingBlue","Akabeko","downfall:HeartBlessingRed","Molten Egg 2","Guardian:BottledAnomaly","Incense Burner","Bottled Flame","Ginger","Sundial"],"acts_visited":["Exordium","TheCity","TheBeyond","TheEnding"],"potions_floor_usage":[43,44,50,55,56],"damage_taken":[{"damage":3.0,"enemies":"Small Slimes","floor":2.0,"turns":2.0},{"damage":0.0,"enemies":"2 Louse","floor":3.0,"turns":1.0},{"damage":5.0,"enemies":"downfall:FleeingMerchant","floor":6.0,"turns":4.0},{"damage":13.0,"enemies":"3 Sentries","floor":10.0,"turns":5.0},{"damage":4.0,"enemies":"Jaw Worm","floor":12.0,"turns":4.0},{"damage":0.0,"enemies":"downfall:FleeingMerchant","floor":14.0,"turns":4.0},{"damage":0.0,"enemies":"Blue Slaver","floor":15.0,"turns":3.0},{"damage":59.0,"enemies":"WA_ARCHETYPE_RETAIN","floor":16.0,"turns":8.0},{"damage":0.0,"enemies":"Chosen","floor":19.0,"turns":1.0},{"damage":0.0,"enemies":"3 Byrds","floor":20.0,"turns":3.0},{"damage":17.0,"enemies":"Snake Plant","floor":21.0,"turns":4.0},{"damage":0.0,"enemies":"downfall:FleeingMerchant","floor":23.0,"turns":4.0},{"damage":7.0,"enemies":"Centurion and Healer","floor":25.0,"turns":7.0},{"damage":16.0,"enemies":"Colosseum Nobs","floor":27.0,"turns":5.0},{"damage":1.0,"enemies":"Slavers","floor":30.0,"turns":3.0},{"damage":3.0,"enemies":"Snecko","floor":31.0,"turns":6.0},{"damage":0.0,"enemies":"Sentry and Sphere","floor":32.0,"turns":4.0},{"damage":6.0,"enemies":"DF_ARCHETYPE_CLAW","floor":33.0,"turns":5.0},{"damage":0.0,"enemies":"3 Shapes","floor":36.0,"turns":3.0},{"damage":0.0,"enemies":"Orb Walker","floor":37.0,"turns":1.0},{"damage":8,"enemies":"Maw","floor":38,"turns":8},{"damage":19,"enemies":"Sphere and 2 Shapes","floor":42,"turns":5},{"damage":12,"enemies":"downfall:FleeingMerchant","floor":43,"turns":3},{"damage":25,"enemies":"Giant Head","floor":44,"turns":8},{"damage":0,"enemies":"Spire Growth","floor":46,"turns":3},{"damage":16,"enemies":"Spire Growth","floor":47,"turns":3},{"damage":0,"enemies":"Writhing Mass","floor":48,"turns":4},{"damage":1,"enemies":"Jaw Worm Horde","floor":49,"turns":3},{"damage":39,"enemies":"SI_POISON_ARCHETYPE","floor":50,"turns":8},{"damage":110,"enemies":"downfall:CharBossMerchant","floor":52,"turns":10},{"damage":55,"enemies":"downfall:NeowBoss","floor":55,"turns":14},{"damage":60,"enemies":"downfall:NeowBossFinal","floor":56,"turns":3}],"seed_played":"1936144102941598253","potions_obtained":[{"floor":3.0,"key":"SteroidPotion"},{"floor":12.0,"key":"FairyPotion"},{"floor":15.0,"key":"LiquidMemories"},{"floor":21.0,"key":"PowerPotion"},{"floor":27.0,"key":"LiquidMemories"},{"floor":30.0,"key":"Regen Potion"},{"floor":44,"key":"Strength Potion"},{"floor":47,"key":"BlessingOfTheForge"},{"floor":52,"key":"SkillPotion"}],"is_trial":false,"path_per_floor":["R","M","M","?","?","$","T","R","?","E","R","M","R","$","M","B",null,"R","M","M","M","?","$","T","M","R","?","?","R","E","M","M","B",null,"R","M","M","M","?","?","T","M","$","E","R","M","?","M","M","B",null,"E","$","R","B","B"],"character_chosen":"THE_AUTOMATON","items_purchased":["bronze:MaxOutput","Guardian:BottledAnomaly","Incense Burner","bronze:Repulsor"],"campfire_rested":0,"item_purchase_floors":[23,43,43,53],"current_hp_per_floor":[70,67,67,67,67,62,62,62,67,54,63,59,68,68,68,9,75,75,75,75,58,58,58,58,58,73,64,64,85,84,85,85,79,85,85,85,85,79,79,79,79,70,67,50,68,68,52,62,73,44,82,41,41,62,41,0,0,0],"gold":286,"neow_bonus":"TRANSFORM_TWO_CARDS","is_daily":false,"chose_seed":false,"campfire_upgraded":9,"win_rate":0.0,"timestamp":1612886351,"path_taken":["R","M","M","?","?","$","T","R","?","E","R","M","R","$","M","BOSS","R","M","M","M","?","$","T","M","R","?","?","R","E","M","M","BOSS","R","M","M","?","?","?","T","M","$","E","R","M","?","M","M","BOSS","E","$","R","BOSS","BOSS"],"items_purchased_type":["Card","Relic","Relic","Card"],"build_version":"2020-12-22","purchased_purges":1,"victory":false,"max_hp_per_floor":[70,70,70,70,70,70,70,70,75,75,75,75,75,75,75,75,75,75,75,75,75,75,75,75,75,75,75,75,85,85,85,85,85,85,85,85,85,85,85,85,85,85,82,82,82,82,82,82,82,82,82,82,82,82,82,82,82,82],"card_choices":[{"not_picked":["bronze:CutThrough","bronze:ForceShield"],"picked":"bronze:BronzeOrb","floor":2.0},{"not_picked":["bronze:Shell","bronze:Frontload"],"picked":"bronze:ChosenStrike","floor":3.0},{"not_picked":["bronze:Deprecate","bronze:Invalidate","bronze:Allocate"],"picked":"SKIP","floor":6.0},{"not_picked":["bronze:Separator","bronze:Shield"],"picked":"bronze:Repulsor","floor":10.0},{"not_picked":["bronze:Philosophize","bronze:WildBeam"],"picked":"bronze:Frontload","floor":12.0},{"not_picked":["bronze:Boost","bronze:DigitalCarnage"],"picked":"bronze:Iterate","floor":14.0},{"not_picked":["bronze:WildBeam","bronze:Constructor"],"picked":"bronze:FineTuning","floor":15.0},{"not_picked":["bronze:HardenedForm","bronze:Break"],"picked":"bronze:Mutator","floor":16.0},{"not_picked":["bronze:WildBeam+1","bronze:CutThrough+1"],"picked":"bronze:Constructor+1","floor":19.0},{"not_picked":["bronze:Separator","bronze:Flail"],"picked":"bronze:ClassDefault+1","floor":20.0},{"not_picked":["bronze:BugBarrage","bronze:ChosenStrike"],"picked":"bronze:FollowUp","floor":21.0},{"not_picked":["bronze:FindAndReplace","bronze:Backtrace"],"picked":"bronze:Repair","floor":23.0},{"not_picked":["bronze:Frontload","bronze:DelayedGuard"],"picked":"bronze:FineTuning","floor":25.0},{"not_picked":["bronze:Fortify","bronze:FineTuning"],"picked":"bronze:Optimize+1","floor":27.0},{"not_picked":["bronze:CutThrough","bronze:ShipIt"],"picked":"bronze:Format","floor":30.0},{"not_picked":["bronze:Iterate+1","bronze:CutThrough","bronze:Safeguard"],"picked":"SKIP","floor":31.0},{"not_picked":["bronze:Safeguard+1","bronze:OilSpill"],"picked":"bronze:ItsAFeature","floor":32.0},{"not_picked":["bronze:SpaghettiCode","bronze:Format"],"picked":"bronze:AlphaBuild","floor":33.0},{"not_picked":["bronze:Frontload+1","bronze:Overheat+1"],"picked":"bronze:ClassDefault","floor":36.0},{"not_picked":["bronze:OilSpill+1","bronze:Frontload"],"picked":"bronze:MaxOutput+1","floor":37.0},{"not_picked":["bronze:Return+1","bronze:ForceShield"],"picked":"bronze:BuggyMess+1","floor":38},{"not_picked":["bronze:WhirlingStrike+1","bronze:MaxOutput+1"],"picked":"bronze:FineTuning","floor":42},{"not_picked":["bronze:CutThrough+1","bronze:Overheat+1"],"picked":"bronze:RecursiveStrike+1","floor":43},{"not_picked":["bronze:Fortify+1","bronze:DigitalCarnage+1","bronze:OilSpill+1"],"picked":"SKIP","floor":44},{"not_picked":["bronze:Repair+1","bronze:BronzeArmor+1","bronze:BitShift+1"],"picked":"SKIP","floor":46},{"not_picked":["bronze:Branch+1","bronze:Separator+1","bronze:Deprecate+1"],"picked":"SKIP","floor":48},{"not_picked":["bronze:Repulsor","bronze:NullPointer+1"],"picked":"bronze:GetLatest+1","floor":49},{"not_picked":["bronze:DigitalCarnage+1","bronze:Branch+1"],"picked":"bronze:BuggyMess+1","floor":52}],"player_experience":1759033,"relics_obtained":[{"floor":5.0,"key":"Dream Catcher"},{"floor":5.0,"key":"Shuriken"},{"floor":5.0,"key":"Calipers"},{"floor":10.0,"key":"Eternal Feather"},{"floor":24.0,"key":"Orichalcum"},{"floor":27.0,"key":"Lizard Tail"},{"floor":27.0,"key":"hexamod:CandleOfCauterizing"},{"floor":30.0,"key":"Akabeko"},{"floor":41,"key":"Molten Egg 2"},{"floor":44,"key":"Bottled Flame"},{"floor":47,"key":"Ginger"},{"floor":52,"key":"Sundial"}],"event_choices":[{"damage_healed":0.0,"max_hp_gain":5.0,"max_hp_loss":0.0,"gold_gain":0.0,"event_name":"Big Fish","player_choice":"Donut","floor":9.0,"gold_loss":0.0,"damage_taken":0.0},{"damage_healed":0.0,"max_hp_gain":0.0,"max_hp_loss":0.0,"gold_gain":0.0,"event_name":"Vampires","player_choice":"Ignored","floor":22.0,"gold_loss":0.0,"damage_taken":0.0},{"damage_healed":0.0,"max_hp_gain":0.0,"max_hp_loss":0.0,"gold_gain":200.0,"event_name":"Wheel of Change","player_choice":"Gold","floor":28.0,"gold_loss":0.0,"damage_taken":0.0},{"cards_removed":["bronze:Defend"],"damage_healed":0,"gold_gain":0,"player_choice":"Removed Skill","damage_taken":0,"max_hp_gain":0,"max_hp_loss":0,"event_name":"Falling","floor":39,"gold_loss":0}],"is_beta":false,"boss_relics":[{"not_picked":["Pandora\u0027s Box","Coffee Dripper"],"picked":"bronze:MakeshiftBattery"},{"not_picked":["Snecko Eye","SacredBark"],"picked":"bronze:PlatinumCore"}],"items_purged_floors":[43],"is_endless":false,"potions_floor_spawned":[3,12,15,21,27,30,31,32,37,44,47,52],"killed_by":"downfall:NeowBossFinal","ascension_level":1}}