{"host":"3j24k6gtmfx6ynrk","time":1612908350,"event":{"mods":["AchievementEnabler","BaseMod","Colored Powertips","Hermit","Highlight Path","Minty Spire (QoL Compilation)","StSLib","The Cursed","The Servant 0.9.4"],"gold_per_floor":[111,122,139,139,156,156,20,20,20,31,102,102,102,121,121,223,223,243,211,229,229,246,264,264,278,301,216,216,234,33,33,33,128,128,140,140,140,154,173,173,184,184,233,253,253,265,35,0,0,0],"floor_reached":51,"language":"DEU","playtime":6252,"items_purged":["Defend_P"],"score":643,"play_id":"a9cc6d79-c187-48b0-8ea1-6087cd3915f9","local_time":"20210209230550","is_ascension_mode":false,"campfire_choices":[{"data":"Protect","floor":6,"key":"SMITH"},{"data":"EmptyFist","floor":8,"key":"SMITH"},{"data":"Eruption","floor":12,"key":"SMITH"},{"data":"SashWhip","floor":15,"key":"SMITH"},{"floor":24,"key":"REST"},{"floor":28,"key":"REST"},{"floor":32,"key":"REST"},{"data":"Wallop","floor":40,"key":"SMITH"},{"floor":42,"key":"REST"},{"data":"BowlingBash","floor":45,"key":"SMITH"},{"floor":49,"key":"REST"}],"circlet_count":0,"master_deck":["Strike_P","Defend_P","Eruption+1","Vigilance+1","EmptyFist+1","SashWhip+1","FlurryOfBlows","Protect+1","Devotion","DeceiveReality","Prostrate","DevaForm","Wallop+1","Pray+1","JustLucky+1","TalkToTheHand+1","InnerPeace","WheelKick","Consecrate+1","BowlingBash+1","Blasphemy","Dark Shackles","Scrawl","Prostrate+1","Wallop+1","Parasite","FollowUp+1","Swivel+1"],"relics":["PureWater","HornCleat","Kunai","Incense Burner","Astrolabe","Bronze Scales","Shuriken","Toy Ornithopter","Empty Cage","Oddly Smooth Stone","Vajra","Red Mask"],"acts_visited":["Exordium","TheCity","TheBeyond"],"potions_floor_usage":[19,20,33,41],"damage_taken":[{"damage":0,"enemies":"Small Slimes","floor":1,"turns":3},{"damage":0,"enemies":"Jaw Worm","floor":2,"turns":6},{"damage":0,"enemies":"Cultist","floor":3,"turns":3},{"damage":4,"enemies":"Large Slime","floor":5,"turns":6},{"damage":0,"enemies":"Looter","floor":10,"turns":3},{"damage":0,"enemies":"Blue Slaver","floor":14,"turns":3},{"damage":3,"enemies":"The Guardian","floor":16,"turns":10},{"damage":5,"enemies":"Chosen","floor":18,"turns":5},{"damage":15,"enemies":"2 Thieves","floor":19,"turns":5},{"damage":31,"enemies":"3 Cultists","floor":20,"turns":6},{"damage":3,"enemies":"Snake Plant","floor":22,"turns":6},{"damage":0,"enemies":"Centurion and Healer","floor":23,"turns":6},{"damage":25,"enemies":"3 Cultists","floor":25,"turns":7},{"damage":0,"enemies":"Snake Plant","floor":29,"turns":5},{"damage":0,"enemies":"Automaton","floor":33,"turns":8},{"damage":3,"enemies":"3 Darklings","floor":35,"turns":6},{"damage":2,"enemies":"3 Shapes","floor":38,"turns":4},{"damage":13,"enemies":"Spire Growth","floor":39,"turns":6},{"damage":20,"enemies":"Writhing Mass","floor":41,"turns":6},{"damage":4,"enemies":"4 Shapes","floor":44,"turns":6},{"damage":6,"enemies":"Jaw Worm Horde","floor":46,"turns":6},{"damage":21,"enemies":"Time Eater","floor":50,"turns":15}],"seed_played":"-4853104615333369755","potions_obtained":[{"floor":5,"key":"EssenceOfSteel"},{"floor":14,"key":"FearPotion"},{"floor":16,"key":"AttackPotion"},{"floor":19,"key":"Fire Potion"},{"floor":22,"key":"SkillPotion"},{"floor":35,"key":"ColorlessPotion"},{"floor":41,"key":"BottledMiracle"}],"is_trial":false,"path_per_floor":["M","M","M","?","M","R","$","R","T","M","T","R","T","M","R","B",null,"M","M","M","?","M","M","R","M","T","?","R","M","$","?","R","B",null,"M","?","?","M","M","R","M","R","T","M","R","M","$","?","R","B",null],"character_chosen":"WATCHER","items_purchased":["Devotion","BowlingBash","Toy Ornithopter","Vajra"],"campfire_rested":5,"item_purchase_floors":[7,30,30,47],"current_hp_per_floor":[72,72,72,69,65,65,65,65,65,65,65,65,65,65,65,62,72,67,52,21,15,12,12,33,8,8,8,29,29,29,29,50,55,72,69,69,69,67,54,54,39,60,60,56,56,50,50,50,71,50],"gold":0,"neow_bonus":"UPGRADE_CARD","is_daily":false,"chose_seed":false,"campfire_upgraded":6,"win_rate":0.0,"timestamp":1612908350,"path_taken":["M","M","M","?","M","R","$","R","T","M","?","R","?","M","R","BOSS","M","M","M","?","M","?","R","M","T","?","R","M","$","?","R","BOSS","M","?","?","M","M","R","M","R","T","M","R","?","$","?","R","BOSS"],"items_purchased_type":["Card","Card","Relic","Relic"],"build_version":"2020-12-22","purchased_purges":1,"victory":true,"max_hp_per_floor":[72,72,72,72,72,72,72,72,72,72,72,72,72,72,72,72,72,72,72,72,72,72,72,72,72,72,72,72,72,72,72,72,72,72,72,72,72,72,72,72,72,72,72,72,72,72,72,72,72,72],"card_choices":[{"not_picked":["BowlingBash","Crescendo"],"picked":"EmptyFist","floor":1},{"not_picked":["EmptyBody","PathToVictory"],"picked":"SashWhip","floor":2},{"not_picked":["Fasting2","Adaptation"],"picked":"FlurryOfBlows","floor":3},{"not_picked":["WheelKick","EmptyFist"],"picked":"Protect","floor":5},{"not_picked":["Protect","ThirdEye"],"picked":"DeceiveReality","floor":10},{"not_picked":["JustLucky","Halt"],"picked":"Prostrate","floor":14},{"not_picked":["Scrawl","Devotion"],"picked":"DevaForm","floor":16},{"not_picked":["Pray+1","ReachHeaven"],"picked":"TalkToTheHand+1","floor":18},{"not_picked":["Prostrate+1","WindmillStrike"],"picked":"Indignation","floor":19},{"not_picked":["Collect","SashWhip"],"picked":"InnerPeace","floor":20},{"not_picked":["ThirdEye","EmptyBody","JustLucky+1"],"picked":"SKIP","floor":22},{"not_picked":["FollowUp","Establishment"],"picked":"WheelKick","floor":23},{"not_picked":["JustLucky","DeceiveReality","PathToVictory"],"picked":"SKIP","floor":25},{"not_picked":["EmptyFist","Prostrate"],"picked":"Consecrate+1","floor":29},{"not_picked":["ConjureBlade","Omniscience"],"picked":"Blasphemy","floor":33},{"not_picked":["DeceiveReality+1","Consecrate","SashWhip"],"picked":"SKIP","floor":35},{"not_picked":["Enlightenment","Mind Blast"],"picked":"Dark Shackles","floor":36},{"not_picked":["Consecrate","InnerPeace"],"picked":"Prostrate+1","floor":38},{"not_picked":["Evaluate","Crescendo"],"picked":"Wallop","floor":39},{"not_picked":["CutThroughFate","Indignation+1"],"picked":"FollowUp+1","floor":41},{"not_picked":["Prostrate+1","Consecrate+1"],"picked":"Swivel+1","floor":44},{"not_picked":["Consecrate+1","ThirdEye","MasterReality"],"picked":"SKIP","floor":46}],"player_experience":51315,"relics_obtained":[{"floor":9,"key":"HornCleat"},{"floor":11,"key":"Kunai"},{"floor":13,"key":"Incense Burner"},{"floor":26,"key":"Bronze Scales"},{"floor":43,"key":"Oddly Smooth Stone"}],"event_choices":[{"damage_healed":0,"gold_gain":0,"player_choice":"Fled","damage_taken":3,"max_hp_gain":0,"max_hp_loss":0,"event_name":"Scrap Ooze","floor":4,"gold_loss":0},{"damage_healed":0,"gold_gain":0,"player_choice":"","damage_taken":6,"max_hp_gain":0,"max_hp_loss":0,"event_name":"Knowing Skull","floor":21,"potions_obtained":[],"gold_loss":0,"cards_obtained":[]},{"damage_healed":0,"gold_gain":0,"player_choice":"Obtained Relic","damage_taken":0,"relics_obtained":["Shuriken"],"max_hp_gain":0,"max_hp_loss":0,"event_name":"Addict","floor":27,"gold_loss":85},{"damage_healed":0,"gold_gain":0,"player_choice":"Ignored","damage_taken":0,"max_hp_gain":0,"max_hp_loss":0,"event_name":"Ghosts","floor":31,"gold_loss":0},{"damage_healed":0,"gold_gain":0,"player_choice":"Memory 1","damage_taken":0,"max_hp_gain":0,"max_hp_loss":0,"event_name":"SensoryStone","floor":36,"gold_loss":0},{"damage_healed":0,"gold_gain":0,"cards_transformed":["Strike_P"],"player_choice":"Transformed","damage_taken":0,"max_hp_gain":0,"max_hp_loss":0,"event_name":"Transmorgrifier","floor":37,"gold_loss":0,"cards_obtained":["Scrawl"]},{"damage_healed":0,"gold_gain":0,"player_choice":"Paid","damage_taken":0,"relics_obtained":["Red Mask"],"max_hp_gain":0,"max_hp_loss":0,"event_name":"Tomb of Lord Red Mask","floor":48,"gold_loss":35}],"is_beta":false,"boss_relics":[{"not_picked":["Runic Dome","Tiny House"],"picked":"Astrolabe"},{"not_picked":["SlaversCollar","Busted Crown"],"picked":"Empty Cage"}],"items_purged_floors":[47],"is_endless":false,"potions_floor_spawned":[5,14,16,19,22,25,29,35,39,41],"ascension_level":0}}