{"host":"kvo7eymyd21g9abd","time":1612907531,"event":{"mods":["AchievementEnabler","BaseMod","Bestiary","Colored Map","Minty Spire (QoL Compilation)","StSLib"],"gold_per_floor":[19,119,131,306,317,343,343,62,113,143,161,161,196,216,216,312,312,327,342,357,373,373,373,373],"floor_reached":23,"language":"ENG","playtime":888,"items_purged":["Doubt"],"score":288,"play_id":"976f74a9-30ca-465b-991c-87d4f5f16706","local_time":"20210209165211","is_ascension_mode":true,"campfire_choices":[{"floor":7,"key":"RECALL"},{"floor":12,"key":"REST"},{"floor":15,"key":"REST"}],"circlet_count":0,"master_deck":["Strike_R","Strike_R","Strike_R","Strike_R","Strike_R","Defend_R","Defend_R","Defend_R","Defend_R","Bash","Offering","Hemokinesis","Shockwave","Cleave","Reaper","Demon Form","Carnage","Perfected Strike","Hemokinesis","Exhume","Bloodletting+1","Twin Strike+1","Perfected Strike","Flame Barrier","J.A.X."],"relics":["Burning Blood","Pen Nib","Art of War","Akabeko","Mark of Pain"],"acts_visited":["Exordium","TheCity"],"potions_floor_usage":[6,10,13,13,23,23,23],"damage_taken":[{"damage":6,"enemies":"Small Slimes","floor":1,"turns":2},{"damage":2,"enemies":"Cultist","floor":3,"turns":2},{"damage":1,"enemies":"2 Louse","floor":5,"turns":4},{"damage":16,"enemies":"Gremlin Nob","floor":6,"turns":3},{"damage":32,"enemies":"Lagavulin","floor":10,"turns":5},{"damage":44,"enemies":"Exordium Wildlife","floor":11,"turns":5},{"damage":9,"enemies":"Gremlin Nob","floor":13,"turns":4},{"damage":10,"enemies":"3 Louse","floor":14,"turns":4},{"damage":45,"enemies":"The Guardian","floor":16,"turns":6},{"damage":35,"enemies":"2 Thieves","floor":18,"turns":4},{"damage":49,"enemies":"Shell Parasite","floor":19,"turns":5},{"damage":15,"enemies":"Cultist and Chosen","floor":20,"turns":3},{"damage":35,"enemies":"Centurion and Healer","floor":21,"turns":4},{"damage":35,"enemies":"Gremlin Leader","floor":23,"turns":6}],"seed_played":"-1450979887972741028","potions_obtained":[{"floor":1,"key":"AttackPotion"},{"floor":5,"key":"SteroidPotion"},{"floor":11,"key":"DuplicationPotion"},{"floor":14,"key":"LiquidBronze"},{"floor":16,"key":"BlessingOfTheForge"},{"floor":19,"key":"SpeedPotion"}],"is_trial":false,"path_per_floor":["M","?","M","?","M","E","R","$","T","E","M","R","E","M","R","B",null,"M","M","M","M","?","E"],"character_chosen":"IRONCLAD","items_purchased":["Reaper","Block Potion"],"campfire_rested":2,"item_purchase_floors":[8,8],"current_hp_per_floor":[72,72,76,76,80,70,70,70,70,50,20,44,45,49,73,52,73,60,31,34,11,11,0,0],"gold":373,"neow_bonus":"THREE_RARE_CARDS","is_daily":false,"chose_seed":false,"campfire_upgraded":0,"win_rate":0.0,"timestamp":1612907531,"path_taken":["M","?","?","?","M","E","R","$","T","E","M","R","E","M","R","BOSS","M","M","M","M","?","E"],"items_purchased_type":["Card","Potion"],"build_version":"2020-12-22","purchased_purges":1,"victory":false,"max_hp_per_floor":[80,80,80,80,80,80,80,80,80,80,80,80,80,80,80,80,80,80,80,80,80,80,80,80],"card_choices":[{"not_picked":["Brutality","Bludgeon"],"picked":"Offering","floor":0},{"not_picked":["Ghostly Armor","Anger"],"picked":"Hemokinesis","floor":1},{"not_picked":["Reckless Charge","Ghostly Armor","Thunderclap"],"picked":"SKIP","floor":3},{"not_picked":["Sever Soul","Body Slam"],"picked":"Shockwave","floor":5},{"not_picked":["Anger","Pommel Strike"],"picked":"Cleave","floor":6},{"not_picked":["Havoc","Bludgeon"],"picked":"Demon Form","floor":10},{"not_picked":["Dropkick","Havoc"],"picked":"Carnage","floor":11},{"not_picked":["Searing Blow","Havoc"],"picked":"Perfected Strike","floor":13},{"not_picked":["Spot Weakness","Headbutt"],"picked":"Hemokinesis","floor":14},{"not_picked":["Corruption","Limit Break"],"picked":"Exhume","floor":16},{"not_picked":["Clash","Combust"],"picked":"Bloodletting+1","floor":18},{"not_picked":["Ghostly Armor","Clothesline"],"picked":"Twin Strike+1","floor":19},{"not_picked":["Twin Strike+1","Shrug It Off"],"picked":"Perfected Strike","floor":20},{"not_picked":["Shrug It Off","Havoc"],"picked":"Flame Barrier","floor":21}],"player_experience":454877,"relics_obtained":[{"floor":6,"key":"Pen Nib"},{"floor":10,"key":"Art of War"},{"floor":13,"key":"Akabeko"}],"event_choices":[{"damage_healed":0,"gold_gain":100,"player_choice":"Pray","damage_taken":0,"max_hp_gain":0,"max_hp_loss":0,"event_name":"Golden Shrine","floor":2,"gold_loss":0},{"damage_healed":0,"gold_gain":175,"player_choice":"AGREE","damage_taken":0,"max_hp_gain":0,"max_hp_loss":0,"event_name":"Liars Game","floor":4,"gold_loss":0,"cards_obtained":["Doubt"]},{"damage_healed":0,"gold_gain":0,"player_choice":"Obtain J.A.X.","damage_taken":0,"max_hp_gain":0,"max_hp_loss":0,"event_name":"Drug Dealer","floor":22,"gold_loss":0,"cards_obtained":["J.A.X."]}],"is_beta":false,"boss_relics":[{"not_picked":["Fusion Hammer","Runic Dome"],"picked":"Mark of Pain"}],"items_purged_floors":[8],"is_endless":false,"potions_floor_spawned":[1,5,11,14,16,19],"killed_by":"Gremlin Leader","ascension_level":7}}