{"host":"xp27heuvanyklt0b","time":1612856758,"event":{"mods":["100% Spire Juice","BaseMod","CapriCore","Koishi","Lobotomy","Minty Spire (QoL Compilation)","Prisma Mod","StSLib","The Immortal"],"gold_per_floor":[112,112,132,146,161,193,41,71,126,126,126,141,151,162,162,265,265,275,305,81,81,10,10,25,36,36,36,36,56,56,71,71,173,473,491,408,422,70,82,111,111,111],"floor_reached":41,"language":"KOR","playtime":2635,"items_purged":["PrismaMod:ChloeCommonAttack"],"score":560,"play_id":"e062cb2b-903f-48bb-acc3-a7eb8ca4c665","local_time":"20210209164558","is_ascension_mode":false,"campfire_choices":[{"floor":10,"key":"REST"},{"data":"PrismaMod:ChloeMordred","floor":15,"key":"SMITH"},{"floor":23,"key":"REST"},{"floor":28,"key":"RECALL"},{"floor":32,"key":"REST"}],"circlet_count":0,"master_deck":["PrismaMod:ChloeCommonAttack","PrismaMod:ChloeCommonAttack","PrismaMod:ChloeCommonAttack","PrismaMod:ChloeCommonAttack","PrismaMod:ChloeCommonDefend","PrismaMod:ChloeCommonDefend","PrismaMod:ChloeCommonDefend","PrismaMod:ChloeCommonDefend","PrismaMod:ChloeCommonDefend","PrismaMod:ChloeCheapAttack","PrismaMod:ChloeCheapDefend+1","PrismaMod:ChloeExhaustOne","PrismaMod:ChloeCheapAttackTwo","PrismaMod:ChloeCheapAttackTwo","PrismaMod:ChloeBetterTracePools","PrismaMod:ChloeGaeBolg","PrismaMod:ChloeCheapAttackTwo","PrismaMod:ChloeDemonicTutor","PrismaMod:ChloeMordred+1","PrismaMod:ChloeAnyAttackTrace","PrismaMod:ChloeCheapAttack","PrismaMod:ChloeRitsuka","PrismaMod:ChloeCarnivalAttack","PrismaMod:ChloeExcalibur","PrismaMod:ChloeExcalibur","PrismaMod:ChloeRhongomyniad","PrismaMod:ChloeMaid","PrismaMod:ChloeAnyPowerTrace","PrismaMod:ChloeAnyRareTrace","CurseOfTheBell","PrismaMod:ChloeExhaustOne+1","PrismaMod:ChloeCheapAttack","Parasite","PrismaMod:ChloeDiscardRecovery+1","PrismaMod:ChloeCaladbolg"],"relics":["PrismaMod:PrismaTraceOnUpgrade","Potion Belt","Smiling Mask","Vajra","Pantograph","Ancient Tea Set","Red Mask","Calling Bell","Art of War","Question Card","Old Coin","Dream Catcher","Blood Vial","Sling","Ice Cream"],"acts_visited":["Exordium","TheCity","TheBeyond"],"potions_floor_usage":[30,33,40,40,40,41],"damage_taken":[{"damage":1,"enemies":"Small Slimes","floor":1,"turns":3},{"damage":0,"enemies":"2 Louse","floor":3,"turns":2},{"damage":0,"enemies":"Cultist","floor":4,"turns":2},{"damage":3,"enemies":"Blue Slaver","floor":5,"turns":4},{"damage":21,"enemies":"3 Sentries","floor":6,"turns":12},{"damage":19,"enemies":"Gremlin Nob","floor":8,"turns":4},{"damage":6,"enemies":"Exordium Wildlife","floor":12,"turns":5},{"damage":0,"enemies":"Exordium Thugs","floor":13,"turns":3},{"damage":3,"enemies":"Looter","floor":14,"turns":3},{"damage":0,"enemies":"Slime Boss","floor":16,"turns":4},{"damage":10,"enemies":"Shell Parasite","floor":18,"turns":7},{"damage":51,"enemies":"Masked Bandits","floor":19,"turns":7},{"damage":7,"enemies":"Spheric Guardian","floor":24,"turns":3},{"damage":2,"enemies":"Snecko","floor":25,"turns":3},{"damage":6,"enemies":"Centurion and Healer","floor":29,"turns":7},{"damage":5,"enemies":"Snake Plant","floor":31,"turns":4},{"damage":52,"enemies":"Champ","floor":33,"turns":12},{"damage":41,"enemies":"3 Darklings","floor":35,"turns":6},{"damage":16,"enemies":"Orb Walker","floor":37,"turns":4},{"damage":12,"enemies":"Writhing Mass","floor":39,"turns":6},{"damage":31,"enemies":"Nemesis","floor":40,"turns":7},{"damage":5,"enemies":"Transient","floor":41,"turns":1}],"seed_played":"-5982703393472245982","potions_obtained":[{"floor":5,"key":"Dexterity Potion"},{"floor":6,"key":"PowerPotion"},{"floor":13,"key":"LiquidMemories"},{"floor":16,"key":"GamblersBrew"},{"floor":19,"key":"Block Potion"},{"floor":24,"key":"Fruit Juice"},{"floor":35,"key":"Weak Potion"},{"floor":39,"key":"Swift Potion"}],"is_trial":false,"path_per_floor":["M","?","M","M","M","E","$","E","T","R","?","M","M","M","R","B",null,"M","?","$","?","$","R","M","M","T","?","R","M","?","M","R","B",null,"M","?","M","$","M","E","M"],"character_chosen":"CHLOE","items_purchased":["Vajra","PrismaMod:ChloeCarnivalAttack","PrismaMod:ChloeExcalibur","PrismaMod:ChloeExcalibur","Blood Vial","Sling"],"campfire_rested":3,"item_purchase_floors":[7,20,20,22,38,38],"current_hp_per_floor":[74,74,74,74,71,50,50,31,31,53,85,79,79,76,76,85,85,75,24,24,24,24,49,42,40,40,40,40,39,44,39,66,38,90,49,49,33,33,30,1,0,0],"gold":111,"neow_bonus":"RANDOM_COMMON_RELIC","is_daily":false,"chose_seed":false,"campfire_upgraded":1,"win_rate":0.0,"timestamp":1612856758,"path_taken":["M","?","M","M","M","E","$","E","T","R","?","?","M","M","R","BOSS","M","?","$","?","?","R","?","M","T","?","R","M","?","M","R","BOSS","M","?","M","$","M","E","M"],"items_purchased_type":["Relic","Card","Card","Card","Relic","Relic"],"build_version":"2020-12-22","purchased_purges":1,"victory":false,"max_hp_per_floor":[75,75,75,75,75,75,75,75,75,75,85,85,85,85,85,85,85,85,85,85,85,85,85,85,85,85,85,85,85,90,90,90,90,90,90,90,90,90,90,90,90,90],"card_choices":[{"not_picked":["PrismaMod:ChloeCheapDefend","PrismaMod:ChloeDiscardRecovery"],"picked":"PrismaMod:ChloeExhaustOne","floor":1},{"not_picked":["PrismaMod:ChloeCheapAttack","PrismaMod:ChloeCheapDefendTwo"],"picked":"PrismaMod:ChloeCheapAttackTwo","floor":3},{"not_picked":["PrismaMod:ChloeCheapDefend","PrismaMod:ChloeDiscardRecovery"],"picked":"PrismaMod:ChloeCheapAttackTwo","floor":4},{"not_picked":["PrismaMod:ChloeCheapDefend","PrismaMod:ChloeDiscardRecovery"],"picked":"PrismaMod:ChloeBetterTracePools","floor":5},{"not_picked":["PrismaMod:ChloeDiscardRecovery","PrismaMod:ChloeCheapDefendTwo"],"picked":"PrismaMod:ChloeAnyCommonTrace","floor":6},{"not_picked":["PrismaMod:ChloeCheapAttack","PrismaMod:ChloeExhaustOne"],"picked":"PrismaMod:ChloeGaeBolg","floor":8},{"not_picked":["PrismaMod:ChloeCommonAOEAttack","PrismaMod:ChloeCheapAttack"],"picked":"PrismaMod:ChloeCheapAttackTwo","floor":12},{"not_picked":["PrismaMod:ChloeDiscardRecovery","PrismaMod:ChloeUncommonAOEAttack"],"picked":"PrismaMod:ChloeDemonicTutor","floor":13},{"not_picked":["PrismaMod:ChloeCommonAOEAttack","PrismaMod:ChloeExhaustOne"],"picked":"PrismaMod:ChloeMordred","floor":14},{"not_picked":["PrismaMod:ChloeAnyCommonTrace","PrismaMod:ChloeUnlimitedBladeWorks"],"picked":"PrismaMod:ChloeAnyAttackTrace","floor":16},{"not_picked":["PrismaMod:ChloeCheapAttackTwo+1","PrismaMod:ChloeDiscardRecovery"],"picked":"PrismaMod:ChloeCheapAttack","floor":18},{"not_picked":["PrismaMod:ChloeCheapAttack+1","PrismaMod:ChloeCaladbolg"],"picked":"PrismaMod:ChloeRitsuka","floor":19},{"not_picked":["PrismaMod:ChloeExhaustOne","PrismaMod:ChloeCheapDefend"],"picked":"PrismaMod:ChloeRhongomyniad","floor":24},{"not_picked":["PrismaMod:ChloeCheapAttack","PrismaMod:ChloeCheapDefendTwo+1"],"picked":"PrismaMod:ChloeMaid","floor":25},{"not_picked":["PrismaMod:ChloeRhongomyniad","PrismaMod:ChloeCheapAttack"],"picked":"PrismaMod:ChloeAnyPowerTrace","floor":29},{"not_picked":["PrismaMod:ChloeMaid","PrismaMod:ChloeCommonAOEAttack","PrismaMod:ChloeExhaustOne+1"],"picked":"SKIP","floor":31},{"not_picked":["PrismaMod:ChloeUnlimitedBladeWorks","PrismaMod:ChloeAnyPowerTrace"],"picked":"PrismaMod:ChloeAnyRareTrace","floor":33},{"not_picked":["PrismaMod:ChloeCheapDefendTwo","PrismaMod:ChloeCheapDefend+1","PrismaMod:ChloeExcalibur+1"],"picked":"PrismaMod:ChloeExhaustOne+1","floor":35},{"not_picked":["PrismaMod:ChloeCheapDefendTwo","PrismaMod:ChloeCheapAttackTwo+1","PrismaMod:ChloeCommonAOEAttack+1"],"picked":"PrismaMod:ChloeCheapAttack","floor":37},{"not_picked":["PrismaMod:ChloeBetterTracePools","PrismaMod:ChloeCommonAOEAttack+1","PrismaMod:ChloeExhaustOne"],"picked":"PrismaMod:ChloeDiscardRecovery+1","floor":39},{"not_picked":["PrismaMod:ChloeUncommonAttack+1","PrismaMod:ChloeAnyAttackTrace","PrismaMod:ChloeExhaustOne+1"],"picked":"PrismaMod:ChloeCaladbolg","floor":40}],"player_experience":186799,"relics_obtained":[{"floor":6,"key":"Smiling Mask"},{"floor":8,"key":"Pantograph"},{"floor":9,"key":"Ancient Tea Set"},{"floor":19,"key":"Red Mask"},{"floor":34,"key":"Art of War"},{"floor":34,"key":"Question Card"},{"floor":34,"key":"Old Coin"},{"floor":40,"key":"Ice Cream"}],"event_choices":[{"damage_healed":0,"gold_gain":0,"player_choice":"Grow","damage_taken":0,"max_hp_gain":0,"max_hp_loss":0,"event_name":"Living Wall","floor":2,"gold_loss":0,"cards_upgraded":["PrismaMod:ChloeCheapDefend"]},{"cards_removed":["PrismaMod:ChloeAnyCommonTrace"],"damage_healed":22,"gold_gain":0,"player_choice":"Offered Rare","damage_taken":0,"max_hp_gain":10,"max_hp_loss":0,"event_name":"Bonfire Elementals","floor":11,"gold_loss":0},{"damage_healed":0,"gold_gain":0,"player_choice":"Fought Bandits","damage_taken":0,"max_hp_gain":0,"max_hp_loss":0,"event_name":"Masked Bandits","floor":19,"gold_loss":0},{"damage_healed":0,"gold_gain":0,"player_choice":"Ignored","damage_taken":0,"max_hp_gain":0,"max_hp_loss":0,"event_name":"Vampires","floor":21,"gold_loss":0},{"damage_healed":0,"gold_gain":0,"player_choice":"Ignored","damage_taken":0,"max_hp_gain":0,"max_hp_loss":0,"event_name":"The Mausoleum","floor":30,"gold_loss":0},{"damage_healed":0,"gold_gain":0,"player_choice":"Paid Gold","damage_taken":0,"relics_obtained":["Dream Catcher"],"max_hp_gain":0,"max_hp_loss":0,"event_name":"WeMeetAgain","floor":36,"gold_loss":83}],"is_beta":false,"boss_relics":[{"not_picked":["Snecko Eye","Velvet Choker"],"picked":"PrismaMod:PrismaTraceOnUpgrade"},{"not_picked":["SacredBark","Tiny House"],"picked":"Calling Bell"}],"items_purged_floors":[38],"is_endless":false,"potions_floor_spawned":[5,6,13,16,19,24,35,39],"killed_by":"Transient","ascension_level":0}}