{"host":"bgyhjzqafgkxdxsh","time":1612863041,"event":{"mods":["BaseMod","Colored Map","Minty Spire (QoL Compilation)","Relic Stats","StSLib","everything is the same but u backflip on backflip"],"gold_per_floor":[116,131,142,156,12,42,42,142,167,179,205,48,80,93,93,93,93],"floor_reached":16,"language":"ENG","playtime":717,"items_purged":[],"score":201,"play_id":"8f9c77a7-1b5b-47e9-9b2c-41d3b5cce3ce","local_time":"20210209193041","is_ascension_mode":true,"campfire_choices":[{"data":"Venomology","floor":7,"key":"SMITH"},{"floor":15,"key":"REST"}],"circlet_count":0,"master_deck":["AscendersBane","Strike_G","Strike_G","Strike_G","Strike_G","Strike_G","Defend_G","Defend_G","Defend_G","Defend_G","Defend_G","Survivor","Neutralize","Venomology+1","Flying Knee","Dagger Spray","PiercingWail","Poisoned Stab","Dagger Spray","Blur","Calculated Gamble","Leg Sweep","Sucker Punch"],"relics":["Ring of the Snake","Strawberry","Toy Ornithopter","Bag of Marbles","Akabeko","Bronze Scales"],"acts_visited":["Exordium"],"potions_floor_usage":[1,2,4,5,6,10,10,11,13,13,13,14],"damage_taken":[{"damage":3,"enemies":"Cultist","floor":1,"turns":4},{"damage":0,"enemies":"2 Louse","floor":2,"turns":3},{"damage":1,"enemies":"Small Slimes","floor":3,"turns":3},{"damage":4,"enemies":"Blue Slaver","floor":4,"turns":6},{"damage":39,"enemies":"Lagavulin","floor":6,"turns":6},{"damage":17,"enemies":"Exordium Wildlife","floor":10,"turns":4},{"damage":5,"enemies":"3 Sentries","floor":11,"turns":3},{"damage":35,"enemies":"Lagavulin","floor":13,"turns":7},{"damage":0,"enemies":"Large Slime","floor":14,"turns":3},{"damage":35,"enemies":"Hexaghost","floor":16,"turns":12}],"seed_played":"6575299229757888587","potions_obtained":[{"floor":1,"key":"Fire Potion"},{"floor":6,"key":"AttackPotion"},{"floor":11,"key":"Energy Potion"}],"is_trial":false,"path_per_floor":["M","M","M","M","$","E","R","?","T","M","E","$","E","M","R","B"],"character_chosen":"THE_SILENT","items_purchased":["Fruit Juice","Dagger Spray","Akabeko"],"campfire_rested":1,"item_purchase_floors":[5,5,12],"current_hp_per_floor":[60,60,59,55,60,28,28,28,28,21,21,21,1,6,30,0,0],"gold":93,"neow_bonus":"ONE_RANDOM_RARE_CARD","is_daily":false,"chose_seed":false,"campfire_upgraded":1,"win_rate":0.0,"timestamp":1612863041,"path_taken":["M","M","M","M","$","E","R","?","T","M","E","$","E","?","R","BOSS"],"items_purchased_type":["Potion","Card","Relic"],"build_version":"2020-12-22","purchased_purges":0,"victory":false,"max_hp_per_floor":[70,70,70,70,75,82,82,82,82,82,82,82,82,82,82,82,82],"relic_stats":{"counters":[10,51],"Bronze Scales":[72],"obtain_stats":[{"Strawberry":6,"Bronze Scales":13,"Bag of Marbles":11,"Toy Ornithopter":9,"Akabeko":12,"Ring of the Snake":0},{"Strawberry":5,"Bronze Scales":8,"Bag of Marbles":7,"Toy Ornithopter":5,"Akabeko":7,"Ring of the Snake":0},{"Strawberry":22,"Bronze Scales":36,"Bag of Marbles":29,"Toy Ornithopter":22,"Akabeko":29,"Ring of the Snake":0}],"Toy Ornithopter":35,"Ring of the Snake":[20]},"card_choices":[{"not_picked":["Choke","Flechettes"],"picked":"Flying Knee","floor":1},{"not_picked":["Backflip","Crippling Poison"],"picked":"Dagger Spray","floor":2},{"not_picked":["Cloak And Dagger","Choke"],"picked":"PiercingWail","floor":3},{"not_picked":["Dodge and Roll","Slice"],"picked":"Poisoned Stab","floor":4},{"not_picked":["Flying Knee","Dagger Spray"],"picked":"Blur","floor":6},{"not_picked":["Predator","Setup"],"picked":"Calculated Gamble","floor":10},{"not_picked":["Riddle With Holes","Choke","Night Terror"],"picked":"SKIP","floor":11},{"not_picked":["Dodge and Roll","Tools of the Trade"],"picked":"Leg Sweep","floor":13},{"not_picked":["Backflip","Expertise"],"picked":"Sucker Punch","floor":14}],"player_experience":492847,"relics_obtained":[{"floor":6,"key":"Strawberry"},{"floor":9,"key":"Toy Ornithopter"},{"floor":11,"key":"Bag of Marbles"},{"floor":13,"key":"Bronze Scales"}],"event_choices":[{"damage_healed":0,"gold_gain":100,"player_choice":"Pray","damage_taken":0,"max_hp_gain":0,"max_hp_loss":0,"event_name":"Golden Shrine","floor":8,"gold_loss":0}],"is_beta":false,"boss_relics":[],"items_purged_floors":[],"is_endless":false,"potions_floor_spawned":[1,4,6,11],"killed_by":"Hexaghost","ascension_level":13}}