{"host":"7du22lxzqv5spo2i","time":1612837374,"event":{"mods":["AchievementEnabler","BaseMod","Minty Spire (QoL Compilation)","Quick Restart"],"gold_per_floor":[118,69,144,69,82,113,113,146,193,207,223,223,236,201,201,304,304,320,332,332,346,346,346,378,378,404,423,423,303,303,303,303,405,405,425,475,199,199,250,278,278,306,306,332,332,332,138,138,138,138,138,138,38,65,65],"floor_reached":56,"language":"ENG","playtime":5235,"items_purged":["Strike_B","Strike_B","Strike_B+1","Strike_B+1","Dualcast"],"score":1358,"play_id":"0361eda4-61ee-4dff-8413-6d993032c928","local_time":"20210208202254","is_ascension_mode":true,"campfire_choices":[{"data":"Darkness","floor":7.0,"key":"SMITH"},{"floor":12.0,"key":"REST"},{"data":"Genetic Algorithm","floor":15.0,"key":"SMITH"},{"data":"Defragment","floor":23,"key":"SMITH"},{"data":"Multi-Cast","floor":28,"key":"SMITH"},{"data":"Doom and Gloom","floor":32,"key":"SMITH"},{"data":"Consume","floor":41,"key":"SMITH"},{"floor":45,"key":"REST"},{"data":"Buffer","floor":46,"key":"SMITH"},{"floor":49,"key":"RECALL"},{"data":"Echo Form","floor":52,"key":"SMITH"}],"circlet_count":0,"master_deck":["Defend_B+1","Defend_B+1","Defend_B+1","Defend_B+1","Cold Snap+1","Genetic Algorithm+1","Darkness+1","Hologram+1","Multi-Cast+1","Coolheaded+1","Defragment+1","Reinforced Body+1","Ball Lightning+1","Doom and Gloom+1","Echo Form","Consume+1","Buffer+1","Echo Form+1"],"relics":["Black Star","Ancient Tea Set","PreservedInsect","Juzu Bracelet","Philosopher\u0027s Stone","Smiling Mask","MealTicket","Nloth\u0027s Gift","Toy Ornithopter","Enchiridion","Snecko Eye","WingedGreaves","Oddly Smooth Stone","Prayer Wheel","Bag of Marbles","Question Card","War Paint","Centennial Puzzle","Pen Nib","Regal Pillow","Blood Vial","DollysMirror","Bag of Preparation","Whetstone"],"acts_visited":["Exordium","TheCity","TheBeyond","TheEnding"],"potions_floor_usage":[21,24,24,27,33,39,39,55,55],"damage_taken":[{"damage":5.0,"enemies":"Cultist","floor":1.0,"turns":4.0},{"damage":0.0,"enemies":"2 Louse","floor":5.0,"turns":3.0},{"damage":32.0,"enemies":"Gremlin Nob","floor":6.0,"turns":7.0},{"damage":34.0,"enemies":"3 Sentries","floor":8.0,"turns":9.0},{"damage":2.0,"enemies":"Small Slimes","floor":10.0,"turns":6.0},{"damage":0.0,"enemies":"Exordium Wildlife","floor":11.0,"turns":6.0},{"damage":0.0,"enemies":"Red Slaver","floor":13.0,"turns":3.0},{"damage":4.0,"enemies":"The Guardian","floor":16.0,"turns":10.0},{"damage":4.0,"enemies":"Shell Parasite","floor":18.0,"turns":4.0},{"damage":0.0,"enemies":"Chosen","floor":19.0,"turns":4.0},{"damage":0,"enemies":"Snecko","floor":21,"turns":3},{"damage":12,"enemies":"Gremlin Leader","floor":24,"turns":5},{"damage":7,"enemies":"Snake Plant","floor":27,"turns":5},{"damage":28,"enemies":"Champ","floor":33,"turns":9},{"damage":5,"enemies":"Orb Walker","floor":35,"turns":5},{"damage":0,"enemies":"Mind Bloom Boss Battle","floor":36,"turns":5},{"damage":23,"enemies":"2 Orb Walkers","floor":39,"turns":4},{"damage":0,"enemies":"Giant Head","floor":40,"turns":6},{"damage":19,"enemies":"Nemesis","floor":42,"turns":5},{"damage":0,"enemies":"Reptomancer","floor":44,"turns":3},{"damage":0,"enemies":"Awakened One","floor":50,"turns":6},{"damage":0,"enemies":"Shield and Spear","floor":54,"turns":5},{"damage":17,"enemies":"The Heart","floor":55,"turns":9}],"seed_played":"-315661353274504325","potions_obtained":[{"floor":1.0,"key":"Fruit Juice"},{"floor":8.0,"key":"Swift Potion"},{"floor":10.0,"key":"Energy Potion"},{"floor":13.0,"key":"Explosive Potion"},{"floor":21,"key":"Explosive Potion"},{"floor":24,"key":"Swift Potion"},{"floor":27,"key":"PotionOfCapacity"},{"floor":35,"key":"SteroidPotion"},{"floor":39,"key":"Dexterity Potion"},{"floor":44,"key":"Swift Potion"}],"is_trial":false,"path_per_floor":["M","$","?","$","M","E","R","E","T","M","M","R","M","?","R","B",null,"M","M","?","M","?","R","E","?","T","M","R","$","?","?","R","B",null,"M","?","$","?","?","E","R","E","T","E","R","R","$","?","R","B",null,"R","$","E","B",null],"character_chosen":"DEFECT","items_purchased":["Block Potion","Doom and Gloom","PotionOfCapacity","Oddly Smooth Stone","DollysMirror","FocusPotion"],"campfire_rested":2,"item_purchase_floors":[2,29,37,37,47,53],"current_hp_per_floor":[75,75,67,67,67,42,42,8,8,6,6,32,32,53,53,49,87,83,83,83,83,83,83,71,71,71,69,69,84,84,68,68,45,87,82,82,87,83,60,60,60,41,41,41,80,80,83,83,83,83,83,83,83,83,68],"gold":65,"neow_bonus":"BOSS_RELIC","is_daily":false,"chose_seed":false,"campfire_upgraded":8,"win_rate":0.0,"timestamp":1612837374,"path_taken":["M","$","?","?","M","E","R","E","T","M","M","R","M","?","R","BOSS","M","M","?","M","?","R","E","?","T","M","R","$","?","?","R","BOSS","M","?","$","?","?","E","R","E","T","E","R","R","$","?","R","BOSS","R","$","E","BOSS"],"items_purchased_type":["Potion","Card","Potion","Relic","Relic","Potion"],"build_version":"2020-12-22","purchased_purges":5,"victory":true,"max_hp_per_floor":[80,80,80,80,80,87,87,87,87,87,87,87,87,87,87,87,87,87,87,87,87,87,87,87,87,87,87,87,87,87,87,87,87,87,87,87,87,83,83,83,83,83,83,83,83,83,83,83,83,83,83,83,83,83,83],"card_choices":[{"not_picked":["Steam Power","Turbo"],"picked":"Cold Snap","floor":1.0},{"not_picked":["Coolheaded","White Noise"],"picked":"Genetic Algorithm","floor":5.0},{"not_picked":["Reboot","Turbo"],"picked":"Darkness","floor":6.0},{"not_picked":["Turbo","BootSequence"],"picked":"Hologram","floor":8.0},{"not_picked":["Consume","Cold Snap","Rebound"],"picked":"SKIP","floor":10.0},{"not_picked":["Tempest","Ball Lightning","Barrage"],"picked":"SKIP","floor":11.0},{"not_picked":["Chill","Rip and Tear","Turbo"],"picked":"SKIP","floor":13.0},{"not_picked":["Fission","Biased Cognition"],"picked":"Multi-Cast","floor":16.0},{"not_picked":["Redo+1","Ball Lightning"],"picked":"Coolheaded+1","floor":18.0},{"not_picked":["Rebound","Steam Power"],"picked":"Defragment","floor":19.0},{"not_picked":["Rebound","Barrage"],"picked":"Reinforced Body+1","floor":21},{"not_picked":["Amplify","Fusion","Steam"],"picked":"SKIP","floor":24},{"not_picked":["Leap","Steam+1"],"picked":"Ball Lightning+1","floor":27},{"not_picked":["Rainbow","Thunder Strike"],"picked":"Echo Form","floor":33},{"not_picked":["Hologram","Steam+1"],"picked":"Consume","floor":35},{"not_picked":["Sunder","Hyperbeam","Fission"],"picked":"SKIP","floor":40},{"not_picked":["FTL+1","BootSequence+1","Turbo+1"],"picked":"Buffer","floor":42},{"not_picked":["Beam Cell+1","Creative AI","Go for the Eyes+1","Compile Driver+1"],"picked":"SKIP","floor":44},{"not_picked":["Steam Power","Gash+1","Streamline+1","Reinforced Body"],"picked":"SKIP","floor":54}],"player_experience":548527,"relics_obtained":[{"floor":6.0,"key":"Strawberry"},{"floor":6.0,"key":"Ancient Tea Set"},{"floor":8.0,"key":"PreservedInsect"},{"floor":8.0,"key":"Juzu Bracelet"},{"floor":24,"key":"Smiling Mask"},{"floor":24,"key":"MealTicket"},{"floor":26,"key":"Toy Ornithopter"},{"floor":31,"key":"Enchiridion"},{"floor":36,"key":"WingedGreaves"},{"floor":39,"key":"Prayer Wheel"},{"floor":40,"key":"Bag of Marbles"},{"floor":40,"key":"Question Card"},{"floor":42,"key":"War Paint"},{"floor":42,"key":"Centennial Puzzle"},{"floor":43,"key":"Pen Nib"},{"floor":44,"key":"Regal Pillow"},{"floor":44,"key":"Blood Vial"},{"floor":54,"key":"Bag of Preparation"},{"floor":54,"key":"Whetstone"}],"event_choices":[{"damage_healed":0.0,"max_hp_gain":0.0,"max_hp_loss":0.0,"gold_gain":75.0,"event_name":"FaceTrader","player_choice":"Touch","floor":3.0,"gold_loss":0.0,"damage_taken":8.0},{"damage_healed":21.0,"max_hp_gain":0.0,"max_hp_loss":0.0,"gold_gain":0.0,"event_name":"The Cleric","player_choice":"Healed","floor":14.0,"gold_loss":35.0,"damage_taken":0.0},{"damage_healed":0.0,"max_hp_gain":0.0,"max_hp_loss":0.0,"gold_gain":0.0,"event_name":"The Mausoleum","player_choice":"Ignored","floor":20.0,"gold_loss":0.0,"damage_taken":0.0},{"damage_healed":0,"gold_gain":0,"player_choice":"Bought 0 Potions","damage_taken":0,"max_hp_gain":0,"max_hp_loss":0,"event_name":"The Woman in Blue","floor":22,"gold_loss":0},{"damage_healed":0,"gold_gain":0,"player_choice":"Traded Relic","damage_taken":0,"relics_obtained":["Nloth\u0027s Gift"],"max_hp_gain":0,"max_hp_loss":0,"event_name":"N\u0027loth","floor":25,"relics_lost":["Strawberry"],"gold_loss":0},{"damage_healed":0,"gold_gain":0,"player_choice":"Simplicity","damage_taken":0,"max_hp_gain":0,"max_hp_loss":0,"event_name":"Back to Basics","floor":30,"gold_loss":0,"cards_upgraded":["Strike_B","Strike_B","Defend_B","Defend_B","Defend_B","Defend_B"]},{"damage_healed":0,"gold_gain":0,"player_choice":"Obtained Book","damage_taken":16,"max_hp_gain":0,"max_hp_loss":0,"event_name":"Cursed Tome","floor":31,"gold_loss":0},{"damage_healed":0,"gold_gain":0,"player_choice":"Fight","damage_taken":0,"max_hp_gain":0,"max_hp_loss":0,"event_name":"MindBloom","floor":36,"gold_loss":0},{"damage_healed":0,"gold_gain":0,"player_choice":"Max HP","damage_taken":0,"max_hp_gain":0,"max_hp_loss":4,"event_name":"Winding Halls","floor":38,"gold_loss":0},{"damage_healed":0,"gold_gain":0,"player_choice":"Fight","damage_taken":0,"max_hp_gain":0,"max_hp_loss":0,"event_name":"Mysterious Sphere","floor":39,"gold_loss":0},{"cards_removed":["Zap"],"damage_healed":0,"gold_gain":0,"player_choice":"Removed Skill","damage_taken":0,"max_hp_gain":0,"max_hp_loss":0,"event_name":"Falling","floor":48,"gold_loss":0}],"is_beta":false,"boss_relics":[{"not_picked":["Ectoplasm","SacredBark"],"picked":"Philosopher\u0027s Stone"},{"not_picked":["Empty Cage","Calling Bell"],"picked":"Snecko Eye"}],"items_purged_floors":[4,29,37,47,53],"is_endless":false,"potions_floor_spawned":[1,8,10,13,16,21,24,27,35,39,44],"ascension_level":1}}