{"host":"o6nndy8fvkon49s1","time":1612836213,"event":{"mods":["BaseMod","CapriCore","Hermit","Marisa????????","Minty Spire (QoL Compilation)","Prisma Mod","StSLib","Td1madao Mod","The Administrix","The Fake Hero","The Forsaken","The Immortal","The Marked","The Necromancer","The Servant 0.9.4"],"gold_per_floor":[511,531,11,27,41,41,41,41,67,82,102,128,139,150,150,253,253,267,267,192,192],"floor_reached":20,"language":"ENG","playtime":698,"items_purged":["luka_mod:Surrender"],"score":168,"play_id":"be58a20f-332b-46a4-8406-b2db1abd77cd","local_time":"20210208200333","is_ascension_mode":false,"campfire_choices":[{"data":"luka_mod:Meditation","floor":6,"key":"SMITH"},{"data":"luka_mod:Gnome","floor":8,"key":"SMITH"},{"data":"luka_mod:Determination","floor":15,"key":"SMITH"}],"circlet_count":0,"master_deck":["luka_mod:StrikeLukaOne","luka_mod:StrikeLukaTwo","luka_mod:StrikeLukaThree","luka_mod:StrikeLukaFour","luka_mod:StrikeLukaFive","luka_mod:StrikeLukaSix","luka_mod:Salt","luka_mod:Guard","luka_mod:Wait","luka_mod:Edging","luka_mod:FlailWildly","luka_mod:Meditation+1","luka_mod:Determination+1","luka_mod:DemonDecapitation","luka_mod:Meditation+1","luka_mod:Gnome+1","luka_mod:EarthSlash","luka_mod:BladeOfSolidEarth","luka_mod:Daystar","luka_mod:Gnome+1"],"relics":["luka_mod:KeepsakeRing","DollysMirror","Happy Flower","Oddly Smooth Stone","Odd Mushroom","Nloth\u0027s Gift"],"acts_visited":["Exordium","TheCity"],"potions_floor_usage":[12,16,16,16,18,20],"damage_taken":[{"damage":0,"enemies":"Small Slimes","floor":1,"turns":4},{"damage":6,"enemies":"Cultist","floor":2,"turns":3},{"damage":3,"enemies":"Jaw Worm","floor":4,"turns":3},{"damage":14,"enemies":"Lots of Slimes","floor":5,"turns":4},{"damage":24,"enemies":"Large Slime","floor":10,"turns":7},{"damage":4,"enemies":"Blue Slaver","floor":11,"turns":2},{"damage":42,"enemies":"The Mushroom Lair","floor":12,"turns":5},{"damage":2,"enemies":"3 Louse","floor":13,"turns":4},{"damage":13,"enemies":"Large Slime","floor":14,"turns":7},{"damage":15,"enemies":"Hexaghost","floor":16,"turns":6},{"damage":45,"enemies":"Spheric Guardian","floor":18,"turns":7},{"damage":41,"enemies":"2 Thieves","floor":20,"turns":3}],"seed_played":"7943168526137508261","potions_obtained":[{"floor":2,"key":"Weak Potion"},{"floor":5,"key":"Fire Potion"},{"floor":14,"key":"ColorlessPotion"},{"floor":16,"key":"DistilledChaos"},{"floor":18,"key":"Dexterity Potion"}],"is_trial":false,"path_per_floor":["M","M","$","M","M","R","?","R","T","M","M","?","M","M","R","B",null,"M","?","M"],"character_chosen":"LUKA_CLASS","items_purchased":["DollysMirror","luka_mod:Gnome","Happy Flower","AttackPotion","PowerPotion"],"campfire_rested":0,"item_purchase_floors":[3,3,3,3,3],"current_hp_per_floor":[40,34,34,31,36,36,36,36,36,37,33,27,25,40,40,40,40,35,35,0,0],"gold":192,"neow_bonus":"THREE_CARDS","is_daily":false,"chose_seed":false,"campfire_upgraded":3,"win_rate":0.0,"timestamp":1612836213,"path_taken":["M","M","$","M","M","R","?","R","T","?","?","?","M","M","R","BOSS","M","?","M"],"items_purchased_type":["Relic","Card","Relic","Potion","Potion"],"build_version":"2020-12-22","purchased_purges":1,"victory":false,"max_hp_per_floor":[40,40,40,40,40,40,40,40,40,40,40,40,40,40,40,40,40,40,40,40,40],"card_choices":[{"not_picked":["luka_mod:NeverSurrender","luka_mod:FlashKill"],"picked":"luka_mod:Determination","floor":0},{"not_picked":["luka_mod:StressRelief","luka_mod:DeathSwordChaosStar"],"picked":"luka_mod:DemonDecapitation","floor":1},{"not_picked":["luka_mod:FlashKill","luka_mod:BladeOfHowlingWind","luka_mod:BegIlias"],"picked":"SKIP","floor":2},{"not_picked":["luka_mod:BegIlias","luka_mod:StrikeLuka"],"picked":"luka_mod:EarthSlash","floor":4},{"not_picked":["luka_mod:StressRelief","luka_mod:IliasesJudgement","luka_mod:Cutscene"],"picked":"SKIP","floor":5},{"not_picked":["luka_mod:WaterSlash","luka_mod:ThunderThrust"],"picked":"luka_mod:BladeOfSolidEarth","floor":10},{"not_picked":["luka_mod:Calm","luka_mod:CriticalHit","luka_mod:NinefoldRakshasa"],"picked":"SKIP","floor":11},{"not_picked":["luka_mod:UnusedPoison","luka_mod:BegIlias","luka_mod:Undine"],"picked":"SKIP","floor":13},{"not_picked":["luka_mod:FireSlash","luka_mod:BladeOfRagingFire","luka_mod:BegIlias"],"picked":"SKIP","floor":14},{"not_picked":["luka_mod:NinefoldRakshasa","luka_mod:Alice"],"picked":"luka_mod:Daystar","floor":16},{"not_picked":["luka_mod:EarthSlash","luka_mod:GuardedStrike"],"picked":"luka_mod:Gnome+1","floor":18}],"player_experience":220275,"relics_obtained":[{"floor":9,"key":"Oddly Smooth Stone"},{"floor":12,"key":"Odd Mushroom"}],"event_choices":[{"damage_healed":0,"gold_gain":0,"player_choice":"Forge","damage_taken":0,"max_hp_gain":0,"max_hp_loss":0,"event_name":"Accursed Blacksmith","floor":7,"gold_loss":0,"cards_upgraded":["luka_mod:Meditation"]},{"damage_healed":0,"gold_gain":0,"player_choice":"Fought Mushrooms","damage_taken":0,"max_hp_gain":0,"max_hp_loss":0,"event_name":"Mushrooms","floor":12,"gold_loss":0},{"damage_healed":0,"gold_gain":0,"player_choice":"Traded Relic","damage_taken":0,"relics_obtained":["Nloth\u0027s Gift"],"max_hp_gain":0,"max_hp_loss":0,"event_name":"N\u0027loth","floor":19,"relics_lost":["SlaversCollar"],"gold_loss":0}],"is_beta":false,"boss_relics":[{"not_picked":["Runic Dome","theForsaken:PaleLantern"],"picked":"SlaversCollar"}],"items_purged_floors":[3],"is_endless":false,"potions_floor_spawned":[2,5,14,16,18],"killed_by":"2 Thieves","ascension_level":0}}