{"host":"rvvatg3l87ylr0gg","time":1612843897,"event":{"mods":["Bartender","BaseMod","BetterRewards","Downfall","Duelist Mod","Hermit","Hero for Fun","Hubris","Jedi Mod","Jorbs\u0027s Wanderer Trilogy","Marisa????????","Minty Spire (QoL Compilation)","READ ME - Guardian Mod","Replay The Spire","SIMod","StSLib","The Animator","The Blackbeard","The Construct","The Cursed","The Death Knight","The Disciple","The Hierophant","The Jungle","The Mystic","The Necromancer","The Runesmith","The Saiyan","The Senshi","The Servant 0.9.4","The Wild Card"],"gold_per_floor":[88,88,100,100,100,100,110,124,124,137,161,194,194,27,27,42,42,147,147,166,47,47,62,78,78,92,92,92],"floor_reached":27,"language":"ENG","playtime":1749,"items_purged":[],"score":265,"play_id":"74a1496c-042b-4d08-ab90-3b266684c386","local_time":"20210208211137","is_ascension_mode":false,"campfire_choices":[{"data":"Saiyan:ReverberatingForce","floor":9,"key":"SMITH"},{"floor":13,"key":"REST"},{"floor":15,"key":"REST"},{"floor":17,"key":"REST"},{"floor":25,"key":"REST"}],"circlet_count":0,"master_deck":["Saiyan:SAIYA_Strike","Saiyan:SAIYA_Strike","Saiyan:SAIYA_Strike","Saiyan:SAIYA_Strike+1","Saiyan:SAIYA_Defend","Saiyan:SAIYA_Defend","Saiyan:SAIYA_Defend","Saiyan:SAIYA_Defend+1","Saiyan:EnergyBlast+1","Saiyan:KaioKen","Saiyan:RuthlessBlow","Saiyan:ReverberatingForce+1","Saiyan:PowerUp","Saiyan:KameHameHa","Saiyan:RemoveWeights","Saiyan:SuperSaiyanThree","Saiyan:FingerParry","Saiyan:FinalFlash","Saiyan:TurtleShell+1","Saiyan:DragonRadar","Saiyan:Quickening","Saiyan:GhostAttack","Saiyan:SuperSaiyanForm+1","Saiyan:Endure","Saiyan:PowerPole","Saiyan:UltraInstinct+1","Saiyan:MeteorDash+1","Saiyan:PowerStance+1"],"relics":["SaiyanSoul","SaiyanHeart","Gremlin Food","Replay:Mystery Machine","Honey Jar"],"acts_visited":["Exordium","Exordium"],"potions_floor_usage":[],"damage_taken":[{"damage":5,"enemies":"Cultist","floor":1,"turns":4},{"damage":0,"enemies":"Small Slimes","floor":3,"turns":2},{"damage":9,"enemies":"Jaw Worm","floor":7,"turns":4},{"damage":11,"enemies":"Lots of Slimes","floor":8,"turns":3},{"damage":8,"enemies":"Looter","floor":10,"turns":4},{"damage":19,"enemies":"Gremlin Nob","floor":12,"turns":4},{"damage":0,"enemies":"2 Fungi Beasts","floor":16,"turns":4},{"damage":73,"enemies":"Hexaghost","floor":18,"turns":11},{"damage":5,"enemies":"theJungle:GiantWrat","floor":20,"turns":3},{"damage":4,"enemies":"theJungle:5_Spyders","floor":23,"turns":8},{"damage":43,"enemies":"theJungle:Lyon","floor":24,"turns":6},{"damage":50,"enemies":"Snake Plant","floor":26,"turns":4},{"damage":21,"enemies":"theJungle:JungleHuntersEncounter","floor":27,"turns":2}],"seed_played":"3552471134975284269","potions_obtained":[{"floor":1,"key":"Elixir"},{"floor":3,"key":"Energy Potion"},{"floor":12,"key":"LiquidBronze"},{"floor":18,"key":"Strength Potion"},{"floor":23,"key":"LiquidMemories"},{"floor":24,"key":"DistilledChaos"}],"is_trial":false,"path_per_floor":["M","?","M","PTL","PTL","?","M","M","R","M","T","E","R","$","R","M","R","B",null,"M","$","?","M","M","R","M","M"],"character_chosen":"SAIYAJIN","items_purchased":["Saiyan:FinalFlash","Saiyan:TurtleShell","Saiyan:DragonRadar","Saiyan:Endure","Saiyan:PowerPole"],"campfire_rested":4,"item_purchase_floors":[14,14,14,21,21],"current_hp_per_floor":[62,62,64,64,64,64,56,47,47,40,40,24,46,46,68,71,79,9,82,79,79,79,80,40,67,20,0,0],"gold":92,"neow_bonus":"TEN_PERCENT_HP_BONUS","is_daily":false,"chose_seed":false,"campfire_upgraded":1,"win_rate":0.0,"timestamp":1612843897,"path_taken":["M","?","M","PTL","PTL","?","M","M","R","M","T","E","R","$","R","M","R","BOSS","M","$","?","M","?","R","M","M"],"items_purchased_type":["Card","Card","Card","Card","Card"],"build_version":"2020-12-22","purchased_purges":0,"victory":false,"max_hp_per_floor":[67,67,69,69,69,69,70,72,72,73,73,76,76,76,76,79,79,82,82,84,84,84,89,92,92,95,95,95],"card_choices":[{"not_picked":["Saiyan:PlotArmor","Saiyan:MeteorDash"],"picked":"Saiyan:ReverberatingForce","floor":1},{"not_picked":["Saiyan:FingerParry","Saiyan:MeteorDash"],"picked":"Saiyan:PowerUp","floor":3},{"not_picked":["Saiyan:MeteorDash","Saiyan:PlotArmor"],"picked":"Saiyan:KameHameHa","floor":7},{"not_picked":["Saiyan:Reset","Saiyan:PlotArmor"],"picked":"Saiyan:RemoveWeights","floor":8},{"not_picked":["Saiyan:PowerStance","Saiyan:Flurry"],"picked":"Saiyan:SuperSaiyanThree","floor":10},{"not_picked":["Saiyan:PowerUp","Saiyan:ExtremeSpeed"],"picked":"Saiyan:FingerParry","floor":12},{"not_picked":["Saiyan:TurtleShell","Saiyan:PowerUp"],"picked":"Saiyan:Quickening","floor":16},{"not_picked":["Saiyan:SuperSaiyanThree","Saiyan:TransfigurationBeam"],"picked":"Saiyan:GhostAttack","floor":18},{"not_picked":["Saiyan:Fly+1","Saiyan:Flurry","Saiyan:BackAttack"],"picked":"Saiyan:SuperSaiyanForm+1","floor":20},{"not_picked":["Saiyan:KiStrike","Saiyan:FingerParry","Saiyan:MeteorDash+1"],"picked":"Saiyan:UltraInstinct+1","floor":23},{"not_picked":["Saiyan:Pacing","Saiyan:PressOn","Saiyan:SaiyanHubris"],"picked":"Saiyan:MeteorDash+1","floor":24},{"not_picked":["Saiyan:Quickening","Saiyan:Furor","Saiyan:TurtleShell+1"],"picked":"Saiyan:PowerStance+1","floor":26}],"player_experience":922,"relics_obtained":[{"floor":11,"key":"Gremlin Food"},{"floor":12,"key":"Replay:Mystery Machine"}],"event_choices":[{"damage_healed":0,"gold_gain":0,"player_choice":"Leave","damage_taken":0,"max_hp_gain":0,"max_hp_loss":0,"event_name":"The Cleric","floor":2,"gold_loss":0},{"damage_healed":0,"gold_gain":0,"player_choice":"Ignored","damage_taken":0,"max_hp_gain":0,"max_hp_loss":0,"event_name":"Golden Wing","floor":6,"gold_loss":0},{"damage_healed":0,"gold_gain":0,"player_choice":"Ignored","damage_taken":0,"max_hp_gain":0,"max_hp_loss":0,"event_name":"NoteForYourself","floor":22,"gold_loss":0}],"is_beta":false,"boss_relics":[{"not_picked":["Ectoplasm","hubris:BlackHole"],"picked":"Honey Jar"}],"items_purged_floors":[],"is_endless":false,"potions_floor_spawned":[1,3,12,18,23,24],"killed_by":"theJungle:JungleHuntersEncounter","ascension_level":0}}