{"host":"3j24k6gtmfx6ynrk","time":1612832500,"event":{"mods":["AchievementEnabler","BaseMod","Colored Powertips","Hermit","Highlight Path","Minty Spire (QoL Compilation)","StSLib","The Cursed","The Servant 0.9.4"],"gold_per_floor":[113,126,146,160,17,17,29,29,29,29,42,56,56,131,131,131,131],"floor_reached":16,"language":"DEU","playtime":1293,"items_purged":[],"score":94,"play_id":"f646dd7f-a8e9-4ecb-93d0-d58b7d4560d8","local_time":"20210209020140","is_ascension_mode":false,"campfire_choices":[{"data":"PathToVictory","floor":6,"key":"SMITH"},{"data":"ThirdEye","floor":8,"key":"SMITH"},{"data":"Perseverance","floor":13,"key":"SMITH"},{"floor":15,"key":"REST"}],"circlet_count":0,"master_deck":["Strike_P","Strike_P","Strike_P","Strike_P","Defend_P","Defend_P","Defend_P","Defend_P","Eruption","Vigilance","Conclude","Sanctity","Perseverance+1","PathToVictory+1","WheelKick","ThirdEye+1","Nirvana","InnerPeace","Prostrate+1"],"relics":["PureWater","NeowsBlessing","Orrery","Toxic Egg 2","Anchor"],"acts_visited":["Exordium"],"potions_floor_usage":[16,16],"damage_taken":[{"damage":0,"enemies":"Small Slimes","floor":1,"turns":1},{"damage":0,"enemies":"Jaw Worm","floor":2,"turns":1},{"damage":0,"enemies":"2 Louse","floor":3,"turns":1},{"damage":0,"enemies":"Exordium Wildlife","floor":4,"turns":3},{"damage":0,"enemies":"Blue Slaver","floor":7,"turns":5},{"damage":9,"enemies":"3 Louse","floor":11,"turns":4},{"damage":0,"enemies":"Red Slaver","floor":12,"turns":4},{"damage":74,"enemies":"Hexaghost","floor":16,"turns":16}],"seed_played":"-8719648668163161760","potions_obtained":[{"floor":1,"key":"Weak Potion"},{"floor":2,"key":"SkillPotion"},{"floor":7,"key":"ColorlessPotion"},{"floor":12,"key":"BottledMiracle"}],"is_trial":false,"path_per_floor":["M","M","M","M","$","R","M","R","T","?","M","M","R","?","R","B"],"character_chosen":"WATCHER","items_purchased":["Orrery"],"campfire_rested":1,"item_purchase_floors":[5],"current_hp_per_floor":[72,72,72,72,72,72,72,72,72,72,63,63,63,52,72,0,0],"gold":131,"neow_bonus":"THREE_ENEMY_KILL","is_daily":false,"chose_seed":false,"campfire_upgraded":3,"win_rate":0.0,"timestamp":1612832500,"path_taken":["M","M","M","M","$","R","M","R","T","?","M","M","R","?","R","BOSS"],"items_purchased_type":["Relic"],"build_version":"2020-12-22","purchased_purges":0,"victory":false,"max_hp_per_floor":[72,72,72,72,72,72,72,72,72,72,72,72,72,72,72,72,72],"card_choices":[{"not_picked":["FlyingSleeves","Halt"],"picked":"Conclude","floor":1},{"not_picked":["FlyingSleeves","EmptyFist"],"picked":"Sanctity","floor":2},{"not_picked":["InnerPeace","Weave"],"picked":"Perseverance","floor":3},{"not_picked":["Collect","ThirdEye"],"picked":"PathToVictory","floor":4},{"not_picked":["ConjureBlade","Sanctity"],"picked":"WheelKick","floor":5},{"not_picked":["Pray","Nirvana"],"picked":"ThirdEye","floor":5},{"not_picked":["CrushJoints","FlurryOfBlows"],"picked":"Nirvana","floor":5},{"not_picked":["CrushJoints","Halt"],"picked":"InnerPeace","floor":7},{"not_picked":["EmptyFist","Indignation+1","Halt+1"],"picked":"SKIP","floor":11},{"not_picked":["Adaptation","SashWhip"],"picked":"Prostrate+1","floor":12}],"player_experience":39550,"relics_obtained":[{"floor":9,"key":"Toxic Egg 2"}],"event_choices":[{"damage_healed":0,"gold_gain":0,"player_choice":"Searched \u00271\u0027 times","damage_taken":0,"relics_obtained":["Anchor"],"max_hp_gain":0,"max_hp_loss":0,"event_name":"Dead Adventurer","floor":10,"gold_loss":0},{"damage_healed":0,"gold_gain":75,"player_choice":"Gather Gold","damage_taken":11,"max_hp_gain":0,"max_hp_loss":0,"event_name":"World of Goop","floor":14,"gold_loss":0}],"is_beta":false,"boss_relics":[],"items_purged_floors":[],"is_endless":false,"potions_floor_spawned":[1,2,7,12],"killed_by":"Hexaghost","ascension_level":0}}