{"host":"mo4d2vii2wc3uyp7","time":1612862945,"event":{"mods":["AchievementEnabler","BaseMod","Colored Map","Highlight Path","Keyboard Shortcuts","Minty Spire (QoL Compilation)","Permanent Neow","Quick Restart","Shop Mod","StSLib","SuperFastMode","everything is the same but u backflip on backflip"],"gold_per_floor":[109,124,124,134,134,163,12,12,12,12,12],"floor_reached":10,"language":"KOR","playtime":195,"items_purged":[],"score":99,"play_id":"82f799ba-4932-4209-b986-28b30966fc9e","local_time":"20210209182905","is_ascension_mode":true,"campfire_choices":[{"floor":8,"key":"REST"}],"circlet_count":0,"master_deck":["AscendersBane","Strike_G","Strike_G","Strike_G","Strike_G","Defend_G","Defend_G+1","Defend_G","Defend_G","Defend_G","Survivor","Neutralize","Quick Slash","Prepared","Dagger Spray+1","Dagger Throw","Finisher","Venomology"],"relics":["Ring of the Snake","Sundial","Boot"],"acts_visited":["Exordium"],"potions_floor_usage":[6,10],"damage_taken":[{"damage":1,"enemies":"Small Slimes","floor":1,"turns":4},{"damage":0,"enemies":"Cultist","floor":2,"turns":5},{"damage":0,"enemies":"2 Louse","floor":4,"turns":3},{"damage":45,"enemies":"Gremlin Nob","floor":6,"turns":6},{"damage":27,"enemies":"3 Sentries","floor":10,"turns":3}],"seed_played":"-1699613178265297306","potions_obtained":[{"floor":1,"key":"LiquidMemories"}],"is_trial":false,"path_per_floor":["M","M","?","M","?","E","$","R","T","E"],"character_chosen":"THE_SILENT","items_purchased":["Venomology"],"campfire_rested":1,"item_purchase_floors":[7],"current_hp_per_floor":[62,62,62,62,48,3,3,24,24,0,0],"gold":12,"neow_bonus":"THREE_CARDS","is_daily":false,"chose_seed":false,"campfire_upgraded":0,"win_rate":0.0,"timestamp":1612862945,"path_taken":["M","M","?","?","?","E","?","R","T","E"],"items_purchased_type":["Card"],"build_version":"2020-12-22","purchased_purges":0,"victory":false,"max_hp_per_floor":[70,70,70,70,70,70,70,70,70,70,70],"card_choices":[{"not_picked":["Acrobatics","Poisoned Stab"],"picked":"Quick Slash","floor":0},{"not_picked":["Masterful Stab","Blur"],"picked":"Prepared","floor":1},{"not_picked":["Poisoned Stab","Backflip"],"picked":"Dagger Spray","floor":2},{"not_picked":["Catalyst","Bouncing Flask"],"picked":"Dagger Throw","floor":4},{"not_picked":["Cloak And Dagger","Phantasmal Killer"],"picked":"Finisher","floor":6}],"player_experience":606833,"relics_obtained":[{"floor":6,"key":"Sundial"},{"floor":9,"key":"Boot"}],"event_choices":[{"cards_removed":["Strike_G"],"damage_healed":0,"gold_gain":0,"player_choice":"Purged","damage_taken":0,"max_hp_gain":0,"max_hp_loss":0,"event_name":"Purifier","floor":3,"gold_loss":0},{"damage_healed":0,"gold_gain":0,"player_choice":"Entered Light","damage_taken":14,"max_hp_gain":0,"max_hp_loss":0,"event_name":"Shining Light","floor":5,"gold_loss":0,"cards_upgraded":["Defend_G","Dagger Spray"]}],"is_beta":false,"boss_relics":[],"items_purged_floors":[],"is_endless":false,"potions_floor_spawned":[1],"killed_by":"3 Sentries","ascension_level":10}}