{"host":"kh6fvhxn285ncg0o","time":1612847162,"event":{"mods":["Act Like it!","BaseMod","Colored Map","Friendly Minions","Keyboard Shortcuts","Minty Spire (QoL Compilation)","Quick Restart","Relic Stats","StSLib","SuperFastMode","UnlockEverythingMod"],"gold_per_floor":[113,113,113,126,141,141,141,176,229,229,248,282,298,332,332,415,487,516,536,130,45,71,98,98,134,134,170,183,183,262,312,312,397,397,425,425,19,36,36,79,79,115,115,135,156,500,534,231,231,231,231,231,231,124,157,157],"floor_reached":57,"language":"KOR","playtime":2132,"items_purged":["Perfected Strike","Anger","Blood for Blood","Bludgeon+1"],"score":3457,"play_id":"b0a76da2-48b8-4633-8124-1748b9d76e50","local_time":"20210209140602","is_ascension_mode":true,"campfire_choices":[{"data":"Bash","floor":6.0,"key":"SMITH"},{"data":"Bludgeon","floor":10.0,"key":"SMITH"},{"data":"Rage","floor":15.0,"key":"SMITH"},{"data":"Offering","floor":24.0,"key":"SMITH"},{"data":"Feel No Pain","floor":29.0,"key":"SMITH"},{"data":"Burning Pact","floor":32.0,"key":"SMITH"},{"data":"Sword Boomerang","floor":41,"key":"PURGE"},{"floor":49,"key":"RECALL"},{"data":"Sentinel","floor":53,"key":"PURGE"}],"circlet_count":0,"master_deck":["AscendersBane","Bash+1","Power Through+1","Evolve","Rage+1","Offering+1","Sentinel","Shockwave","Clothesline","Flame Barrier+1","Feel No Pain+1","Burning Pact+1","Seeing Red","Dark Embrace","Barricade","Second Wind","Flash of Steel","Warcry+1","Intimidate+1","Disarm+1","Impervious+1","Body Slam+1","Impatience+1","Apotheosis+1"],"relics":["Burning Blood","NeowsBlessing","CeramicFish","Happy Flower","Turnip","Pandora\u0027s Box","PreservedInsect","Medical Kit","Bag of Preparation","Ancient Tea Set","Smiling Mask","Blue Candle","Peace Pipe","White Beast Statue","Fusion Hammer","Mummified Hand","Toxic Egg 2","Mercury Hourglass","Frozen Egg 2","Old Coin","Du-Vu Doll","Letter Opener"],"acts_visited":["Exordium","TheCity","TheBeyond","TheEnding"],"potions_floor_usage":[46,55,56,56],"damage_taken":[{"damage":0.0,"enemies":"Cultist","floor":1.0,"turns":1.0},{"damage":0.0,"enemies":"Jaw Worm","floor":4.0,"turns":1.0},{"damage":0.0,"enemies":"2 Louse","floor":5.0,"turns":1.0},{"damage":23.0,"enemies":"3 Sentries","floor":8.0,"turns":16.0},{"damage":26.0,"enemies":"Exordium Thugs","floor":11.0,"turns":5.0},{"damage":7.0,"enemies":"Lagavulin","floor":12.0,"turns":5.0},{"damage":0.0,"enemies":"3 Louse","floor":13.0,"turns":7.0},{"damage":4.0,"enemies":"3 Sentries","floor":14.0,"turns":5.0},{"damage":10.0,"enemies":"Slime Boss","floor":16.0,"turns":14.0},{"damage":16.0,"enemies":"Shell Parasite","floor":18.0,"turns":4.0},{"damage":10.0,"enemies":"Chosen","floor":19.0,"turns":3.0},{"damage":6.0,"enemies":"3 Cultists","floor":22.0,"turns":5.0},{"damage":6.0,"enemies":"Gremlin Leader","floor":23.0,"turns":4.0},{"damage":19.0,"enemies":"Book of Stabbing","floor":25.0,"turns":4.0},{"damage":19.0,"enemies":"Gremlin Leader","floor":27.0,"turns":4.0},{"damage":8.0,"enemies":"Centurion and Healer","floor":28.0,"turns":3.0},{"damage":12,"enemies":"Champ","floor":33,"turns":12},{"damage":6,"enemies":"3 Shapes","floor":35,"turns":6},{"damage":6,"enemies":"Orb Walker","floor":38,"turns":3},{"damage":6,"enemies":"Giant Head","floor":40,"turns":4},{"damage":6,"enemies":"Reptomancer","floor":42,"turns":5},{"damage":0,"enemies":"3 Darklings","floor":44,"turns":4},{"damage":0,"enemies":"Jaw Worm Horde","floor":45,"turns":5},{"damage":6,"enemies":"Giant Head","floor":46,"turns":6},{"damage":6,"enemies":"Mind Bloom Boss Battle","floor":47,"turns":5},{"damage":6,"enemies":"Donu and Deca","floor":50,"turns":4},{"damage":6,"enemies":"Time Eater","floor":51,"turns":5},{"damage":6,"enemies":"Shield and Spear","floor":55,"turns":4},{"damage":18,"enemies":"The Heart","floor":56,"turns":7}],"seed_played":"-7041340590650607695","potions_obtained":[{"floor":5.0,"key":"Energy Potion"},{"floor":8.0,"key":"HeartOfIron"},{"floor":11.0,"key":"DistilledChaos"},{"floor":14.0,"key":"Regen Potion"},{"floor":18.0,"key":"BlessingOfTheForge"},{"floor":27.0,"key":"DistilledChaos"},{"floor":33,"key":"Block Potion"},{"floor":44,"key":"Energy Potion"},{"floor":46,"key":"Explosive Potion"},{"floor":47,"key":"DistilledChaos"},{"floor":55,"key":"Regen Potion"}],"is_trial":false,"path_per_floor":["M","?","?","M","M","R","?","E","T","R","M","E","M","E","R","B",null,"M","M","$","?","M","E","R","E","T","E","M","R","T","?","R","B",null,"M","?","$","M","$","E","R","E","T","M","M","E","?","$","R","B","B",null,"R","$","E","B",null],"character_chosen":"IRONCLAD","items_purchased":["PreservedInsect","Medical Kit","Flash of Steel","Mummified Hand","Impatience+1","Apotheosis+1","Dexterity Potion"],"campfire_rested":0,"item_purchase_floors":[20,20,37,37,48,48,54],"current_hp_per_floor":[74,79,72,78,80,80,56,39,39,39,19,18,24,26,26,37,69,59,55,55,55,55,55,55,42,42,29,27,27,27,27,27,21,65,65,65,65,65,65,65,65,65,65,71,77,77,77,77,77,77,77,79,79,79,79,80],"gold":157,"neow_bonus":"THREE_ENEMY_KILL","is_daily":false,"chose_seed":false,"campfire_upgraded":6,"win_rate":0.0,"timestamp":1612847162,"path_taken":["M","?","?","M","?","R","?","E","T","R","M","E","M","E","R","BOSS","M","M","$","?","M","E","R","E","T","E","M","R","?","?","R","BOSS","M","?","$","M","?","E","R","E","T","M","?","E","?","$","R","BOSS","BOSS","R","$","E","BOSS"],"items_purchased_type":["Relic","Relic","Card","Relic","Card","Card","Potion"],"build_version":"2020-12-22","purchased_purges":4,"victory":true,"max_hp_per_floor":[75,80,80,80,80,80,80,80,80,80,80,80,80,80,80,80,80,80,80,80,80,80,80,80,80,80,80,80,80,80,80,80,80,80,80,80,80,80,80,80,80,80,80,80,80,80,80,80,80,80,80,80,80,80,80,80],"relic_stats":{"Happy Flower":[41],"counters":[29,152],"CeramicFish":234,"Blue Candle":[2],"PreservedInsect":536,"Bag of Preparation":[36],"Letter Opener":[35],"Medical Kit":[47],"Smiling Mask":225,"Burning Blood":168,"Mercury Hourglass":[138],"Peace Pipe":2,"Mummified Hand":[74],"Pandora\u0027s Box":["Sentinel","Perfected Strike","Blood for Blood","Anger","Sword Boomerang","Shockwave","Sentinel","Clothesline"],"Turnip":[18],"obtain_stats":[{"NeowsBlessing":0,"Happy Flower":12,"CeramicFish":8,"Blue Candle":26,"PreservedInsect":20,"Bag of Preparation":21,"Letter Opener":55,"Frozen Egg 2":43,"Medical Kit":20,"Ancient Tea Set":23,"Smiling Mask":25,"Burning Blood":0,"White Beast Statue":30,"Mercury Hourglass":42,"Old Coin":46,"Peace Pipe":27,"Du-Vu Doll":47,"Mummified Hand":37,"Pandora\u0027s Box":17,"Turnip":14,"Fusion Hammer":34,"Toxic Egg 2":40},{"NeowsBlessing":0,"Happy Flower":6,"CeramicFish":4,"Blue Candle":14,"PreservedInsect":11,"Bag of Preparation":11,"Letter Opener":28,"Frozen Egg 2":21,"Medical Kit":11,"Ancient Tea Set":13,"Smiling Mask":14,"Burning Blood":0,"White Beast Statue":16,"Mercury Hourglass":21,"Old Coin":24,"Peace Pipe":15,"Du-Vu Doll":25,"Mummified Hand":18,"Pandora\u0027s Box":9,"Turnip":8,"Fusion Hammer":17,"Toxic Egg 2":20},{"NeowsBlessing":0,"Happy Flower":29,"CeramicFish":19,"Blue Candle":75,"PreservedInsect":62,"Bag of Preparation":62,"Letter Opener":145,"Frozen Egg 2":112,"Medical Kit":62,"Ancient Tea Set":71,"Smiling Mask":75,"Burning Blood":0,"White Beast Statue":82,"Mercury Hourglass":112,"Old Coin":127,"Peace Pipe":79,"Du-Vu Doll":132,"Mummified Hand":100,"Pandora\u0027s Box":55,"Turnip":41,"Fusion Hammer":94,"Toxic Egg 2":107}]},"card_choices":[{"not_picked":["Headbutt","True Grit"],"picked":"Power Through","floor":1.0},{"not_picked":["Sword Boomerang","Anger"],"picked":"Evolve","floor":5.0},{"not_picked":["Clash","Flex"],"picked":"Bludgeon","floor":8.0},{"not_picked":["Warcry","Sword Boomerang","Body Slam"],"picked":"SKIP","floor":12.0},{"not_picked":["Bloodletting","Pommel Strike","Iron Wave"],"picked":"SKIP","floor":13.0},{"not_picked":["Flex","Anger"],"picked":"Rage","floor":14.0},{"not_picked":["Limit Break","Corruption"],"picked":"Offering","floor":16.0},{"not_picked":["True Grit","Bloodletting+1"],"picked":"Flame Barrier+1","floor":18.0},{"not_picked":["Iron Wave","Thunderclap"],"picked":"Feel No Pain","floor":19.0},{"not_picked":["Wild Strike+1","Entrench"],"picked":"Burning Pact","floor":22.0},{"not_picked":["Havoc+1","Limit Break"],"picked":"Seeing Red","floor":25.0},{"not_picked":["Headbutt","Spot Weakness+1"],"picked":"Dark Embrace","floor":27.0},{"not_picked":["Clash","Metallicize","Evolve"],"picked":"SKIP","floor":28.0},{"not_picked":["Corruption","Fiend Fire"],"picked":"Barricade","floor":33},{"not_picked":["Heavy Blade","Hemokinesis"],"picked":"Second Wind","floor":35},{"not_picked":["Infernal Blade","Thunderclap+1","Second Wind+1"],"picked":"SKIP","floor":38},{"not_picked":["Reckless Charge","Havoc+1"],"picked":"Warcry+1","floor":40},{"not_picked":["Seeing Red+1","Sword Boomerang+1"],"picked":"Intimidate+1","floor":42},{"not_picked":["Headbutt","Sword Boomerang","Cleave"],"picked":"SKIP","floor":44},{"not_picked":["Dropkick+1","Seeing Red+1"],"picked":"Disarm+1","floor":45},{"not_picked":["Twin Strike","Perfected Strike+1"],"picked":"Impervious+1","floor":46},{"not_picked":["Pommel Strike+1","Wild Strike"],"picked":"Body Slam+1","floor":47},{"not_picked":["Rampage","Havoc+1","Dark Embrace+1"],"picked":"SKIP","floor":55}],"player_experience":1344498,"relics_obtained":[{"floor":8.0,"key":"CeramicFish"},{"floor":12.0,"key":"Happy Flower"},{"floor":14.0,"key":"Turnip"},{"floor":23.0,"key":"Ancient Tea Set"},{"floor":25.0,"key":"Smiling Mask"},{"floor":26.0,"key":"Blue Candle"},{"floor":27.0,"key":"Peace Pipe"},{"floor":30.0,"key":"White Beast Statue"},{"floor":40,"key":"Toxic Egg 2"},{"floor":42,"key":"Mercury Hourglass"},{"floor":43,"key":"Frozen Egg 2"},{"floor":46,"key":"Old Coin"},{"floor":47,"key":"Du-Vu Doll"},{"floor":55,"key":"Letter Opener"}],"event_choices":[{"damage_healed":0.0,"max_hp_gain":5.0,"max_hp_loss":0.0,"gold_gain":0.0,"event_name":"Big Fish","player_choice":"Donut","floor":2.0,"gold_loss":0.0,"damage_taken":0.0},{"cards_removed":["Strike_R"],"damage_healed":0.0,"max_hp_gain":0.0,"max_hp_loss":0.0,"gold_gain":0.0,"event_name":"Golden Wing","player_choice":"Card Removal","floor":3.0,"gold_loss":0.0,"damage_taken":7.0},{"damage_healed":0.0,"max_hp_gain":0.0,"max_hp_loss":0.0,"gold_gain":0.0,"event_name":"Shining Light","player_choice":"Entered Light","floor":7.0,"gold_loss":0.0,"damage_taken":24.0,"cards_upgraded":["Defend_R","Defend_R"]},{"damage_healed":0.0,"max_hp_gain":0.0,"max_hp_loss":0.0,"gold_gain":0.0,"event_name":"Addict","player_choice":"Obtained Relic","floor":21.0,"gold_loss":85.0,"damage_taken":0.0,"relics_obtained":["Bag of Preparation"]},{"damage_healed":0.0,"max_hp_gain":0.0,"max_hp_loss":0.0,"gold_gain":50.0,"event_name":"Golden Shrine","player_choice":"Pray","floor":31.0,"gold_loss":0.0,"damage_taken":0.0},{"damage_healed":0,"gold_gain":0,"player_choice":"Upgraded","damage_taken":0,"max_hp_gain":0,"max_hp_loss":0,"event_name":"Upgrade Shrine","floor":36,"gold_loss":0,"cards_upgraded":["Power Through"]},{"damage_healed":0,"gold_gain":0,"player_choice":"Fight","damage_taken":0,"max_hp_gain":0,"max_hp_loss":0,"event_name":"MindBloom","floor":47,"gold_loss":0}],"is_beta":false,"boss_relics":[{"not_picked":["Empty Cage","Runic Cube"],"picked":"Pandora\u0027s Box"},{"not_picked":["Snecko Eye","SlaversCollar"],"picked":"Fusion Hammer"}],"items_purged_floors":[20,37,48,54],"is_endless":false,"potions_floor_spawned":[5,8,11,14,18,27,28,33,35,38,40,42,44,45,46,47,55],"ascension_level":20}}