{"host":"37ccm3d17clopct7","time":1612884928,"event":{"mods":["BaseMod","GungeonMod","Hermit","Lobotomy","Minty Spire (QoL Compilation)","StSLib","The Bug Knight","The Cursed","The Hierophant","The Jungle","The Runesmith"],"gold_per_floor":[114,114,134,134,134,165,181,181,181,216,216,166,166,12,12,131,131,154,154,154,174,194,194,94,194,194,69,82,82,121,144,144,273,273,297,71,71,91,104,104,135,135,160,160,38,58,58,82,82,82,82],"floor_reached":52,"language":"KOR","playtime":2472,"items_purged":["Strike_B","Strike_B","Defend_B"],"score":731,"play_id":"87d170a7-f275-4f4c-a681-50eb5590915f","local_time":"20210210003528","is_ascension_mode":false,"campfire_choices":[{"data":"Dualcast","floor":8,"key":"SMITH"},{"floor":11,"key":"REST"},{"data":"Defragment","floor":15,"key":"SMITH"},{"data":"White Noise","floor":23,"key":"SMITH"},{"floor":32,"key":"REST"},{"data":"Loop","floor":40,"key":"SMITH"},{"floor":42,"key":"REST"},{"data":"Loop","floor":47,"key":"SMITH"},{"data":"Double Energy","floor":49,"key":"SMITH"}],"circlet_count":0,"master_deck":["Strike_B","Zap+1","Dualcast+1","Sweeping Beam","Conserve Battery+1","Conserve Battery","Lockon","Go for the Eyes","Defragment+1","White Noise+1","Coolheaded","Reinforced Body","Loop+1","Electrodynamics","Steam+1","Loop+1","Gash+1","Capacitor+1","Double Energy+1","Loop+1","Beam Cell","Steam+1"],"relics":["Cracked Core","NeowsBlessing","Golden Idol","DemoMod:SerJunkan","DemoMod:BlueGuonStone","DemoMod:PinkGuonStone","SlaversCollar","Runesmith:Nanobots","DemoMod:Junk","Inserter","Strawberry"],"acts_visited":["Exordium","TheCity","TheBeyond"],"potions_floor_usage":[38],"damage_taken":[{"damage":0,"enemies":"2 Louse","floor":1,"turns":1},{"damage":0,"enemies":"Jaw Worm","floor":3,"turns":1},{"damage":0,"enemies":"3 Sentries","floor":6,"turns":1},{"damage":0,"enemies":"Small Slimes","floor":7,"turns":2},{"damage":1,"enemies":"Lagavulin","floor":10,"turns":6},{"damage":25,"enemies":"Hexaghost","floor":16,"turns":10},{"damage":8,"enemies":"3 Byrds","floor":18,"turns":5},{"damage":0,"enemies":"Spheric Guardian","floor":21,"turns":4},{"damage":0,"enemies":"Snake Plant","floor":22,"turns":5},{"damage":2,"enemies":"Snecko","floor":28,"turns":7},{"damage":23,"enemies":"Gremlin Leader","floor":30,"turns":11},{"damage":0,"enemies":"Chosen and Byrds","floor":31,"turns":6},{"damage":12,"enemies":"Champ","floor":33,"turns":14},{"damage":4,"enemies":"Orb Walker","floor":35,"turns":4},{"damage":5,"enemies":"3 Darklings","floor":38,"turns":4},{"damage":10,"enemies":"4 Shapes","floor":39,"turns":3},{"damage":8,"enemies":"Nemesis","floor":41,"turns":7},{"damage":0,"enemies":"Writhing Mass","floor":46,"turns":5},{"damage":0,"enemies":"Maw","floor":48,"turns":6},{"damage":31,"enemies":"Time Eater","floor":50,"turns":15}],"seed_played":"5046255186661345313","potions_obtained":[{"floor":6,"key":"Swift Potion"},{"floor":7,"key":"GamblersBrew"},{"floor":10,"key":"PowerPotion"},{"floor":28,"key":"Block Potion"},{"floor":38,"key":"Swift Potion"},{"floor":46,"key":"DemoMod:BlankPotion"}],"is_trial":false,"path_per_floor":["M","?","M","?","?","E","M","R","T","E","R","?","?","$","R","B",null,"M","?","?","M","M","R","$","?","T","$","M","?","E","M","R","B",null,"M","$","?","M","M","R","E","R","T","?","$","M","R","M","R","B",null,null],"character_chosen":"DEFECT","items_purchased":["Defragment","Loop","Strawberry","Loop","SkillPotion"],"campfire_rested":3,"item_purchase_floors":[14,36,36,45,45],"current_hp_per_floor":[75,75,75,75,57,57,57,57,57,63,82,82,75,75,75,50,82,74,74,74,74,74,74,74,74,74,74,72,72,49,49,73,61,82,78,85,85,80,70,70,62,88,88,89,89,89,89,89,89,58,58],"gold":82,"neow_bonus":"THREE_ENEMY_KILL","is_daily":false,"chose_seed":false,"campfire_upgraded":6,"win_rate":0.0,"timestamp":1612884928,"path_taken":["M","?","M","?","?","E","M","R","T","E","R","?","?","$","R","BOSS","M","?","?","?","M","R","$","?","T","$","?","?","E","?","R","BOSS","M","$","?","M","M","R","E","R","T","?","$","M","R","M","R","BOSS"],"items_purchased_type":["Card","Card","Relic","Card","Potion"],"build_version":"2020-12-22","purchased_purges":3,"victory":true,"max_hp_per_floor":[75,75,75,75,75,75,75,75,75,82,82,82,82,82,82,82,82,82,82,82,82,82,82,82,82,82,82,82,82,82,82,82,82,82,82,89,89,89,89,89,89,89,89,89,89,89,89,89,89,89,89],"card_choices":[{"not_picked":["Go for the Eyes","Force Field"],"picked":"Sweeping Beam","floor":1},{"not_picked":["Compile Driver","Sweeping Beam"],"picked":"Conserve Battery","floor":3},{"not_picked":["Steam Power","BootSequence"],"picked":"Conserve Battery","floor":6},{"not_picked":["All For One","Rip and Tear"],"picked":"Lockon","floor":7},{"not_picked":["Conserve Battery","Lockon"],"picked":"Go for the Eyes","floor":10},{"not_picked":["Ball Lightning","Static Discharge"],"picked":"Chaos","floor":18},{"not_picked":["Auto Shields","Gash"],"picked":"White Noise","floor":21},{"not_picked":["Self Repair","Hologram"],"picked":"Coolheaded","floor":22},{"not_picked":["FTL","Fusion+1"],"picked":"Reinforced Body","floor":28},{"not_picked":["Coolheaded+1","Creative AI","Doom and Gloom+1"],"picked":"SKIP","floor":30},{"not_picked":["Leap","Lockon"],"picked":"Loop+1","floor":31},{"not_picked":["Multi-Cast","Biased Cognition"],"picked":"Electrodynamics","floor":33},{"not_picked":["Sweeping Beam","White Noise"],"picked":"Steam+1","floor":35},{"not_picked":["Ball Lightning+1","Heatsinks"],"picked":"Gash+1","floor":38},{"not_picked":["FTL","Darkness"],"picked":"Capacitor+1","floor":39},{"not_picked":["Biased Cognition","Streamline+1"],"picked":"Double Energy","floor":41},{"not_picked":["Steam","Sweeping Beam"],"picked":"Beam Cell","floor":46},{"not_picked":["Hologram+1","Sweeping Beam"],"picked":"Steam+1","floor":48}],"player_experience":148856,"relics_obtained":[{"floor":6,"key":"DemoMod:SerJunkan"},{"floor":9,"key":"DemoMod:BlueGuonStone"},{"floor":10,"key":"DemoMod:PinkGuonStone"},{"floor":26,"key":"Runesmith:Nanobots"},{"floor":30,"key":"DemoMod:Junk"},{"floor":41,"key":"DemoMod:Junk"},{"floor":43,"key":"DemoMod:Junk"}],"event_choices":[{"damage_healed":0,"gold_gain":0,"player_choice":"Ignored","damage_taken":0,"max_hp_gain":0,"max_hp_loss":0,"event_name":"Shining Light","floor":2,"gold_loss":0},{"damage_healed":0,"gold_gain":0,"player_choice":"Grow","damage_taken":0,"max_hp_gain":0,"max_hp_loss":0,"event_name":"Living Wall","floor":4,"gold_loss":0,"cards_upgraded":["Zap"]},{"damage_healed":0,"gold_gain":0,"player_choice":"Take Damage","damage_taken":18,"relics_obtained":["Golden Idol"],"max_hp_gain":0,"max_hp_loss":0,"event_name":"Golden Idol","floor":5,"gold_loss":0},{"cards_removed":["Defend_B"],"damage_healed":0,"gold_gain":0,"player_choice":"Card Removal","damage_taken":0,"max_hp_gain":0,"max_hp_loss":0,"event_name":"The Cleric","floor":12,"gold_loss":50},{"cards_removed":["Strike_B"],"damage_healed":0,"gold_gain":0,"player_choice":"Card Removal","damage_taken":7,"max_hp_gain":0,"max_hp_loss":0,"event_name":"Golden Wing","floor":13,"gold_loss":0},{"cards_removed":["Defend_B"],"damage_healed":0,"gold_gain":0,"player_choice":"Elegance","damage_taken":0,"max_hp_gain":0,"max_hp_loss":0,"event_name":"Back to Basics","floor":19,"gold_loss":0},{"damage_healed":0,"gold_gain":0,"player_choice":"Bought 0 Potions","damage_taken":0,"max_hp_gain":0,"max_hp_loss":0,"event_name":"The Woman in Blue","floor":20,"gold_loss":0},{"damage_healed":0,"gold_gain":100,"player_choice":"Pray","damage_taken":0,"max_hp_gain":0,"max_hp_loss":0,"event_name":"Golden Shrine","floor":25,"gold_loss":0},{"damage_healed":0,"gold_gain":0,"player_choice":"Forge","damage_taken":0,"max_hp_gain":0,"max_hp_loss":0,"event_name":"Accursed Blacksmith","floor":29,"gold_loss":0,"cards_upgraded":["Conserve Battery"]},{"cards_removed":["Defend_B"],"damage_healed":0,"gold_gain":0,"player_choice":"Removed Skill","damage_taken":0,"max_hp_gain":0,"max_hp_loss":0,"event_name":"Falling","floor":37,"gold_loss":0},{"cards_removed":["Chaos"],"damage_healed":1,"gold_gain":0,"player_choice":"Offered Uncommon","damage_taken":0,"max_hp_gain":0,"max_hp_loss":0,"event_name":"Bonfire Elementals","floor":44,"gold_loss":0}],"is_beta":false,"boss_relics":[{"not_picked":["Black Star","SacredBark"],"picked":"SlaversCollar"},{"not_picked":["Cursed Key","Busted Crown"],"picked":"Inserter"}],"items_purged_floors":[14,24,27],"is_endless":false,"potions_floor_spawned":[6,7,10,22,28,38,46,48],"ascension_level":0}}