{"host":"3po7ngt2j61s4rmj","time":1612845255,"event":{"mods":["Act Like it!","BaseMod","Elementarium","Minty Spire (QoL Compilation)","Relic Stats","Shade Mod","StSLib","The Cursed"],"gold_per_floor":[116,132,132,33,33,33,44,75,75,104,120,120,134,134,134,236,236,247,162,174,206,218,218,246,206,275,275,287,5,5,5,5,5,5],"floor_reached":33,"language":"ENG","playtime":2492,"items_purged":[],"score":355,"play_id":"c4bc8408-6fbf-45bc-9d1f-f1196cc91a3c","local_time":"20210208213415","is_ascension_mode":true,"campfire_choices":[{"data":"TheCursedMod:CursedWand","floor":6,"key":"SMITH"},{"floor":12,"key":"REST"},{"data":"1","floor":15,"key":"LIFT"},{"floor":23,"key":"REST"},{"floor":27,"key":"REST"},{"floor":32,"key":"REST"}],"circlet_count":0,"master_deck":["TheCursedMod:Strike_TheCursed","TheCursedMod:Strike_TheCursed","TheCursedMod:Defend_TheCursed","TheCursedMod:Defend_TheCursed","TheCursedMod:Defend_TheCursed","TheCursedMod:CursedWand+1","TheCursedMod:CleanUpWorkshop","TheCursedMod:Dregs","Madness","TheCursedMod:Torture","TheCursedMod:SurpriseAttack","TheCursedMod:Obscuration","Pain","TheCursedMod:VitalStrike","TheCursedMod:DoubleShield","TheCursedMod:AshesToAshes","TheCursedMod:SmokeScreen","TheCursedMod:RavingStaff","TheCursedMod:OutForBlood+1","TheCursedMod:SpitefulPray+1","TheCursedMod:Stigma","TheCursedMod:Wield+1","TheCursedMod:VitalStrike","TheCursedMod:SpitefulPlan+1","TheCursedMod:FuryStrike","TheCursedMod:CursedMace"],"relics":["TheCursedMod:BlackMagic101","WarpedTongs","Boot","Frozen Egg 2","Girya","TheCursedMod:CrystalBall","TheCursedMod:OminousMark","Akabeko","Red Mask","TheCursedMod:MagicCandle","The Courier","Membership Card","Orichalcum","Gremlin Horn"],"acts_visited":["Exordium","TheCity"],"potions_floor_usage":[8,13,16,21,28,33,33],"damage_taken":[{"damage":6,"enemies":"Small Slimes","floor":1,"turns":5},{"damage":5,"enemies":"Cultist","floor":2,"turns":5},{"damage":1,"enemies":"Jaw Worm","floor":7,"turns":2},{"damage":37,"enemies":"Gremlin Nob","floor":8,"turns":4},{"damage":8,"enemies":"Lagavulin","floor":10,"turns":6},{"damage":14,"enemies":"Red Slaver","floor":11,"turns":4},{"damage":4,"enemies":"Large Slime","floor":13,"turns":9},{"damage":7,"enemies":"The Guardian","floor":16,"turns":10},{"damage":10,"enemies":"Shell Parasite","floor":18,"turns":4},{"damage":0,"enemies":"Chosen","floor":20,"turns":2},{"damage":23,"enemies":"Masked Bandits","floor":21,"turns":4},{"damage":8,"enemies":"Snake Plant","floor":22,"turns":3},{"damage":34,"enemies":"Gremlin Leader","floor":24,"turns":5},{"damage":18,"enemies":"Centurion and Healer","floor":28,"turns":5},{"damage":36,"enemies":"Collector","floor":33,"turns":5}],"seed_played":"-6407248482840482638","potions_obtained":[{"floor":11,"key":"TheCursedMod:DregsPotion"},{"floor":13,"key":"SkillPotion"},{"floor":16,"key":"TheCursedMod:DregsPotion"},{"floor":21,"key":"FearPotion"},{"floor":24,"key":"ColorlessPotion"},{"floor":25,"key":"DuplicationPotion"},{"floor":25,"key":"EssenceOfSteel"},{"floor":25,"key":"Explosive Potion"}],"is_trial":false,"path_per_floor":["M","M","?","$","?","R","M","E","T","E","M","R","M","T","R","B",null,"M","?","M","?","M","R","E","?","T","R","M","$","$","?","R","B"],"character_chosen":"THE_CURSED","items_purchased":["TheCursedMod:Obscuration","Regen Potion","Membership Card","Orichalcum","Gremlin Horn"],"campfire_rested":4,"item_purchase_floors":[4,4,29,29,29],"current_hp_per_floor":[62,57,50,50,50,50,49,26,26,18,4,26,22,22,22,15,60,50,50,50,27,19,41,7,7,7,29,11,11,11,11,33,0,0],"gold":5,"neow_bonus":"RANDOM_COLORLESS","is_daily":false,"chose_seed":false,"campfire_upgraded":1,"win_rate":0.0,"timestamp":1612845255,"path_taken":["M","M","?","$","?","R","M","E","T","E","?","R","M","?","R","BOSS","M","?","M","?","M","R","E","?","T","R","?","?","$","?","R","BOSS"],"items_purchased_type":["Card","Potion","Relic","Relic","Relic"],"build_version":"2020-12-22","purchased_purges":0,"victory":false,"max_hp_per_floor":[75,75,75,75,75,75,75,75,75,75,75,75,75,75,75,75,75,75,75,75,75,75,75,75,75,75,75,75,75,75,75,75,75,75],"relic_stats":{"Gremlin Horn":[2,2],"counters":[15,73],"Orichalcum":[24],"Boot":[12],"obtain_stats":[{"TheCursedMod:BlackMagic101":0,"Girya":10,"Gremlin Horn":29,"The Courier":26,"Frozen Egg 2":9,"TheCursedMod:MagicCandle":24,"Orichalcum":29,"Boot":8,"Akabeko":19,"WarpedTongs":5,"TheCursedMod:OminousMark":17,"TheCursedMod:CrystalBall":14,"Red Mask":21,"Membership Card":29},{"TheCursedMod:BlackMagic101":0,"Girya":5,"Gremlin Horn":14,"The Courier":13,"Frozen Egg 2":4,"TheCursedMod:MagicCandle":13,"Orichalcum":14,"Boot":4,"Akabeko":9,"WarpedTongs":2,"TheCursedMod:OminousMark":8,"TheCursedMod:CrystalBall":7,"Red Mask":11,"Membership Card":14},{"TheCursedMod:BlackMagic101":0,"Girya":22,"Gremlin Horn":68,"The Courier":63,"Frozen Egg 2":16,"TheCursedMod:MagicCandle":63,"Orichalcum":68,"Boot":16,"Akabeko":49,"WarpedTongs":10,"TheCursedMod:OminousMark":45,"TheCursedMod:CrystalBall":35,"Red Mask":55,"Membership Card":68}],"WarpedTongs":[63]},"card_choices":[{"not_picked":["Finesse","Forethought"],"picked":"Madness","floor":0},{"not_picked":["TheCursedMod:RavingStaff","TheCursedMod:HellsGateOpen"],"picked":"TheCursedMod:Torture","floor":1},{"not_picked":["TheCursedMod:Torture","TheCursedMod:CircleOfBlood"],"picked":"TheCursedMod:SurpriseAttack","floor":2},{"not_picked":["TheCursedMod:BloodBarrier","TheCursedMod:WearCloak"],"picked":"TheCursedMod:VitalStrike","floor":7},{"not_picked":["TheCursedMod:FleshFromBone","TheCursedMod:Obscuration"],"picked":"TheCursedMod:DoubleShield","floor":8},{"not_picked":["TheCursedMod:ManaBullet","TheCursedMod:AbyssShockwave"],"picked":"TheCursedMod:AshesToAshes","floor":10},{"not_picked":["TheCursedMod:FleshFromBone","TheCursedMod:CursedArmor"],"picked":"TheCursedMod:SmokeScreen","floor":11},{"not_picked":["TheCursedMod:CircleOfFocus","TheCursedMod:StingEye"],"picked":"TheCursedMod:RavingStaff","floor":13},{"not_picked":["TheCursedMod:DarkBarrier","TheCursedMod:UltimatePain"],"picked":"TheCursedMod:OutForBlood+1","floor":16},{"not_picked":["TheCursedMod:VitalStrike+1","TheCursedMod:CursedAmulet"],"picked":"TheCursedMod:SpitefulPray+1","floor":18},{"not_picked":["TheCursedMod:Torture","TheCursedMod:DoubleShield"],"picked":"TheCursedMod:Stigma","floor":20},{"not_picked":["TheCursedMod:BlessingInDisguise","TheCursedMod:CircleOfAmplification+1"],"picked":"TheCursedMod:Wield+1","floor":21},{"not_picked":["TheCursedMod:ManaBullet","TheCursedMod:RavingStaff+1"],"picked":"TheCursedMod:VitalStrike","floor":22},{"not_picked":["TheCursedMod:CursedAmulet+1","TheCursedMod:Obscuration+1"],"picked":"TheCursedMod:SpitefulPlan+1","floor":24},{"not_picked":["TheCursedMod:DoubleShield","TheCursedMod:SmokeScreen","TheCursedMod:CursedMace+1"],"picked":"SKIP","floor":28}],"player_experience":1078953,"relics_obtained":[{"floor":8,"key":"Boot"},{"floor":9,"key":"Frozen Egg 2"},{"floor":10,"key":"Girya"},{"floor":14,"key":"TheCursedMod:CrystalBall"},{"floor":21,"key":"Red Mask"},{"floor":24,"key":"TheCursedMod:MagicCandle"},{"floor":26,"key":"The Courier"}],"event_choices":[{"cards_removed":["TheCursedMod:Defend_TheCursed"],"damage_healed":0,"gold_gain":0,"player_choice":"Card Removal","damage_taken":7,"max_hp_gain":0,"max_hp_loss":0,"event_name":"Golden Wing","floor":3,"gold_loss":0},{"damage_healed":0,"gold_gain":0,"player_choice":"Rummage","damage_taken":0,"relics_obtained":["WarpedTongs"],"max_hp_gain":0,"max_hp_loss":0,"event_name":"Accursed Blacksmith","floor":5,"gold_loss":0,"cards_obtained":["Pain"]},{"damage_healed":0,"gold_gain":0,"player_choice":"Obtained Relic","damage_taken":0,"relics_obtained":["Akabeko"],"max_hp_gain":0,"max_hp_loss":0,"event_name":"Addict","floor":19,"gold_loss":85},{"damage_healed":0,"gold_gain":0,"player_choice":"Fought Bandits","damage_taken":0,"max_hp_gain":0,"max_hp_loss":0,"event_name":"Masked Bandits","floor":21,"gold_loss":0},{"damage_healed":0,"gold_gain":0,"player_choice":"Bought 3 Potions","damage_taken":0,"max_hp_gain":0,"max_hp_loss":0,"event_name":"The Woman in Blue","floor":25,"gold_loss":0},{"damage_healed":0,"gold_gain":0,"cards_transformed":["TheCursedMod:Strike_TheCursed","TheCursedMod:Strike_TheCursed"],"player_choice":"Became Test Subject","damage_taken":0,"max_hp_gain":0,"max_hp_loss":0,"event_name":"Drug Dealer","floor":31,"gold_loss":0,"cards_obtained":["TheCursedMod:FuryStrike","TheCursedMod:CursedMace"]}],"is_beta":false,"boss_relics":[{"not_picked":["Coffee Dripper","SlaversCollar"],"picked":"TheCursedMod:OminousMark"}],"items_purged_floors":[],"is_endless":false,"potions_floor_spawned":[11,13,16,21,24],"killed_by":"Collector","ascension_level":6}}