{"host":"rmsq46plbpwfbxcc","time":1612890210,"event":{"mods":["AchievementEnabler","BaseMod","Colored Map","Colored Powertips","DeckTracker","KOR Keyword Fix","Minty Spire (QoL Compilation)","Permanent Neow","Quick Restart","SuperFastMode"],"gold_per_floor":[117,42,57,69,69,69,104,123,123,141,152,152,179,104,104,178,178,193,193,93,106,124,124,124,124,170,199,114,114,145,156,156,234,234,253,253,303,323,342,377,377,412,437,437,437,437,450,468,468,468],"floor_reached":51,"language":"KOR","playtime":1502,"items_purged":["Strike_G","Strike_G"],"score":1389,"play_id":"6b6a4675-7e97-41eb-b46e-358739f9e98b","local_time":"20210210020330","is_ascension_mode":true,"campfire_choices":[{"data":"Neutralize","floor":6,"key":"SMITH"},{"data":"Masterful Stab","floor":12,"key":"SMITH"},{"data":"Blade Dance","floor":15,"key":"SMITH"},{"data":"Phantasmal Killer","floor":23,"key":"SMITH"},{"data":"Accuracy","floor":25,"key":"SMITH"},{"data":"Blade Dance","floor":32,"key":"SMITH"},{"floor":41,"key":"REST"},{"data":"Acrobatics","floor":44,"key":"SMITH"},{"data":"Acrobatics","floor":46,"key":"SMITH"},{"floor":49,"key":"REST"}],"circlet_count":0,"master_deck":["AscendersBane","Defend_G","Defend_G","Survivor","Neutralize+1","Finisher+1","Choke+1","Dagger Throw+1","Acrobatics+1","Accuracy+1","Masterful Stab+1","Blade Dance+1","Phantasmal Killer+1","PiercingWail","Blade Dance+1","Escape Plan+1","Acrobatics+1","Escape Plan+1","Cloak And Dagger"],"relics":["Astrolabe","Oddly Smooth Stone","Pantograph","Mango","Sozu","Strawberry","Nunchaku","Dream Catcher","Pen Nib","HoveringKite","Mercury Hourglass","Akabeko","Centennial Puzzle","Bottled Flame"],"acts_visited":["Exordium","TheCity","TheBeyond"],"potions_floor_usage":[7,13],"damage_taken":[{"damage":5,"enemies":"2 Louse","floor":1,"turns":2},{"damage":0,"enemies":"Jaw Worm","floor":3,"turns":3},{"damage":0,"enemies":"Small Slimes","floor":4,"turns":2},{"damage":20,"enemies":"3 Sentries","floor":7,"turns":7},{"damage":0,"enemies":"Looter","floor":8,"turns":3},{"damage":0,"enemies":"3 Louse","floor":10,"turns":2},{"damage":3,"enemies":"Blue Slaver","floor":11,"turns":2},{"damage":15,"enemies":"Lagavulin","floor":13,"turns":4},{"damage":18,"enemies":"Hexaghost","floor":16,"turns":9},{"damage":0,"enemies":"Chosen","floor":18,"turns":4},{"damage":0,"enemies":"3 Byrds","floor":21,"turns":4},{"damage":0,"enemies":"Centurion and Healer","floor":22,"turns":3},{"damage":25,"enemies":"Slavers","floor":27,"turns":4},{"damage":0,"enemies":"Gremlin Leader","floor":30,"turns":2},{"damage":12,"enemies":"Snake Plant","floor":31,"turns":3},{"damage":22,"enemies":"Champ","floor":33,"turns":5},{"damage":19,"enemies":"3 Darklings","floor":35,"turns":3},{"damage":3,"enemies":"3 Shapes","floor":38,"turns":2},{"damage":0,"enemies":"3 Darklings","floor":39,"turns":3},{"damage":78,"enemies":"Nemesis","floor":40,"turns":7},{"damage":7,"enemies":"Giant Head","floor":42,"turns":3},{"damage":3,"enemies":"4 Shapes","floor":47,"turns":2},{"damage":10,"enemies":"Transient","floor":48,"turns":5},{"damage":56,"enemies":"Donu and Deca","floor":50,"turns":5}],"seed_played":"7328654781815121690","potions_obtained":[{"floor":4,"key":"Swift Potion"},{"floor":7,"key":"FairyPotion"},{"floor":8,"key":"Energy Potion"}],"is_trial":false,"path_per_floor":["M","?","M","M","?","R","E","M","T","M","M","R","E","$","R","B",null,"M","?","$","M","M","R","?","R","T","E","?","$","E","M","R","B",null,"M","?","?","M","M","E","R","E","T","R","T","R","M","M","R","B",null],"character_chosen":"THE_SILENT","items_purchased":[],"campfire_rested":2,"item_purchase_floors":[],"current_hp_per_floor":[54,54,54,54,54,54,34,34,34,34,31,31,30,30,30,37,69,69,69,69,69,69,69,69,69,76,51,51,51,51,39,39,42,76,57,57,57,54,54,13,39,32,32,32,32,32,29,19,45,14],"gold":468,"neow_bonus":"BOSS_RELIC","is_daily":false,"chose_seed":false,"campfire_upgraded":8,"win_rate":0.0,"timestamp":1612890210,"path_taken":["M","?","M","M","?","R","E","M","T","M","M","R","E","$","R","BOSS","M","?","$","M","M","R","?","R","T","E","?","?","E","M","R","BOSS","M","?","?","?","M","E","R","E","T","R","?","R","M","M","R","BOSS"],"items_purchased_type":[],"build_version":"2020-12-22","purchased_purges":2,"victory":true,"max_hp_per_floor":[66,66,66,66,66,66,66,66,66,66,66,66,80,80,80,80,80,80,80,80,80,80,80,80,80,87,87,87,87,87,87,87,87,87,87,87,87,87,87,87,87,87,87,87,87,87,87,87,87,87],"card_choices":[{"not_picked":["Backflip","Eviscerate"],"picked":"Acrobatics","floor":1},{"not_picked":["Deflect","Setup","Dagger Spray"],"picked":"SKIP","floor":3},{"not_picked":["Bane","All Out Attack","Riddle With Holes"],"picked":"SKIP","floor":4},{"not_picked":["Acrobatics","Underhanded Strike","Dagger Throw"],"picked":"SKIP","floor":7},{"not_picked":["Heel Hook","Dash"],"picked":"Accuracy","floor":8},{"not_picked":["Poisoned Stab","Accuracy","Heel Hook"],"picked":"SKIP","floor":10},{"not_picked":["Reflex","Bane"],"picked":"Masterful Stab","floor":11},{"not_picked":["Reflex","Dagger Spray"],"picked":"Blade Dance","floor":13},{"not_picked":["Malaise","Glass Knife"],"picked":"Phantasmal Killer","floor":16},{"not_picked":["Outmaneuver","Choke","Sucker Punch"],"picked":"SKIP","floor":18},{"not_picked":["Catalyst","Caltrops"],"picked":"PiercingWail","floor":21},{"not_picked":["A Thousand Cuts","Expertise","Flechettes"],"picked":"SKIP","floor":22},{"not_picked":["Sucker Punch","Slice"],"picked":"Blade Dance","floor":27},{"not_picked":["Poisoned Stab","Venomology","Heel Hook"],"picked":"SKIP","floor":30},{"not_picked":["Dash","Blade Dance"],"picked":"Escape Plan+1","floor":31},{"not_picked":["Doppelganger","Phantasmal Killer"],"picked":"Envenom","floor":33},{"not_picked":["Acrobatics+1","Dagger Spray","Poisoned Stab+1"],"picked":"SKIP","floor":35},{"not_picked":["Deadly Poison+1","Crippling Poison","Dash+1"],"picked":"SKIP","floor":38},{"not_picked":["Flying Knee","Backstab+1","Acrobatics"],"picked":"SKIP","floor":39},{"not_picked":["Predator+1","Reflex"],"picked":"Acrobatics","floor":40},{"not_picked":["Slice","Masterful Stab+1","Heel Hook"],"picked":"SKIP","floor":42},{"not_picked":["Sucker Punch","Dagger Spray"],"picked":"Escape Plan+1","floor":47},{"not_picked":["Outmaneuver","Backflip+1"],"picked":"Cloak And Dagger","floor":48}],"player_experience":678423,"relics_obtained":[{"floor":7,"key":"Oddly Smooth Stone"},{"floor":9,"key":"Pantograph"},{"floor":13,"key":"Mango"},{"floor":26,"key":"Strawberry"},{"floor":27,"key":"Nunchaku"},{"floor":30,"key":"Pen Nib"},{"floor":40,"key":"Mercury Hourglass"},{"floor":42,"key":"Akabeko"},{"floor":43,"key":"Centennial Puzzle"},{"floor":45,"key":"Bottled Flame"}],"event_choices":[{"cards_removed":["Strike_G"],"damage_healed":0,"gold_gain":0,"player_choice":"Card Removal","damage_taken":0,"max_hp_gain":0,"max_hp_loss":0,"event_name":"The Cleric","floor":2,"gold_loss":75},{"cards_removed":["Defend_G"],"damage_healed":0,"gold_gain":0,"player_choice":"Forget","damage_taken":0,"max_hp_gain":0,"max_hp_loss":0,"event_name":"Living Wall","floor":5,"gold_loss":0},{"damage_healed":0,"gold_gain":0,"player_choice":"Ignored","damage_taken":0,"max_hp_gain":0,"max_hp_loss":0,"event_name":"Cursed Tome","floor":19,"gold_loss":0},{"cards_removed":["Defend_G"],"damage_healed":0,"gold_gain":0,"player_choice":"Elegance","damage_taken":0,"max_hp_gain":0,"max_hp_loss":0,"event_name":"Back to Basics","floor":24,"gold_loss":0},{"damage_healed":0,"gold_gain":0,"player_choice":"Obtained Relic","damage_taken":0,"relics_obtained":["Dream Catcher"],"max_hp_gain":0,"max_hp_loss":0,"event_name":"Addict","floor":28,"gold_loss":85},{"cards_removed":["Envenom"],"damage_healed":0,"gold_gain":0,"player_choice":"Removed Power","damage_taken":0,"max_hp_gain":0,"max_hp_loss":0,"event_name":"Falling","floor":36,"gold_loss":0},{"damage_healed":0,"gold_gain":50,"player_choice":"Pray","damage_taken":0,"max_hp_gain":0,"max_hp_loss":0,"event_name":"Golden Shrine","floor":37,"gold_loss":0}],"is_beta":false,"boss_relics":[{"not_picked":["Runic Pyramid","Tiny House"],"picked":"Sozu"},{"not_picked":["Coffee Dripper","SlaversCollar"],"picked":"HoveringKite"}],"items_purged_floors":[14,20],"is_endless":false,"potions_floor_spawned":[4,7,8,10,21,27,31,39,40,48],"ascension_level":16}}