{"host":"e8rlfedn69rz2s07","time":1612897108,"event":{"mods":["AchievementEnabler","BaseMod","Minty Spire (QoL Compilation)","Permanent Neow","Relic Stats"],"gold_per_floor":[115,115,134,145,157,157,157],"floor_reached":6,"language":"ENG","playtime":240,"items_purged":[],"score":76,"play_id":"a9fff791-0650-41dd-9a4c-d12b6b95db33","local_time":"20210209205828","is_ascension_mode":true,"campfire_choices":[],"circlet_count":0,"master_deck":["AscendersBane","Strike_B+1","Strike_B","Strike_B+1","Strike_B","Defend_B","Defend_B","Defend_B+1","Defend_B","Zap+1","Dualcast","Sweeping Beam","Streamline","Coolheaded","Gash"],"relics":["Cracked Core","Whetstone"],"acts_visited":["Exordium"],"potions_floor_usage":[6],"damage_taken":[{"damage":9,"enemies":"Jaw Worm","floor":1,"turns":4},{"damage":4,"enemies":"Small Slimes","floor":3,"turns":2},{"damage":0,"enemies":"2 Louse","floor":4,"turns":2},{"damage":12,"enemies":"2 Fungi Beasts","floor":5,"turns":2},{"damage":20,"enemies":"Gremlin Nob","floor":6,"turns":3}],"seed_played":"-5895917747373411054","potions_obtained":[{"floor":1,"key":"SkillPotion"},{"floor":3,"key":"Weak Potion"},{"floor":4,"key":"FocusPotion"}],"is_trial":false,"path_per_floor":["M","?","M","M","M","E"],"character_chosen":"DEFECT","items_purchased":[],"campfire_rested":0,"item_purchase_floors":[],"current_hp_per_floor":[55,34,30,30,18,0,0],"gold":157,"neow_bonus":"RANDOM_COMMON_RELIC","is_daily":false,"chose_seed":false,"campfire_upgraded":0,"win_rate":0.0,"timestamp":1612897108,"path_taken":["M","?","M","M","M","E"],"items_purchased_type":[],"build_version":"2020-12-22","purchased_purges":0,"victory":false,"max_hp_per_floor":[71,71,71,71,71,71,71],"relic_stats":{"counters":[5,13],"Whetstone":["Strike_B","Strike_B"],"obtain_stats":[{"Whetstone":0,"Cracked Core":0},{"Whetstone":0,"Cracked Core":0},{"Whetstone":0,"Cracked Core":0}]},"card_choices":[{"not_picked":["Compile Driver","Recycle"],"picked":"Sweeping Beam","floor":1},{"not_picked":["Redo","Gash"],"picked":"Streamline","floor":3},{"not_picked":["BootSequence","Hologram"],"picked":"Coolheaded","floor":4},{"not_picked":["Aggregate","Go for the Eyes"],"picked":"Gash","floor":5}],"player_experience":1056065,"relics_obtained":[],"event_choices":[{"damage_healed":0,"gold_gain":0,"player_choice":"Entered Light","damage_taken":21,"max_hp_gain":0,"max_hp_loss":0,"event_name":"Shining Light","floor":2,"gold_loss":0,"cards_upgraded":["Zap","Defend_B"]}],"is_beta":false,"boss_relics":[],"items_purged_floors":[],"is_endless":false,"potions_floor_spawned":[1,3,4],"killed_by":"Gremlin Nob","ascension_level":20}}