{"host":"a1eatafr7pisesky","time":1612862729,"event":{"mods":["AchievementEnabler","BaseMod","Colored Map","Keyboard Shortcuts","Minty Spire (QoL Compilation)","Say the Spire","StSLib","SuperFastMode","everything is the same but u backflip on backflip"],"gold_per_floor":[115,115,40,40,60,100,114,114,141,166,316,241,272,272,272,272,272],"floor_reached":16,"language":"KOR","playtime":193,"items_purged":["Doubt"],"score":233,"play_id":"288552df-f863-4594-9518-9cf443f5949f","local_time":"20210209182529","is_ascension_mode":true,"campfire_choices":[{"floor":8,"key":"REST"},{"floor":15,"key":"REST"}],"circlet_count":0,"master_deck":["AscendersBane","Strike_G","Strike_G","Strike_G","Strike_G","Defend_G","Defend_G","Defend_G","Defend_G","Survivor","Neutralize","Accuracy","Cloak And Dagger+1","PiercingWail","Blade Dance","PiercingWail"],"relics":["Ring of the Snake","NeowsBlessing","Golden Idol","Dream Catcher","Ancient Tea Set","Bronze Scales"],"acts_visited":["Exordium"],"potions_floor_usage":[13,13],"damage_taken":[{"damage":0,"enemies":"2 Louse","floor":1,"turns":1},{"damage":0,"enemies":"Small Slimes","floor":5,"turns":1},{"damage":0,"enemies":"Lagavulin","floor":6,"turns":1},{"damage":5,"enemies":"Cultist","floor":7,"turns":5},{"damage":1,"enemies":"3 Louse","floor":10,"turns":4},{"damage":35,"enemies":"Gremlin Nob","floor":13,"turns":5},{"damage":38,"enemies":"Slime Boss","floor":16,"turns":3}],"seed_played":"-8974348273478687","potions_obtained":[{"floor":6,"key":"LiquidBronze"},{"floor":7,"key":"DuplicationPotion"}],"is_trial":false,"path_per_floor":["M","?","?","?","M","E","M","R","T","M","?","$","E","?","R","B"],"character_chosen":"THE_SILENT","items_purchased":[],"campfire_rested":2,"item_purchase_floors":[],"current_hp_per_floor":[59,52,52,29,29,29,24,43,43,42,42,42,7,7,26,0,0],"gold":272,"neow_bonus":"THREE_ENEMY_KILL","is_daily":false,"chose_seed":false,"campfire_upgraded":0,"win_rate":0.0,"timestamp":1612862729,"path_taken":["M","?","?","?","M","E","M","R","T","M","?","$","E","?","R","BOSS"],"items_purchased_type":[],"build_version":"2020-12-22","purchased_purges":1,"victory":false,"max_hp_per_floor":[66,66,66,66,66,66,66,66,66,66,66,66,66,66,66,66,66],"card_choices":[{"not_picked":["Cloak And Dagger","Outmaneuver"],"picked":"Accuracy","floor":1},{"not_picked":["Footwork","Riddle With Holes"],"picked":"Cloak And Dagger","floor":5},{"not_picked":["Underhanded Strike","Quick Slash","Reflex"],"picked":"SKIP","floor":6},{"not_picked":["Underhanded Strike","Quick Slash","Reflex"],"picked":"SKIP","floor":6},{"not_picked":["Sucker Punch","Tools of the Trade"],"picked":"PiercingWail","floor":7},{"not_picked":["Sucker Punch","Infinite Blades"],"picked":"Blade Dance","floor":8},{"not_picked":["Underhanded Strike","Predator","Bane"],"picked":"SKIP","floor":10},{"not_picked":["Flechettes","Quick Slash"],"picked":"PiercingWail","floor":13}],"player_experience":433850,"relics_obtained":[{"floor":6,"key":"Dream Catcher"},{"floor":9,"key":"Ancient Tea Set"},{"floor":13,"key":"Bronze Scales"}],"event_choices":[{"cards_removed":["Strike_G"],"damage_healed":0,"gold_gain":0,"player_choice":"Card Removal","damage_taken":7,"max_hp_gain":0,"max_hp_loss":0,"event_name":"Golden Wing","floor":2,"gold_loss":0},{"cards_removed":["Defend_G"],"damage_healed":0,"gold_gain":0,"player_choice":"Card Removal","damage_taken":0,"max_hp_gain":0,"max_hp_loss":0,"event_name":"The Cleric","floor":3,"gold_loss":75},{"damage_healed":0,"gold_gain":0,"player_choice":"Take Damage","damage_taken":23,"relics_obtained":["Golden Idol"],"max_hp_gain":0,"max_hp_loss":0,"event_name":"Golden Idol","floor":4,"gold_loss":0},{"damage_healed":0,"gold_gain":150,"player_choice":"AGREE","damage_taken":0,"max_hp_gain":0,"max_hp_loss":0,"event_name":"Liars Game","floor":11,"gold_loss":0,"cards_obtained":["Doubt"]},{"damage_healed":0,"gold_gain":0,"player_choice":"Forge","damage_taken":0,"max_hp_gain":0,"max_hp_loss":0,"event_name":"Accursed Blacksmith","floor":14,"gold_loss":0,"cards_upgraded":["Cloak And Dagger"]}],"is_beta":false,"boss_relics":[],"items_purged_floors":[12],"is_endless":false,"potions_floor_spawned":[6,7],"killed_by":"Slime Boss","ascension_level":15}}