{"host":"rmsq46plbpwfbxcc","time":1612856805,"event":{"mods":["AchievementEnabler","BaseMod","Colored Map","Colored Powertips","DeckTracker","KOR Keyword Fix","Minty Spire (QoL Compilation)","Permanent Neow","Quick Restart","SuperFastMode"],"gold_per_floor":[110,123,123,123,139,139,165,165,240,258,258,269,301,319,319,391,391,403,403,403,453,473,473,501,517,542,542,467,494,494,509,509,585,585,597,622,81,81,101,135,35,35,58,75,101,101,101,101,101,101,101,101,53,53,53],"floor_reached":54,"language":"KOR","playtime":1692,"items_purged":["Defend_G","Bite+1"],"score":1628,"play_id":"38495614-c2ec-4a3d-ac4e-4b47aa33888c","local_time":"20210209164645","is_ascension_mode":true,"campfire_choices":[{"data":"Neutralize","floor":6.0,"key":"SMITH"},{"data":"Blade Dance","floor":11,"key":"SMITH"},{"data":"Bullet Time","floor":15,"key":"SMITH"},{"data":"Backstab","floor":23,"key":"SMITH"},{"data":"Blur","floor":27,"key":"SMITH"},{"data":"Well Laid Plans","floor":32,"key":"SMITH"},{"data":"Cloak And Dagger","floor":42,"key":"SMITH"},{"floor":47,"key":"RECALL"},{"data":"Accuracy","floor":49,"key":"SMITH"},{"data":"Adrenaline","floor":52,"key":"SMITH"}],"circlet_count":0,"master_deck":["AscendersBane","Defend_G","Defend_G","Defend_G","Defend_G","Survivor","CurseOfTheBell","Acrobatics+1","Backstab+1","Endless Agony+1","Blade Dance+1","Bullet Time+1","Bite+1","Bite+1","Bite+1","Bite+1","Backflip","Blur+1","Well Laid Plans+1","Choke+1","Adrenaline+1","Accuracy+1","Cloak And Dagger+1","Escape Plan"],"relics":["Calling Bell","Juzu Bracelet","Shuriken","FossilizedHelix","Happy Flower","Molten Egg 2","StoneCalendar","Ornamental Fan","Omamori","WristBlade","Toy Ornithopter","Bag of Preparation","Mercury Hourglass","SacredBark","Ginger","Kunai","White Beast Statue","StrikeDummy","Akabeko","Nunchaku"],"acts_visited":["Exordium","TheCity","TheBeyond","TheEnding"],"potions_floor_usage":[16,24,33,33,39,40,45,50,54],"damage_taken":[{"damage":0.0,"enemies":"Jaw Worm","floor":1.0,"turns":5.0},{"damage":0.0,"enemies":"Small Slimes","floor":2.0,"turns":3.0},{"damage":6.0,"enemies":"2 Louse","floor":5.0,"turns":5.0},{"damage":20.0,"enemies":"Lagavulin","floor":7.0,"turns":11.0},{"damage":0,"enemies":"Gremlin Gang","floor":10,"turns":5},{"damage":0,"enemies":"Exordium Thugs","floor":12,"turns":3},{"damage":0,"enemies":"3 Sentries","floor":13,"turns":5},{"damage":0,"enemies":"Looter","floor":14,"turns":2},{"damage":0,"enemies":"Hexaghost","floor":16,"turns":8},{"damage":0,"enemies":"Spheric Guardian","floor":18,"turns":3},{"damage":0,"enemies":"Shell Parasite","floor":22,"turns":2},{"damage":8,"enemies":"Gremlin Leader","floor":24,"turns":5},{"damage":9,"enemies":"Centurion and Healer","floor":25,"turns":4},{"damage":0,"enemies":"Book of Stabbing","floor":29,"turns":4},{"damage":0,"enemies":"Snake Plant","floor":31,"turns":2},{"damage":3,"enemies":"Champ","floor":33,"turns":8},{"damage":0,"enemies":"Orb Walker","floor":35,"turns":3},{"damage":8,"enemies":"Mind Bloom Boss Battle","floor":36,"turns":7},{"damage":0,"enemies":"3 Darklings","floor":39,"turns":3},{"damage":0,"enemies":"Nemesis","floor":40,"turns":5},{"damage":0,"enemies":"Sphere and 2 Shapes","floor":44,"turns":3},{"damage":0,"enemies":"Reptomancer","floor":45,"turns":5},{"damage":0,"enemies":"Donu and Deca","floor":50,"turns":7},{"damage":55,"enemies":"Shield and Spear","floor":54,"turns":3}],"seed_played":"5638109473901210383","potions_obtained":[{"floor":5.0,"key":"Explosive Potion"},{"floor":12,"key":"AttackPotion"},{"floor":16,"key":"Poison Potion"},{"floor":24,"key":"Weak Potion"},{"floor":25,"key":"SkillPotion"},{"floor":33,"key":"AttackPotion"},{"floor":39,"key":"PowerPotion"},{"floor":40,"key":"Swift Potion"},{"floor":44,"key":"ColorlessPotion"},{"floor":45,"key":"Strength Potion"}],"is_trial":false,"path_per_floor":["M","M","?","T","M","R","E","?","T","M","R","M","E","M","R","B",null,"M","?","?","?","M","R","E","M","T","R","$","E","T","M","R","B",null,"M","?","$","?","M","E","$","R","T","M","E","$","R","?","R","B",null,"R","$","E"],"character_chosen":"THE_SILENT","items_purchased":["Kunai","Accuracy","White Beast Statue","Strength Potion"],"campfire_rested":0,"item_purchase_floors":[37,37,37,53],"current_hp_per_floor":[59,59,59,59,53,53,33,33,33,33,33,33,33,33,33,33,58,58,46,46,46,46,46,44,46,46,46,46,46,46,46,46,46,46,46,46,46,46,46,46,46,46,46,46,46,46,46,46,46,46,46,46,46,0,0],"gold":53,"neow_bonus":"BOSS_RELIC","is_daily":false,"chose_seed":false,"campfire_upgraded":9,"win_rate":0.0,"timestamp":1612856805,"path_taken":["M","M","?","?","M","R","E","?","T","M","R","M","E","M","R","BOSS","M","?","?","?","M","R","E","M","T","R","$","E","?","M","R","BOSS","M","?","$","?","M","E","$","R","T","M","E","?","R","?","R","BOSS","R","$","E"],"items_purchased_type":["Relic","Card","Relic","Potion"],"build_version":"2020-12-22","purchased_purges":2,"victory":false,"max_hp_per_floor":[66,66,66,66,66,66,66,66,66,66,66,66,66,66,66,66,66,66,46,46,46,46,46,46,46,46,46,46,46,46,46,46,46,46,46,46,46,46,46,46,46,46,46,46,46,46,46,46,46,46,46,46,46,46,46],"card_choices":[{"not_picked":["Doppelganger","Dodge and Roll"],"picked":"Acrobatics","floor":1.0},{"not_picked":["Distraction","Deadly Poison","Acrobatics"],"picked":"SKIP","floor":2.0},{"not_picked":["Deflect","Heel Hook"],"picked":"Backstab","floor":5.0},{"not_picked":["Sucker Punch+1","Flying Knee+1"],"picked":"Endless Agony+1","floor":7.0},{"not_picked":["Poisoned Stab+1","Flechettes+1"],"picked":"Blade Dance","floor":10},{"not_picked":["Slice+1","Acrobatics","Prepared"],"picked":"SKIP","floor":12},{"not_picked":["Dagger Spray+1","Endless Agony+1"],"picked":"Bullet Time","floor":13},{"not_picked":["All Out Attack+1","Prepared","Skewer+1"],"picked":"SKIP","floor":14},{"not_picked":["Backstab+1","Dagger Throw+1","Poisoned Stab+1"],"picked":"SKIP","floor":18},{"not_picked":["Dodge and Roll","Deflect"],"picked":"Backflip","floor":22},{"not_picked":["Backstab+1","Dagger Throw+1","Catalyst"],"picked":"SKIP","floor":24},{"not_picked":["Deadly Poison+1","Bane+1"],"picked":"Blur","floor":25},{"not_picked":["Acrobatics","Underhanded Strike+1"],"picked":"Well Laid Plans","floor":29},{"not_picked":["Quick Slash+1","Heel Hook+1"],"picked":"Choke+1","floor":31},{"not_picked":["Glass Knife+1","Corpse Explosion"],"picked":"Adrenaline","floor":33},{"not_picked":["Flechettes+1","Sucker Punch+1","Quick Slash+1"],"picked":"SKIP","floor":35},{"not_picked":["Riddle With Holes+1","All Out Attack+1"],"picked":"Cloak And Dagger","floor":39},{"not_picked":["Dodge and Roll","Malaise","Slice+1"],"picked":"SKIP","floor":40},{"not_picked":["Poisoned Stab+1","Bane+1","Bouncing Flask"],"picked":"SKIP","floor":44},{"not_picked":["Endless Agony+1","Bouncing Flask"],"picked":"Escape Plan","floor":45}],"player_experience":675561,"relics_obtained":[{"floor":0.0,"key":"Juzu Bracelet"},{"floor":0.0,"key":"Shuriken"},{"floor":0.0,"key":"FossilizedHelix"},{"floor":4.0,"key":"Happy Flower"},{"floor":7.0,"key":"Molten Egg 2"},{"floor":9,"key":"Ornamental Fan"},{"floor":13,"key":"Omamori"},{"floor":24,"key":"Toy Ornithopter"},{"floor":26,"key":"Bag of Preparation"},{"floor":29,"key":"Mercury Hourglass"},{"floor":36,"key":"Ginger"},{"floor":40,"key":"StrikeDummy"},{"floor":43,"key":"Akabeko"},{"floor":45,"key":"Nunchaku"}],"event_choices":[{"damage_healed":0.0,"max_hp_gain":0.0,"max_hp_loss":0.0,"gold_gain":0.0,"event_name":"Shining Light","player_choice":"Ignored","floor":3.0,"gold_loss":0.0,"damage_taken":0.0},{"damage_healed":0,"gold_gain":0,"player_choice":"Searched \u00271\u0027 times","damage_taken":0,"relics_obtained":["StoneCalendar"],"max_hp_gain":0,"max_hp_loss":0,"event_name":"Dead Adventurer","floor":8,"gold_loss":0},{"damage_healed":0,"gold_gain":0,"player_choice":"Became a vampire","damage_taken":0,"max_hp_gain":0,"max_hp_loss":20,"event_name":"Vampires","floor":19,"gold_loss":0,"cards_obtained":["Bite","Bite","Bite","Bite","Bite"]},{"damage_healed":0,"gold_gain":0,"player_choice":"Upgraded","damage_taken":0,"max_hp_gain":0,"max_hp_loss":0,"event_name":"Upgrade Shrine","floor":20,"gold_loss":0,"cards_upgraded":["Acrobatics"]},{"damage_healed":0,"gold_gain":50,"player_choice":"Stole From Cult","damage_taken":0,"max_hp_gain":0,"max_hp_loss":0,"event_name":"Nest","floor":21,"gold_loss":0},{"damage_healed":0,"gold_gain":0,"player_choice":"Fight","damage_taken":0,"max_hp_gain":0,"max_hp_loss":0,"event_name":"MindBloom","floor":36,"gold_loss":0},{"damage_healed":0,"gold_gain":0,"player_choice":"Memory 1","damage_taken":0,"max_hp_gain":0,"max_hp_loss":0,"event_name":"SensoryStone","floor":38,"gold_loss":0},{"cards_removed":["Neutralize"],"damage_healed":0,"gold_gain":0,"player_choice":"Removed Attack","damage_taken":0,"max_hp_gain":0,"max_hp_loss":0,"event_name":"Falling","floor":48,"gold_loss":0}],"is_beta":false,"boss_relics":[{"not_picked":["Astrolabe","Tiny House"],"picked":"WristBlade"},{"not_picked":["Runic Pyramid","Velvet Choker"],"picked":"SacredBark"}],"items_purged_floors":[28,41],"is_endless":false,"potions_floor_spawned":[5,12,13,14,16,24,25,33,39,40,44,45],"killed_by":"Shield and Spear","ascension_level":15}}