{"host":"8d3fefv2347kqkpz","time":1612901893,"event":{"mods":["AchievementEnabler","Act Like it!","BaseMod","Better Vampires","Colored Map","Colored Powertips","Downfall","GifTheSpireLib","Highlight Path","Minty Spire (QoL Compilation)","Quick Restart","Rare Cards Sparkle","Relic Stats","Replay The Spire","Spicy Shops","StSLib","Waifu the Spire"],"gold_per_floor":[99,117,117,127,127,147,147,147,161,181,194,213,53,67,79,175,175,175,60,60,70,55,73,100,100,118,118,22,48,48,59,70,70,70,70],"floor_reached":33,"language":"ZHS","playtime":1595,"items_purged":["Slimebound:FormOfPuddle","Delirium"],"score":243,"play_id":"32138482-2b99-4cd8-8937-97e894c185c6","local_time":"20210210041813","is_ascension_mode":false,"campfire_choices":[{"data":"Slimebound:Split","floor":1.0,"key":"SMITH"},{"data":"Slimebound:GrowthPunch","floor":8.0,"key":"SMITH"},{"data":"Slimebound:GoopTackle","floor":18.0,"key":"SMITH"},{"data":"Slimebound:MassRepurpose","floor":25.0,"key":"SMITH"},{"data":"Slimebound:MassRepurpose","floor":30,"key":"SMITH"}],"circlet_count":0,"master_deck":["Slimebound:Defend_Slimebound","Slimebound:Defend_Slimebound","Slimebound:Defend_Slimebound","Slimebound:Defend_Slimebound","Slimebound:Split+1","Slimebound:CorrosiveSpit","Slimebound:RollThrough+1","Slimebound:GrowthPunch+1","Slimebound:SplitAcid","Slimebound:SpikyOuterGoop","Slimebound:SpikyOuterGoop","Slimebound:GoopTackle+1","Slimebound:MassRepurpose+1","Shame","Slimebound:MassRepurpose+1","Slimebound:Gluttony"],"relics":["Slimebound:AbsorbEndCombat","MealTicket","Slimebound:MaxSlimesRelic","Kintsugi","Bronze Scales","Slimebound:AggressiveSlimeRelic"],"acts_visited":["Exordium","TheCity"],"potions_floor_usage":[32,33,33],"damage_taken":[{"damage":2.0,"enemies":"Small Slimes","floor":2.0,"turns":4.0},{"damage":1.0,"enemies":"Jaw Worm","floor":4.0,"turns":4.0},{"damage":0.0,"enemies":"Cultist","floor":6.0,"turns":3.0},{"damage":0.0,"enemies":"Large Slime","floor":9.0,"turns":4.0},{"damage":3.0,"enemies":"Exordium Thugs","floor":10.0,"turns":6.0},{"damage":4.0,"enemies":"Blue Slaver","floor":11.0,"turns":4.0},{"damage":8.0,"enemies":"Gremlin Gang","floor":12.0,"turns":4.0},{"damage":0.0,"enemies":"downfall:FleeingMerchant","floor":13.0,"turns":4.0},{"damage":2.0,"enemies":"Large Slime","floor":14.0,"turns":6.0},{"damage":14.0,"enemies":"Exordium Thugs","floor":15.0,"turns":4.0},{"damage":16.0,"enemies":"WA_ARCHETYPE_RETAIN","floor":16.0,"turns":9.0},{"damage":2.0,"enemies":"downfall:FleeingMerchant","floor":19.0,"turns":4.0},{"damage":6.0,"enemies":"Shell Parasite","floor":21.0,"turns":6.0},{"damage":7.0,"enemies":"downfall:FleeingMerchant","floor":22.0,"turns":4.0},{"damage":21.0,"enemies":"Spheric Guardian","floor":23.0,"turns":6.0},{"damage":0.0,"enemies":"Cultist and Chosen","floor":26.0,"turns":4.0},{"damage":12,"enemies":"downfall:FleeingMerchant","floor":28,"turns":4},{"damage":27,"enemies":"Snake Plant","floor":31,"turns":5},{"damage":5,"enemies":"Chosen and Byrds","floor":32,"turns":4},{"damage":36,"enemies":"DF_ARCHETYPE_CLAW","floor":33,"turns":3}],"seed_played":"-5988745117097127941","potions_obtained":[{"floor":2.0,"key":"Fire Potion"},{"floor":6.0,"key":"SkillPotion"},{"floor":10.0,"key":"SpeedPotion"},{"floor":11.0,"key":"Weak Potion"},{"floor":21.0,"key":"Energy Potion"},{"floor":23.0,"key":"Fire Potion"},{"floor":32,"key":"LiquidBronze"}],"is_trial":false,"path_per_floor":["R","M","?","M","?","M","T","R","M","M","M","M","$","M","M","B",null,"R_BF","$","?","M","$","M","T","R","M","?","$","T","R","M","M","B"],"character_chosen":"SLIMEBOUND","items_purchased":["Slimebound:SpikyOuterGoop","Slimebound:Gluttony"],"campfire_rested":0,"item_purchase_floors":[13,28],"current_hp_per_floor":[71,71,53,56,56,58,58,58,66,71,69,61,71,71,57,49,71,71,71,71,69,66,45,45,45,45,68,61,61,61,38,33,0,0,0],"gold":70,"neow_bonus":"TEN_PERCENT_HP_BONUS","is_daily":false,"chose_seed":false,"campfire_upgraded":5,"win_rate":0.0,"timestamp":1612901893,"path_taken":["R","M","?","M","?","M","T","R","M","M","M","M","?","?","M","BOSS","R_BF","$","?","M","?","M","T","R","M","?","$","?","R","M","M","BOSS"],"items_purchased_type":["Card","Card"],"build_version":"2020-12-22","purchased_purges":2,"victory":false,"max_hp_per_floor":[71,71,71,71,71,71,71,71,71,71,71,71,71,71,71,71,71,71,71,71,71,71,71,71,71,71,71,71,71,71,71,71,71,71,71],"relic_stats":{"counters":[20,89],"Bronze Scales":[73],"MealTicket":15,"obtain_stats":[{"Slimebound:AggressiveSlimeRelic":29,"Slimebound:MaxSlimesRelic":7,"Bronze Scales":24,"MealTicket":3,"Slimebound:AbsorbEndCombat":0,"Kintsugi":17},{"Slimebound:AggressiveSlimeRelic":17,"Slimebound:MaxSlimesRelic":3,"Bronze Scales":15,"MealTicket":1,"Slimebound:AbsorbEndCombat":0,"Kintsugi":11},{"Slimebound:AggressiveSlimeRelic":79,"Slimebound:MaxSlimesRelic":11,"Bronze Scales":71,"MealTicket":4,"Slimebound:AbsorbEndCombat":0,"Kintsugi":51}]},"card_choices":[{"not_picked":["Slimebound:ServeAndProtect","Slimebound:ComboTackle","Slimebound:GoopTackle"],"picked":"SKIP","floor":2.0},{"not_picked":["Slimebound:LeechingTouch","Slimebound:Nibble"],"picked":"Slimebound:FormOfPuddle","floor":4.0},{"not_picked":["Slimebound:HauntingLick","Slimebound:Equalize"],"picked":"Slimebound:GrowthPunch","floor":6.0},{"not_picked":["Slimebound:Schlurp","Slimebound:FinishingTackle"],"picked":"Slimebound:DisruptingSlam","floor":9.0},{"not_picked":["Slimebound:LeechEnergy","Slimebound:RallyTheTroops"],"picked":"Slimebound:SplitAcid","floor":10.0},{"not_picked":["Slimebound:ComboTackle","Slimebound:SlimeTap"],"picked":"Slimebound:SpikyOuterGoop","floor":11.0},{"not_picked":["Slimebound:SlimeSpikes","Slimebound:GoopTackle"],"picked":"Slimebound:PressTheAttack","floor":12.0},{"not_picked":["Slimebound:RollThrough","Slimebound:SamplingLick","Slimebound:SplitBruiser"],"picked":"SKIP","floor":13.0},{"not_picked":["Slimebound:ItLooksTasty","Slimebound:SplitBruiser"],"picked":"Slimebound:GoopTackle","floor":14.0},{"not_picked":["Slimebound:ServeAndProtect","Slimebound:ItLooksTasty","Slimebound:DouseInSlime"],"picked":"SKIP","floor":15.0},{"not_picked":["Slimebound:DuplicatedForm","Slimebound:LeechLife"],"picked":"Slimebound:MassRepurpose","floor":16.0},{"not_picked":["Slimebound:LeechingTouch","Slimebound:SplitBruiser","Slimebound:MegaLick"],"picked":"SKIP","floor":19.0},{"not_picked":["Slimebound:PressTheAttack","Slimebound:LeechingTouch+1","Slimebound:LivingWall+1"],"picked":"SKIP","floor":21.0},{"not_picked":["Slimebound:LivingWall","Slimebound:RejuvenatingLick","Slimebound:GoopTackle+1"],"picked":"SKIP","floor":22.0},{"not_picked":["Slimebound:ComboTackle+1","Slimebound:Replication","Slimebound:Prepare"],"picked":"SKIP","floor":23.0},{"not_picked":["Slimebound:Dissolve","Slimebound:HauntingLick+1"],"picked":"Slimebound:MassRepurpose","floor":26.0},{"not_picked":["Slimebound:Prepare+1","Slimebound:SplitMire","Slimebound:ComboTackle"],"picked":"SKIP","floor":28},{"not_picked":["Slimebound:LeechEnergy","Slimebound:SlimeSpikes+1","Slimebound:LeechingTouch"],"picked":"SKIP","floor":31},{"not_picked":["Slimebound:MegaLick","Slimebound:ProtectTheBoss","Slimebound:MassRepurpose"],"picked":"SKIP","floor":32}],"player_experience":328199,"relics_obtained":[{"floor":7.0,"key":"Slimebound:MaxSlimesRelic"},{"floor":24.0,"key":"Bronze Scales"},{"floor":29,"key":"Slimebound:AggressiveSlimeRelic"}],"event_choices":[{"damage_healed":0.0,"max_hp_gain":0.0,"max_hp_loss":0.0,"gold_gain":0.0,"event_name":"Scrap Ooze","player_choice":"Success","floor":3.0,"gold_loss":0.0,"damage_taken":18.0,"relics_obtained":["MealTicket"]},{"damage_healed":23.0,"max_hp_gain":0.0,"max_hp_loss":0.0,"gold_gain":0.0,"event_name":"The Library","player_choice":"Heal","floor":27.0,"gold_loss":0.0,"damage_taken":0.0}],"is_beta":false,"boss_relics":[{"not_picked":["Philosopher\u0027s Stone","Tiny House"],"picked":"Kintsugi"}],"items_purged_floors":[13,19],"is_endless":false,"potions_floor_spawned":[2,6,10,11,16,21,23,32],"killed_by":"DF_ARCHETYPE_CLAW","ascension_level":0}}