{"host":"epc8efk9vrywpcsw","time":1612870041,"event":{"mods":["BaseMod","Minty Spire (QoL Compilation)","Relic Stats","StSLib"],"gold_per_floor":[112,187,167,182,202,235,235,247,271,271,353,353,278,203,203,203,203],"floor_reached":16,"language":"ENG","playtime":283,"items_purged":["Strike_R"],"score":196,"play_id":"ca2770eb-dc48-481f-98bb-5adcfd863cc0","local_time":"20210209122721","is_ascension_mode":true,"campfire_choices":[{"data":"Searing Blow","floor":7,"key":"SMITH"},{"data":"Searing Blow+1","floor":10,"key":"SMITH"},{"data":"Searing Blow+2","floor":12,"key":"SMITH"},{"floor":15,"key":"REST"}],"circlet_count":0,"master_deck":["AscendersBane","Strike_R","Strike_R","Strike_R","Defend_R","Defend_R","Defend_R","Defend_R","Bash","Searing Blow+3","Feel No Pain","Pommel Strike","Warcry","Whirlwind"],"relics":["Burning Blood","NeowsBlessing","Bronze Scales","Orichalcum","Self Forming Clay"],"acts_visited":["Exordium"],"potions_floor_usage":[6,16],"damage_taken":[{"damage":0,"enemies":"Small Slimes","floor":1,"turns":1},{"damage":0,"enemies":"2 Louse","floor":4,"turns":1},{"damage":0,"enemies":"Cultist","floor":5,"turns":1},{"damage":40,"enemies":"Lagavulin","floor":6,"turns":7},{"damage":9,"enemies":"Exordium Wildlife","floor":8,"turns":4},{"damage":48,"enemies":"The Guardian","floor":16,"turns":6}],"seed_played":"-5356861586743934343","potions_obtained":[{"floor":3,"key":"Energy Potion"},{"floor":4,"key":"Energy Potion"},{"floor":6,"key":"FearPotion"}],"is_trial":false,"path_per_floor":["M","?","?","M","M","E","R","M","T","R","T","R","?","$","R","B"],"character_chosen":"IRONCLAD","items_purchased":[],"campfire_rested":1,"item_purchase_floors":[],"current_hp_per_floor":[74,63,63,69,75,41,41,38,38,38,38,38,38,38,60,12,12],"gold":203,"neow_bonus":"THREE_ENEMY_KILL","is_daily":false,"chose_seed":false,"campfire_upgraded":3,"win_rate":0.0,"timestamp":1612870041,"path_taken":["M","?","?","M","?","E","R","M","T","R","?","R","?","?","R","BOSS"],"items_purchased_type":[],"build_version":"2020-12-22","purchased_purges":1,"victory":false,"max_hp_per_floor":[75,75,75,75,75,75,75,75,75,75,75,75,75,75,75,75,75],"relic_stats":{"counters":[6,20],"Self Forming Clay":[15],"Bronze Scales":[15],"Orichalcum":[12],"obtain_stats":[{"NeowsBlessing":0,"Self Forming Clay":11,"Bronze Scales":6,"Orichalcum":9,"Burning Blood":0},{"NeowsBlessing":0,"Self Forming Clay":5,"Bronze Scales":4,"Orichalcum":5,"Burning Blood":0},{"NeowsBlessing":0,"Self Forming Clay":14,"Bronze Scales":10,"Orichalcum":14,"Burning Blood":0}],"Burning Blood":30},"card_choices":[{"not_picked":["Iron Wave","Entrench"],"picked":"Searing Blow","floor":1},{"not_picked":["Intimidate","Sword Boomerang"],"picked":"Feel No Pain","floor":4},{"not_picked":["Iron Wave","Perfected Strike"],"picked":"Pommel Strike","floor":5},{"not_picked":["Reckless Charge","Shockwave"],"picked":"Warcry","floor":6},{"not_picked":["Perfected Strike","Wild Strike"],"picked":"Whirlwind","floor":8}],"player_experience":497852,"relics_obtained":[{"floor":6,"key":"Bronze Scales"},{"floor":9,"key":"Orichalcum"},{"floor":11,"key":"Self Forming Clay"}],"event_choices":[{"damage_healed":0,"gold_gain":75,"player_choice":"Gather Gold","damage_taken":11,"max_hp_gain":0,"max_hp_loss":0,"event_name":"World of Goop","floor":2,"gold_loss":0},{"damage_healed":0,"gold_gain":0,"player_choice":"Bought 1 Potion","damage_taken":0,"max_hp_gain":0,"max_hp_loss":0,"event_name":"The Woman in Blue","floor":3,"gold_loss":0},{"cards_removed":["Strike_R"],"damage_healed":0,"gold_gain":0,"player_choice":"Card Removal","damage_taken":0,"max_hp_gain":0,"max_hp_loss":0,"event_name":"The Cleric","floor":13,"gold_loss":75}],"is_beta":false,"boss_relics":[],"items_purged_floors":[14],"is_endless":false,"potions_floor_spawned":[4,5,6],"killed_by":"The Guardian","ascension_level":20}}