{"host":"egwexuw5uvnxf11j","time":1612906199,"event":{"mods":["2.2 Compatiblity","Aspiration","BaseMod","Better Altar","Better Note","Better Sensory Stone","Better Third Choice","Displayed Cursed Tome","Downfall","Hermit","Key Reminder","Koishi","Marisa????????","Minty Spire (QoL Compilation)","Quick Restart","Shade Mod","Spicy Shops","StSLib","The Construct","The Cursed","The Hierophant","The Runesmith","The Senshi","The Servant 0.9.4","Transform Curses"],"gold_per_floor":[117,132,149,164,177,177,0,26,78,90,90,90,102,122,122,223,223,242,18,35,50,65,27,27,27,27],"floor_reached":25,"language":"ENG","playtime":1295,"items_purged":["Defend_B"],"score":355,"play_id":"e43c6ed6-fa28-4e77-bce7-a5dc38ca16eb","local_time":"20210209162959","is_ascension_mode":true,"campfire_choices":[{"floor":6,"key":"REST"},{"floor":12,"key":"REST"},{"floor":15,"key":"REST"}],"circlet_count":0,"master_deck":["Strike_B","Strike_B","Strike_B","Defend_B","Defend_B","Defend_B","Zap","Dualcast","Leap","Tempest","Sweeping Beam","Loop","Stack","Rebound","Doom and Gloom","Steam","Streamline","Conserve Battery","Defragment","All For One","Auto Shields","Melter","Gash","Loop","Rainbow","Lockon"],"relics":["Cracked Core","aspiration:ChemicalBlood","keyreminder:keyreminder","Orichalcum","Nuclear Battery","theSenshi:SailorFukuRelic"],"acts_visited":["Exordium","TheCity"],"potions_floor_usage":[8,16,16,21],"damage_taken":[{"damage":1,"enemies":"Cultist","floor":1,"turns":3},{"damage":0,"enemies":"Small Slimes","floor":2,"turns":2},{"damage":11,"enemies":"2 Louse","floor":3,"turns":3},{"damage":13,"enemies":"Exordium Wildlife","floor":4,"turns":4},{"damage":13,"enemies":"Blue Slaver","floor":5,"turns":3},{"damage":22,"enemies":"Lagavulin","floor":8,"turns":4},{"damage":0,"enemies":"Large Slime","floor":10,"turns":4},{"damage":0,"enemies":"2 Fungi Beasts","floor":13,"turns":2},{"damage":6,"enemies":"Looter","floor":14,"turns":3},{"damage":5,"enemies":"The Guardian","floor":16,"turns":9},{"damage":16,"enemies":"Chosen","floor":18,"turns":6},{"damage":22,"enemies":"2 Thieves","floor":20,"turns":4},{"damage":16,"enemies":"Snake Plant","floor":21,"turns":4},{"damage":5,"enemies":"Sentry and Sphere","floor":22,"turns":3},{"damage":27,"enemies":"Cultist and Chosen","floor":25,"turns":4}],"seed_played":"-1195807848347857567","potions_obtained":[{"floor":2,"key":"EssenceOfSteel"},{"floor":3,"key":"AttackPotion"},{"floor":5,"key":"champ:CounterPotion"},{"floor":10,"key":"SkillPotion"},{"floor":22,"key":"Weak Potion"},{"floor":24,"key":"EssenceOfDarkness"}],"is_trial":false,"path_per_floor":["M","M","M","M","M","R","$","E","T","M","$","R","M","M","R","B",null,"M","$","M","M","M","$","?","M"],"character_chosen":"DEFECT","items_purchased":["Rebound","Doom and Gloom","Melter","theSenshi:SailorFukuRelic","Lockon"],"campfire_rested":3,"item_purchase_floors":[7,7,19,19,23],"current_hp_per_floor":[74,74,63,50,37,59,59,37,37,37,37,59,59,53,75,70,75,59,59,37,21,16,16,16,0,0],"gold":27,"neow_bonus":"TRANSFORM_CARD","is_daily":false,"chose_seed":false,"campfire_upgraded":0,"win_rate":0.0,"timestamp":1612906199,"path_taken":["M","M","?","?","M","R","$","E","T","M","$","R","M","M","R","BOSS","M","$","?","M","M","$","?","M"],"items_purchased_type":["Card","Card","Card","Relic","Card"],"build_version":"2020-12-22","purchased_purges":1,"victory":false,"max_hp_per_floor":[75,75,75,75,75,75,75,75,75,75,75,75,75,75,75,75,75,75,75,75,75,75,75,75,75,75],"card_choices":[{"not_picked":["Turbo","Aggregate"],"picked":"Leap","floor":1},{"not_picked":["Blizzard","Coolheaded"],"picked":"Tempest","floor":2},{"not_picked":["Cold Snap","Redo"],"picked":"Sweeping Beam","floor":3},{"not_picked":["Beam Cell","Heatsinks"],"picked":"Loop","floor":4},{"not_picked":["Creative AI","Genetic Algorithm"],"picked":"Stack","floor":5},{"not_picked":["Coolheaded","Leap"],"picked":"Steam","floor":8},{"not_picked":["Rebound","Gash"],"picked":"Streamline","floor":10},{"not_picked":["Go for the Eyes","Rip and Tear"],"picked":"Conserve Battery","floor":13},{"not_picked":["Blizzard","Go for the Eyes"],"picked":"Defragment","floor":14},{"not_picked":["Hyperbeam","Core Surge"],"picked":"All For One","floor":16},{"not_picked":["Stack+1","Hologram+1"],"picked":"Auto Shields","floor":18},{"not_picked":["Coolheaded","Turbo"],"picked":"Gash","floor":20},{"not_picked":["Turbo+1","Skim"],"picked":"Loop","floor":21},{"not_picked":["Ball Lightning","Redo"],"picked":"Rainbow","floor":22}],"player_experience":2327067,"relics_obtained":[{"floor":8,"key":"aspiration:ChemicalBlood"},{"floor":9,"key":"Orichalcum"}],"event_choices":[{"damage_healed":0,"gold_gain":0,"player_choice":"Got Potions","damage_taken":0,"max_hp_gain":0,"max_hp_loss":0,"event_name":"Lab","floor":24,"gold_loss":0}],"is_beta":false,"boss_relics":[{"not_picked":["bronze:MakeshiftBattery","Tiny House"],"picked":"Nuclear Battery"}],"items_purged_floors":[7],"is_endless":false,"potions_floor_spawned":[2,3,5,10,20,22],"killed_by":"Cultist and Chosen","ascension_level":3}}