{"host":"4qjjfc8z9nom5eko","time":1612903360,"event":{"mods":["Abigail Mod","AchievementEnabler","Act Like it!","BaseMod","BetterRewards","Chen","Colored Map","Colored Powertips","Custom Start","Friendly Minions","Gensokyo","Googly Eyes","Highlight Path","Kiyohime????","Koishi","Marisa????????","Minty Spire (QoL Compilation)","Prisma Mod","Random Character Button","Reimu??????","Remilia??????","Shop Mod","StSLib","SuperFastMode","everything is the same but u backflip on backflip"],"gold_per_floor":[116,116,133,65,65,95,111,111,188,188,215,72,72,101,101,200,200,219,219,219,219,219,254,254,254,278,294,305,323,343,38,38,140,140,150,150,204,223,272,290,290,318,318,368,382,382,382,396,396,396],"floor_reached":51,"language":"ENG","playtime":1395,"items_purged":[],"score":986,"play_id":"517e4ddb-6f89-4a55-846a-49ad8350b842","local_time":"20210210074240","is_ascension_mode":false,"campfire_choices":[{"floor":8,"key":"REST"},{"floor":13,"key":"REST"},{"floor":15,"key":"REST"},{"floor":24,"key":"REST"},{"floor":32,"key":"REST"}],"circlet_count":0,"master_deck":["Tempest+1","White Noise+1","Double Energy+1","Chaos+1","Chaos+1","Darkness+1","Fusion+1","Genetic Algorithm+1","Genetic Algorithm+1","Amplify+1","Amplify+1","Rainbow+1","Rainbow+1","Static Discharge+1","Hello World+1","Storm+1","Heatsinks+1","Self Repair+1","Biased Cognition+1","Buffer+1","Electrodynamics+1","Echo Form+1","Creative AI+1","Loop+1","Loop+1","Defragment+1","Defragment+1","Defragment+1","Capacitor+1","Barrage+1","Melter+1","Hello World+1","Hello World+1","Defragment+1","Thunder Strike+1","Storm+1","Fission"],"relics":["Cracked Core","Bird Faced Urn","DataDisk","Frozen Egg 2","Cables","Inserter","Nuclear Battery","Happy Flower","Ice Cream","Mummified Hand","Molten Egg 2","Incense Burner","Runic Capacitor","Symbiotic Virus","Singing Bowl","Regal Pillow","Gremlin Horn","Prayer Wheel","MerchantsRug","Tiny Chest","Fusion Hammer","Bottled Tornado","Unceasing Top","Nloth\u0027s Gift","Omamori","Boot","Sling","Coffee Dripper","Art of War","Torii","Smiling Mask","HornCleat","CaptainsWheel","Shuriken"],"acts_visited":["Exordium","TheCity","TheBeyond"],"potions_floor_usage":[],"damage_taken":[{"damage":0,"enemies":"Cultist","floor":1,"turns":2},{"damage":0,"enemies":"2 Louse","floor":3,"turns":1},{"damage":15,"enemies":"Lagavulin","floor":6,"turns":3},{"damage":6,"enemies":"Jaw Worm","floor":7,"turns":2},{"damage":9,"enemies":"3 Sentries","floor":11,"turns":2},{"damage":0,"enemies":"Lagavulin","floor":14,"turns":2},{"damage":7,"enemies":"Hexaghost","floor":16,"turns":3},{"damage":15,"enemies":"3 Byrds","floor":18,"turns":2},{"damage":1,"enemies":"Gremlin Leader","floor":23,"turns":2},{"damage":20,"enemies":"2 Thieves","floor":27,"turns":2},{"damage":16,"enemies":"Shelled Parasite and Fungi","floor":28,"turns":2},{"damage":0,"enemies":"Snake Plant","floor":29,"turns":1},{"damage":0,"enemies":"Snecko","floor":30,"turns":1},{"damage":0,"enemies":"Automaton","floor":33,"turns":2},{"damage":0,"enemies":"Orb Walker","floor":35,"turns":1},{"damage":0,"enemies":"3 Shapes","floor":38,"turns":1},{"damage":0,"enemies":"2 Orb Walkers","floor":39,"turns":1},{"damage":0,"enemies":"Maw","floor":40,"turns":2},{"damage":0,"enemies":"Nemesis","floor":42,"turns":1},{"damage":0,"enemies":"Mind Bloom Boss Battle","floor":44,"turns":2},{"damage":0,"enemies":"Jaw Worm Horde","floor":45,"turns":1},{"damage":0,"enemies":"4 Shapes","floor":48,"turns":1},{"damage":28,"enemies":"Time Eater","floor":50,"turns":2}],"seed_played":"-3404251996500670890","potions_obtained":[{"floor":5,"key":"LiquidMemories"},{"floor":5,"key":"ZuzhouPotion:ReiMu"},{"floor":5,"key":"EntropicBrew"},{"floor":6,"key":"Dexterity Potion"},{"floor":18,"key":"FocusPotion"}],"is_trial":true,"path_per_floor":["M","T","M","$","?","E","M","R","T","?","E","$","R","E","R","B",null,"M","?","?","?","T","E","R","?","T","M","M","M","M","$","R","B",null,"M","?","T","M","?","M","R","E","T","?","M","?","T","M","R","B",null],"character_chosen":"DEFECT","items_purchased":["Melter+1","MerchantsRug","Boot","Sling"],"campfire_rested":5,"item_purchase_floors":[4,12,31,31],"current_hp_per_floor":[75,75,77,77,77,68,72,77,77,77,79,79,79,79,79,79,79,83,83,67,67,67,90,90,90,90,80,88,100,104,104,104,104,104,108,110,110,114,116,120,120,122,122,124,128,128,128,132,132,110],"gold":396,"neow_bonus":"","is_daily":false,"chose_seed":false,"campfire_upgraded":0,"win_rate":0.0,"timestamp":1612903360,"path_taken":["M","?","?","$","?","E","?","R","T","?","E","$","R","E","R","BOSS","M","?","?","?","?","E","R","?","T","M","?","M","M","$","R","BOSS","M","?","?","M","?","M","R","E","T","?","M","?","?","?","R","BOSS"],"items_purchased_type":["Card","Relic","Relic","Relic"],"build_version":"2020-12-22","purchased_purges":0,"victory":true,"max_hp_per_floor":[75,75,77,77,77,77,77,77,77,77,79,79,79,79,79,79,79,83,83,88,88,88,90,90,90,90,94,96,100,104,104,104,104,104,108,110,110,114,116,120,120,122,122,124,128,128,128,132,132,132],"card_choices":[{"not_picked":["Gash+1","Conserve Battery"],"picked":"Barrage+1","floor":1},{"not_picked":["Cold Snap+1","Sweeping Beam+1","Compile Driver+1"],"picked":"Singing Bowl","floor":3},{"not_picked":["Redo","Multi-Cast"],"picked":"Hello World+1","floor":6},{"not_picked":["Rebound+1","Double Energy"],"picked":"Hello World+1","floor":7},{"not_picked":["Hello World+1","Sweeping Beam+1","Rebound+1"],"picked":"Singing Bowl","floor":11},{"not_picked":["Steam","Buffer+1"],"picked":"Defragment+1","floor":14},{"not_picked":["Biased Cognition+1","Seek"],"picked":"Thunder Strike+1","floor":16},{"not_picked":["Aggregate+1","Capacitor+1","Streamline+1"],"picked":"Singing Bowl","floor":18},{"not_picked":["Redo+1","Doom and Gloom+1","Gash+1"],"picked":"Singing Bowl","floor":18},{"not_picked":["Steam Power","Redo","Biased Cognition+1"],"picked":"Singing Bowl","floor":23},{"not_picked":["Gash+1","Scrape+1","Barrage+1"],"picked":"Singing Bowl","floor":27},{"not_picked":["Hologram+1","Stack","Sweeping Beam+1"],"picked":"Singing Bowl","floor":27},{"not_picked":["Streamline+1","Turbo"],"picked":"Storm+1","floor":28},{"not_picked":["Melter+1","Conserve Battery","Rip and Tear+1"],"picked":"Singing Bowl","floor":28},{"not_picked":["Fission","Steam Power","Streamline+1"],"picked":"Singing Bowl","floor":29},{"not_picked":["Creative AI+1","Steam+1","Gash+1"],"picked":"Singing Bowl","floor":29},{"not_picked":["Skim+1","Capacitor+1","Redo"],"picked":"Singing Bowl","floor":30},{"not_picked":["Stack","Loop+1","Seek"],"picked":"Singing Bowl","floor":30},{"not_picked":["Reboot","Amplify"],"picked":"Fission","floor":33},{"not_picked":["Rebound+1","Sunder+1","Go for the Eyes+1"],"picked":"Singing Bowl","floor":35},{"not_picked":["Double Energy","Rebound+1","Genetic Algorithm+1"],"picked":"Singing Bowl","floor":35},{"not_picked":["Flash of Steel+1","Impatience","Finesse"],"picked":"Singing Bowl","floor":36},{"not_picked":["Hello World+1","Compile Driver+1","Aggregate"],"picked":"Singing Bowl","floor":38},{"not_picked":["Echo Form+1","Conserve Battery","Darkness+1"],"picked":"Singing Bowl","floor":38},{"not_picked":["Turbo","Redo+1","Consume"],"picked":"Singing Bowl","floor":39},{"not_picked":["Ball Lightning+1","Steam+1","Rip and Tear+1"],"picked":"Singing Bowl","floor":40},{"not_picked":["Double Energy+1","Recycle","Rebound+1"],"picked":"Singing Bowl","floor":40},{"not_picked":["Heatsinks+1","Doom and Gloom+1","Conserve Battery"],"picked":"Singing Bowl","floor":42},{"not_picked":["White Noise","Machine Learning+1","Turbo+1"],"picked":"Singing Bowl","floor":44},{"not_picked":["Sweeping Beam+1","Leap","Hologram+1"],"picked":"Singing Bowl","floor":45},{"not_picked":["Rebound+1","Chaos","Turbo+1"],"picked":"Singing Bowl","floor":45},{"not_picked":["Self Repair+1","Ball Lightning+1","Machine Learning+1"],"picked":"Singing Bowl","floor":48},{"not_picked":["Compile Driver+1","Gash+1","Tempest"],"picked":"Singing Bowl","floor":48}],"player_experience":319899,"relics_obtained":[{"floor":2,"key":"Singing Bowl"},{"floor":6,"key":"Regal Pillow"},{"floor":9,"key":"Gremlin Horn"},{"floor":11,"key":"Prayer Wheel"},{"floor":14,"key":"Tiny Chest"},{"floor":22,"key":"Bottled Tornado"},{"floor":23,"key":"Unceasing Top"},{"floor":26,"key":"Omamori"},{"floor":37,"key":"Art of War"},{"floor":39,"key":"Torii"},{"floor":42,"key":"Smiling Mask"},{"floor":43,"key":"HornCleat"},{"floor":44,"key":"CaptainsWheel"},{"floor":47,"key":"Shuriken"}],"event_choices":[{"damage_healed":0,"gold_gain":0,"player_choice":"Got Potions","damage_taken":0,"max_hp_gain":0,"max_hp_loss":0,"event_name":"Lab","floor":5,"gold_loss":0},{"cards_removed":["White Noise"],"damage_healed":0,"gold_gain":0,"player_choice":"Forget","damage_taken":0,"max_hp_gain":0,"max_hp_loss":0,"event_name":"Living Wall","floor":10,"gold_loss":0},{"damage_healed":0,"gold_gain":0,"player_choice":"Ignored","damage_taken":0,"max_hp_gain":0,"max_hp_loss":0,"event_name":"Cursed Tome","floor":19,"gold_loss":0},{"damage_healed":0,"gold_gain":0,"player_choice":"Shed Blood","damage_taken":21,"max_hp_gain":5,"max_hp_loss":0,"event_name":"Forgotten Altar","floor":20,"gold_loss":0},{"damage_healed":0,"gold_gain":0,"player_choice":"Ignored","damage_taken":0,"max_hp_gain":0,"max_hp_loss":0,"event_name":"Ghosts","floor":21,"gold_loss":0},{"damage_healed":0,"gold_gain":0,"player_choice":"Traded Relic","damage_taken":0,"relics_obtained":["Nloth\u0027s Gift"],"max_hp_gain":0,"max_hp_loss":0,"event_name":"N\u0027loth","floor":25,"relics_lost":["Lantern"],"gold_loss":0},{"damage_healed":0,"gold_gain":0,"player_choice":"Memory 1","damage_taken":0,"max_hp_gain":0,"max_hp_loss":0,"event_name":"SensoryStone","floor":36,"gold_loss":0},{"damage_healed":0,"gold_gain":0,"player_choice":"Fight","damage_taken":0,"max_hp_gain":0,"max_hp_loss":0,"event_name":"Mysterious Sphere","floor":39,"gold_loss":0},{"damage_healed":0,"gold_gain":0,"player_choice":"Fight","damage_taken":0,"max_hp_gain":0,"max_hp_loss":0,"event_name":"MindBloom","floor":44,"gold_loss":0},{"cards_removed":["White Noise"],"damage_healed":0,"gold_gain":0,"player_choice":"Removed Skill","damage_taken":0,"max_hp_gain":0,"max_hp_loss":0,"event_name":"Falling","floor":46,"gold_loss":0}],"is_beta":false,"boss_relics":[{"not_picked":["Busted Crown","Cursed Key"],"picked":"Fusion Hammer"},{"not_picked":["Sozu","Runic Pyramid"],"picked":"Coffee Dripper"}],"items_purged_floors":[],"is_endless":false,"potions_floor_spawned":[3,6,16,18,23,39,44,45,48],"ascension_level":0}}