{"host":"bgyhjzqafgkxdxsh","time":1612861670,"event":{"mods":["BaseMod","Colored Map","Minty Spire (QoL Compilation)","Relic Stats","StSLib","everything is the same but u backflip on backflip"],"gold_per_floor":[19,19,19,33,109,109,142,167,167,167,186,14,14,34,34,123,123,137,137,154,154,164,193,193,228,298,5,5,105,30,43,43,119,119,138,154,64,76,92,120,120,134,180,180,195,195,39,0,0,0,0],"floor_reached":50,"language":"ENG","playtime":2789,"items_purged":["Strike_G"],"score":892,"play_id":"806f254a-fb5e-4cd9-98b1-9cc6478239b7","local_time":"20210209190750","is_ascension_mode":true,"campfire_choices":[{"data":"1","floor":6,"key":"LIFT"},{"data":"2","floor":10,"key":"LIFT"},{"data":"3","floor":13,"key":"LIFT"},{"floor":15,"key":"REST"},{"data":"Cloak And Dagger","floor":24,"key":"SMITH"},{"data":"Malaise","floor":32,"key":"SMITH"},{"data":"Storm of Steel","floor":46,"key":"SMITH"},{"floor":49,"key":"RECALL"}],"circlet_count":0,"master_deck":["AscendersBane","Strike_G","Strike_G","Defend_G","Defend_G","Defend_G","Defend_G","Defend_G","Survivor+1","Neutralize+1","Backflip","Blade Dance","Blade Dance","PiercingWail","Adrenaline","Cloak And Dagger+1","Concentrate","Malaise+1","Riddle With Holes","Storm of Steel+1","Prepared","Decay"],"relics":["Ring of the Snake","Girya","Bloody Idol","Pantograph","Ginger","White Beast Statue","Runic Pyramid","MutagenicStrength","Pear","InkBottle","Torii","Eternal Feather","Calipers","Singing Bowl","Cursed Key","Peace Pipe","Smiling Mask","ClockworkSouvenir","Red Mask"],"acts_visited":["Exordium","TheCity","TheBeyond"],"potions_floor_usage":[7,7,11,33,45,50],"damage_taken":[{"damage":2,"enemies":"Jaw Worm","floor":1,"turns":7},{"damage":2,"enemies":"2 Louse","floor":4,"turns":3},{"damage":22,"enemies":"Lagavulin","floor":7,"turns":8},{"damage":0,"enemies":"Cultist","floor":8,"turns":3},{"damage":3,"enemies":"Looter","floor":11,"turns":3},{"damage":2,"enemies":"3 Louse","floor":14,"turns":3},{"damage":43,"enemies":"The Guardian","floor":16,"turns":15},{"damage":4,"enemies":"3 Byrds","floor":18,"turns":6},{"damage":0,"enemies":"Spheric Guardian","floor":20,"turns":3},{"damage":17,"enemies":"Centurion and Healer","floor":22,"turns":4},{"damage":22,"enemies":"Slavers","floor":23,"turns":7},{"damage":8,"enemies":"Gremlin Leader","floor":25,"turns":6},{"damage":1,"enemies":"Colosseum Slavers","floor":29,"turns":3},{"damage":10,"enemies":"Colosseum Nobs","floor":29,"turns":5},{"damage":2,"enemies":"3 Cultists","floor":31,"turns":4},{"damage":113,"enemies":"Collector","floor":33,"turns":15},{"damage":0,"enemies":"3 Shapes","floor":35,"turns":5},{"damage":0,"enemies":"Orb Walker","floor":36,"turns":2},{"damage":6,"enemies":"Sphere and 2 Shapes","floor":38,"turns":3},{"damage":6,"enemies":"Transient","floor":39,"turns":5},{"damage":21,"enemies":"Reptomancer","floor":40,"turns":6},{"damage":2,"enemies":"3 Darklings","floor":42,"turns":4},{"damage":0,"enemies":"Jaw Worm Horde","floor":45,"turns":3},{"damage":104,"enemies":"Donu and Deca","floor":50,"turns":9}],"seed_played":"-8937866121734740746","potions_obtained":[{"floor":4,"key":"EntropicBrew"},{"floor":8,"key":"ColorlessPotion"},{"floor":11,"key":"GhostInAJar"},{"floor":33,"key":"Block Potion"},{"floor":35,"key":"Energy Potion"},{"floor":36,"key":"PowerPotion"},{"floor":38,"key":"DuplicationPotion"},{"floor":40,"key":"Ancient Potion"},{"floor":45,"key":"Energy Potion"}],"is_trial":false,"path_per_floor":["M","?","?","M","T","R","E","M","T","R","M","$","R","M","R","B",null,"M","?","M","?","M","E","R","E","T","$","?","?","?","M","R","B",null,"M","M","?","M","M","E","?","M","T","?","M","R","$","?","R","B"],"character_chosen":"THE_SILENT","items_purchased":["FairyPotion","Torii","ClockworkSouvenir"],"campfire_rested":1,"item_purchase_floors":[12,27,47],"current_hp_per_floor":[61,44,44,42,42,42,20,20,20,20,17,17,17,15,36,18,57,53,53,58,58,46,39,39,36,41,41,41,37,37,40,52,10,64,71,78,78,79,80,64,64,69,74,74,81,93,93,93,94,0,0],"gold":0,"neow_bonus":"ONE_RARE_RELIC","is_daily":false,"chose_seed":false,"campfire_upgraded":3,"win_rate":0.0,"timestamp":1612861670,"path_taken":["M","?","?","M","?","R","E","M","T","R","M","$","R","?","R","BOSS","M","?","M","?","M","E","R","E","T","$","?","?","?","?","R","BOSS","M","M","?","M","?","E","?","M","T","?","?","R","$","?","R","BOSS"],"items_purchased_type":["Potion","Relic","Relic"],"build_version":"2020-12-22","purchased_purges":1,"victory":false,"max_hp_per_floor":[70,70,70,70,70,70,70,70,70,70,70,70,70,70,70,70,70,70,70,70,70,70,80,80,80,80,80,80,82,82,82,82,82,82,84,86,86,88,90,90,90,92,92,92,94,94,94,94,94,94,94],"relic_stats":{"Torii":14,"Singing Bowl":14,"counters":[24,132],"Eternal Feather":25,"Ginger":[10],"Cursed Key":1,"Smiling Mask":0,"Peace Pipe":0,"Bloody Idol":80,"Pantograph":50,"obtain_stats":[{"Girya":0,"Pear":23,"Calipers":29,"Torii":27,"Singing Bowl":29,"Golden Idol":2,"Eternal Feather":28,"Ginger":7,"Cursed Key":34,"Smiling Mask":43,"White Beast Statue":9,"ClockworkSouvenir":47,"Peace Pipe":40,"Pantograph":5,"Bloody Idol":19,"MutagenicStrength":21,"Red Mask":48,"InkBottle":25,"Ring of the Snake":0,"Runic Pyramid":17},{"Girya":0,"Pear":11,"Calipers":14,"Torii":12,"Singing Bowl":14,"Golden Idol":1,"Eternal Feather":12,"Ginger":3,"Cursed Key":16,"Smiling Mask":22,"White Beast Statue":4,"ClockworkSouvenir":23,"Peace Pipe":21,"Pantograph":2,"Bloody Idol":8,"MutagenicStrength":9,"Red Mask":23,"InkBottle":12,"Ring of the Snake":0,"Runic Pyramid":7},{"Girya":0,"Pear":62,"Calipers":76,"Torii":68,"Singing Bowl":76,"Golden Idol":7,"Eternal Feather":68,"Ginger":18,"Cursed Key":95,"Smiling Mask":120,"White Beast Statue":21,"ClockworkSouvenir":123,"Peace Pipe":116,"Pantograph":10,"Bloody Idol":48,"MutagenicStrength":51,"Red Mask":123,"InkBottle":68,"Ring of the Snake":0,"Runic Pyramid":42}],"InkBottle":[44],"Ring of the Snake":[48]},"card_choices":[{"not_picked":["Bane","Calculated Gamble"],"picked":"Backflip","floor":1},{"not_picked":["Underhanded Strike","Sucker Punch","Well Laid Plans"],"picked":"SKIP","floor":4},{"not_picked":["Concentrate","Caltrops"],"picked":"Blade Dance","floor":7},{"not_picked":["Setup","Outmaneuver","Eviscerate"],"picked":"SKIP","floor":8},{"not_picked":["PiercingWail","Sucker Punch"],"picked":"Blade Dance","floor":11},{"not_picked":["Slice","Dash"],"picked":"PiercingWail","floor":14},{"not_picked":["Night Terror","A Thousand Cuts"],"picked":"Adrenaline","floor":16},{"not_picked":["Reflex","Poisoned Stab"],"picked":"Cloak And Dagger","floor":18},{"not_picked":["Dodge and Roll","Noxious Fumes","Catalyst"],"picked":"SKIP","floor":20},{"not_picked":["Bane","Predator","Caltrops"],"picked":"SKIP","floor":22},{"not_picked":["Dagger Throw+1","Backflip"],"picked":"Concentrate","floor":23},{"not_picked":["Backstab","Slice"],"picked":"Malaise","floor":25},{"not_picked":["Deadly Poison","Dodge and Roll","Crippling Poison"],"picked":"Singing Bowl","floor":29},{"not_picked":["Bane","Tactician"],"picked":"Riddle With Holes","floor":31},{"not_picked":["Phantasmal Killer","Burst"],"picked":"Storm of Steel","floor":33},{"not_picked":["Underhanded Strike+1","Cloak And Dagger","Concentrate+1"],"picked":"Singing Bowl","floor":35},{"not_picked":["Setup","Tactician+1","Dodge and Roll"],"picked":"Singing Bowl","floor":36},{"not_picked":["Blade Dance","Accuracy","Distraction"],"picked":"Singing Bowl","floor":38},{"not_picked":["Underhanded Strike+1","Dagger Spray+1","Dodge and Roll"],"picked":"Singing Bowl","floor":39},{"not_picked":["Dagger Throw","Reflex+1"],"picked":"Prepared","floor":40},{"not_picked":["Poisoned Stab","Leg Sweep","Acrobatics+1"],"picked":"Singing Bowl","floor":42},{"not_picked":["Acrobatics","Well Laid Plans","Masterful Stab"],"picked":"Singing Bowl","floor":45}],"player_experience":489458,"relics_obtained":[{"floor":5,"key":"Pantograph"},{"floor":7,"key":"Ginger"},{"floor":9,"key":"White Beast Statue"},{"floor":23,"key":"Pear"},{"floor":25,"key":"InkBottle"},{"floor":29,"key":"Calipers"},{"floor":29,"key":"Singing Bowl"},{"floor":40,"key":"Peace Pipe"},{"floor":43,"key":"Smiling Mask"}],"event_choices":[{"damage_healed":0,"gold_gain":0,"player_choice":"Take Damage","damage_taken":17,"relics_obtained":["Golden Idol"],"max_hp_gain":0,"max_hp_loss":0,"event_name":"Golden Idol","floor":2,"gold_loss":0},{"damage_healed":0,"gold_gain":0,"player_choice":"Grow","damage_taken":0,"max_hp_gain":0,"max_hp_loss":0,"event_name":"Living Wall","floor":3,"gold_loss":0,"cards_upgraded":["Neutralize"]},{"damage_healed":0,"gold_gain":0,"player_choice":"Gave Idol","damage_taken":0,"relics_obtained":["Bloody Idol"],"max_hp_gain":0,"max_hp_loss":0,"event_name":"Forgotten Altar","floor":19,"relics_lost":["Golden Idol"],"gold_loss":0},{"damage_healed":0,"gold_gain":0,"player_choice":"Inject Mutagens","damage_taken":0,"relics_obtained":["MutagenicStrength"],"max_hp_gain":0,"max_hp_loss":0,"event_name":"Drug Dealer","floor":21,"gold_loss":0},{"damage_healed":0,"gold_gain":0,"player_choice":"Opened","damage_taken":0,"relics_obtained":["Eternal Feather"],"max_hp_gain":0,"max_hp_loss":0,"event_name":"The Mausoleum","floor":28,"gold_loss":0,"cards_obtained":["Writhe"]},{"damage_healed":0,"gold_gain":0,"player_choice":"Fight","damage_taken":0,"max_hp_gain":0,"max_hp_loss":0,"event_name":"Colosseum","floor":29,"gold_loss":0},{"damage_healed":0,"gold_gain":0,"player_choice":"Fought Nobs","damage_taken":0,"max_hp_gain":0,"max_hp_loss":0,"event_name":"Colosseum","floor":29,"gold_loss":0},{"cards_removed":["Writhe"],"damage_healed":0,"gold_gain":0,"player_choice":"Gave Gold","damage_taken":0,"max_hp_gain":0,"max_hp_loss":0,"event_name":"Beggar","floor":30,"gold_loss":75},{"cards_removed":["Strike_G"],"damage_healed":0,"gold_gain":0,"player_choice":"Upgrade and Remove","damage_taken":0,"max_hp_gain":0,"max_hp_loss":0,"event_name":"Designer","floor":37,"gold_loss":90,"cards_upgraded":["Survivor"]},{"cards_removed":["Strike_G"],"damage_healed":0,"gold_gain":0,"player_choice":"Removed Attack","damage_taken":0,"max_hp_gain":0,"max_hp_loss":0,"event_name":"Falling","floor":41,"gold_loss":0},{"damage_healed":0,"gold_gain":0,"player_choice":"Bought 0 Potions","damage_taken":0,"max_hp_gain":0,"max_hp_loss":0,"event_name":"The Woman in Blue","floor":44,"gold_loss":0},{"damage_healed":0,"gold_gain":0,"player_choice":"Paid","damage_taken":0,"relics_obtained":["Red Mask"],"max_hp_gain":0,"max_hp_loss":0,"event_name":"Tomb of Lord Red Mask","floor":48,"gold_loss":39}],"is_beta":false,"boss_relics":[{"not_picked":["Fusion Hammer","HoveringKite"],"picked":"Runic Pyramid"},{"not_picked":["Black Star","Tiny House"],"picked":"Cursed Key"}],"items_purged_floors":[12],"is_endless":false,"potions_floor_spawned":[4,8,11,14,16,18,20,22,23,25,29,29,31,33,35,36,38,39,40,42,45],"killed_by":"Donu and Deca","ascension_level":13}}