{"host":"c44ey07ufggfw2m8","time":1612881226,"event":{"mods":["2.2 Compatiblity","BaseMod","Colored Map","DeckTracker","Highlight Path","Keyboard Shortcuts","Minty Spire (QoL Compilation)","Permanent Neow","Quick Restart","StSLib","SuperFastMode","UnlockEverythingMod"],"gold_per_floor":[15,25,37,37,37,70,90,90,90,90,103,116,116,133,133,238,238,249,266,191,191,191,191],"floor_reached":22,"language":"KOR","playtime":582,"items_purged":["Strike_P"],"score":254,"play_id":"9fb56c41-b89e-44d6-9499-0392e06b5994","local_time":"20210209233346","is_ascension_mode":true,"campfire_choices":[{"data":"Eruption","floor":8,"key":"SMITH"},{"floor":10,"key":"REST"},{"data":"Study","floor":15,"key":"SMITH"}],"circlet_count":0,"master_deck":["Strike_P","Defend_P","Defend_P","Defend_P","Eruption+1","Vigilance","FearNoEvil","Study+1","Conclude","CrushJoints","ClearTheMind","DeusExMachina"],"relics":["PureWater","Gremlin Horn","Blue Candle","Singing Bowl","Cursed Key"],"acts_visited":["Exordium","TheCity"],"potions_floor_usage":[6,16,16],"damage_taken":[{"damage":2,"enemies":"Small Slimes","floor":1,"turns":6},{"damage":0,"enemies":"2 Louse","floor":2,"turns":3},{"damage":0,"enemies":"Cultist","floor":3,"turns":4},{"damage":27,"enemies":"Lagavulin","floor":6,"turns":6},{"damage":13,"enemies":"3 Louse","floor":7,"turns":3},{"damage":11,"enemies":"Blue Slaver","floor":11,"turns":5},{"damage":0,"enemies":"2 Fungi Beasts","floor":12,"turns":2},{"damage":0,"enemies":"3 Louse","floor":14,"turns":1},{"damage":26,"enemies":"The Guardian","floor":16,"turns":11},{"damage":21,"enemies":"2 Thieves","floor":18,"turns":4},{"damage":19,"enemies":"Spheric Guardian","floor":19,"turns":4},{"damage":13,"enemies":"Snecko","floor":22,"turns":2}],"seed_played":"8682235126447902669","potions_obtained":[{"floor":1,"key":"Regen Potion"},{"floor":2,"key":"FearPotion"},{"floor":3,"key":"SneckoOil"},{"floor":7,"key":"SneckoOil"},{"floor":14,"key":"Fire Potion"},{"floor":18,"key":"Strength Potion"},{"floor":19,"key":"SpeedPotion"}],"is_trial":false,"path_per_floor":["M","M","M","?","?","E","M","R","T","R","M","M","?","M","R","B",null,"M","M","$","?","M"],"character_chosen":"WATCHER","items_purchased":[],"campfire_rested":1,"item_purchase_floors":[],"current_hp_per_floor":[63,63,63,51,51,24,11,11,11,32,23,23,23,25,25,14,61,42,25,25,10,0,0],"gold":191,"neow_bonus":"REMOVE_TWO","is_daily":false,"chose_seed":false,"campfire_upgraded":2,"win_rate":0.0,"timestamp":1612881226,"path_taken":["M","M","M","?","?","E","M","R","T","R","M","M","?","?","R","BOSS","M","M","$","?","M"],"items_purchased_type":[],"build_version":"2020-12-22","purchased_purges":1,"victory":false,"max_hp_per_floor":[72,72,72,72,72,72,72,72,72,72,74,74,74,76,76,76,76,78,80,80,85,85,85],"card_choices":[{"not_picked":["FollowUp","CarveReality"],"picked":"FearNoEvil","floor":1},{"not_picked":["PathToVictory","Study","Crescendo"],"picked":"SKIP","floor":2},{"not_picked":["FlyingSleeves","SashWhip"],"picked":"Study","floor":3},{"not_picked":["Wireheading","Crescendo"],"picked":"Conclude","floor":6},{"not_picked":["ClearTheMind","DeceiveReality"],"picked":"CrushJoints","floor":7},{"not_picked":["JustLucky","LikeWater","WreathOfFlame"],"picked":"Singing Bowl","floor":11},{"not_picked":["Devotion","ReachHeaven"],"picked":"ClearTheMind","floor":12},{"not_picked":["Protect","SandsOfTime","Consecrate"],"picked":"Singing Bowl","floor":14},{"not_picked":["ConjureBlade","Blasphemy"],"picked":"DeusExMachina","floor":16},{"not_picked":["Prostrate","PathToVictory+1","Crescendo"],"picked":"Singing Bowl","floor":18},{"not_picked":["Indignation","SignatureMove","Prostrate"],"picked":"Singing Bowl","floor":19}],"player_experience":121532,"relics_obtained":[{"floor":6,"key":"Blue Candle"},{"floor":9,"key":"Singing Bowl"}],"event_choices":[{"damage_healed":0,"gold_gain":0,"player_choice":"Success","damage_taken":12,"relics_obtained":["Gremlin Horn"],"max_hp_gain":0,"max_hp_loss":0,"event_name":"Scrap Ooze","floor":4,"gold_loss":0},{"damage_healed":0,"gold_gain":0,"player_choice":"Leave","damage_taken":0,"max_hp_gain":0,"max_hp_loss":0,"event_name":"The Cleric","floor":5,"gold_loss":0},{"cards_removed":["Strike_P"],"damage_healed":0,"gold_gain":0,"player_choice":"Purged","damage_taken":0,"max_hp_gain":0,"max_hp_loss":0,"event_name":"Purifier","floor":13,"gold_loss":0},{"damage_healed":0,"gold_gain":0,"player_choice":"Shed Blood","damage_taken":20,"max_hp_gain":5,"max_hp_loss":0,"event_name":"Forgotten Altar","floor":21,"gold_loss":0}],"is_beta":false,"boss_relics":[{"not_picked":["Calling Bell","Fusion Hammer"],"picked":"Cursed Key"}],"items_purged_floors":[20],"is_endless":false,"potions_floor_spawned":[1,2,3,7,14,18,19],"killed_by":"Snecko","ascension_level":7}}