{"host":"vyjryxuuuxkt43k4","time":1612848483,"event":{"mods":["AchievementEnabler","BaseMod","Colored Map","DeckTracker","Keyboard Shortcuts","Minty Spire (QoL Compilation)","Permanent Neow","Quick Restart","StSLib","SuperFastMode","everything is the same but u backflip on backflip"],"gold_per_floor":[12,24,24,24,24,24,62,62,62,62,81,81,81,104,104,104,104],"floor_reached":16,"language":"KOR","playtime":1628,"items_purged":[],"score":191,"play_id":"e0f1c558-c1cd-4784-92dc-da892e274360","local_time":"20210209142803","is_ascension_mode":true,"campfire_choices":[{"floor":6.0,"key":"REST"},{"data":"Eruption","floor":12,"key":"SMITH"},{"floor":15,"key":"REST"}],"circlet_count":0,"master_deck":["AscendersBane","Strike_P","Strike_P","Defend_P","Defend_P","Defend_P","Eruption+1","Vigilance","BowlingBash","DevaForm","Collect","Fasting2","EmptyFist"],"relics":["PureWater","Golden Idol","Ice Cream","Singing Bowl","Mummified Hand"],"acts_visited":["Exordium"],"potions_floor_usage":[7],"damage_taken":[{"damage":16.0,"enemies":"Jaw Worm","floor":1.0,"turns":6.0},{"damage":10.0,"enemies":"2 Louse","floor":2.0,"turns":5.0},{"damage":27,"enemies":"3 Sentries","floor":7,"turns":4},{"damage":4,"enemies":"Small Slimes","floor":11,"turns":3},{"damage":11,"enemies":"Looter","floor":14,"turns":4},{"damage":41,"enemies":"Hexaghost","floor":16,"turns":9}],"seed_played":"610141197530995998","potions_obtained":[{"floor":2.0,"key":"DistilledChaos"},{"floor":11,"key":"SpeedPotion"}],"is_trial":false,"path_per_floor":["M","M","$","?","?","R","E","?","T","$","M","R","?","M","R","B"],"character_chosen":"WATCHER","items_purchased":[],"campfire_rested":2,"item_purchase_floors":[],"current_hp_per_floor":[45,35,35,35,24,42,17,38,38,38,36,36,29,18,37,0,0],"gold":104,"neow_bonus":"TRANSFORM_TWO_CARDS","is_daily":false,"chose_seed":false,"campfire_upgraded":1,"win_rate":0.0,"timestamp":1612848483,"path_taken":["M","M","$","?","?","R","E","?","T","$","M","R","?","M","R","BOSS"],"items_purchased_type":[],"build_version":"2020-12-22","purchased_purges":0,"victory":false,"max_hp_per_floor":[68,68,68,62,62,62,64,64,64,64,66,66,66,66,66,66,66],"card_choices":[{"not_picked":["JustLucky","ThirdEye","Collect"],"picked":"SKIP","floor":1.0},{"not_picked":["JustLucky","ThirdEye"],"picked":"Collect","floor":1.0},{"not_picked":["FearNoEvil","Meditate"],"picked":"Fasting2","floor":2.0},{"not_picked":["WreathOfFlame","BattleHymn","PathToVictory"],"picked":"Singing Bowl","floor":7},{"not_picked":["Protect","Sanctity","PathToVictory"],"picked":"Singing Bowl","floor":11},{"not_picked":["Nirvana","BattleHymn"],"picked":"EmptyFist","floor":14}],"player_experience":860041,"relics_obtained":[{"floor":7,"key":"Singing Bowl"},{"floor":9,"key":"Mummified Hand"}],"event_choices":[{"damage_healed":0.0,"max_hp_gain":0.0,"max_hp_loss":6.0,"gold_gain":0.0,"event_name":"Golden Idol","player_choice":"Lose Max HP","floor":4.0,"gold_loss":0.0,"damage_taken":0.0,"relics_obtained":["Golden Idol"]},{"damage_healed":0.0,"max_hp_gain":0.0,"max_hp_loss":0.0,"gold_gain":0.0,"event_name":"Scrap Ooze","player_choice":"Success","floor":5.0,"gold_loss":0.0,"damage_taken":11.0,"relics_obtained":["Ice Cream"]},{"damage_healed":21,"gold_gain":0,"player_choice":"Banana","damage_taken":0,"max_hp_gain":0,"max_hp_loss":0,"event_name":"Big Fish","floor":8,"gold_loss":0},{"cards_removed":["Strike_P"],"damage_healed":0,"gold_gain":0,"player_choice":"Card Removal","damage_taken":7,"max_hp_gain":0,"max_hp_loss":0,"event_name":"Golden Wing","floor":13,"gold_loss":0}],"is_beta":false,"boss_relics":[],"items_purged_floors":[],"is_endless":false,"potions_floor_spawned":[2,11],"killed_by":"Hexaghost","ascension_level":19}}