{"host":"swn8ychr123rw3gf","time":1612868730,"event":{"mods":["BaseMod","Minty Spire (QoL Compilation)","StSLib"],"gold_per_floor":[16,16,32,52,52,85,85,85,85,95,24,58,58,77,77,148,148,168,23,43,60,60,86,86,121,144,163,182,182,182,197,197,268,268,287,299,75,75,91,91,123,123,123,149,159,34,50,64,64,64],"floor_reached":51,"language":"ZHS","playtime":2463,"items_purged":["Strike_G","Strike_G"],"score":1291,"play_id":"0078d5dd-e931-4e8a-a59e-2b71cc1b33e3","local_time":"20210209190530","is_ascension_mode":true,"campfire_choices":[{"floor":7.0,"key":"REST"},{"data":"Accuracy","floor":13.0,"key":"SMITH"},{"data":"Cloak And Dagger","floor":15.0,"key":"SMITH"},{"data":"Accuracy","floor":24.0,"key":"SMITH"},{"floor":30.0,"key":"REST"},{"data":"Phantasmal Killer","floor":32.0,"key":"SMITH"},{"data":"Cloak And Dagger","floor":40.0,"key":"SMITH"},{"data":"Tools of the Trade","floor":42.0,"key":"SMITH"},{"floor":49,"key":"REST"}],"circlet_count":0,"master_deck":["AscendersBane","Strike_G","Strike_G","Strike_G","Defend_G","Defend_G","Defend_G","Defend_G","Survivor","Neutralize","Backflip","Cloak And Dagger+1","Escape Plan","Blade Dance","Venomology","Accuracy+1","Cloak And Dagger+1","Malaise","Blade Dance","After Image","Accuracy+1","Infinite Blades+1","Accuracy","Phantasmal Killer+1","Tools of the Trade+1","Tactician","Choke","Reflex+1","Backflip+1","Acrobatics"],"relics":["Ring of the Snake","Turnip","Regal Pillow","Question Card","InkBottle","WristBlade","White Beast Statue","CaptainsWheel","Anchor","Juzu Bracelet","HoveringKite","TheAbacus","PreservedInsect","Thread and Needle","MealTicket"],"acts_visited":["Exordium","TheCity","TheBeyond"],"potions_floor_usage":[47,47,48,50,50],"damage_taken":[{"damage":1.0,"enemies":"Jaw Worm","floor":1.0,"turns":5.0},{"damage":1.0,"enemies":"2 Louse","floor":3.0,"turns":3.0},{"damage":0.0,"enemies":"Cultist","floor":4.0,"turns":5.0},{"damage":52.0,"enemies":"3 Sentries","floor":6.0,"turns":16.0},{"damage":1.0,"enemies":"Exordium Wildlife","floor":10.0,"turns":5.0},{"damage":12.0,"enemies":"Gremlin Nob","floor":12.0,"turns":4.0},{"damage":3.0,"enemies":"Blue Slaver","floor":14.0,"turns":4.0},{"damage":21.0,"enemies":"The Guardian","floor":16.0,"turns":12.0},{"damage":0.0,"enemies":"3 Byrds","floor":18.0,"turns":5.0},{"damage":1.0,"enemies":"Chosen","floor":20.0,"turns":6.0},{"damage":9.0,"enemies":"Shelled Parasite and Fungi","floor":21.0,"turns":4.0},{"damage":23.0,"enemies":"Slavers","floor":23.0,"turns":4.0},{"damage":15.0,"enemies":"Book of Stabbing","floor":25.0,"turns":4.0},{"damage":0.0,"enemies":"Cultist and Chosen","floor":27.0,"turns":3.0},{"damage":0.0,"enemies":"3 Cultists","floor":28.0,"turns":5.0},{"damage":9.0,"enemies":"Snake Plant","floor":31.0,"turns":4.0},{"damage":7.0,"enemies":"Automaton","floor":33.0,"turns":5.0},{"damage":1.0,"enemies":"Orb Walker","floor":35.0,"turns":3.0},{"damage":1.0,"enemies":"3 Darklings","floor":36.0,"turns":4.0},{"damage":10.0,"enemies":"4 Shapes","floor":39.0,"turns":4.0},{"damage":7.0,"enemies":"Giant Head","floor":41.0,"turns":6.0},{"damage":16.0,"enemies":"Reptomancer","floor":44.0,"turns":3.0},{"damage":0.0,"enemies":"Jaw Worm Horde","floor":45.0,"turns":3.0},{"damage":0,"enemies":"3 Darklings","floor":47,"turns":4},{"damage":7,"enemies":"4 Shapes","floor":48,"turns":3},{"damage":67,"enemies":"Time Eater","floor":50,"turns":7}],"seed_played":"-7154809047351880899","potions_obtained":[{"floor":6.0,"key":"Poison Potion"},{"floor":12.0,"key":"SkillPotion"},{"floor":14.0,"key":"CultistPotion"},{"floor":20.0,"key":"SkillPotion"},{"floor":25.0,"key":"FearPotion"},{"floor":27.0,"key":"Dexterity Potion"},{"floor":28.0,"key":"AttackPotion"},{"floor":31.0,"key":"DistilledChaos"},{"floor":33.0,"key":"Poison Potion"},{"floor":35.0,"key":"AttackPotion"},{"floor":36.0,"key":"SpeedPotion"},{"floor":39.0,"key":"Fire Potion"},{"floor":41.0,"key":"Fruit Juice"},{"floor":44.0,"key":"Explosive Potion"},{"floor":45.0,"key":"DuplicationPotion"},{"floor":47,"key":"Ancient Potion"},{"floor":48,"key":"EssenceOfSteel"}],"is_trial":false,"path_per_floor":["M","?","M","M","?","E","R","?","T","M","$","E","R","M","R","B",null,"M","$","M","M","?","E","R","E","T","M","M","T","R","M","R","B",null,"M","M","$","?","M","R","E","R","T","E","M","$","M","M","R","B",null],"character_chosen":"THE_SILENT","items_purchased":["Accuracy","After Image","TheAbacus","Acrobatics"],"campfire_rested":3,"item_purchase_floors":[11,19,37,46],"current_hp_per_floor":[58,58,57,57,62,10,46,71,71,70,70,58,58,55,55,34,62,62,62,61,52,52,29,29,14,14,14,14,14,50,41,41,34,62,61,60,60,56,46,46,39,39,39,28,28,43,43,36,73,6],"gold":64,"neow_bonus":"ONE_RARE_RELIC","is_daily":false,"chose_seed":false,"campfire_upgraded":6,"win_rate":0.0,"timestamp":1612868730,"path_taken":["M","?","M","M","?","E","R","?","T","?","$","E","R","M","R","BOSS","M","$","M","M","?","E","R","E","T","M","M","?","R","M","R","BOSS","M","M","$","?","M","R","E","R","T","E","M","?","M","M","R","BOSS"],"items_purchased_type":["Card","Card","Relic","Card"],"build_version":"2020-12-22","purchased_purges":2,"victory":true,"max_hp_per_floor":[66,66,66,66,71,71,71,71,71,71,71,71,71,71,71,71,71,71,71,71,71,71,71,71,71,71,71,71,71,71,71,71,71,71,71,71,71,71,71,71,71,71,71,76,76,76,76,76,76,76],"card_choices":[{"not_picked":["Dodge and Roll","Slice"],"picked":"Backflip","floor":1.0},{"not_picked":["Eviscerate","Calculated Gamble"],"picked":"Cloak And Dagger","floor":3.0},{"not_picked":["Acrobatics","Dagger Spray"],"picked":"Escape Plan","floor":4.0},{"not_picked":["Deflect","Caltrops"],"picked":"Blade Dance","floor":6.0},{"not_picked":["Caltrops","Blade Dance","Endless Agony"],"picked":"Venomology","floor":10.0},{"not_picked":["All Out Attack","Poisoned Stab","Prepared","Endless Agony"],"picked":"SKIP","floor":12.0},{"not_picked":["Poisoned Stab","Bane","Caltrops"],"picked":"Cloak And Dagger","floor":14.0},{"not_picked":["Night Terror","Wraith Form v2","Unload"],"picked":"Malaise","floor":16.0},{"not_picked":["Underhanded Strike+1","Quick Slash","Dagger Throw"],"picked":"Blade Dance","floor":18.0},{"not_picked":["Sucker Punch","Bane+1","PiercingWail"],"picked":"Accuracy","floor":20.0},{"not_picked":["Setup","Quick Slash","Skewer","Poisoned Stab"],"picked":"SKIP","floor":21.0},{"not_picked":["Slice+1","Noxious Fumes","PiercingWail"],"picked":"Infinite Blades+1","floor":23.0},{"not_picked":["Blade Dance+1","Riddle With Holes","Heel Hook"],"picked":"Accuracy","floor":25.0},{"not_picked":["Bane+1","Poisoned Stab","Dagger Spray","Corpse Explosion"],"picked":"SKIP","floor":27.0},{"not_picked":["Flying Knee","Flechettes","Blade Dance","Deadly Poison"],"picked":"SKIP","floor":28.0},{"not_picked":["Outmaneuver","Bane","Deflect+1"],"picked":"Phantasmal Killer","floor":31.0},{"not_picked":["Envenom","Unload","Bullet Time"],"picked":"Tools of the Trade","floor":33.0},{"not_picked":["Quick Slash+1","All Out Attack","Poisoned Stab","Eviscerate"],"picked":"SKIP","floor":35.0},{"not_picked":["Eviscerate","Cloak And Dagger","Poisoned Stab+1","Bouncing Flask"],"picked":"SKIP","floor":36.0},{"not_picked":["Heel Hook","Cloak And Dagger","Quick Slash+1"],"picked":"Tactician","floor":39.0},{"not_picked":["PiercingWail+1","Flying Knee","Blade Dance"],"picked":"Choke","floor":41.0},{"not_picked":["Sucker Punch+1","Concentrate","Malaise"],"picked":"Reflex+1","floor":44.0},{"not_picked":["Tactician","Bane+1","Sucker Punch"],"picked":"Backflip+1","floor":45.0},{"not_picked":["Eviscerate","Dagger Throw","Flying Knee","Dagger Spray"],"picked":"SKIP","floor":47},{"not_picked":["Deadly Poison","Masterful Stab","Slice","Dash"],"picked":"SKIP","floor":48}],"player_experience":444721,"relics_obtained":[{"floor":6.0,"key":"Regal Pillow"},{"floor":9.0,"key":"Question Card"},{"floor":12.0,"key":"InkBottle"},{"floor":23.0,"key":"White Beast Statue"},{"floor":25.0,"key":"CaptainsWheel"},{"floor":26.0,"key":"Anchor"},{"floor":29.0,"key":"Juzu Bracelet"},{"floor":41.0,"key":"PreservedInsect"},{"floor":43.0,"key":"Thread and Needle"},{"floor":44.0,"key":"MealTicket"}],"event_choices":[{"cards_removed":["Defend_G"],"damage_healed":0.0,"max_hp_gain":0.0,"max_hp_loss":0.0,"gold_gain":0.0,"event_name":"Living Wall","player_choice":"Forget","floor":2.0,"gold_loss":0.0,"damage_taken":0.0},{"damage_healed":0.0,"max_hp_gain":5.0,"max_hp_loss":0.0,"gold_gain":0.0,"event_name":"Big Fish","player_choice":"Donut","floor":5.0,"gold_loss":0.0,"damage_taken":0.0},{"damage_healed":25.0,"max_hp_gain":0.0,"max_hp_loss":0.0,"gold_gain":0.0,"event_name":"Wheel of Change","player_choice":"Full Heal","floor":8.0,"gold_loss":0.0,"damage_taken":0.0},{"damage_healed":0.0,"max_hp_gain":0.0,"max_hp_loss":0.0,"gold_gain":0.0,"event_name":"The Woman in Blue","player_choice":"Bought 0 Potions","floor":38.0,"gold_loss":0.0,"damage_taken":0.0}],"is_beta":false,"boss_relics":[{"not_picked":["Velvet Choker","SacredBark"],"picked":"WristBlade"},{"not_picked":["Coffee Dripper","Calling Bell"],"picked":"HoveringKite"}],"items_purged_floors":[37,46],"is_endless":false,"potions_floor_spawned":[6,12,14,20,25,27,28,31,33,35,36,39,41,44,45,47,48],"ascension_level":15}}