{"host":"2yqfi47fogfu1ic4","time":1612880671,"event":{"mods":["AchievementEnabler","BaseMod","Colored Map","Colored Powertips","Highlight Path","Minty Spire (QoL Compilation)","Permanent Neow","Relic Stats","StSLib"],"gold_per_floor":[118,130,150,162,162,162,194,205,232,232,252,52,52,69,69,145,145,168,191,218,230,256,293,305,305],"floor_reached":24,"language":"DEU","playtime":2784,"items_purged":[],"score":444,"play_id":"c368f87c-af89-4baf-abb1-282304224b53","local_time":"20210209152431","is_ascension_mode":true,"campfire_choices":[{"data":"Blade Dance","floor":6,"key":"SMITH"},{"data":"Accuracy","floor":13,"key":"SMITH"},{"data":"Acrobatics","floor":15,"key":"SMITH"}],"circlet_count":0,"master_deck":["AscendersBane","Strike_G","Strike_G","Strike_G","Strike_G","Strike_G","Defend_G","Defend_G","Defend_G","Defend_G","Defend_G","Survivor","Neutralize","Blade Dance+1","Underhanded Strike","Reflex","Backflip","Dagger Spray","Acrobatics+1","Accuracy+1","Deflect","Burst","CurseOfTheBell","Blade Dance+1","Dagger Throw","Underhanded Strike","Ghostly","Ghostly","Ghostly","Accuracy","Prepared"],"relics":["Coffee Dripper","Strawberry","ClockworkSouvenir","Calling Bell","MawBank","Gremlin Horn","CaptainsWheel","Blood Vial"],"acts_visited":["Exordium","TheCity"],"potions_floor_usage":[7,16,16,20,23],"damage_taken":[{"damage":5,"enemies":"Small Slimes","floor":1,"turns":6},{"damage":0,"enemies":"Jaw Worm","floor":2,"turns":3},{"damage":0,"enemies":"2 Louse","floor":3,"turns":2},{"damage":17,"enemies":"Exordium Wildlife","floor":4,"turns":7},{"damage":29,"enemies":"Gremlin Nob","floor":7,"turns":4},{"damage":9,"enemies":"Blue Slaver","floor":8,"turns":4},{"damage":0,"enemies":"2 Fungi Beasts","floor":11,"turns":3},{"damage":0,"enemies":"Looter","floor":14,"turns":1},{"damage":29,"enemies":"Hexaghost","floor":16,"turns":11},{"damage":17,"enemies":"Shell Parasite","floor":18,"turns":8},{"damage":0,"enemies":"Chosen","floor":19,"turns":5},{"damage":12,"enemies":"Snake Plant","floor":20,"turns":6},{"damage":5,"enemies":"Centurion and Healer","floor":22,"turns":6},{"damage":13,"enemies":"Slavers","floor":23,"turns":6},{"damage":27,"enemies":"Snecko","floor":24,"turns":5}],"seed_played":"-205004047558663405","potions_obtained":[{"floor":3,"key":"BlessingOfTheForge"},{"floor":4,"key":"Dexterity Potion"},{"floor":8,"key":"Block Potion"},{"floor":14,"key":"Poison Potion"},{"floor":18,"key":"SkillPotion"},{"floor":19,"key":"Fire Potion"},{"floor":23,"key":"Poison Potion"}],"is_trial":false,"path_per_floor":["M","M","M","M","?","R","E","M","T","?","M","$","R","M","R","B",null,"M","M","M","?","M","E","M"],"character_chosen":"THE_SILENT","items_purchased":["Accuracy","ClockworkSouvenir"],"campfire_rested":0,"item_purchase_floors":[12,12],"current_hp_per_floor":[54,54,54,37,37,37,15,6,6,30,30,30,30,30,30,1,55,38,38,26,26,21,8,0,0],"gold":305,"neow_bonus":"BOSS_RELIC","is_daily":false,"chose_seed":false,"campfire_upgraded":3,"win_rate":0.0,"timestamp":1612880671,"path_taken":["M","M","M","M","?","R","E","M","T","?","M","$","R","M","R","BOSS","M","M","M","?","M","E","M"],"items_purchased_type":["Card","Relic"],"build_version":"2020-12-22","purchased_purges":0,"victory":false,"max_hp_per_floor":[66,66,66,66,66,66,73,73,73,73,73,73,73,73,73,73,73,73,73,73,36,36,36,36,36],"relic_stats":{"Blood Vial":2,"Gremlin Horn":[3,3],"counters":[15,77],"MawBank":84,"obtain_stats":[{"Calling Bell":17,"Blood Vial":23,"CaptainsWheel":17,"Gremlin Horn":17,"Strawberry":7,"Coffee Dripper":0,"MawBank":17,"Ring of the Snake":0,"ClockworkSouvenir":12},{"Calling Bell":9,"Blood Vial":14,"CaptainsWheel":9,"Gremlin Horn":9,"Strawberry":5,"Coffee Dripper":0,"MawBank":9,"Ring of the Snake":0,"ClockworkSouvenir":7},{"Calling Bell":41,"Blood Vial":72,"CaptainsWheel":41,"Gremlin Horn":41,"Strawberry":22,"Coffee Dripper":0,"MawBank":41,"Ring of the Snake":0,"ClockworkSouvenir":29}]},"card_choices":[{"not_picked":["Escape Plan","Calculated Gamble"],"picked":"Blade Dance","floor":1},{"not_picked":["Noxious Fumes","Quick Slash"],"picked":"Underhanded Strike","floor":2},{"not_picked":["Catalyst","Outmaneuver"],"picked":"Reflex","floor":3},{"not_picked":["Deflect","Flying Knee"],"picked":"Backflip","floor":4},{"not_picked":["Catalyst","Crippling Poison"],"picked":"Dagger Spray","floor":7},{"not_picked":["Well Laid Plans","Bane","Catalyst"],"picked":"SKIP","floor":8},{"not_picked":["Underhanded Strike","Outmaneuver"],"picked":"Acrobatics","floor":11},{"not_picked":["Outmaneuver","Bane"],"picked":"Deflect","floor":14},{"not_picked":["A Thousand Cuts","Doppelganger"],"picked":"Burst","floor":16},{"not_picked":["Cloak And Dagger","Flying Knee"],"picked":"Blade Dance+1","floor":18},{"not_picked":["Quick Slash+1","Backflip"],"picked":"Dagger Throw","floor":19},{"not_picked":["Setup+1","Quick Slash"],"picked":"Underhanded Strike","floor":20},{"not_picked":["Heel Hook","Cloak And Dagger"],"picked":"Accuracy","floor":22},{"not_picked":["Dagger Throw","Unload"],"picked":"Prepared","floor":23}],"player_experience":1716299,"relics_obtained":[{"floor":7,"key":"Strawberry"},{"floor":17,"key":"MawBank"},{"floor":17,"key":"Gremlin Horn"},{"floor":17,"key":"CaptainsWheel"},{"floor":23,"key":"Blood Vial"}],"event_choices":[{"damage_healed":0,"gold_gain":0,"player_choice":"Ignored","damage_taken":0,"max_hp_gain":0,"max_hp_loss":0,"event_name":"Shining Light","floor":5,"gold_loss":0},{"damage_healed":24,"gold_gain":0,"player_choice":"Banana","damage_taken":0,"max_hp_gain":0,"max_hp_loss":0,"event_name":"Big Fish","floor":10,"gold_loss":0},{"damage_healed":0,"gold_gain":0,"player_choice":"Became a Ghost","damage_taken":0,"max_hp_gain":0,"max_hp_loss":37,"event_name":"Ghosts","floor":21,"gold_loss":0,"cards_obtained":["Ghostly","Ghostly","Ghostly"]}],"is_beta":false,"boss_relics":[{"not_picked":["Busted Crown","Empty Cage"],"picked":"Calling Bell"}],"items_purged_floors":[],"is_endless":false,"potions_floor_spawned":[3,4,8,14,18,19,23],"killed_by":"Snecko","ascension_level":20}}