{"host":"6jrd8fn9k88n08be","time":1612893876,"event":{"mods":["BaseMod","Minty Spire (QoL Compilation)","StSLib"],"gold_per_floor":[110,128,128,14,14,14,25,55,55,55,82,112,129,21,21,116,116,129,148,162,173,188,188,188,206,229,229,229],"floor_reached":27,"language":"ENG","playtime":1862,"items_purged":["Strike_G"],"score":294,"play_id":"6c8a884c-4dc9-4113-8f6f-a6cbef9424e0","local_time":"20210209130436","is_ascension_mode":true,"campfire_choices":[{"data":"Neutralize","floor":6.0,"key":"SMITH"},{"data":"Survivor","floor":10.0,"key":"SMITH"},{"floor":15.0,"key":"REST"},{"floor":23,"key":"REST"}],"circlet_count":0,"master_deck":["Strike_G","Strike_G","Defend_G+1","Defend_G","Defend_G","Defend_G","Defend_G","Survivor+1","Neutralize+1","Heel Hook","Dagger Throw","Heel Hook+1","Heel Hook","Backflip","Sucker Punch+1","Envenom","Calculated Gamble+1","Finisher+1"],"relics":["Ring of the Serpent","Molten Egg 2","Odd Mushroom","Potion Belt","Mercury Hourglass","Orichalcum"],"acts_visited":["Exordium","TheCity"],"potions_floor_usage":[24,24,27],"damage_taken":[{"damage":2.0,"enemies":"Small Slimes","floor":1.0,"turns":3.0},{"damage":0.0,"enemies":"Jaw Worm","floor":2.0,"turns":3.0},{"damage":0.0,"enemies":"2 Louse","floor":7.0,"turns":3.0},{"damage":7.0,"enemies":"The Mushroom Lair","floor":11.0,"turns":7.0},{"damage":11.0,"enemies":"Lagavulin","floor":12.0,"turns":8.0},{"damage":1.0,"enemies":"Exordium Wildlife","floor":13.0,"turns":4.0},{"damage":10.0,"enemies":"Slime Boss","floor":16.0,"turns":8.0},{"damage":16.0,"enemies":"2 Thieves","floor":18.0,"turns":4.0},{"damage":1.0,"enemies":"3 Byrds","floor":19.0,"turns":4.0},{"damage":12.0,"enemies":"Snake Plant","floor":20.0,"turns":4.0},{"damage":22.0,"enemies":"Sentry and Sphere","floor":21.0,"turns":7.0},{"damage":7.0,"enemies":"Centurion and Healer","floor":22.0,"turns":5.0},{"damage":16,"enemies":"Gremlin Leader","floor":24,"turns":4},{"damage":4,"enemies":"Cultist and Chosen","floor":25,"turns":4},{"damage":8,"enemies":"Book of Stabbing","floor":27,"turns":6}],"seed_played":"5650669697410738158","potions_obtained":[{"floor":11.0,"key":"SpeedPotion"},{"floor":13.0,"key":"BlessingOfTheForge"},{"floor":16.0,"key":"SmokeBomb"},{"floor":19.0,"key":"Swift Potion"},{"floor":21.0,"key":"SkillPotion"},{"floor":25,"key":"BlessingOfTheForge"}],"is_trial":false,"path_per_floor":["M","M","?","$","?","R","M","?","T","R","?","E","M","?","R","B",null,"M","M","M","M","M","R","E","M","T","E"],"character_chosen":"THE_SILENT","items_purchased":["Heel Hook"],"campfire_rested":2,"item_purchase_floors":[4],"current_hp_per_floor":[68,68,61,61,47,47,47,47,47,47,40,29,28,28,49,39,62,46,45,33,11,4,25,9,5,5,0,0],"gold":229,"neow_bonus":"TRANSFORM_CARD","is_daily":false,"chose_seed":false,"campfire_upgraded":2,"win_rate":0.0,"timestamp":1612893876,"path_taken":["M","M","?","$","?","R","M","?","T","R","?","E","?","?","R","BOSS","M","M","?","M","M","R","E","M","T","E"],"items_purchased_type":["Card"],"build_version":"2020-12-22","purchased_purges":1,"victory":false,"max_hp_per_floor":[70,70,70,70,70,70,70,70,70,70,70,70,70,70,70,70,70,70,70,70,70,70,70,70,70,70,70,70],"card_choices":[{"not_picked":["Underhanded Strike","Dagger Spray"],"picked":"Dagger Throw","floor":1.0},{"not_picked":["Deadly Poison","Sucker Punch"],"picked":"Heel Hook","floor":2.0},{"not_picked":["Terror","Deflect","Underhanded Strike"],"picked":"SKIP","floor":7.0},{"not_picked":["Setup","Flechettes+1"],"picked":"Backflip","floor":12.0},{"not_picked":["Blade Dance","Bane+1"],"picked":"Sucker Punch+1","floor":13.0},{"not_picked":["Adrenaline","Bullet Time"],"picked":"Envenom","floor":16.0},{"not_picked":["Dagger Throw+1","Well Laid Plans","Backflip"],"picked":"SKIP","floor":18.0},{"not_picked":["Flying Knee+1","Dagger Throw+1","Cloak And Dagger"],"picked":"SKIP","floor":19.0},{"not_picked":["Flying Knee+1","Dagger Throw+1","Cloak And Dagger"],"picked":"SKIP","floor":19.0},{"not_picked":["Quick Slash+1","Backstab+1"],"picked":"Calculated Gamble+1","floor":20.0},{"not_picked":["Riddle With Holes+1","Deadly Poison+1","Deflect"],"picked":"SKIP","floor":21.0},{"not_picked":["Choke+1","Deflect"],"picked":"Finisher+1","floor":22},{"not_picked":["Outmaneuver","Bane+1","Blade Dance"],"picked":"SKIP","floor":25}],"player_experience":168765,"relics_obtained":[{"floor":9.0,"key":"Molten Egg 2"},{"floor":11.0,"key":"Odd Mushroom"},{"floor":12.0,"key":"Potion Belt"},{"floor":26,"key":"Orichalcum"}],"event_choices":[{"cards_removed":["Strike_G"],"damage_healed":0.0,"max_hp_gain":0.0,"max_hp_loss":0.0,"gold_gain":0.0,"event_name":"Golden Wing","player_choice":"Card Removal","floor":3.0,"gold_loss":0.0,"damage_taken":7.0},{"damage_healed":0.0,"max_hp_gain":0.0,"max_hp_loss":0.0,"gold_gain":0.0,"event_name":"Shining Light","player_choice":"Entered Light","floor":5.0,"gold_loss":0.0,"damage_taken":14.0,"cards_upgraded":["Defend_G","Heel Hook"]},{"damage_healed":0.0,"max_hp_gain":0.0,"max_hp_loss":0.0,"gold_gain":30.0,"event_name":"Dead Adventurer","player_choice":"Searched \u00271\u0027 times","floor":8.0,"gold_loss":0.0,"damage_taken":0.0},{"damage_healed":0.0,"max_hp_gain":0.0,"max_hp_loss":0.0,"gold_gain":0.0,"event_name":"Mushrooms","player_choice":"Fought Mushrooms","floor":11.0,"gold_loss":0.0,"damage_taken":0.0},{"damage_healed":0.0,"max_hp_gain":0.0,"max_hp_loss":0.0,"gold_gain":0.0,"event_name":"WeMeetAgain","player_choice":"Paid Gold","floor":14.0,"gold_loss":108.0,"damage_taken":0.0,"relics_obtained":["Mercury Hourglass"]}],"is_beta":false,"boss_relics":[{"not_picked":["WristBlade","Cursed Key"],"picked":"Ring of the Serpent"}],"items_purged_floors":[4],"is_endless":false,"potions_floor_spawned":[11,13,16,19,21,24,25],"killed_by":"Book of Stabbing","ascension_level":5}}