{"host":"d61fcf2p3sjwe6yo","time":1612872575,"event":{"mods":["BaseMod","Colored Map","Koishi","Marisa????????","Minty Spire (QoL Compilation)","StSLib","SuperFastMode","The Servant 0.9.4"],"gold_per_floor":[213,229,248,173,188,223,223,223,302,312,312,312,324,109,109,186,186,205,38,55,55,55,55,75,75,102,121,171,171,171,171],"floor_reached":30,"language":"ENG","playtime":1484,"items_purged":["Strike_MRS","Strike_MRS","Strike_MRS"],"score":460,"play_id":"4fc5e168-41ca-43ad-acf3-a18afede7205","local_time":"20210209150935","is_ascension_mode":true,"campfire_choices":[{"data":"StarBarrage","floor":8,"key":"SMITH"},{"floor":12,"key":"REST"},{"data":"ManaConvection","floor":15,"key":"SMITH"},{"floor":23,"key":"REST"},{"floor":29,"key":"REST"}],"circlet_count":0,"master_deck":["AscendersBane","Strike_MRS","Defend_MRS","Defend_MRS","Defend_MRS","Defend_MRS","MasterSpark","UpSweep+1","StarBarrage+1","EventHorizon","AlicesGift","DeepEcoloBomb+1","ManaConvection+1","ManaConvection","Acceleration","MilkyWay"],"relics":["MiniHakkero","Mango","The Courier","TheAbacus","Runic Pyramid","Omamori"],"acts_visited":["Exordium","TheCity"],"potions_floor_usage":[6,6,16,18,24,24],"damage_taken":[{"damage":9,"enemies":"2 Louse","floor":1,"turns":2},{"damage":2,"enemies":"Jaw Worm","floor":2,"turns":3},{"damage":3,"enemies":"Small Slimes","floor":3,"turns":3},{"damage":2,"enemies":"Looter","floor":5,"turns":4},{"damage":12,"enemies":"Lagavulin","floor":6,"turns":6},{"damage":15,"enemies":"3 Louse","floor":10,"turns":2},{"damage":8,"enemies":"Red Slaver","floor":13,"turns":3},{"damage":36,"enemies":"The Guardian","floor":16,"turns":10},{"damage":13,"enemies":"3 Byrds","floor":18,"turns":5},{"damage":1,"enemies":"Spheric Guardian","floor":20,"turns":3},{"damage":23,"enemies":"Centurion and Healer","floor":24,"turns":5},{"damage":41,"enemies":"Shelled Parasite and Fungi","floor":27,"turns":4},{"damage":16,"enemies":"Sentry and Sphere","floor":30,"turns":3}],"seed_played":"-9146846994025952594","potions_obtained":[{"floor":2,"key":"Strength Potion"},{"floor":5,"key":"Dexterity Potion"},{"floor":13,"key":"Regen Potion"},{"floor":16,"key":"EssenceOfSteel"},{"floor":20,"key":"SkillPotion"},{"floor":24,"key":"FearPotion"},{"floor":27,"key":"FearPotion"}],"is_trial":false,"path_per_floor":["M","M","M","$","M","E","?","R","T","M","T","R","M","$","R","B",null,"M","$","M","?","?","R","M","?","T","M","?","R","M"],"character_chosen":"MARISA","items_purchased":["TheAbacus","Regen Potion"],"campfire_rested":3,"item_purchase_floors":[14,19],"current_hp_per_floor":[54,52,49,49,47,49,24,24,24,9,9,34,26,26,26,5,64,51,51,50,50,26,52,43,43,43,2,2,28,12,12],"gold":171,"neow_bonus":"HUNDRED_GOLD","is_daily":false,"chose_seed":false,"campfire_upgraded":2,"win_rate":0.0,"timestamp":1612872575,"path_taken":["M","M","M","$","M","E","?","R","T","M","?","R","M","$","R","BOSS","M","$","M","?","?","R","M","?","T","M","?","R","M"],"items_purchased_type":["Relic","Potion"],"build_version":"2020-12-22","purchased_purges":3,"victory":false,"max_hp_per_floor":[70,70,70,70,70,84,84,84,84,84,84,84,84,84,84,84,84,84,84,84,84,89,89,89,89,89,89,89,89,89,89],"card_choices":[{"not_picked":["6A","EventHorizon"],"picked":"StarBarrage","floor":1},{"not_picked":["GravityBeat","WitchLeyline","DragonMeteor"],"picked":"SKIP","floor":2},{"not_picked":["WitchLeyline","MysteriousBeam"],"picked":"EventHorizon","floor":3},{"not_picked":["GalacticHalo","Robbery"],"picked":"AlicesGift","floor":5},{"not_picked":["OpenUniverse","PropBag"],"picked":"DeepEcoloBomb","floor":6},{"not_picked":["AsteroidBelt","WitchLeyline"],"picked":"ManaConvection","floor":10},{"not_picked":["DeepEcoloBomb","SporeBomb"],"picked":"ManaConvection","floor":13},{"not_picked":["DoubleSpark","WitchOfGreed+1"],"picked":"Acceleration","floor":18},{"not_picked":["DoubleSpark","MysteriousBeam"],"picked":"MilkyWay","floor":20},{"not_picked":["PowerUp","PropBag","ManaRampage"],"picked":"SKIP","floor":24},{"not_picked":["GasGiant","MeteoricShower","RefractionSpark"],"picked":"SKIP","floor":27}],"player_experience":309719,"relics_obtained":[{"floor":6,"key":"Mango"},{"floor":11,"key":"The Courier"},{"floor":26,"key":"Omamori"}],"event_choices":[{"damage_healed":0,"gold_gain":0,"player_choice":"Entered Light","damage_taken":25,"max_hp_gain":0,"max_hp_loss":0,"event_name":"Shining Light","floor":7,"gold_loss":0,"cards_upgraded":["DeepEcoloBomb","UpSweep"]},{"damage_healed":0,"gold_gain":0,"player_choice":"Ignored","damage_taken":0,"max_hp_gain":0,"max_hp_loss":0,"event_name":"Vampires","floor":21,"gold_loss":0},{"damage_healed":0,"gold_gain":0,"player_choice":"Shed Blood","damage_taken":29,"max_hp_gain":5,"max_hp_loss":0,"event_name":"Forgotten Altar","floor":22,"gold_loss":0},{"damage_healed":0,"gold_gain":0,"player_choice":"Ignored","damage_taken":0,"max_hp_gain":0,"max_hp_loss":0,"event_name":"Cursed Tome","floor":25,"gold_loss":0},{"damage_healed":0,"gold_gain":50,"player_choice":"Stole From Cult","damage_taken":0,"max_hp_gain":0,"max_hp_loss":0,"event_name":"Nest","floor":28,"gold_loss":0}],"is_beta":false,"boss_relics":[{"not_picked":["Sozu","BewitchedHakkero"],"picked":"Runic Pyramid"}],"items_purged_floors":[4,14,19],"is_endless":false,"potions_floor_spawned":[2,5,13,16,20,24,27],"killed_by":"Sentry and Sphere","ascension_level":20}}