{"host":"hka8b3f4pkvnp4ei","time":1612849977,"event":{"mods":["BaseMod","Minty Spire (QoL Compilation)","Quick Restart","Replay The Spire","StSLib"],"gold_per_floor":[118,138,24,24,24,24,57,57,83,94,127,145,145,156,156,256,256,274,214,232,243,243,243,255,288,311,338,352,352,95,120,120,216,316,333,344,344,360,460,488,488,501,528,556,302,313,339,352,352,352,352,352,196,221,221],"floor_reached":56,"language":"ZHS","playtime":3486,"items_purged":["Strike_G","Defend_G","Strike_G"],"score":1593,"play_id":"e52a0b6e-9bf8-43aa-b909-790e7eb7f49b","local_time":"20210209135257","is_ascension_mode":true,"campfire_choices":[{"data":"Blade Dance","floor":6.0,"key":"SMITH"},{"data":"Calculated Gamble","floor":8.0,"key":"SMITH"},{"data":"Defend_G","floor":15.0,"key":"PURGE"},{"data":"Prepared","floor":23.0,"key":"SMITH"},{"data":"Well Laid Plans","floor":29.0,"key":"SMITH"},{"floor":32.0,"key":"RECALL"},{"data":"Expertise","floor":41.0,"key":"SMITH"},{"data":"Tactician","floor":49.0,"key":"SMITH"},{"data":"Venomology","floor":52.0,"key":"SMITH"}],"circlet_count":0,"master_deck":["Defend_G+1","Defend_G+1","Survivor","Neutralize","Blade Dance+1","Calculated Gamble+1","Infinite Blades","Escape Plan","Venomology+1","Expertise+1","Prepared+1","Well Laid Plans+1","Phantasmal Killer+1","Tactician+1"],"relics":["Replay:Drink Me","Replay:Wax Seal","Boot","Blood Vial","Replay:Accelerometer","Replay:Grab Bag","Runic Dome","Philosopher\u0027s Stone","SacredBark","Letter Opener","Juzu Bracelet","ClockworkSouvenir","Red Mask","Replay:Wanted Poster","Oddly Smooth Stone","ReplayTheSpireMod:TigerMarble","HornCleat","Replay:Rubber Ducky","War Paint"],"acts_visited":["TheCity","TheBeyond","TheEnding"],"potions_floor_usage":[55,55,55],"damage_taken":[{"damage":0.0,"enemies":"2 Louse","floor":1.0,"turns":3.0},{"damage":0.0,"enemies":"Small Slimes","floor":2.0,"turns":3.0},{"damage":3.0,"enemies":"Gremlin Nob","floor":7.0,"turns":3.0},{"damage":0.0,"enemies":"Cultist","floor":10.0,"turns":3.0},{"damage":1.0,"enemies":"3 Sentries","floor":11.0,"turns":7.0},{"damage":0.0,"enemies":"Looter","floor":12.0,"turns":3.0},{"damage":0.0,"enemies":"Large Slime","floor":14.0,"turns":3.0},{"damage":0.0,"enemies":"Hexaghost","floor":16.0,"turns":6.0},{"damage":0.0,"enemies":"Shell Parasite","floor":18.0,"turns":3.0},{"damage":0.0,"enemies":"Chosen","floor":20.0,"turns":3.0},{"damage":0.0,"enemies":"Snecko","floor":21.0,"turns":3.0},{"damage":9.0,"enemies":"Centurion and Healer","floor":24.0,"turns":4.0},{"damage":0.0,"enemies":"Book of Stabbing","floor":25.0,"turns":5.0},{"damage":1.0,"enemies":"Replay:Snechameleon","floor":27.0,"turns":5.0},{"damage":0.0,"enemies":"Shelled Parasite and Fungi","floor":28.0,"turns":6.0},{"damage":0.0,"enemies":"Masked Bandits","floor":31.0,"turns":2.0},{"damage":0.0,"enemies":"Automaton","floor":33.0,"turns":6.0},{"damage":5.0,"enemies":"Orb Walker","floor":35.0,"turns":4.0},{"damage":2.0,"enemies":"3 Darklings","floor":36.0,"turns":3.0},{"damage":0.0,"enemies":"Sphere and 2 Shapes","floor":38.0,"turns":3.0},{"damage":14.0,"enemies":"Nemesis","floor":40.0,"turns":4.0},{"damage":0.0,"enemies":"Jaw Worm Horde","floor":42.0,"turns":2.0},{"damage":14.0,"enemies":"R_Hoarder","floor":44.0,"turns":7.0},{"damage":1.0,"enemies":"Spire Growth","floor":46.0,"turns":3.0},{"damage":0.0,"enemies":"Nemesis","floor":47.0,"turns":3.0},{"damage":3.0,"enemies":"4 Shapes","floor":48.0,"turns":2.0},{"damage":0.0,"enemies":"Replay:Hell Engine","floor":50.0,"turns":5.0},{"damage":5.0,"enemies":"Shield and Spear","floor":54.0,"turns":2.0},{"damage":14,"enemies":"The Heart","floor":55,"turns":6}],"seed_played":"9006440864520986883","potions_obtained":[{"floor":1.0,"key":"SpeedPotion"},{"floor":2.0,"key":"Dexterity Potion"},{"floor":5.0,"key":"Poison Potion"},{"floor":5.0,"key":"Reflective Coating"},{"floor":7.0,"key":"Languid Potion"},{"floor":16.0,"key":"Fruit Juice"},{"floor":18.0,"key":"Flashbang"},{"floor":20.0,"key":"Elixir"},{"floor":38.0,"key":"Strength Potion"},{"floor":40.0,"key":"PowerPotion"}],"is_trial":false,"path_per_floor":["M","M","$","?","?","R","E","R","T","M","E","M","?","M","R","B",null,"M","?","M","M","?","R","M","E","T","E","M","R","$","?","R","B",null,"M","M","?","M","?","E","R","M","T","E","$","M","E","M","R","B",null,"R","$","E","B",null],"character_chosen":"THE_SILENT","items_purchased":["Infinite Blades","ClockworkSouvenir","Ancient Potion","SteroidPotion","War Paint"],"campfire_rested":0,"item_purchase_floors":[3,30,45,45,53],"current_hp_per_floor":[53,53,53,46,46,46,43,43,43,43,42,44,32,34,34,41,54,56,56,58,58,58,58,49,51,51,52,54,54,54,56,56,58,58,53,53,53,55,55,43,43,45,45,33,33,34,36,35,35,37,53,53,53,50,38],"gold":221,"neow_bonus":"BOSS_RELIC","is_daily":false,"chose_seed":false,"campfire_upgraded":7,"win_rate":0.0,"timestamp":1612849977,"path_taken":["M","M","$","?","?","R","E","R","T","?","E","M","?","M","R","BOSS","M","?","M","M","?","R","M","E","T","E","M","R","$","?","R","BOSS","M","M","?","M","?","E","R","M","T","E","$","M","E","M","R","BOSS","R","$","E","BOSS"],"items_purchased_type":["Card","Relic","Potion","Potion","Relic"],"build_version":"2020-12-22","purchased_purges":3,"victory":true,"max_hp_per_floor":[53,53,53,53,53,53,53,53,53,53,53,53,53,53,53,58,58,58,58,58,58,58,58,58,58,58,58,58,58,58,58,58,58,58,58,58,58,58,58,58,58,58,58,58,58,58,58,58,58,58,58,58,58,58,58],"card_choices":[{"not_picked":["Finisher","Terror"],"picked":"Blade Dance","floor":1.0},{"not_picked":["Dagger Spray","Slice"],"picked":"Calculated Gamble","floor":2.0},{"not_picked":["Flying Knee","Sucker Punch","Glass Knife"],"picked":"SKIP","floor":7.0},{"not_picked":["Backstab","Flying Knee","Finisher"],"picked":"SKIP","floor":10.0},{"not_picked":["ReplayTheSpireMod:Tripwire","Underhanded Strike","Distraction"],"picked":"SKIP","floor":11.0},{"not_picked":["ReplayTheSpireMod:Tripwire","Underhanded Strike","Distraction"],"picked":"SKIP","floor":11.0},{"not_picked":["Cloak And Dagger","Expertise"],"picked":"Escape Plan","floor":12.0},{"not_picked":["Choke","Distraction","ReplayTheSpireMod:Tripwire"],"picked":"SKIP","floor":14.0},{"not_picked":["Choke","Distraction","ReplayTheSpireMod:Tripwire"],"picked":"SKIP","floor":14.0},{"not_picked":["Die Die Die","Tools of the Trade"],"picked":"Venomology","floor":16.0},{"not_picked":["Deflect","Fluid Movement","Leg Sweep"],"picked":"SKIP","floor":18.0},{"not_picked":["Cloak And Dagger+1","Blur","Fluid Movement"],"picked":"SKIP","floor":20.0},{"not_picked":["ReplayTheSpireMod:The Works","PiercingWail+1"],"picked":"Expertise","floor":21.0},{"not_picked":["ReplayTheSpireMod:Exploit Weakness","Hidden Blade"],"picked":"Well Laid Plans","floor":24.0},{"not_picked":["Masterful Stab+1","Malaise","Crippling Poison"],"picked":"SKIP","floor":25.0},{"not_picked":["Blade Dance+1","Cloak And Dagger","Backflip"],"picked":"SKIP","floor":27.0},{"not_picked":["Hidden Blade+1","Deadly Poison","Quick Slash+1"],"picked":"SKIP","floor":28.0},{"not_picked":["Tools of the Trade","A Thousand Cuts"],"picked":"Phantasmal Killer","floor":33.0},{"not_picked":["Poisoned Stab+1","ReplayTheSpireMod:Exploit Weakness+1","Cloak And Dagger"],"picked":"SKIP","floor":35.0},{"not_picked":["Dagger Throw","Bane+1","Backflip"],"picked":"SKIP","floor":36.0},{"not_picked":["Bouncing Flask","Flying Knee+1","Wraith Form v2"],"picked":"SKIP","floor":38.0},{"not_picked":["Caltrops","Well Laid Plans","Escape Plan+1"],"picked":"SKIP","floor":40.0},{"not_picked":["Masterful Stab","Flying Knee","Deadly Poison"],"picked":"SKIP","floor":42.0},{"not_picked":["Slice+1","Acrobatics"],"picked":"Tactician","floor":44.0},{"not_picked":["Deflect+1","Distraction","Catalyst+1"],"picked":"SKIP","floor":46.0},{"not_picked":["Choke+1","Cloak And Dagger","Quick Slash+1"],"picked":"SKIP","floor":47.0},{"not_picked":["Dagger Spray+1","Quick Slash+1","Deflect+1"],"picked":"SKIP","floor":48.0},{"not_picked":["Skewer","Flechettes+1","Dash"],"picked":"SKIP","floor":54.0}],"player_experience":461662,"relics_obtained":[{"floor":7.0,"key":"Replay:Wax Seal"},{"floor":9.0,"key":"Boot"},{"floor":11.0,"key":"Blood Vial"},{"floor":25.0,"key":"Letter Opener"},{"floor":27.0,"key":"Juzu Bracelet"},{"floor":31.0,"key":"Red Mask"},{"floor":40.0,"key":"Oddly Smooth Stone"},{"floor":43.0,"key":"ReplayTheSpireMod:TigerMarble"},{"floor":44.0,"key":"HornCleat"},{"floor":47.0,"key":"Replay:Rubber Ducky"}],"event_choices":[{"cards_removed":["Strike_G"],"damage_healed":0.0,"max_hp_gain":0.0,"max_hp_loss":0.0,"gold_gain":0.0,"event_name":"Golden Wing","player_choice":"Card Removal","floor":4.0,"gold_loss":0.0,"damage_taken":7.0},{"damage_healed":0.0,"max_hp_gain":0.0,"max_hp_loss":0.0,"gold_gain":0.0,"event_name":"Lab","player_choice":"Got Potions","floor":5.0,"gold_loss":0.0,"damage_taken":0.0},{"damage_healed":0.0,"max_hp_gain":0.0,"max_hp_loss":0.0,"gold_gain":0.0,"event_name":"Scrap Ooze","player_choice":"Success","floor":13.0,"gold_loss":0.0,"damage_taken":12.0,"relics_obtained":["Replay:Accelerometer"]},{"damage_healed":0.0,"max_hp_gain":0.0,"max_hp_loss":0.0,"gold_gain":0.0,"event_name":"The Library","player_choice":"Read","floor":22.0,"gold_loss":0.0,"damage_taken":0.0,"cards_obtained":["Prepared"]},{"damage_healed":0.0,"max_hp_gain":0.0,"max_hp_loss":0.0,"gold_gain":0.0,"event_name":"Masked Bandits","player_choice":"Fought Bandits","floor":31.0,"gold_loss":0.0,"damage_taken":0.0},{"damage_healed":0.0,"max_hp_gain":0.0,"max_hp_loss":0.0,"gold_gain":0.0,"event_name":"Accursed Blacksmith","player_choice":"Forge","floor":37.0,"gold_loss":0.0,"damage_taken":0.0,"cards_upgraded":["Phantasmal Killer"]},{"damage_healed":0.0,"max_hp_gain":0.0,"max_hp_loss":0.0,"gold_gain":100.0,"event_name":"Golden Shrine","player_choice":"Pray","floor":39.0,"gold_loss":0.0,"damage_taken":0.0}],"is_beta":false,"boss_relics":[{"not_picked":["Snecko Eye","Replay:Bronze Core"],"picked":"Replay:Grab Bag"},{"not_picked":["Sozu","Fusion Hammer"],"picked":"Runic Dome"},{"not_picked":["SlaversCollar","Cursed Key"],"picked":"Philosopher\u0027s Stone"},{"not_picked":["Empty Cage","Snecko Scales"],"picked":"SacredBark"},{"not_picked":["HoveringKite","ReplayTheSpireMod:DimensionalGlitch"],"picked":"Replay:Wanted Poster"}],"items_purged_floors":[3,30,45],"is_endless":false,"potions_floor_spawned":[1,2,7,16,18,20,25,31,38,40,44,46],"ascension_level":6}}