{"host":"s6xp7bbqy5sa00x4","time":1612888548,"event":{"mods":["BaseMod","BetterRewards","Downfall","Duelist Mod","Hermit","Infinite Spire","Marisa????????","Minty Spire (QoL Compilation)","Remilia??????","Replay The Spire","Shop Mod","StSLib","The Servant 0.9.4"],"gold_per_floor":[117,30,205,205,221,19,39,39,62,90,107,119,136,155,155,258,258,270,282,282,297,5,19,19,32,114,114,114],"floor_reached":27,"language":"ENG","playtime":3476,"items_purged":[],"score":269,"play_id":"2eb4f543-b045-43fa-965a-03af324af643","local_time":"20210209113548","is_ascension_mode":false,"campfire_choices":[{"floor":15,"key":"RECALL"},{"floor":24,"key":"REST"}],"circlet_count":0,"master_deck":["Strike_RM","Strike_RM","Strike_RM","Strike_RM","Defend_RM","Defend_RM","Defend_RM","Defend_RM","RedMoon","ScarletShoot","MastersStateliness","BloodHunter+1","DiffusionOfMisfortune","Doubt","BloodySeventeenLaser","Maim","HunterOfTheNight+1","CeilingFear","RedMoon","ScarletDevil","ChainGang","LeisurelyOfLord","VampireFantasy","FitfulNightmare","DemonKingCradle","FavorOfDestiny","ScarletDream","BombardNight","ScarletMeister","Ultimatum"],"relics":["NeowsBlessing","Onion Ring","bronze:MakeshiftBattery","Nloth\u0027s Gift","TungstenRod","infinitespire:Bottled Soul"],"acts_visited":["Exordium","TheCity"],"potions_floor_usage":[23],"damage_taken":[{"damage":0,"enemies":"Jaw Worm","floor":1,"turns":1},{"damage":0,"enemies":"Small Slimes","floor":5,"turns":1},{"damage":0,"enemies":"Cultist","floor":7,"turns":1},{"damage":5,"enemies":"Gremlin Nob","floor":10,"turns":4},{"damage":0,"enemies":"Red Slaver","floor":11,"turns":3},{"damage":0,"enemies":"Looter","floor":12,"turns":1},{"damage":0,"enemies":"Gremlin Gang","floor":13,"turns":3},{"damage":4,"enemies":"Exordium Wildlife","floor":14,"turns":4},{"damage":2,"enemies":"Fading Forest","floor":16,"turns":11},{"damage":14,"enemies":"Spheric Guardian","floor":18,"turns":4},{"damage":1,"enemies":"2 Thieves","floor":19,"turns":2},{"damage":30,"enemies":"Centurion and Healer","floor":21,"turns":8},{"damage":0,"enemies":"Snecko","floor":23,"turns":2},{"damage":14,"enemies":"Snake Plant","floor":25,"turns":3},{"damage":53,"enemies":"Slavers","floor":27,"turns":3}],"seed_played":"4140221875217733402","potions_obtained":[{"floor":7,"key":"Explosive Potion"},{"floor":12,"key":"BlessingOfTheForge"},{"floor":13,"key":"Fire Potion"}],"is_trial":false,"path_per_floor":["M","$","?","?","M","$","M","?","T","E","M","M","M","M","R","B",null,"M","M","?","M","$","M","R","M","T","E"],"character_chosen":"REMILIA","items_purchased":["BloodHunter+1","DiffusionOfMisfortune","HunterOfTheNight+1","CeilingFear","TungstenRod"],"campfire_rested":1,"item_purchase_floors":[2,2,6,6,22],"current_hp_per_floor":[75,75,75,75,75,75,75,75,75,70,72,72,72,71,71,75,75,61,60,60,33,33,33,55,46,46,0,0],"gold":114,"neow_bonus":"THREE_ENEMY_KILL","is_daily":false,"chose_seed":false,"campfire_upgraded":0,"win_rate":0.0,"timestamp":1612888548,"path_taken":["M","$","?","?","?","?","M","?","T","E","M","M","M","M","R","BOSS","M","?","?","M","$","M","R","?","T","E"],"items_purchased_type":["Card","Card","Card","Card","Relic"],"build_version":"2020-12-22","purchased_purges":0,"victory":false,"max_hp_per_floor":[75,75,75,75,75,75,75,75,75,75,75,75,75,75,75,75,75,75,75,75,75,75,75,75,75,75,75,75],"card_choices":[{"not_picked":["RedRainbow","StarOfDavid"],"picked":"MastersStateliness","floor":1},{"not_picked":["BombardNight","UltimateOffering"],"picked":"Maim","floor":5},{"not_picked":["UnderTheZenith","MastersStateliness"],"picked":"ScarletDevil","floor":7},{"not_picked":["MastersStateliness","BlasphemousPunishment"],"picked":"ScarletDevil","floor":10},{"not_picked":["CharismaGuard","BombardNight"],"picked":"ChainGang","floor":11},{"not_picked":["FavorOfDestiny","BloodHunter"],"picked":"LeisurelyOfLord","floor":12},{"not_picked":["DiffusionOfMisfortune","MastersStateliness"],"picked":"VampireFantasy","floor":13},{"not_picked":["BombardNight","EndlessAdversity"],"picked":"FitfulNightmare","floor":14},{"not_picked":["ForecastOfChange","TransientEternity"],"picked":"DemonKingCradle","floor":16},{"not_picked":["Maim+1","UnderTheZenith"],"picked":"FavorOfDestiny","floor":18},{"not_picked":["MastersStateliness","ScarletImprint"],"picked":"ScarletDream","floor":19},{"not_picked":["BadLadyScramble+1","VampireFantasy"],"picked":"BombardNight","floor":21},{"not_picked":["Maim","RedRainbow+1"],"picked":"ScarletMeister","floor":23},{"not_picked":["EmergencyRegeneration","EndlessAdversity"],"picked":"Ultimatum","floor":25}],"player_experience":389635,"relics_obtained":[{"floor":10,"key":"Onion Ring"},{"floor":26,"key":"infinitespire:Bottled Soul"}],"event_choices":[{"damage_healed":0,"gold_gain":175,"player_choice":"AGREE","damage_taken":0,"max_hp_gain":0,"max_hp_loss":0,"event_name":"Liars Game","floor":3,"gold_loss":0,"cards_obtained":["Doubt"]},{"damage_healed":0,"gold_gain":0,"player_choice":"1 cards matched","damage_taken":0,"max_hp_gain":0,"max_hp_loss":0,"event_name":"Match and Keep!","floor":4,"gold_loss":0,"cards_obtained":["BloodySeventeenLaser"]},{"cards_removed":["ScarletDevil"],"damage_healed":0,"gold_gain":0,"player_choice":"Took Card","damage_taken":0,"max_hp_gain":0,"max_hp_loss":0,"event_name":"NoteForYourself","floor":8,"gold_loss":0,"cards_obtained":["RedMoon"]},{"damage_healed":0,"gold_gain":0,"player_choice":"Traded Relic","damage_taken":0,"relics_obtained":["Nloth\u0027s Gift"],"max_hp_gain":0,"max_hp_loss":0,"event_name":"N\u0027loth","floor":20,"relics_lost":["ScarletHat"],"gold_loss":0}],"is_beta":false,"boss_relics":[{"not_picked":["Astrolabe","Replay:Wanted Poster"],"picked":"bronze:MakeshiftBattery"}],"items_purged_floors":[],"is_endless":false,"potions_floor_spawned":[7,12,13,16,18,21],"killed_by":"Slavers","ascension_level":0}}