{"host":"sc0o2qwpf9j16a4i","time":1612865526,"event":{"mods":["AchievementEnabler","BaseMod","BetterRewards","Block Reminder","Colored Map","Colored Powertips","Custom Start","Highlight Path","Minty Spire (QoL Compilation)","Relic Stats"],"gold_per_floor":[114,289,309,309,328,328,367,383,432,460,460,510,537,570,570,714,714,748,748,748,748,763,810,843,843,875,889,933,933,958,976,976,1119,1128,1152,541,550,575,325,360,360,63,72,72,103,119,140,164,164,173],"floor_reached":51,"language":"ENG","playtime":1026,"items_purged":[],"score":1286,"play_id":"1e066744-f60e-43b1-b624-ec22e7eded2d","local_time":"20210209121206","daily_mods":["Cursed Run","Hoarder","Lethality"],"is_ascension_mode":false,"campfire_choices":[{"data":"Bash","floor":6.0,"key":"SMITH"},{"data":"Disarm","floor":11.0,"key":"SMITH"},{"data":"Disarm","floor":15.0,"key":"SMITH"},{"data":"True Grit","floor":25.0,"key":"SMITH"},{"data":"True Grit","floor":29.0,"key":"SMITH"},{"data":"True Grit","floor":32.0,"key":"SMITH"},{"data":"Burning Pact","floor":44,"key":"SMITH"},{"data":"Burning Pact","floor":49,"key":"SMITH"}],"circlet_count":0,"master_deck":["Strike_R+1","Strike_R+1","Strike_R+1","Strike_R+1","Strike_R+1","Defend_R+1","Defend_R+1","Defend_R+1","Defend_R+1","Bash+1","Disarm+1","Disarm+1","Disarm","Doubt","Doubt","Doubt","Heavy Blade","Heavy Blade","Heavy Blade","Injury","Injury","Injury","Sword Boomerang","Sword Boomerang","Sword Boomerang","Ghostly Armor","Ghostly Armor","Ghostly Armor","Parasite","Parasite","Parasite","Heavy Blade","Heavy Blade","Heavy Blade","True Grit+1","True Grit+1","True Grit+1","Burning Pact+1","Burning Pact+1","Burning Pact","Feed","Feed","Feed","Shame","Shame","Shame","Reaper","Reaper","Reaper","Second Wind+1","Second Wind+1","Second Wind+1","Feed+1","Feed+1","Feed+1","Dark Embrace","Dark Embrace","Dark Embrace","Pain","Pain","Pain","Limit Break","Limit Break","Limit Break","Normality","Normality","Normality","Reaper+1","Reaper+1","Reaper+1","CurseOfTheBell","CurseOfTheBell","CurseOfTheBell","Impervious","Impervious","Impervious","Mind Blast+1","Mind Blast+1","Mind Blast+1","Reaper+1","Reaper+1","Reaper+1","Whirlwind+1","Whirlwind+1","Whirlwind+1","Flame Barrier","Flame Barrier","Flame Barrier","Regret","Regret","Regret","Clumsy","Clumsy","Clumsy"],"relics":["Cursed Key","Darkstone Periapt","Du-Vu Doll","Golden Idol","Singing Bowl","CeramicFish","Regal Pillow","Snecko Eye","Molten Egg 2","Strawberry","Bottled Tornado","Calling Bell","Lantern","Mummified Hand","StoneCalendar","Nunchaku","Letter Opener","Red Skull","Ice Cream","HornCleat","InkBottle"],"acts_visited":["Exordium","TheCity","TheBeyond"],"potions_floor_usage":[50,50,50],"damage_taken":[{"damage":0.0,"enemies":"2 Louse","floor":1.0,"turns":2.0},{"damage":0.0,"enemies":"Cultist","floor":3.0,"turns":2.0},{"damage":0.0,"enemies":"Small Slimes","floor":5.0,"turns":1.0},{"damage":0.0,"enemies":"Lagavulin","floor":7.0,"turns":2.0},{"damage":0.0,"enemies":"Red Slaver","floor":8.0,"turns":1.0},{"damage":3.0,"enemies":"Looter","floor":10.0,"turns":2.0},{"damage":0.0,"enemies":"3 Sentries","floor":12.0,"turns":2.0},{"damage":0.0,"enemies":"Gremlin Gang","floor":13.0,"turns":1.0},{"damage":0.0,"enemies":"Exordium Wildlife","floor":14.0,"turns":1.0},{"damage":18.0,"enemies":"The Guardian","floor":16.0,"turns":5.0},{"damage":18.0,"enemies":"3 Byrds","floor":18.0,"turns":3.0},{"damage":11.0,"enemies":"2 Thieves","floor":22.0,"turns":5.0},{"damage":3.0,"enemies":"Slavers","floor":23.0,"turns":2.0},{"damage":0.0,"enemies":"Centurion and Healer","floor":24.0,"turns":2.0},{"damage":2.0,"enemies":"Cultist and Chosen","floor":27.0,"turns":2.0},{"damage":21.0,"enemies":"Book of Stabbing","floor":28.0,"turns":3.0},{"damage":4.0,"enemies":"3 Cultists","floor":30.0,"turns":2.0},{"damage":4.0,"enemies":"Snake Plant","floor":31.0,"turns":2.0},{"damage":0.0,"enemies":"Collector","floor":33.0,"turns":2.0},{"damage":22.0,"enemies":"3 Darklings","floor":35.0,"turns":3.0},{"damage":0.0,"enemies":"3 Shapes","floor":38.0,"turns":2.0},{"damage":0.0,"enemies":"Nemesis","floor":40.0,"turns":1.0},{"damage":0,"enemies":"Reptomancer","floor":45,"turns":2},{"damage":0,"enemies":"Writhing Mass","floor":46,"turns":1},{"damage":0,"enemies":"Spire Growth","floor":47,"turns":1},{"damage":0,"enemies":"Transient","floor":48,"turns":4},{"damage":0,"enemies":"Donu and Deca","floor":50,"turns":1}],"seed_played":"-399995026140020819","potions_obtained":[{"floor":1.0,"key":"Energy Potion"},{"floor":8.0,"key":"ColorlessPotion"},{"floor":10.0,"key":"Ancient Potion"},{"floor":13.0,"key":"PowerPotion"},{"floor":18.0,"key":"PowerPotion"},{"floor":22.0,"key":"Explosive Potion"},{"floor":27.0,"key":"Block Potion"},{"floor":33.0,"key":"FearPotion"},{"floor":40,"key":"DistilledChaos"},{"floor":41,"key":"DuplicationPotion"},{"floor":41,"key":"LiquidMemories"}],"is_trial":true,"path_per_floor":["M","?","M","?","M","R","E","M","T","M","R","E","M","M","R","B",null,"M","?","?","?","M","E","M","R","T","M","E","R","M","M","R","B",null,"M","$","?","M","$","E","?","$","T","R","E","M","M","M","R","B",null],"character_chosen":"IRONCLAD","items_purchased":["Impervious","Mind Blast+1","Nunchaku","Letter Opener","Whirlwind+1","Red Skull","Flame Barrier","Ice Cream"],"campfire_rested":0,"item_purchase_floors":[36,36,36,36,39,39,39,42],"current_hp_per_floor":[80,98,98,116,116,116,116,118,136,133,133,133,133,133,133,136,157,139,139,139,139,150,162,165,165,190,197,176,176,204,205,205,223,249,235,235,235,240,240,265,265,265,283,283,289,291,293,299,299,317],"gold":173,"neow_bonus":"","is_daily":false,"chose_seed":false,"campfire_upgraded":8,"win_rate":0.0,"timestamp":1612865526,"path_taken":["M","?","M","?","M","R","E","?","T","M","R","E","M","M","R","BOSS","M","?","?","?","M","E","M","R","T","?","E","R","?","M","R","BOSS","M","$","?","M","?","E","?","$","T","R","E","?","M","M","R","BOSS"],"items_purchased_type":["Card","Card","Relic","Relic","Card","Relic","Card","Relic"],"build_version":"2020-12-22","purchased_purges":0,"victory":true,"max_hp_per_floor":[80,98,98,116,116,116,116,118,136,136,136,136,136,136,136,157,157,157,157,157,157,165,165,165,165,190,199,199,199,208,213,213,231,249,255,255,255,260,260,265,265,265,283,283,289,291,293,299,299,317],"relic_stats":{"Darkstone Periapt":162,"Regal Pillow":0,"Singing Bowl":24,"counters":[27,57],"Golden Idol":194,"CeramicFish":189,"StoneCalendar":[0],"Letter Opener":[0],"Cursed Key":3,"Nunchaku":[3],"Mummified Hand":[8],"Snecko Eye":[69,51,61,64],"obtain_stats":[{"Darkstone Periapt":0,"Ice Cream":42,"Regal Pillow":12,"Lantern":34,"Singing Bowl":7,"Golden Idol":4,"CeramicFish":9,"StoneCalendar":34,"Letter Opener":36,"Bottled Tornado":28,"Cursed Key":0,"Du-Vu Doll":0,"Calling Bell":34,"Nunchaku":36,"HornCleat":43,"Mummified Hand":34,"Strawberry":26,"Snecko Eye":17,"Molten Egg 2":23,"Red Skull":39,"InkBottle":45},{"Darkstone Periapt":0,"Ice Cream":22,"Regal Pillow":7,"Lantern":19,"Singing Bowl":4,"Golden Idol":2,"CeramicFish":5,"StoneCalendar":19,"Letter Opener":20,"Bottled Tornado":16,"Cursed Key":0,"Du-Vu Doll":0,"Calling Bell":19,"Nunchaku":20,"HornCleat":22,"Mummified Hand":19,"Strawberry":14,"Snecko Eye":10,"Molten Egg 2":13,"Red Skull":21,"InkBottle":23},{"Darkstone Periapt":0,"Ice Cream":48,"Regal Pillow":12,"Lantern":42,"Singing Bowl":7,"Golden Idol":4,"CeramicFish":8,"StoneCalendar":42,"Letter Opener":45,"Bottled Tornado":36,"Cursed Key":0,"Du-Vu Doll":0,"Calling Bell":42,"Nunchaku":45,"HornCleat":48,"Mummified Hand":42,"Strawberry":31,"Snecko Eye":19,"Molten Egg 2":29,"Red Skull":47,"InkBottle":50}],"InkBottle":[2]},"card_choices":[{"not_picked":["Havoc","Pommel Strike"],"picked":"Disarm","floor":1.0},{"not_picked":["Flex","Havoc"],"picked":"Heavy Blade","floor":3.0},{"not_picked":["Iron Wave","Body Slam"],"picked":"Sword Boomerang","floor":5.0},{"not_picked":["Infernal Blade","Perfected Strike"],"picked":"Ghostly Armor","floor":7.0},{"not_picked":["Body Slam","Havoc","Dropkick"],"picked":"Singing Bowl","floor":8.0},{"not_picked":["Berserk","Rage"],"picked":"Heavy Blade","floor":10.0},{"not_picked":["Warcry","Havoc"],"picked":"True Grit","floor":12.0},{"not_picked":["Combust","Havoc"],"picked":"Burning Pact","floor":13.0},{"not_picked":["Metallicize","Warcry"],"picked":"Feed","floor":14.0},{"not_picked":["Demon Form","Limit Break"],"picked":"Reaper","floor":16.0},{"not_picked":["Cleave","Thunderclap"],"picked":"Second Wind+1","floor":18.0},{"not_picked":["Clash","Rampage+1","Warcry"],"picked":"Singing Bowl","floor":22.0},{"not_picked":["Wild Strike+1","True Grit"],"picked":"Feed+1","floor":23.0},{"not_picked":["Body Slam+1","Combust"],"picked":"Dark Embrace","floor":24.0},{"not_picked":["Clothesline+1","Armaments","Anger+1"],"picked":"Singing Bowl","floor":27.0},{"not_picked":["Wild Strike+1","Offering"],"picked":"Limit Break","floor":28.0},{"not_picked":["Wild Strike+1","Iron Wave+1","Metallicize"],"picked":"Singing Bowl","floor":30.0},{"not_picked":["Sword Boomerang+1","Wild Strike+1","Perfected Strike+1"],"picked":"Singing Bowl","floor":31.0},{"not_picked":["Offering","Limit Break"],"picked":"Reaper+1","floor":33.0},{"not_picked":["Body Slam+1","Dropkick+1","Perfected Strike+1"],"picked":"Singing Bowl","floor":35.0},{"not_picked":["Twin Strike+1","Reckless Charge+1","Spot Weakness"],"picked":"Singing Bowl","floor":38.0},{"not_picked":["Metallicize","Pummel+1","Iron Wave+1"],"picked":"Singing Bowl","floor":40},{"not_picked":["Pommel Strike+1","Seeing Red+1","Twin Strike+1"],"picked":"Singing Bowl","floor":45},{"not_picked":["Rupture","Heavy Blade+1","Armaments+1"],"picked":"Singing Bowl","floor":46},{"not_picked":["Body Slam+1","Wild Strike+1","Seeing Red"],"picked":"Singing Bowl","floor":47},{"not_picked":["Dark Embrace","Wild Strike+1","Entrench"],"picked":"Singing Bowl","floor":48}],"player_experience":1284756,"relics_obtained":[{"floor":7.0,"key":"Singing Bowl"},{"floor":9.0,"key":"CeramicFish"},{"floor":12.0,"key":"Regal Pillow"},{"floor":23.0,"key":"Molten Egg 2"},{"floor":26.0,"key":"Strawberry"},{"floor":28.0,"key":"Bottled Tornado"},{"floor":34.0,"key":"Lantern"},{"floor":34.0,"key":"Mummified Hand"},{"floor":34.0,"key":"StoneCalendar"},{"floor":43,"key":"HornCleat"},{"floor":45,"key":"InkBottle"}],"event_choices":[{"damage_healed":0.0,"max_hp_gain":0.0,"max_hp_loss":0.0,"gold_gain":175.0,"event_name":"Liars Game","player_choice":"AGREE","floor":2.0,"gold_loss":0.0,"damage_taken":0.0,"cards_obtained":["Doubt"]},{"damage_healed":0.0,"max_hp_gain":0.0,"max_hp_loss":0.0,"gold_gain":0.0,"event_name":"Golden Idol","player_choice":"Take Wound","floor":4.0,"gold_loss":0.0,"damage_taken":0.0,"relics_obtained":["Golden Idol"],"cards_obtained":["Injury"]},{"damage_healed":0.0,"max_hp_gain":0.0,"max_hp_loss":0.0,"gold_gain":0.0,"event_name":"Ghosts","player_choice":"Ignored","floor":19.0,"gold_loss":0.0,"damage_taken":0.0},{"damage_healed":0.0,"max_hp_gain":0.0,"max_hp_loss":0.0,"gold_gain":0.0,"event_name":"Back to Basics","player_choice":"Simplicity","floor":20.0,"gold_loss":0.0,"damage_taken":0.0,"cards_upgraded":["Strike_R","Strike_R","Strike_R","Strike_R","Strike_R","Defend_R","Defend_R","Defend_R","Defend_R"]},{"damage_healed":0.0,"max_hp_gain":0.0,"max_hp_loss":0.0,"gold_gain":0.0,"event_name":"Fountain of Cleansing","player_choice":"Ignored","floor":21.0,"gold_loss":0.0,"damage_taken":0.0},{"damage_healed":0.0,"max_hp_gain":0.0,"max_hp_loss":0.0,"gold_gain":0.0,"event_name":"Duplicator","player_choice":"Copied","floor":37.0,"gold_loss":0.0,"damage_taken":0.0,"cards_obtained":["Reaper"]},{"damage_healed":0,"gold_gain":0,"player_choice":"Got Potions","damage_taken":0,"max_hp_gain":0,"max_hp_loss":0,"event_name":"Lab","floor":41,"gold_loss":0}],"is_beta":false,"boss_relics":[{"not_picked":["Astrolabe","Pandora\u0027s Box"],"picked":"Snecko Eye"},{"not_picked":["SlaversCollar","Runic Dome"],"picked":"Calling Bell"}],"items_purged_floors":[],"is_endless":false,"potions_floor_spawned":[1,8,10,13,14,18,22,27,33,40,47],"ascension_level":0}}