{"host":"sav7uxregyirlf69","time":1612869194,"event":{"mods":["AchievementEnabler","BaseMod","Colored Map","DeckTracker","Keyboard Shortcuts","Minty Spire (QoL Compilation)","READ ME - Guardian Mod","StSLib","SuperFastMode"],"gold_per_floor":[114,114,20,35,50,80,80,95,95,125,155,155,185,200,200,300,300,315,330,245,260,110,140,140,155,180,120,150,177,204,231,243,355,367,394,421,433,475,512,524,136,166,216,231,246,276,306,321,321,321],"floor_reached":51,"language":"KOR","playtime":1422,"items_purged":[],"score":1139,"play_id":"20189c8a-d876-4c37-811e-07183692194d","local_time":"20210209201314","daily_mods":["Draft","Hoarder","DeadlyEvents"],"is_ascension_mode":false,"campfire_choices":[{"floor":7.0,"key":"REST"},{"data":"Crippling Poison","floor":12.0,"key":"SMITH"},{"data":"Discovery","floor":15.0,"key":"SMITH"},{"floor":24.0,"key":"REST"},{"floor":32.0,"key":"REST"},{"floor":40,"key":"REST"},{"floor":49,"key":"REST"}],"circlet_count":0,"master_deck":["Crippling Poison","Crippling Poison","Crippling Poison+1","Predator","Predator","Predator","Backflip","Backflip","Backflip","Cloak And Dagger","Cloak And Dagger","Cloak And Dagger","Backflip","Backflip","Backflip","Acrobatics","Acrobatics","Acrobatics","Backflip","Backflip","Backflip","Deflect+1","Deflect","Deflect","PiercingWail","PiercingWail","PiercingWail","Deadly Poison","Deadly Poison","Deadly Poison","Dash","Dash","Dash","Dodge and Roll","Dodge and Roll","Dodge and Roll","Cloak And Dagger","Cloak And Dagger","Cloak And Dagger","Deflect","Deflect+1","Deflect","Outmaneuver","Outmaneuver","Outmaneuver","Bane","Bane","Bane","Pain","Discovery+1","Discovery","Discovery","Concentrate","Concentrate","Concentrate","Prepared","Prepared","Prepared","Corpse Explosion","Corpse Explosion","Corpse Explosion","Dagger Spray","Dagger Spray","Dagger Spray","Adrenaline","Adrenaline","Adrenaline","Well Laid Plans","Well Laid Plans","Well Laid Plans","A Thousand Cuts","A Thousand Cuts","A Thousand Cuts","Escape Plan+1","Escape Plan+1","Escape Plan+1","After Image","After Image","After Image","Noxious Fumes+1","Noxious Fumes+1","Noxious Fumes+1","Footwork","Footwork","Footwork","Tactician+1","Tactician+1","Tactician+1","Reflex","Reflex","Reflex","Adrenaline","Adrenaline","Adrenaline","Bouncing Flask+1","Bouncing Flask+1","Bouncing Flask+1","Catalyst+1","Catalyst+1","Catalyst+1","Bouncing Flask+1","Bouncing Flask+1","Bouncing Flask+1","Footwork+1","Footwork+1","Footwork+1"],"relics":["Ring of the Snake","WarpedTongs","Blood Vial","Vajra","Mercury Hourglass","MealTicket","Akabeko","Fusion Hammer","Prayer Wheel","Snake Skull","Question Card","Happy Flower","MawBank","Strawberry","Lantern","Paper Crane","TwistedFunnel","Mummified Hand","Pen Nib","War Paint","Eternal Feather"],"acts_visited":["Exordium","TheCity","TheBeyond"],"potions_floor_usage":[50,50],"damage_taken":[{"damage":1.0,"enemies":"Small Slimes","floor":1.0,"turns":3.0},{"damage":1.0,"enemies":"Cultist","floor":4.0,"turns":3.0},{"damage":1.0,"enemies":"2 Louse","floor":5.0,"turns":2.0},{"damage":28.0,"enemies":"Gremlin Nob","floor":6.0,"turns":5.0},{"damage":7.0,"enemies":"Exordium Thugs","floor":8.0,"turns":5.0},{"damage":5.0,"enemies":"Lagavulin","floor":10.0,"turns":6.0},{"damage":14.0,"enemies":"Gremlin Nob","floor":11.0,"turns":4.0},{"damage":11.0,"enemies":"3 Sentries","floor":13.0,"turns":3.0},{"damage":1.0,"enemies":"Looter","floor":14.0,"turns":2.0},{"damage":9.0,"enemies":"The Guardian","floor":16.0,"turns":9.0},{"damage":7.0,"enemies":"Spheric Guardian","floor":18.0,"turns":5.0},{"damage":5.0,"enemies":"Shell Parasite","floor":19.0,"turns":5.0},{"damage":3.0,"enemies":"Centurion and Healer","floor":21.0,"turns":3.0},{"damage":11.0,"enemies":"Gremlin Leader","floor":23.0,"turns":5.0},{"damage":1.0,"enemies":"Snecko","floor":25.0,"turns":5.0},{"damage":0.0,"enemies":"Slavers","floor":28.0,"turns":1.0},{"damage":0.0,"enemies":"3 Cultists","floor":29.0,"turns":2.0},{"damage":3.0,"enemies":"Cultist and Chosen","floor":30.0,"turns":3.0},{"damage":14.0,"enemies":"Snake Plant","floor":31.0,"turns":4.0},{"damage":17.0,"enemies":"Collector","floor":33.0,"turns":7.0},{"damage":0.0,"enemies":"3 Shapes","floor":35.0,"turns":1.0},{"damage":5.0,"enemies":"3 Darklings","floor":36.0,"turns":3.0},{"damage":8.0,"enemies":"Giant Head","floor":38.0,"turns":8.0},{"damage":27,"enemies":"Reptomancer","floor":42,"turns":4},{"damage":15,"enemies":"Spire Growth","floor":44,"turns":3},{"damage":3,"enemies":"Writhing Mass","floor":45,"turns":2},{"damage":20,"enemies":"Nemesis","floor":46,"turns":3},{"damage":0,"enemies":"Reptomancer","floor":47,"turns":3},{"damage":0,"enemies":"Sphere and 2 Shapes","floor":48,"turns":2},{"damage":8,"enemies":"Time Eater","floor":50,"turns":3}],"seed_played":"-878916022338446095","potions_obtained":[{"floor":1.0,"key":"BlessingOfTheForge"},{"floor":6.0,"key":"ColorlessPotion"},{"floor":13.0,"key":"DuplicationPotion"},{"floor":28.0,"key":"PowerPotion"},{"floor":36.0,"key":"DuplicationPotion"},{"floor":42,"key":"Fruit Juice"}],"is_trial":false,"path_per_floor":["M","?","$","M","M","E","R","M","T","E","E","R","E","M","R","B",null,"M","M","?","M","$","E","R","M","T","?","E","M","M","M","R","B",null,"M","M","?","E","T","R","$","E","T","M","M","E","E","M","R","B",null],"character_chosen":"THE_SILENT","items_purchased":["Discovery","Snake Skull","Paper Crane","TwistedFunnel"],"campfire_rested":5,"item_purchase_floors":[3,22,41,41],"current_hp_per_floor":[69,69,69,68,67,39,60,55,55,52,40,40,31,32,32,25,70,63,60,60,59,70,59,70,69,69,69,70,70,67,55,70,53,70,70,65,65,68,68,77,77,50,50,37,36,18,20,22,77,74],"gold":321,"neow_bonus":"","is_daily":true,"chose_seed":false,"campfire_upgraded":2,"win_rate":0.0,"timestamp":1612869194,"path_taken":["M","?","$","?","M","E","R","M","T","E","?","R","?","M","R","BOSS","M","M","?","M","$","E","R","M","T","?","?","M","M","?","R","BOSS","M","M","?","?","?","R","$","E","T","M","?","E","?","M","R","BOSS"],"items_purchased_type":["Card","Relic","Relic","Relic"],"build_version":"2020-12-22","purchased_purges":0,"victory":true,"max_hp_per_floor":[70,70,70,70,70,70,70,70,70,70,70,70,70,70,70,70,70,70,70,70,70,70,70,70,70,70,70,70,70,70,70,70,70,70,70,70,70,77,77,77,77,77,77,77,77,77,77,77,77,82],"card_choices":[{"not_picked":["Dodge and Roll","Cloak And Dagger"],"picked":"Crippling Poison","floor":0.0},{"not_picked":["Outmaneuver","Leg Sweep"],"picked":"Predator","floor":0.0},{"not_picked":["Flechettes","Quick Slash"],"picked":"Backflip","floor":0.0},{"not_picked":["Sucker Punch","Skewer"],"picked":"Cloak And Dagger","floor":0.0},{"not_picked":["Outmaneuver","Expertise"],"picked":"Backflip","floor":0.0},{"not_picked":["Bane","Deadly Poison"],"picked":"Acrobatics","floor":0.0},{"not_picked":["Flying Knee","Skewer"],"picked":"Backflip","floor":0.0},{"not_picked":["Prepared","PiercingWail"],"picked":"Deflect","floor":0.0},{"not_picked":["Quick Slash","Sucker Punch"],"picked":"PiercingWail","floor":0.0},{"not_picked":["Dodge and Roll","Cloak And Dagger"],"picked":"Deadly Poison","floor":0.0},{"not_picked":["Setup","Dagger Spray"],"picked":"Dash","floor":0.0},{"not_picked":["Acrobatics","Prepared"],"picked":"Dodge and Roll","floor":0.0},{"not_picked":["Crippling Poison","Deadly Poison"],"picked":"Cloak And Dagger","floor":0.0},{"not_picked":["Prepared","Outmaneuver"],"picked":"Deflect","floor":0.0},{"not_picked":["Poisoned Stab","Quick Slash"],"picked":"Outmaneuver","floor":0.0},{"not_picked":["Finisher","Backflip"],"picked":"Bane","floor":1.0},{"not_picked":["Blade Dance","Quick Slash"],"picked":"Concentrate","floor":4.0},{"not_picked":["Dagger Throw","Flying Knee"],"picked":"Prepared","floor":5.0},{"not_picked":["Noxious Fumes","Deadly Poison"],"picked":"Corpse Explosion","floor":6.0},{"not_picked":["Deflect","Backflip"],"picked":"Dagger Spray","floor":8.0},{"not_picked":["Endless Agony","Quick Slash","Sucker Punch"],"picked":"SKIP","floor":10.0},{"not_picked":["Dagger Throw","Deflect","Riddle With Holes"],"picked":"SKIP","floor":11.0},{"not_picked":["Slice","Bane"],"picked":"Adrenaline","floor":13.0},{"not_picked":["Flying Knee","Outmaneuver"],"picked":"Well Laid Plans","floor":14.0},{"not_picked":["Doppelganger","Storm of Steel"],"picked":"A Thousand Cuts","floor":16.0},{"not_picked":["Eviscerate","Dodge and Roll+1","Outmaneuver"],"picked":"SKIP","floor":18.0},{"not_picked":["Sucker Punch","Dash"],"picked":"Escape Plan+1","floor":19.0},{"not_picked":["Acrobatics","Outmaneuver"],"picked":"After Image","floor":21.0},{"not_picked":["Slice","Dagger Throw+1","Poisoned Stab"],"picked":"SKIP","floor":21.0},{"not_picked":["Underhanded Strike","Escape Plan"],"picked":"Noxious Fumes+1","floor":23.0},{"not_picked":["Flying Knee","Outmaneuver","Quick Slash+1"],"picked":"Footwork","floor":25.0},{"not_picked":["Bane","Prepared","Leg Sweep","Deadly Poison"],"picked":"SKIP","floor":25.0},{"not_picked":["Underhanded Strike+1","Doppelganger","Prepared","Heel Hook"],"picked":"SKIP","floor":28.0},{"not_picked":["Terror","Backstab+1","Bane","Eviscerate+1"],"picked":"SKIP","floor":29.0},{"not_picked":["Sucker Punch+1","Deadly Poison","Underhanded Strike","Quick Slash"],"picked":"SKIP","floor":29.0},{"not_picked":["Sucker Punch","Quick Slash","Underhanded Strike+1"],"picked":"Tactician+1","floor":30.0},{"not_picked":["Corpse Explosion","Underhanded Strike","Blade Dance"],"picked":"Reflex","floor":30.0},{"not_picked":["Bane","Dagger Throw","Quick Slash","Poisoned Stab"],"picked":"SKIP","floor":31.0},{"not_picked":["PiercingWail","Setup+1","Deflect+1","Dodge and Roll"],"picked":"SKIP","floor":31.0},{"not_picked":["Doppelganger","Envenom","A Thousand Cuts"],"picked":"Adrenaline","floor":33.0},{"not_picked":["Dodge and Roll","Well Laid Plans","Sucker Punch+1","Bane+1"],"picked":"SKIP","floor":35.0},{"not_picked":["Eviscerate+1","Riddle With Holes","Outmaneuver+1","Prepared"],"picked":"SKIP","floor":35.0},{"not_picked":["Accuracy+1","Dagger Spray","Quick Slash","Bane"],"picked":"SKIP","floor":36.0},{"not_picked":["Terror","Dodge and Roll","Dagger Throw","Bouncing Flask+1"],"picked":"SKIP","floor":36.0},{"not_picked":["Terror","Dodge and Roll","Dagger Throw"],"picked":"Bouncing Flask+1","floor":36.0},{"not_picked":["Accuracy+1","Dagger Spray","Quick Slash","Bane"],"picked":"SKIP","floor":36.0},{"not_picked":["Grand Finale","Flying Knee","Poisoned Stab+1","Slice"],"picked":"SKIP","floor":38},{"not_picked":["Underhanded Strike","Dash","Noxious Fumes"],"picked":"Catalyst+1","floor":42},{"not_picked":["Backstab","Dagger Spray","Deflect+1","Distraction"],"picked":"SKIP","floor":44},{"not_picked":["Acrobatics+1","Deadly Poison","Deflect","Slice+1"],"picked":"SKIP","floor":44},{"not_picked":["Prepared","Choke+1","Flying Knee+1"],"picked":"Bouncing Flask+1","floor":45},{"not_picked":["Crippling Poison","Prepared","Night Terror","Quick Slash+1"],"picked":"SKIP","floor":45},{"not_picked":["Outmaneuver","Reflex+1","Eviscerate+1","Bane"],"picked":"SKIP","floor":46},{"not_picked":["Bane+1","Expertise","Backstab","Accuracy"],"picked":"SKIP","floor":47},{"not_picked":["PiercingWail","Poisoned Stab+1","Dagger Throw+1"],"picked":"Footwork+1","floor":48},{"not_picked":["Accuracy","Deflect","Dagger Throw+1","Outmaneuver+1"],"picked":"SKIP","floor":48}],"player_experience":1543494,"relics_obtained":[{"floor":6.0,"key":"Blood Vial"},{"floor":9.0,"key":"Vajra"},{"floor":10.0,"key":"Mercury Hourglass"},{"floor":11.0,"key":"MealTicket"},{"floor":13.0,"key":"Akabeko"},{"floor":23.0,"key":"Question Card"},{"floor":26.0,"key":"Happy Flower"},{"floor":28.0,"key":"MawBank"},{"floor":38,"key":"Strawberry"},{"floor":39,"key":"Lantern"},{"floor":42,"key":"Mummified Hand"},{"floor":43,"key":"Pen Nib"},{"floor":46,"key":"War Paint"},{"floor":47,"key":"Eternal Feather"}],"event_choices":[{"damage_healed":0.0,"max_hp_gain":0.0,"max_hp_loss":0.0,"gold_gain":0.0,"event_name":"Accursed Blacksmith","player_choice":"Rummage","floor":2.0,"gold_loss":0.0,"damage_taken":0.0,"relics_obtained":["WarpedTongs"],"cards_obtained":["Pain"]},{"damage_healed":0.0,"max_hp_gain":0.0,"max_hp_loss":0.0,"gold_gain":0.0,"event_name":"Addict","player_choice":"Obtained Relic","floor":20.0,"gold_loss":85.0,"damage_taken":0.0,"relics_obtained":["Prayer Wheel"]},{"cards_removed":["Pain"],"damage_healed":0.0,"max_hp_gain":0.0,"max_hp_loss":0.0,"gold_gain":0.0,"event_name":"Designer","player_choice":"Single Remove","floor":27.0,"gold_loss":60.0,"damage_taken":0.0},{"cards_removed":["Pain"],"damage_healed":0.0,"max_hp_gain":0.0,"max_hp_loss":0.0,"gold_gain":0.0,"event_name":"Purifier","player_choice":"Purged","floor":37.0,"gold_loss":0.0,"damage_taken":0.0}],"is_beta":false,"boss_relics":[{"not_picked":["Ring of the Serpent","Sozu"],"picked":"Fusion Hammer"},{"not_picked":["Snecko Eye","Runic Pyramid","Velvet Choker"]}],"items_purged_floors":[],"is_endless":false,"potions_floor_spawned":[1,6,13,25,28,30,36,38,42],"ascension_level":0}}