{"host":"c2vrdknshfutmcsq","time":1612903925,"event":{"mods":["BaseMod","Minty Spire (QoL Compilation)"],"gold_per_floor":[118,168,68,85,101,131,148,166,166,191,191,30,49,59,59,133,133,150,160,60,71,88,88,108,108,108],"floor_reached":25,"language":"ENG","playtime":1696,"items_purged":["Clumsy","Strike_B"],"score":463,"play_id":"b7011aa4-9052-4864-9bef-ef759fd7f611","local_time":"20210209215205","is_ascension_mode":true,"campfire_choices":[{"floor":15.0,"key":"REST"},{"floor":23.0,"key":"REST"}],"circlet_count":0,"master_deck":["AscendersBane","Strike_B","Strike_B","Strike_B","Defend_B","Defend_B","Defend_B","Defend_B","Zap","Dualcast","Chaos","Ball Lightning","Barrage","Chill","Aggregate","Streamline","Compile Driver","Ball Lightning","Thunder Strike","Ball Lightning","Fusion","Electrodynamics","Reboot","Ball Lightning","Doom and Gloom","Rip and Tear+1","Gash","Redo"],"relics":["Cracked Core","Mango","Bag of Marbles","White Beast Statue","Dream Catcher","Cables","Busted Crown"],"acts_visited":["Exordium","TheCity"],"potions_floor_usage":[25],"damage_taken":[{"damage":0.0,"enemies":"2 Louse","floor":1.0,"turns":3.0},{"damage":1.0,"enemies":"Cultist","floor":4.0,"turns":4.0},{"damage":4.0,"enemies":"Small Slimes","floor":5.0,"turns":3.0},{"damage":4.0,"enemies":"Gremlin Nob","floor":6.0,"turns":3.0},{"damage":24.0,"enemies":"Gremlin Gang","floor":7.0,"turns":6.0},{"damage":11.0,"enemies":"Large Slime","floor":8.0,"turns":5.0},{"damage":11.0,"enemies":"3 Sentries","floor":10.0,"turns":7.0},{"damage":7.0,"enemies":"Exordium Wildlife","floor":13.0,"turns":2.0},{"damage":2.0,"enemies":"Looter","floor":14.0,"turns":2.0},{"damage":28.0,"enemies":"The Guardian","floor":16.0,"turns":9.0},{"damage":37.0,"enemies":"Shell Parasite","floor":18.0,"turns":4.0},{"damage":3.0,"enemies":"2 Thieves","floor":19.0,"turns":3.0},{"damage":14.0,"enemies":"Cultist and Chosen","floor":21.0,"turns":4.0},{"damage":11.0,"enemies":"Chosen and Byrds","floor":22.0,"turns":5.0},{"damage":31.0,"enemies":"Shelled Parasite and Fungi","floor":24.0,"turns":3.0},{"damage":32,"enemies":"Slavers","floor":25,"turns":2}],"seed_played":"-2703406425616109761","potions_obtained":[{"floor":4.0,"key":"FocusPotion"},{"floor":6.0,"key":"FearPotion"},{"floor":7.0,"key":"FearPotion"},{"floor":10.0,"key":"ColorlessPotion"},{"floor":13.0,"key":"EssenceOfSteel"},{"floor":14.0,"key":"PowerPotion"},{"floor":16.0,"key":"BlessingOfTheForge"},{"floor":18.0,"key":"FocusPotion"},{"floor":19.0,"key":"Explosive Potion"},{"floor":21.0,"key":"FairyPotion"},{"floor":24.0,"key":"GamblersBrew"}],"is_trial":false,"path_per_floor":["M","?","$","M","M","E","M","M","T","E","?","$","M","M","R","B",null,"M","M","$","M","M","R","M","E"],"character_chosen":"DEFECT","items_purchased":["Ball Lightning","Thunder Strike"],"campfire_rested":2,"item_purchase_floors":[3,12],"current_hp_per_floor":[78,78,78,77,73,69,45,34,34,23,23,23,16,14,39,11,67,30,27,27,13,2,27,25,0,0],"gold":108,"neow_bonus":"ONE_RARE_RELIC","is_daily":false,"chose_seed":false,"campfire_upgraded":0,"win_rate":0.0,"timestamp":1612903925,"path_taken":["M","?","?","M","M","E","M","M","T","E","?","$","M","M","R","BOSS","M","M","$","M","M","R","M","E"],"items_purchased_type":["Card","Card"],"build_version":"2020-12-22","purchased_purges":2,"victory":false,"max_hp_per_floor":[85,85,85,85,85,85,85,85,85,85,85,85,85,85,85,85,85,85,85,85,85,85,85,85,85,85],"card_choices":[{"not_picked":["Gash","Beam Cell"],"picked":"Chaos","floor":1.0},{"not_picked":["Compile Driver","Coolheaded"],"picked":"Barrage","floor":4.0},{"not_picked":["Tempest","Hologram"],"picked":"Chill","floor":5.0},{"not_picked":["Sweeping Beam","Hologram"],"picked":"Aggregate","floor":6.0},{"not_picked":["Sweeping Beam","Hyperbeam"],"picked":"Streamline","floor":7.0},{"not_picked":["Loop","Coolheaded"],"picked":"Compile Driver","floor":8.0},{"not_picked":["Turbo","Gash"],"picked":"Ball Lightning","floor":10.0},{"not_picked":["Darkness","Compile Driver"],"picked":"Ball Lightning","floor":13.0},{"not_picked":["Barrage","Force Field"],"picked":"Fusion","floor":14.0},{"not_picked":["BootSequence","Ball Lightning"],"picked":"Electrodynamics","floor":15.0},{"not_picked":["Electrodynamics","Thunder Strike"],"picked":"Reboot","floor":16.0},{"not_picked":["Turbo"],"picked":"SKIP","floor":18.0},{"not_picked":[],"picked":"Ball Lightning","floor":19.0},{"not_picked":[],"picked":"Doom and Gloom","floor":21.0},{"not_picked":[],"picked":"Rip and Tear+1","floor":22.0},{"not_picked":[],"picked":"Gash","floor":23.0},{"not_picked":[],"picked":"Redo","floor":24.0}],"player_experience":1371901,"relics_obtained":[{"floor":6.0,"key":"Bag of Marbles"},{"floor":9.0,"key":"White Beast Statue"},{"floor":10.0,"key":"Dream Catcher"}],"event_choices":[{"damage_healed":0.0,"max_hp_gain":0.0,"max_hp_loss":0.0,"gold_gain":50.0,"event_name":"Golden Shrine","player_choice":"Pray","floor":2.0,"gold_loss":0.0,"damage_taken":0.0},{"damage_healed":0.0,"max_hp_gain":0.0,"max_hp_loss":0.0,"gold_gain":0.0,"event_name":"WeMeetAgain","player_choice":"Gave Potion","floor":11.0,"gold_loss":0.0,"damage_taken":0.0,"relics_obtained":["Cables"]}],"is_beta":false,"boss_relics":[{"not_picked":["Velvet Choker","Tiny House"],"picked":"Busted Crown"}],"items_purged_floors":[3,20],"is_endless":false,"potions_floor_spawned":[4,6,7,8,10,13,14,16,18,19,21,22,24],"killed_by":"Slavers","ascension_level":20}}