{"host":"aelxjre69umlx7r4","time":1612866229,"event":{"mods":["AchievementEnabler","BaseMod","Colored Map","DeckTracker","Highlight Path","Keyboard Shortcuts","Minty Spire (QoL Compilation)","Permanent Neow","SuperFastMode"],"gold_per_floor":[109,109,125,140,140,140,167,167,193,207,225,244,244,277,277,382,382,401,401,76,76,76,104,117,144,170,170,182,182,97,130,130,230,230,245,99,0,0,14,47,59,74,100,114,114,114,114],"floor_reached":46,"language":"KOR","playtime":2301,"items_purged":["Strike_R"],"score":675,"play_id":"8afaeab2-91c5-4061-9ba1-5c8cecbee7fa","local_time":"20210209192349","is_ascension_mode":true,"campfire_choices":[{"data":"Battle Trance","floor":6.0,"key":"SMITH"},{"data":"Fire Breathing","floor":8.0,"key":"SMITH"},{"data":"Uppercut","floor":15.0,"key":"SMITH"},{"data":"Second Wind","floor":27.0,"key":"SMITH"},{"floor":32.0,"key":"REST"}],"circlet_count":0,"master_deck":["Strike_R+1","Strike_R","Defend_R+1","Defend_R","Defend_R","Defend_R","Bash","Dropkick","Second Wind+1","Battle Trance+1","Fire Breathing+1","Uppercut+1","Clash","Dropkick","True Grit","Dropkick","Shrug It Off","Corruption","Fiend Fire","Evolve","Seeing Red","Dropkick","Trip","Seeing Red","Double Tap","Warcry+1","Havoc+1"],"relics":["Black Blood","Omamori","PreservedInsect","Bird Faced Urn","Runic Cube","Magic Flower","HandDrill","Bottled Tornado","HornCleat","Bag of Marbles","Ornamental Fan","Frozen Eye","Red Mask","Smiling Mask"],"acts_visited":["Exordium","TheCity","TheBeyond"],"potions_floor_usage":[],"damage_taken":[{"damage":7.0,"enemies":"Jaw Worm","floor":1.0,"turns":3.0},{"damage":4.0,"enemies":"2 Louse","floor":3.0,"turns":3.0},{"damage":6.0,"enemies":"Cultist","floor":4.0,"turns":3.0},{"damage":6.0,"enemies":"Gremlin Nob","floor":7.0,"turns":3.0},{"damage":7.0,"enemies":"Large Slime","floor":10.0,"turns":5.0},{"damage":15.0,"enemies":"2 Fungi Beasts","floor":11.0,"turns":3.0},{"damage":14.0,"enemies":"3 Louse","floor":12.0,"turns":2.0},{"damage":0.0,"enemies":"3 Sentries","floor":14.0,"turns":4.0},{"damage":26.0,"enemies":"Hexaghost","floor":16.0,"turns":9.0},{"damage":17.0,"enemies":"2 Thieves","floor":18.0,"turns":4.0},{"damage":34.0,"enemies":"Gremlin Leader","floor":23.0,"turns":3.0},{"damage":40.0,"enemies":"Spheric Guardian","floor":24.0,"turns":7.0},{"damage":2.0,"enemies":"Book of Stabbing","floor":25.0,"turns":4.0},{"damage":4.0,"enemies":"Chosen and Byrds","floor":28.0,"turns":6.0},{"damage":38.0,"enemies":"Gremlin Leader","floor":31.0,"turns":3.0},{"damage":27.0,"enemies":"Automaton","floor":33.0,"turns":6.0},{"damage":45.0,"enemies":"3 Shapes","floor":35.0,"turns":4.0},{"damage":39.0,"enemies":"3 Darklings","floor":39.0,"turns":5.0},{"damage":45.0,"enemies":"Reptomancer","floor":40.0,"turns":3.0},{"damage":11.0,"enemies":"4 Shapes","floor":41.0,"turns":5.0},{"damage":34.0,"enemies":"Transient","floor":42.0,"turns":5.0},{"damage":28.0,"enemies":"Jaw Worm Horde","floor":44.0,"turns":4.0},{"damage":36,"enemies":"Spire Growth","floor":46,"turns":4}],"seed_played":"5632150861929828934","potions_obtained":[{"floor":1.0,"key":"Energy Potion"},{"floor":4.0,"key":"Fire Potion"},{"floor":12.0,"key":"Explosive Potion"},{"floor":14.0,"key":"DuplicationPotion"},{"floor":18.0,"key":"Strength Potion"},{"floor":35.0,"key":"FearPotion"},{"floor":41.0,"key":"CultistPotion"}],"is_trial":false,"path_per_floor":["M","?","M","M","?","R","E","R","T","M","M","M","?","E","R","B",null,"M","?","$","?","?","E","M","E","T","R","M","?","$","E","R","B",null,"M","$","?","?","M","E","M","M","T","M","?","M"],"character_chosen":"IRONCLAD","items_purchased":["Dropkick","Shrug It Off","HandDrill","Trip","Frozen Eye"],"campfire_rested":1,"item_purchase_floors":[20,20,20,30,36],"current_hp_per_floor":[71,52,54,54,54,54,54,54,54,53,44,36,36,42,42,24,96,87,87,87,87,68,46,21,31,31,31,42,42,42,16,46,37,101,74,74,74,74,59,35,45,29,29,25,25,0,0],"gold":114,"neow_bonus":"TWENTY_PERCENT_HP_BONUS","is_daily":false,"chose_seed":false,"campfire_upgraded":4,"win_rate":0.0,"timestamp":1612866229,"path_taken":["M","?","M","M","?","R","E","R","T","?","M","M","?","E","R","BOSS","M","?","$","?","?","E","M","E","T","R","M","?","$","E","R","BOSS","M","$","?","?","M","E","M","M","T","?","?","M"],"items_purchased_type":["Card","Card","Relic","Card","Relic"],"build_version":"2020-12-22","purchased_purges":1,"victory":false,"max_hp_per_floor":[96,96,96,96,96,96,96,96,96,96,96,96,96,96,96,96,96,96,96,96,96,101,101,101,101,101,101,101,101,101,101,101,101,101,101,101,101,101,101,101,101,101,101,101,101,101,101],"card_choices":[{"not_picked":["Wild Strike","Intimidate"],"picked":"Dropkick","floor":1.0},{"not_picked":["Pommel Strike","Intimidate"],"picked":"Second Wind","floor":3.0},{"not_picked":["Pommel Strike","Fiend Fire","Reckless Charge"],"picked":"SKIP","floor":4.0},{"not_picked":["Pummel","Entrench"],"picked":"Fire Breathing","floor":7.0},{"not_picked":["Anger","Second Wind"],"picked":"Uppercut","floor":10.0},{"not_picked":["Burning Pact","Hemokinesis"],"picked":"Clash","floor":11.0},{"not_picked":["Disarm","Body Slam"],"picked":"Dropkick","floor":12.0},{"not_picked":["Perfected Strike","Iron Wave","Sword Boomerang"],"picked":"SKIP","floor":14.0},{"not_picked":["True Grit","Body Slam","Hemokinesis"],"picked":"SKIP","floor":18.0},{"not_picked":["Body Slam","Hemokinesis"],"picked":"True Grit","floor":18.0},{"not_picked":["Anger","Cleave","Inflame"],"picked":"SKIP","floor":23.0},{"not_picked":["Anger+1","Perfected Strike","Brutality"],"picked":"SKIP","floor":24.0},{"not_picked":["Heavy Blade","Searing Blow"],"picked":"Evolve","floor":25.0},{"not_picked":["Blood for Blood","Whirlwind+1"],"picked":"Seeing Red","floor":28.0},{"not_picked":["Rupture","Flex"],"picked":"Seeing Red","floor":31.0},{"not_picked":["Limit Break","Immolate"],"picked":"Double Tap","floor":33.0},{"not_picked":["Perfected Strike+1","Clothesline+1","Spot Weakness+1"],"picked":"SKIP","floor":35.0},{"not_picked":["Sword Boomerang","Shrug It Off+1"],"picked":"Warcry+1","floor":39.0},{"not_picked":["Power Through","Sword Boomerang+1","Disarm+1"],"picked":"SKIP","floor":40.0},{"not_picked":["Anger+1","Havoc+1","Entrench"],"picked":"SKIP","floor":41.0},{"not_picked":["Anger+1","Entrench"],"picked":"Havoc+1","floor":41.0},{"not_picked":["Cleave","Clothesline","Heavy Blade"],"picked":"SKIP","floor":42.0},{"not_picked":["True Grit+1","Brutality","Cleave"],"picked":"SKIP","floor":44.0}],"player_experience":430456,"relics_obtained":[{"floor":7.0,"key":"Omamori"},{"floor":9.0,"key":"PreservedInsect"},{"floor":14.0,"key":"Bird Faced Urn"},{"floor":23.0,"key":"Bottled Tornado"},{"floor":25.0,"key":"HornCleat"},{"floor":26.0,"key":"Bag of Marbles"},{"floor":31.0,"key":"Ornamental Fan"},{"floor":40.0,"key":"Smiling Mask"}],"event_choices":[{"damage_healed":0.0,"max_hp_gain":0.0,"max_hp_loss":0.0,"gold_gain":0.0,"event_name":"Shining Light","player_choice":"Entered Light","floor":2.0,"gold_loss":0.0,"damage_taken":19.0,"cards_upgraded":["Strike_R","Defend_R"]},{"damage_healed":0.0,"max_hp_gain":0.0,"max_hp_loss":0.0,"gold_gain":0.0,"event_name":"Match and Keep!","player_choice":"1 cards matched","floor":5.0,"gold_loss":0.0,"damage_taken":0.0,"cards_obtained":["Battle Trance"]},{"damage_healed":0.0,"max_hp_gain":0.0,"max_hp_loss":0.0,"gold_gain":0.0,"event_name":"Scrap Ooze","player_choice":"Fled","floor":13.0,"gold_loss":0.0,"damage_taken":0.0},{"damage_healed":0.0,"max_hp_gain":0.0,"max_hp_loss":0.0,"gold_gain":0.0,"event_name":"The Mausoleum","player_choice":"Opened","floor":19.0,"gold_loss":0.0,"damage_taken":0.0,"relics_obtained":["Magic Flower"],"cards_obtained":["Writhe"]},{"damage_healed":0.0,"max_hp_gain":0.0,"max_hp_loss":0.0,"gold_gain":0.0,"cards_transformed":["Strike_R","Strike_R"],"event_name":"Drug Dealer","player_choice":"Became Test Subject","floor":21.0,"gold_loss":0.0,"damage_taken":0.0,"cards_obtained":["Corruption","Fiend Fire"]},{"damage_healed":0.0,"max_hp_gain":5.0,"max_hp_loss":0.0,"gold_gain":0.0,"event_name":"Forgotten Altar","player_choice":"Shed Blood","floor":22.0,"gold_loss":0.0,"damage_taken":24.0},{"damage_healed":0.0,"max_hp_gain":0.0,"max_hp_loss":0.0,"gold_gain":0.0,"event_name":"Duplicator","player_choice":"Copied","floor":29.0,"gold_loss":0.0,"damage_taken":0.0,"cards_obtained":["Dropkick"]},{"damage_healed":0.0,"max_hp_gain":0.0,"max_hp_loss":0.0,"gold_gain":0.0,"event_name":"Tomb of Lord Red Mask","player_choice":"Paid","floor":37.0,"gold_loss":99.0,"damage_taken":0.0,"relics_obtained":["Red Mask"]},{"damage_healed":0.0,"max_hp_gain":0.0,"max_hp_loss":0.0,"gold_gain":0.0,"event_name":"SecretPortal","player_choice":"Ignored","floor":38.0,"gold_loss":0.0,"damage_taken":0.0},{"damage_healed":0.0,"max_hp_gain":0.0,"max_hp_loss":0.0,"gold_gain":0.0,"event_name":"SensoryStone","player_choice":"Memory 1","floor":45.0,"gold_loss":0.0,"damage_taken":0.0}],"is_beta":false,"boss_relics":[{"not_picked":["Busted Crown","Velvet Choker"],"picked":"Runic Cube"},{"not_picked":["Runic Pyramid","SlaversCollar"],"picked":"Black Blood"}],"items_purged_floors":[20],"is_endless":false,"potions_floor_spawned":[1,4,12,14,18,23,24,35,41],"killed_by":"Spire Growth","ascension_level":2}}