{"host":"u9h06qdlnp3wgzsw","time":1612899967,"event":{"mods":["Act Like it!","BaseMod","Conspire","Curses Come First","Downfall","Hallownest","Hermit","Hubris","Minty Spire (QoL Compilation)","Quick Restart","Rare Cards Sparkle","Replay The Spire","Shop Mod","StSLib","The Disciple","The Hierophant","The Servant 0.9.4"],"gold_per_floor":[113,113,113,113,130,130,140,150,150,183,183,94,94,113,113,116,116,33,49,98,114,27,27,27,27,82,101,119,65,65,85,85,180,180,94,444,444,444,444,444,444],"floor_reached":40,"language":"ENG","playtime":2450,"items_purged":[],"score":741,"play_id":"65e707ea-2e1e-4bb8-9dca-6a4a09741058","local_time":"20210209144607","is_ascension_mode":true,"campfire_choices":[{"floor":6.0,"key":"REST"},{"data":"Adaptation","floor":11.0,"key":"SMITH"},{"data":"Eruption","floor":11.0,"key":"SMITH"},{"data":"Defend_P","floor":15.0,"key":"SMITH"},{"data":"Vigilance","floor":15.0,"key":"SMITH"},{"data":"Vault","floor":23.0,"key":"SMITH"},{"data":"FlurryOfBlows","floor":23.0,"key":"SMITH"},{"floor":25.0,"key":"REST"},{"floor":32.0,"key":"REST"}],"circlet_count":0,"master_deck":["Strike_P","Strike_P","Strike_P","Strike_P","Defend_P","Defend_P","Defend_P","Defend_P+1","Eruption+1","Vigilance+1","Adaptation+1","EmptyBody+1","ClearTheMind","Alpha","Vault+1","FlurryOfBlows+1","Crescendo","Replay:Vibes+1","SignatureMove","Voices","Injury","CommonCold","downfall:Haunted","downfall:Haunted","Languid"],"relics":["PureWater","TungstenRod","Replay:Wax Seal","Replay:Arrowhead","Bronze Scales","hubris:GlazedTorus","conspire:SpecialSausage","Juzu Bracelet","ClockworkSouvenir","MutagenicStrength","Honey Jar","Ring of Greed","ReplayTheSpireMod:Ring of Exchange","Smiling Mask","Old Coin","hubris:Towel","Du-Vu Doll"],"acts_visited":["Exordium","TheCity","TheBeyond"],"potions_floor_usage":[40],"damage_taken":[{"damage":1.0,"enemies":"Jaw Worm","floor":1.0,"turns":4.0},{"damage":0.0,"enemies":"2 Louse","floor":5.0,"turns":4.0},{"damage":2.0,"enemies":"Small Slimes","floor":7.0,"turns":4.0},{"damage":0.0,"enemies":"Blue Slaver","floor":8.0,"turns":3.0},{"damage":13.0,"enemies":"3 Sentries","floor":10.0,"turns":10.0},{"damage":0.0,"enemies":"conspire:2 RoseBushes","floor":14.0,"turns":6.0},{"damage":1.0,"enemies":"Fading Forest","floor":16.0,"turns":11.0},{"damage":0.0,"enemies":"Chosen","floor":18.0,"turns":4.0},{"damage":10.0,"enemies":"Spheric Guardian","floor":19.0,"turns":5.0},{"damage":19.0,"enemies":"Centurion and Healer","floor":21.0,"turns":5.0},{"damage":0.0,"enemies":"conspire:HollyBat","floor":22.0,"turns":7.0},{"damage":6.0,"enemies":"Shelled Parasite and Fungi","floor":27.0,"turns":5.0},{"damage":10.0,"enemies":"Cultist and Chosen","floor":28.0,"turns":4.0},{"damage":24.0,"enemies":"Snecko","floor":31.0,"turns":6.0},{"damage":7.0,"enemies":"Pondfish","floor":33.0,"turns":8.0},{"damage":21,"enemies":"3 Darklings","floor":35,"turns":4},{"damage":61,"enemies":"Giant Head","floor":40,"turns":8}],"seed_played":"-6433539223455827119","potions_obtained":[{"floor":5.0,"key":"PowerPotion"},{"floor":14.0,"key":"BottledMiracle"},{"floor":16.0,"key":"Strength Potion"},{"floor":18.0,"key":"hexamod:SoulburnPotion"},{"floor":19.0,"key":"ColorlessPotion"},{"floor":22.0,"key":"Adrenaline Potion"},{"floor":35,"key":"SteroidPotion"}],"is_trial":false,"path_per_floor":["M","?","?","T","M","R","M","M","T","E","R","$","?","M","R","B",null,"M","M","$","M","M","R","?","R","T","M","M","$","?","M","R","B",null,"M","?","?","?","?","E"],"character_chosen":"WATCHER","items_purchased":["hubris:GlazedTorus","Crescendo","ClockworkSouvenir"],"campfire_rested":3,"item_purchase_floors":[12,20,29],"current_hp_per_floor":[50,50,50,50,50,71,69,69,69,56,56,56,56,56,56,55,72,72,62,62,43,43,43,43,64,64,58,48,48,48,24,45,38,72,51,51,51,51,56,0,0],"gold":444,"neow_bonus":"ONE_RARE_RELIC","is_daily":false,"chose_seed":false,"campfire_upgraded":6,"win_rate":0.0,"timestamp":1612899967,"path_taken":["M","?","?","?","M","R","M","M","T","E","R","$","?","?","R","BOSS","M","M","$","M","M","R","?","R","T","M","M","$","?","M","R","BOSS","M","?","?","?","?","E"],"items_purchased_type":["Relic","Card","Relic"],"build_version":"2020-12-22","purchased_purges":0,"victory":false,"max_hp_per_floor":[72,72,72,72,72,72,72,72,72,72,72,72,72,72,72,72,72,72,72,72,72,72,72,72,72,72,72,72,72,72,72,72,72,72,72,72,72,72,77,77,77],"card_choices":[{"not_picked":["JustLucky","ThirdEye","WheelKick"],"picked":"SKIP","floor":1.0},{"not_picked":["CrushJoints","Study","Evaluate"],"picked":"SKIP","floor":5.0},{"not_picked":["Study","Nirvana"],"picked":"EmptyBody","floor":7.0},{"not_picked":["FlyingSleeves","Replay:ManipulateFuture"],"picked":"ClearTheMind","floor":8.0},{"not_picked":["SashWhip","Replay:ManipulateFuture"],"picked":"Alpha","floor":10.0},{"not_picked":["Nirvana","ForeignInfluence","EmptyFist"],"picked":"SKIP","floor":14.0},{"not_picked":["Replay:LoomingThreat","Scrawl"],"picked":"Vault","floor":16.0},{"not_picked":["Wireheading","TalkToTheHand"],"picked":"FlurryOfBlows","floor":18.0},{"not_picked":["Swivel","Protect","ThirdEye+1"],"picked":"SKIP","floor":19.0},{"not_picked":["Tantrum","Prostrate","CutThroughFate"],"picked":"SKIP","floor":21.0},{"not_picked":["Fasting2","ThirdEye","Collect"],"picked":"SKIP","floor":22.0},{"not_picked":["Worship","Pray","Prostrate+1"],"picked":"SKIP","floor":27.0},{"not_picked":["ThirdEye+1","WindmillStrike","PathToVictory"],"picked":"SKIP","floor":28.0},{"not_picked":["DevaForm","ForeignInfluence"],"picked":"Replay:Vibes+1","floor":31.0},{"not_picked":["PathToVictory","Replay:ManipulateFuture+1","Study+1"],"picked":"SignatureMove","floor":35}],"player_experience":1028083,"relics_obtained":[{"floor":4.0,"key":"Replay:Wax Seal"},{"floor":9.0,"key":"Replay:Arrowhead"},{"floor":10.0,"key":"Bronze Scales"},{"floor":26.0,"key":"Juzu Bracelet"},{"floor":36,"key":"Ring of Greed"},{"floor":36,"key":"ReplayTheSpireMod:Ring of Exchange"},{"floor":36,"key":"Smiling Mask"},{"floor":36,"key":"Old Coin"}],"event_choices":[{"damage_healed":0.0,"max_hp_gain":0.0,"max_hp_loss":0.0,"gold_gain":0.0,"event_name":"Golden Wing","player_choice":"Ignored","floor":2.0,"gold_loss":0.0,"damage_taken":0.0},{"damage_healed":0.0,"max_hp_gain":0.0,"max_hp_loss":0.0,"gold_gain":0.0,"event_name":"Drug Dealer","player_choice":"Inject Mutagens","floor":30.0,"gold_loss":0.0,"damage_taken":0.0,"relics_obtained":["MutagenicStrength"]},{"damage_healed":0,"gold_gain":0,"player_choice":"Upgraded","damage_taken":0,"max_hp_gain":0,"max_hp_loss":0,"event_name":"Upgrade Shrine","floor":38,"gold_loss":0,"cards_upgraded":["EmptyBody"]}],"is_beta":false,"boss_relics":[{"not_picked":["SacredBark","hubris:TerracottaHorce"],"picked":"conspire:SpecialSausage"},{"not_picked":["Pandora\u0027s Box","Replay:Wanted Poster"],"picked":"Honey Jar"}],"items_purged_floors":[],"is_endless":false,"potions_floor_spawned":[5,14,16,18,19,22,35],"killed_by":"Giant Head","ascension_level":3}}