{"host":"kx62hxkutszy5nb0","time":1612879944,"event":{"mods":["2.2 Compatiblity","AchievementEnabler","Aspiration","BaseMod","Better Altar","Better Match","Better Note","Better Sensory Stone","Better Skull","Better Third Choice","Better Vampires","CCEM2","Colored Map","Colored Powertips","Conspire","Custom Start","Dark Map","Defuse TimeMaze Blight","Displayed Cursed Tome","Downfall","Fiend Mod","Hermit","Hubris","Infinite Spire","Jorbs\u0027s Wanderer Trilogy","Koishi","Marked Mod","Minty Spire (QoL Compilation)","Prisma Mod","Relic Sorter","Relic Stats","Replay The Spire","Shade Mod","Shop Mod","Spikes Relics","StSLib","Td1madao Mod","The Alterego","The Construct","The Cursed","The Exalted","The Forsaken","The Judge","The Jungle","The Marked","TheSwordswoman","TheVacant","Uncapped","Virulent Crown","Yuri Mod","everything is the same but u backflip on backflip"],"gold_per_floor":[99,114,114,22,32,57,129,46,63,63,163,63,75,75,89,193,193,93,111,130,230,5,5,28,28,44,64,77,107,107,121,139,139,139],"floor_reached":33,"language":"ENG","playtime":2369,"items_purged":[],"score":294,"play_id":"d69952a2-7a7b-4fa8-a6a9-d720ecee4f34","local_time":"20210210001224","is_ascension_mode":false,"campfire_choices":[{"floor":1,"key":"RECALL"},{"floor":10,"key":"REST"},{"floor":12,"key":"REST"},{"data":"Replay:Many Hands","floor":18,"key":"SMITH"},{"floor":23,"key":"REST"}],"circlet_count":0,"master_deck":["bronze:Strike","bronze:Strike","bronze:Strike","bronze:Strike","bronze:Defend","bronze:Defend+1","bronze:Defend","bronze:Defend","bronze:Replicate","bronze:Goto","bronze:Iterate+1","bronze:HardenedForm","bronze:Terminator+1","bronze:ItsAFeature","bronze:ClassDefault","bronze:Iterate","bronze:InfiniteBeams","bronze:Constructor","bronze:Separator","Replay:Many Hands+1","bronze:BuggyMess","bronze:Break","bronze:Invalidate+1","bronze:OilSpill","bronze:OilSpill","bronze:BugBarrage","bronze:Shell","bronze:Shell","bronze:DelayedGuard","bronze:GetLatest","bronze:DelayedSlice","bronze:Overheat","bronze:BugBarrage+1","bronze:Constructor"],"relics":["bronze:BronzeCore","hubris:Icosahedron","Gremlin Food","aspiration:FetidBarrel","downfall:HeartBlessingBlue","theForsaken:Lifeblossom","aspiration:RunicSpoon","downfall:HeartBlessingRed","Dead Branch","CCEMRelics:DerglesHeadphones","Bag of Preparation","Pen Nib","CCEMRelics:HeirloomTomato","conspire:RoyalGoblet","CCEMRelics:SpiritsEdge"],"acts_visited":["Exordium","TheCity"],"potions_floor_usage":[13,15,16,16,22,22,27,33,33,33],"damage_taken":[{"damage":0,"enemies":"2 Louse","floor":2,"turns":3},{"damage":0,"enemies":"downfall:FleeingMerchant","floor":4,"turns":4},{"damage":9,"enemies":"Cultist","floor":5,"turns":4},{"damage":29,"enemies":"3 Sentries","floor":6,"turns":9},{"damage":10,"enemies":"downfall:FleeingMerchant","floor":8,"turns":4},{"damage":8,"enemies":"Jaw Worm","floor":9,"turns":4},{"damage":2,"enemies":"Blue Slaver","floor":13,"turns":3},{"damage":0,"enemies":"Large Slime","floor":15,"turns":3},{"damage":35,"enemies":"WA_ARCHETYPE_RETAIN","floor":16,"turns":10},{"damage":0,"enemies":"3 Byrds","floor":19,"turns":3},{"damage":10,"enemies":"Spheric Guardian","floor":20,"turns":3},{"damage":18,"enemies":"SI_SHIV_ARCHETYPE","floor":21,"turns":4},{"damage":30,"enemies":"downfall:FleeingMerchant","floor":22,"turns":4},{"damage":30,"enemies":"Snecko","floor":26,"turns":4},{"damage":9,"enemies":"3 Cultists","floor":27,"turns":3},{"damage":10,"enemies":"Cultist and Chosen","floor":28,"turns":4},{"damage":15,"enemies":"Nightmare","floor":29,"turns":7},{"damage":20,"enemies":"Centurion and Healer","floor":31,"turns":3},{"damage":0,"enemies":"Sentry and Sphere","floor":32,"turns":2},{"damage":53,"enemies":"IC_MUSHROOM_ARCHETYPE","floor":33,"turns":4}],"seed_played":"6469755582832318704","potions_obtained":[{"floor":6,"key":"sneckomod:MuddlingPotion"},{"floor":9,"key":"FearPotion"},{"floor":13,"key":"SpeedPotion"},{"floor":15,"key":"SkillPotion"},{"floor":16,"key":"sneckomod:MuddlingPotion"},{"floor":19,"key":"DuplicationPotion"},{"floor":26,"key":"LiquidBronze"},{"floor":27,"key":"Ancient Potion"},{"floor":28,"key":"LiquidBronze"},{"floor":31,"key":"Milkshake"}],"is_trial":false,"path_per_floor":["R","M","?","$","M","E","T","$","M","R","?","R","M","?","M","B",null,"R","M","M","?","$","R","T","AVR","M","M","M","NM","?","M","M","B"],"character_chosen":"THE_AUTOMATON","items_purchased":["bronze:Terminator","bronze:InfiniteBeams","bronze:Shell","Bag of Preparation"],"campfire_rested":3,"item_purchase_floors":[4,8,22,22],"current_hp_per_floor":[70,70,70,70,61,32,32,22,14,35,35,69,67,55,60,31,80,80,80,70,58,34,58,58,63,41,39,37,30,30,17,22,0,0],"gold":139,"neow_bonus":"RANDOM_COMMON_RELIC","is_daily":false,"chose_seed":false,"campfire_upgraded":1,"win_rate":0.0,"timestamp":1612879944,"path_taken":["R","M","?","?","M","E","T","$","M","R","?","R","M","?","M","BOSS","R","M","M","?","$","R","T","AVR","M","M","M","NM","?","M","M","BOSS"],"items_purchased_type":["Card","Card","Card","Relic"],"build_version":"2020-12-22","purchased_purges":0,"victory":false,"max_hp_per_floor":[70,70,70,70,70,70,70,70,70,70,70,80,80,80,80,80,80,80,80,80,80,80,80,80,85,85,85,85,85,85,85,85,85,85],"relic_stats":{"counters":[20,85],"aspiration:RunicSpoon":[61],"Dead Branch":[25],"Pen Nib":[9],"Bag of Preparation":[14],"obtain_stats":[{"Gremlin Food":0,"bronze:BronzeCore":0,"downfall:HeartBlessingRed":18,"conspire:RoyalGoblet":25,"aspiration:FetidBarrel":6,"aspiration:RunicSpoon":17,"Dead Branch":21,"theForsaken:Lifeblossom":14,"Pen Nib":24,"Bag of Preparation":22,"CCEMRelics:DerglesHeadphones":21,"CCEMRelics:SpiritsEdge":29,"hubris:Icosahedron":30,"downfall:HeartBlessingBlue":12,"CCEMRelics:HeirloomTomato":25},{"Gremlin Food":0,"bronze:BronzeCore":0,"downfall:HeartBlessingRed":9,"conspire:RoyalGoblet":13,"aspiration:FetidBarrel":4,"aspiration:RunicSpoon":9,"Dead Branch":12,"theForsaken:Lifeblossom":7,"Pen Nib":13,"Bag of Preparation":13,"CCEMRelics:DerglesHeadphones":12,"CCEMRelics:SpiritsEdge":17,"hubris:Icosahedron":17,"downfall:HeartBlessingBlue":6,"CCEMRelics:HeirloomTomato":13},{"Gremlin Food":0,"bronze:BronzeCore":0,"downfall:HeartBlessingRed":44,"conspire:RoyalGoblet":58,"aspiration:FetidBarrel":20,"aspiration:RunicSpoon":44,"Dead Branch":54,"theForsaken:Lifeblossom":31,"Pen Nib":58,"Bag of Preparation":58,"CCEMRelics:DerglesHeadphones":54,"CCEMRelics:SpiritsEdge":76,"hubris:Icosahedron":76,"downfall:HeartBlessingBlue":28,"CCEMRelics:HeirloomTomato":58}]},"card_choices":[{"not_picked":["bronze:ChildClass","bronze:DelayedGuard"],"picked":"bronze:Iterate","floor":2},{"not_picked":["bronze:Frontload","bronze:BuggyMess"],"picked":"bronze:HardenedForm","floor":4},{"not_picked":["bronze:Shield","bronze:FollowUp"],"picked":"bronze:ItsAFeature","floor":5},{"not_picked":["bronze:CloningBeam","bronze:Flail"],"picked":"bronze:ClassDefault","floor":6},{"not_picked":["bronze:Overheat","bronze:DigitalCarnage"],"picked":"bronze:Iterate","floor":8},{"not_picked":["bronze:DigitalCarnage","bronze:Deprecate"],"picked":"bronze:Constructor","floor":9},{"not_picked":["bronze:Fortify","bronze:BugBarrage"],"picked":"bronze:Separator","floor":13},{"not_picked":["bronze:ItsAFeature","bronze:NullPointer"],"picked":"bronze:BuggyMess","floor":15},{"not_picked":["bronze:Virus","bronze:HardenedForm"],"picked":"bronze:Break","floor":16},{"not_picked":["bronze:Safeguard+1","bronze:Frontload+1"],"picked":"bronze:Invalidate+1","floor":19},{"not_picked":["bronze:Shield","bronze:Invalidate"],"picked":"bronze:OilSpill","floor":20},{"not_picked":["bronze:ForLoop","bronze:Iterate+1"],"picked":"bronze:OilSpill","floor":21},{"not_picked":["bronze:FollowUp","bronze:Branch"],"picked":"bronze:BugBarrage","floor":22},{"not_picked":["bronze:SpaghettiCode","bronze:Repulsor"],"picked":"bronze:DelayedGuard","floor":26},{"not_picked":["bronze:Frontload+1","bronze:Terminator"],"picked":"bronze:GetLatest","floor":27},{"not_picked":["bronze:DelayedGuard+1","bronze:BitShift"],"picked":"bronze:DelayedSlice","floor":28},{"not_picked":["bronze:Deprecate","bronze:Shell"],"picked":"bronze:Overheat","floor":29},{"not_picked":["bronze:ClassDefault","bronze:OilSpill"],"picked":"bronze:BugBarrage+1","floor":31},{"not_picked":["bronze:ChosenStrike","bronze:BronzeArmor"],"picked":"bronze:Constructor","floor":32}],"player_experience":751777,"relics_obtained":[{"floor":6,"key":"aspiration:FetidBarrel"},{"floor":21,"key":"Dead Branch"},{"floor":21,"key":"CCEMRelics:DerglesHeadphones"},{"floor":24,"key":"Pen Nib"},{"floor":29,"key":"CCEMRelics:SpiritsEdge"}],"event_choices":[{"damage_healed":0,"gold_gain":0,"player_choice":"Ignored","damage_taken":0,"max_hp_gain":0,"max_hp_loss":0,"event_name":"betterNote:BetterNote","floor":3,"gold_loss":0,"cards_obtained":["alterego_mod:TrickOrTreatment"]}],"is_beta":false,"boss_relics":[{"not_picked":["hubris:GrandSneckoEye","Painkiller Herb"],"picked":"aspiration:RunicSpoon"}],"items_purged_floors":[],"is_endless":false,"potions_floor_spawned":[6,9,13,15,16,19,26,27,28,31],"killed_by":"IC_MUSHROOM_ARCHETYPE","ascension_level":0}}