{"host":"xivxriq6evn7ck0f","time":1612900384,"event":{"mods":["AchievementEnabler","BaseMod","Infinite Spire","Minty Spire (QoL Compilation)","StSLib"],"gold_per_floor":[116,191,19,19,35,35,55,55,55,66,92,92,112,123,123,222,222,240,240,155,167,167,167],"floor_reached":22,"language":"ENG","playtime":1709,"items_purged":[],"score":205,"play_id":"28580b11-2bee-4ad7-8eb3-0468ad9d2c7d","local_time":"20210209205304","is_ascension_mode":true,"campfire_choices":[{"data":"Fusion","floor":6,"key":"SMITH"},{"data":"Defragment","floor":8,"key":"SMITH"},{"floor":15,"key":"REST"}],"circlet_count":0,"master_deck":["Strike_B","Strike_B","Strike_B","Strike_B","Defend_B","Defend_B","Defend_B","Defend_B","Zap","Dualcast","Reboot","Capacitor","Fusion+1","Discovery+1","Coolheaded","Defragment+1","Turbo","Creative AI+1","Defragment","Seek","Ball Lightning+1","Hologram"],"relics":["Cracked Core","Omamori","Gremlin Horn","Runic Pyramid","Enchiridion","MealTicket"],"acts_visited":["Exordium","TheCity"],"potions_floor_usage":[11,16,16,21,21],"damage_taken":[{"damage":4,"enemies":"Small Slimes","floor":1,"turns":3},{"damage":0,"enemies":"Jaw Worm","floor":5,"turns":6},{"damage":9,"enemies":"infinitespire:Voidling","floor":7,"turns":5},{"damage":12,"enemies":"Blue Slaver","floor":10,"turns":3},{"damage":18,"enemies":"3 Sentries","floor":11,"turns":10},{"damage":8,"enemies":"3 Louse","floor":13,"turns":3},{"damage":10,"enemies":"Exordium Wildlife","floor":14,"turns":4},{"damage":28,"enemies":"The Guardian","floor":16,"turns":10},{"damage":27,"enemies":"Chosen","floor":18,"turns":5},{"damage":28,"enemies":"Shell Parasite","floor":21,"turns":5},{"damage":33,"enemies":"Snake Plant","floor":22,"turns":3}],"seed_played":"1850158592090654828","potions_obtained":[{"floor":10,"key":"SkillPotion"},{"floor":11,"key":"SpeedPotion"},{"floor":13,"key":"FearPotion"},{"floor":16,"key":"Explosive Potion"},{"floor":18,"key":"Energy Potion"},{"floor":21,"key":"FairyPotion"}],"is_trial":false,"path_per_floor":["M","?","$","?","M","R","M","R","T","M","E","?","M","M","R","B",null,"M","?","?","M","M"],"character_chosen":"DEFECT","items_purchased":["Fusion","Discovery","Coolheaded"],"campfire_rested":1,"item_purchase_floors":[3,3,3],"current_hp_per_floor":[71,60,60,60,60,60,60,60,60,48,30,30,22,12,34,6,75,48,32,32,4,0,0],"gold":167,"neow_bonus":"ONE_RANDOM_RARE_CARD","is_daily":false,"chose_seed":false,"campfire_upgraded":2,"win_rate":0.0,"timestamp":1612900384,"path_taken":["M","?","$","?","M","R","M","R","T","M","E","?","?","M","R","BOSS","M","?","?","M","?"],"items_purchased_type":["Card","Card","Card"],"build_version":"2020-12-22","purchased_purges":0,"victory":false,"max_hp_per_floor":[75,75,75,75,75,75,75,75,75,75,75,75,75,75,75,75,75,75,75,75,75,75,75],"card_choices":[{"not_picked":["BootSequence","Sweeping Beam"],"picked":"Capacitor","floor":1},{"not_picked":["Leap","Hello World"],"picked":"Defragment","floor":5},{"not_picked":["Glacier","Stack","Gash"],"picked":"SKIP","floor":7},{"not_picked":["Undo","Gash"],"picked":"Turbo","floor":10},{"not_picked":["Go for the Eyes","Rip and Tear"],"picked":"Creative AI","floor":11},{"not_picked":["Coolheaded","Go for the Eyes"],"picked":"Defragment","floor":13},{"not_picked":["Conserve Battery","Consume","Stack"],"picked":"SKIP","floor":14},{"not_picked":["Hyperbeam","Fission"],"picked":"Seek","floor":16},{"not_picked":["Steam+1","Sweeping Beam"],"picked":"Ball Lightning+1","floor":18},{"not_picked":["Beam Cell+1","Stack+1"],"picked":"Hologram","floor":21}],"player_experience":175790,"relics_obtained":[{"floor":9,"key":"Omamori"},{"floor":11,"key":"Gremlin Horn"},{"floor":19,"key":"Enchiridion"}],"event_choices":[{"damage_healed":0,"gold_gain":75,"player_choice":"Gather Gold","damage_taken":11,"max_hp_gain":0,"max_hp_loss":0,"event_name":"World of Goop","floor":2,"gold_loss":0},{"damage_healed":0,"gold_gain":0,"player_choice":"Grow","damage_taken":0,"max_hp_gain":0,"max_hp_loss":0,"event_name":"Living Wall","floor":4,"gold_loss":0,"cards_upgraded":["Discovery"]},{"damage_healed":0,"gold_gain":0,"player_choice":"Forge","damage_taken":0,"max_hp_gain":0,"max_hp_loss":0,"event_name":"Accursed Blacksmith","floor":12,"gold_loss":0,"cards_upgraded":["Creative AI"]},{"damage_healed":0,"gold_gain":0,"player_choice":"Obtained Book","damage_taken":16,"max_hp_gain":0,"max_hp_loss":0,"event_name":"Cursed Tome","floor":19,"gold_loss":0},{"damage_healed":0,"gold_gain":0,"player_choice":"Obtained Relic","damage_taken":0,"relics_obtained":["MealTicket"],"max_hp_gain":0,"max_hp_loss":0,"event_name":"Addict","floor":20,"gold_loss":85}],"is_beta":false,"boss_relics":[{"not_picked":["Philosopher\u0027s Stone","FrozenCore"],"picked":"Runic Pyramid"}],"items_purged_floors":[],"is_endless":false,"potions_floor_spawned":[10,11,13,16,18,21],"killed_by":"Snake Plant","ascension_level":2}}