{"host":"A Jargain","time":1612855088,"event":{"mods":["Act Like it!","Aspiration","BaseMod","Downfall","Halation","Hubris","Infinite Spire","Marisa????????","Minty Spire (QoL Compilation)","Replay The Spire","StSLib","The Servant 0.9.4","Waifu the Spire"],"gold_per_floor":[119,137,184,202,220,253,55,55,123,140,140,315,315,331,331,427,427,441,456,456,456],"floor_reached":20,"language":"ENG","playtime":1270,"items_purged":["Ricochet+1"],"score":194,"play_id":"205834f2-19ae-4012-89c4-4325daf9946c","local_time":"20210209181808","is_ascension_mode":true,"campfire_choices":[{"floor":11,"key":"RECALL"},{"floor":15,"key":"REST"}],"circlet_count":0,"master_deck":["Strike_B","Strike_B","Strike_B","Strike_B","Defend_B","Defend_B","Defend_B","Defend_B","Zap","Dualcast","Dramatic Entrance","Blizzard","Coolheaded","Redo","Panic Button","Glacier","Chill","hubris:Ukulele","FIFO Queue","Conserve Battery","Redo","Doubt","Defragment","Meteor Strike","BasicCrystalCard","Panic Button"],"relics":["Cracked Core","hubris:BallOfYels","aspiration:DSix","hubris:Towel","Iron Hammer","Philosopher\u0027s Stone"],"acts_visited":["Exordium","TheCity"],"potions_floor_usage":[16,16,20],"damage_taken":[{"damage":11,"enemies":"infinitespire:Voidling","floor":1,"turns":4},{"damage":12,"enemies":"Small Slimes","floor":2,"turns":2},{"damage":7,"enemies":"Jaw Worm","floor":4,"turns":3},{"damage":0,"enemies":"Looter","floor":5,"turns":5},{"damage":5,"enemies":"3 Sentries","floor":6,"turns":8},{"damage":0,"enemies":"3 Louse","floor":10,"turns":1},{"damage":0,"enemies":"Gremlin Gang","floor":14,"turns":1},{"damage":77,"enemies":"Fading Forest","floor":16,"turns":11},{"damage":0,"enemies":"Chosen","floor":18,"turns":5},{"damage":14,"enemies":"Spheric Guardian","floor":19,"turns":4},{"damage":64,"enemies":"3 Cultists","floor":20,"turns":5}],"seed_played":"7483920347710514670","potions_obtained":[{"floor":3,"key":"Doom Potion"},{"floor":10,"key":"Toxic Potion"},{"floor":14,"key":"SteroidPotion"},{"floor":16,"key":"hexamod:SoulburnPotion"},{"floor":19,"key":"Elixir"}],"is_trial":false,"path_per_floor":["M","M","?","M","M","E","$","?","T","M","R","?","$","M","R","B",null,"M","M","M"],"character_chosen":"DEFECT","items_purchased":["FIFO Queue","Conserve Battery"],"campfire_rested":1,"item_purchase_floors":[7,7],"current_hp_per_floor":[64,52,52,45,45,40,40,40,40,40,40,40,40,40,62,3,75,75,61,0,0],"gold":456,"neow_bonus":"RANDOM_COLORLESS","is_daily":false,"chose_seed":false,"campfire_upgraded":0,"win_rate":0.0,"timestamp":1612855088,"path_taken":["M","?","?","M","M","E","$","?","T","M","R","?","?","M","R","BOSS","M","M","?"],"items_purchased_type":["Card","Card"],"build_version":"2020-12-18","purchased_purges":1,"victory":false,"max_hp_per_floor":[75,75,75,75,75,75,75,75,75,75,75,75,75,75,75,75,75,75,75,75,75],"card_choices":[{"not_picked":["Survey Options","Panacea"],"picked":"Dramatic Entrance","floor":0},{"not_picked":["Steam Power","Panic Button"],"picked":"Blizzard","floor":1},{"not_picked":["Leap","Streamline"],"picked":"Coolheaded","floor":2},{"not_picked":["Skim","Hologram"],"picked":"Redo","floor":3},{"not_picked":["Rebound","ReplayTheSpireMod:System Scan"],"picked":"Panic Button","floor":3},{"not_picked":["Panic Button","Chill"],"picked":"Glacier","floor":4},{"not_picked":["Reboot","Sweeping Beam"],"picked":"Chill","floor":5},{"not_picked":["Turbo","Sweeping Beam"],"picked":"hubris:Ukulele","floor":6},{"not_picked":["Auto Shields","Compile Driver"],"picked":"Redo","floor":10},{"not_picked":["ReplayGash","Panic Button"],"picked":"Defragment","floor":14},{"not_picked":["Hyperbeam","All For One"],"picked":"Meteor Strike","floor":16},{"not_picked":["Self Repair+1","Compile Driver"],"picked":"BasicCrystalCard","floor":18},{"not_picked":["Beam Cell","Gash"],"picked":"Panic Button","floor":19}],"player_experience":280929,"relics_obtained":[{"floor":3,"key":"hubris:BallOfYels"},{"floor":6,"key":"aspiration:DSix"},{"floor":9,"key":"Iron Hammer"}],"event_choices":[{"damage_healed":0,"gold_gain":175,"player_choice":"AGREE","damage_taken":0,"max_hp_gain":0,"max_hp_loss":0,"event_name":"Liars Game","floor":12,"gold_loss":0,"cards_obtained":["Doubt"]}],"is_beta":true,"boss_relics":[{"not_picked":["ReplayTheSpireMod:DimensionalGlitch","Ring of Chaos"],"picked":"Philosopher\u0027s Stone"}],"items_purged_floors":[7],"is_endless":false,"potions_floor_spawned":[10,14,16,19],"killed_by":"3 Cultists","ascension_level":2}}