{"host":"vflj39ie5n27t074","time":1612829264,"event":{"mods":["BaseMod","BetterRewards","Bossed Relics","Colored Map","Colored Powertips","Downfall","Hero for Fun","Hubris","Infinite Spire","Marisa????????","Minty Spire (QoL Compilation)","Replay The Spire","SIMod","StSLib","The Jungle","The Mystic","The Poker Player","The Servant 0.9.4"],"gold_per_floor":[117,136,136,151,165,200,200,200,246,246,246,261,186,197,197,197,197],"floor_reached":16,"language":"ENG","playtime":773,"items_purged":["Defend_R"],"score":102,"play_id":"3c1f7658-efb5-4bef-a57d-aef7a51efbdb","local_time":"20210208180744","is_ascension_mode":false,"campfire_choices":[{"data":"Clothesline","floor":7,"key":"SMITH"},{"floor":11,"key":"REST"},{"data":"Shrug It Off","floor":15,"key":"SMITH"}],"circlet_count":0,"master_deck":["Strike_R+1","Strike_R","Strike_R","Strike_R","Strike_R","Defend_R","Defend_R","Defend_R","Bash","Clothesline+1","infinitespire:OneForAll+1","hubris:ReadiedAction+1","Shrug It Off+1"],"relics":["Burning Blood","Paper Frog","Anchor"],"acts_visited":["Exordium"],"potions_floor_usage":[6,14],"damage_taken":[{"damage":5,"enemies":"Cultist","floor":1,"turns":4},{"damage":3,"enemies":"Jaw Worm","floor":2,"turns":3},{"damage":5,"enemies":"2 Louse","floor":4,"turns":4},{"damage":22,"enemies":"Exordium Thugs","floor":5,"turns":5},{"damage":42,"enemies":"Lagavulin","floor":6,"turns":9},{"damage":10,"enemies":"2 Fungi Beasts","floor":12,"turns":3},{"damage":10,"enemies":"Lots of Slimes","floor":14,"turns":4},{"damage":52,"enemies":"The Guardian","floor":16,"turns":12}],"seed_played":"-8133552878998385707","potions_obtained":[{"floor":4,"key":"Block Potion"},{"floor":6,"key":"ColorlessPotion"}],"is_trial":false,"path_per_floor":["M","M","$","M","M","E","R","?","T","?","R","M","$","M","R","B"],"character_chosen":"IRONCLAD","items_purchased":[],"campfire_rested":1,"item_purchase_floors":[],"current_hp_per_floor":[88,88,88,88,72,36,36,18,18,18,44,40,40,36,36,0,0],"gold":197,"neow_bonus":"TEN_PERCENT_HP_BONUS","is_daily":false,"chose_seed":false,"campfire_upgraded":2,"win_rate":0.0,"timestamp":1612829264,"path_taken":["M","M","?","M","M","E","R","?","T","?","R","?","$","M","R","BOSS"],"items_purchased_type":[],"build_version":"2020-12-22","purchased_purges":1,"victory":false,"max_hp_per_floor":[88,88,88,88,88,88,88,88,88,88,88,88,88,88,88,88,88],"card_choices":[{"not_picked":["Perfected Strike","Thunderclap"],"picked":"Clothesline","floor":1},{"not_picked":["True Grit","Sword Boomerang","ReplayTheSpireMod:Strike From Hell"],"picked":"SKIP","floor":2},{"not_picked":["Body Slam","Rage"],"picked":"infinitespire:OneForAll","floor":4},{"not_picked":["True Grit","Anger","Carnage"],"picked":"SKIP","floor":5},{"not_picked":["Berserk","Twin Strike"],"picked":"hubris:ReadiedAction","floor":6},{"not_picked":["hubris:ReadiedAction","Flame Barrier"],"picked":"Shrug It Off","floor":12},{"not_picked":["Feel No Pain","Power Through","Sword Boomerang"],"picked":"SKIP","floor":14}],"player_experience":105479,"relics_obtained":[{"floor":6,"key":"Paper Frog"},{"floor":9,"key":"Anchor"}],"event_choices":[{"damage_healed":0,"gold_gain":0,"player_choice":"Entered Light","damage_taken":18,"max_hp_gain":0,"max_hp_loss":0,"event_name":"Shining Light","floor":8,"gold_loss":0,"cards_upgraded":["infinitespire:OneForAll","Strike_R"]},{"damage_healed":0,"gold_gain":0,"player_choice":"Grow","damage_taken":0,"max_hp_gain":0,"max_hp_loss":0,"event_name":"Living Wall","floor":10,"gold_loss":0,"cards_upgraded":["hubris:ReadiedAction"]}],"is_beta":false,"boss_relics":[],"items_purged_floors":[13],"is_endless":false,"potions_floor_spawned":[4,6],"killed_by":"The Guardian","ascension_level":0}}