{"host":"onjcd8pn3ar4eq0z","time":1612845384,"event":{"mods":["2.2 Compatiblity","AchievementEnabler","Act Like it!","Aspiration","BaseMod","Bestiary","Better Note","Better Third Choice","BetterRewards","CapriCore","ChefMod","Colored Map","Colored Powertips","Conspire","Curses Come First","Downfall","Friendly Minions","Gensokyo","GifTheSpireLib","Gremlin Mod","Hallownest","Hermit","Highlight Path","Hubris","Infinite Spire","Jorbs\u0027s Wanderer Trilogy","Koishi","Lobotomy","LobotomyExtend","Marisa????????","Mimic Mod","Minty Spire (QoL Compilation)","Pale of the Ancients","Potionbrewer","Practice Mode","Relic Sorter","Reliquary","Remilia??????","Replay The Spire","Shop Mod","Spicy Shops","StSLib","Synergy Search","The Administrix","The Animator","The Blue Laboratory","The Bug Knight","The Construct","The Cursed","The Disciple","The Gatherer","The Hierophant","The Immortal","The Mystic","The Necromancer","The Runesmith","The Sage","The Servant 0.9.4","TheBandit","TheSwordswoman","Waifu the Spire","Wandering Minibosses","Yuyuko","noobMod"],"gold_per_floor":[99,113,123,141,158,177,215,323,336,336,382,409,441,464,476,582,582,582,582,582,582,582,603,653,653,653,241,278,295,295,295,61,78,101,213,213,213,237,237,253,57,76,121,138,138,165,265,298,8,39,63,73],"floor_reached":53,"language":"ENG","playtime":14739,"items_purged":["ReplayTheSpireMod:Restless Dread"],"score":823,"play_id":"71209a02-55c3-4b36-9a57-daffee3d38c7","local_time":"20210208223624","is_ascension_mode":false,"campfire_choices":[{"data":"hexamod:Sear","floor":1,"key":"SMITH"},{"floor":10,"key":"REST"},{"data":"hexamod:UnlimitedPower","floor":18,"key":"SMITH"},{"floor":25,"key":"REST"},{"data":"ReplayTheSpireMod:Book of Names","floor":37,"key":"SMITH"},{"floor":45,"key":"REST"}],"circlet_count":0,"master_deck":["hexamod:Strike","hexamod:Strike","hexamod:Strike","hexamod:Strike","hexamod:Defend","hexamod:Defend","hexamod:Defend","hexamod:Defend","hexamod:Sear+1","hexamod:Float","hexamod:Hexaguard","hexamod:SwordOfDarkness","hexamod:SpectersWail+1","hexamod:NightmareStrike+1","Pot Of Greed","Pot Of Greed","hexamod:GhostOfSpireFuture","hexamod:RecurringNightmare+1","hexamod:Hexaguard","hexamod:HexaLevel","hexamod:SpectersWail","hexamod:FastForward","hexamod:BurningTouch","hexamod:FastForward","hexamod:UnlimitedPower+1","Pot Of Greed","Guardian:ConstructionForm+1","hexamod:SkipABeat","hexamod:ShieldOfDarkness+1","hexamod:SwordOfDarkness","expansioncontent:DashGenerateEvil","hexamod:UnleashSpirits","hexamod:ThermalTransfer+1","ReplayTheSpireMod:Book of Names+1","hexamod:BurningTouch","hexamod:UnlimitedPower+1","hexamod:HeatCrush","Pot Of Greed","hexamod:EmpoweredFlame+1","CurseOfTheBell","hexamod:SpectersWail+1","hexamod:GhostOfSpirePresent+1","hexamod:SpectersWail","hexamod:FifthSeal","hexamod:BurningTouch","hexamod:VolcanoVisage","Pot Of Greed","hexamod:FirstSeal","hexamod:FourthSeal","hexamod:NightmareGuise","hexamod:SixthSeal","hexamod:DynamicBlow+1","hexamod:StepThrough","hexamod:PhantomFireball","hexamod:GhostShield+1","hexamod:PhantomFireball+1"],"relics":["hexamod:SpiritBrand","ice","LetterFromLob","Grinning Jar","Anchor","construct:BoolHorns","ChewingGum","MagicBullet_r","hexamod:InflammatoryLetter","reliquary:TridentHead","infinitespire:PuzzleCube","bronze:MakeshiftBattery","hubris:Zylophone","hubris:MysteriousPyramids","aspiration:HiddenCompartment","hubris:CuriousFeather","Mirror","downfall:ExtraCursedKey","hexamod:TheBrokenSeal","hubris:Teleporter","MerchantsRug","Replay:Rubber Ducky","Replay:Bandana"],"acts_visited":["Exordium","TheCity","TheBeyond"],"potions_floor_usage":[8,11,11,13,16,16,35,35,38,41,43,44,48,52,52,52],"damage_taken":[{"damage":0,"enemies":"conspire:RoseBush","floor":2,"turns":3},{"damage":0,"enemies":"Small Slimes","floor":3,"turns":3},{"damage":0,"enemies":"Cultist","floor":4,"turns":4},{"damage":0,"enemies":"Gremlin Gang","floor":5,"turns":4},{"damage":0,"enemies":"Large Slime","floor":6,"turns":4},{"damage":0,"enemies":"Lots of Slimes","floor":7,"turns":7},{"damage":22,"enemies":"downfall:LadyInBlue","floor":8,"turns":12},{"damage":6,"enemies":"Lots of Slimes","floor":9,"turns":2},{"damage":15,"enemies":"3 Sentries","floor":11,"turns":9},{"damage":0,"enemies":"Gremlin Gang","floor":12,"turns":4},{"damage":13,"enemies":"Gremlin Nob","floor":13,"turns":3},{"damage":0,"enemies":"Exordium Wildlife","floor":14,"turns":3},{"damage":0,"enemies":"Large Slime","floor":15,"turns":5},{"damage":41,"enemies":"WA_ARCHETYPE_RETAIN","floor":16,"turns":8},{"damage":0,"enemies":"conspire:FuzzyDice","floor":23,"turns":3},{"damage":0,"enemies":"downfall:FleeingMerchant","floor":27,"turns":4},{"damage":3,"enemies":"Book of Stabbing","floor":28,"turns":3},{"damage":2,"enemies":"Snake Plant","floor":29,"turns":3},{"damage":0,"enemies":"downfall:FleeingMerchant","floor":32,"turns":4},{"damage":0,"enemies":"Sentry and Sphere","floor":33,"turns":3},{"damage":20,"enemies":"Centurion and Healer","floor":34,"turns":3},{"damage":33,"enemies":"IC_MUSHROOM_ARCHETYPE","floor":35,"turns":5},{"damage":0,"enemies":"Orb Walker","floor":38,"turns":3},{"damage":0,"enemies":"3 Shapes","floor":40,"turns":2},{"damage":8,"enemies":"downfall:FleeingMerchant","floor":41,"turns":3},{"damage":2,"enemies":"3 Darklings","floor":42,"turns":3},{"damage":1,"enemies":"Maw","floor":43,"turns":9},{"damage":39,"enemies":"Maw","floor":44,"turns":7},{"damage":0,"enemies":"Sphere and 2 Shapes","floor":46,"turns":5},{"damage":55,"enemies":"Giant Head","floor":48,"turns":9},{"damage":0,"enemies":"conspire:MimicChest","floor":50,"turns":2},{"damage":0,"enemies":"Transient","floor":51,"turns":5},{"damage":34,"enemies":"DF_ARCHETYPE_ORBS","floor":52,"turns":4}],"seed_played":"1012803560744209177","potions_obtained":[{"floor":2,"key":"Dexterity Potion"},{"floor":8,"key":"potionbrewer:MidasPotion"},{"floor":8,"key":"potionbrewer:BarricadePotion"},{"floor":8,"key":"EssenceOfSteel"},{"floor":11,"key":"SpeedPotion"},{"floor":12,"key":"Adrenaline Potion"},{"floor":13,"key":"blueLaboratory:ArtificerPotion"},{"floor":14,"key":"blueLaboratory:CorrosionFlask"},{"floor":15,"key":"SkillPotion"},{"floor":16,"key":"blueLaboratory:FrostheartPotion"},{"floor":23,"key":"blueLaboratory:BottleOfRum"},{"floor":24,"key":"Fire Potion"},{"floor":31,"key":"CultistPotion"},{"floor":34,"key":"Dexterity Potion"},{"floor":35,"key":"SmokeBomb"},{"floor":35,"key":"hexamod:SoulburnPotion"},{"floor":38,"key":"hexamod:SoulburnPotion"},{"floor":40,"key":"blueLaboratory:LouseDecoction"},{"floor":41,"key":"champ:CounterPotion"},{"floor":43,"key":"FearPotion"},{"floor":44,"key":"hexamod:SoulburnPotion"},{"floor":48,"key":"blueLaboratory:ExaltedPotion"},{"floor":48,"key":"potionbrewer:SplittingPotion"}],"is_trial":false,"path_per_floor":["R","M","M","M","M","M","MIM","?","M","R","E","M","E","M","M","B",null,"R_BF","M","PTL","PTL","?","M","?","R","T","$","E","M","AVR","?","$","M","M","B",null,"R","M","?","M","$","M","MIM","M","R","M","?","E","$","?","M","B",null],"character_chosen":"THE_SPIRIT","items_purchased":["expansioncontent:DashGenerateEvil","reliquary:TridentHead","hexamod:FourthSeal","DollysMirror","hubris:CuriousFeather","Mirror","MerchantsRug","Replay:Rubber Ducky","hexamod:PhantomFireball"],"campfire_rested":3,"item_purchase_floors":[27,27,32,32,41,41,49,49,49],"current_hp_per_floor":[77,77,77,77,77,77,77,55,49,72,57,57,44,44,44,3,77,77,77,77,77,77,77,47,70,70,70,67,65,65,65,65,65,45,12,77,77,77,77,77,69,67,67,35,58,65,65,87,87,87,87,53],"gold":73,"neow_bonus":"TEN_PERCENT_HP_BONUS","is_daily":false,"chose_seed":false,"campfire_upgraded":3,"win_rate":0.0,"timestamp":1612845384,"path_taken":["R","M","M","M","M","?","MIM","?","M","R","E","M","E","?","M","BOSS","R_BF","M","PTL","PTL","?","?","?","R","T","$","E","M","AVR","?","?","M","M","BOSS","R","M","?","M","?","M","MIM","M","R","M","?","E","$","?","M","BOSS"],"items_purchased_type":["Card","Relic","Card","Relic","Relic","Relic","Relic","Relic","Card"],"build_version":"2020-12-22","purchased_purges":1,"victory":true,"max_hp_per_floor":[77,77,77,77,77,77,77,77,77,77,77,77,77,77,77,77,77,77,77,77,77,77,77,77,77,77,77,77,77,77,77,77,77,77,77,77,77,77,77,77,77,77,77,77,77,77,77,87,87,87,87,87],"card_choices":[{"not_picked":["hexamod:BurningTouch","hexamod:InspiringFlames"],"picked":"hexamod:Hexaguard","floor":2},{"not_picked":["hexamod:HauntingEcho","hexamod:ThermalTransfer"],"picked":"hexamod:SwordOfDarkness","floor":3},{"not_picked":["hexamod:SpectersWail","hexamod:GhostLash"],"picked":"hexamod:SecondSeal","floor":4},{"not_picked":["hexamod:SwordOfDarkness","hexamod:Incineration"],"picked":"hexamod:SpectersWail","floor":5},{"not_picked":["hexamod:InspiringFlames","hexamod:Hexaguard"],"picked":"hexamod:NightmareStrike","floor":6},{"not_picked":["hexamod:GhostLash","hexamod:Incineration"],"picked":"hexamod:GhostOfSpireFuture","floor":7},{"not_picked":["hexamod:SpectersWail","hexamod:SwordOfDarkness"],"picked":"hexamod:RecurringNightmare","floor":8},{"not_picked":["hexamod:RetreatToShadows","hexamod:GhostOfSpirePast"],"picked":"hexamod:Hexaguard","floor":9},{"not_picked":["hexamod:BacktrackSmack","hexamod:GhostOfSpirePast"],"picked":"hexamod:HexaLevel","floor":11},{"not_picked":["hexamod:NecessarySacrifice","hexamod:HeatMetal"],"picked":"hexamod:SpectersWail","floor":12},{"not_picked":["hexamod:Firestarter","hexamod:NightmareStrike"],"picked":"hexamod:FastForward","floor":13},{"not_picked":["hexamod:InspiringFlames","hexamod:Incineration"],"picked":"hexamod:BurningTouch","floor":14},{"not_picked":["hexamod:RetreatToShadows","hexamod:GhostShield"],"picked":"hexamod:FastForward","floor":15},{"not_picked":["hexamod:ForkedFlame","hexamod:ParanormalForm"],"picked":"hexamod:UnlimitedPower","floor":16},{"not_picked":["hexamod:SpectersWail","hexamod:SwordOfDarkness"],"picked":"hexamod:SkipABeat","floor":23},{"not_picked":["hexamod:InspiringFlames","hexamod:SecondSeal"],"picked":"hexamod:ShieldOfDarkness+1","floor":24},{"not_picked":["hexamod:BacktrackSmack+1","hexamod:ThermalTransfer"],"picked":"hexamod:SwordOfDarkness","floor":27},{"not_picked":["hexamod:HauntingEcho","hexamod:NightmareGuise"],"picked":"hexamod:UnleashSpirits","floor":28},{"not_picked":["hexamod:PhantomCloak","hexamod:CatchUp"],"picked":"hexamod:ThermalTransfer","floor":29},{"not_picked":["hexamod:HauntingEcho","hexamod:CatchUp"],"picked":"hexamod:BurningTouch","floor":32},{"not_picked":["hexamod:HauntingEcho","hexamod:SearingWound"],"picked":"hexamod:HeatCrush","floor":33},{"not_picked":["hexamod:InspiringFlames","hexamod:NightmareGuise"],"picked":"hexamod:EmpoweredFlame+1","floor":34},{"not_picked":["hexamod:SearingWound","hexamod:GhostflameInferno"],"picked":"hexamod:FifthSeal","floor":35},{"not_picked":["hexamod:FourthSeal","hexamod:ThirdSeal"],"picked":"hexamod:SixthSeal","floor":38},{"not_picked":["hexamod:GhostLash","hexamod:GhostShield+1"],"picked":"hexamod:SpectersWail+1","floor":38},{"not_picked":["hexamod:FastForward","hexamod:Firestarter+1"],"picked":"hexamod:SpectersWail","floor":40},{"not_picked":["hexamod:Hexaguard","hexamod:GhostShield"],"picked":"hexamod:FifthSeal","floor":41},{"not_picked":["hexamod:HeatShield","hexamod:FastForward+1"],"picked":"hexamod:BurningTouch","floor":42},{"not_picked":["hexamod:SixthSeal","hexamod:ThirdSeal"],"picked":"hexamod:FirstSeal","floor":43},{"not_picked":["hexamod:FourthSeal","hexamod:SixthSeal"],"picked":"hexamod:ThirdSeal","floor":43},{"not_picked":["hexamod:PhantomFireball+1","hexamod:FastForward"],"picked":"hexamod:VolcanoVisage","floor":43},{"not_picked":["hexamod:FourthSeal","hexamod:ThirdSeal"],"picked":"hexamod:FirstSeal","floor":44},{"not_picked":["hexamod:RadiantFlame","hexamod:GhostShield+1"],"picked":"hexamod:FourthSeal","floor":44},{"not_picked":["hexamod:GhostShield+1","hexamod:BurningTouch+1"],"picked":"hexamod:NightmareGuise","floor":44},{"not_picked":["hexamod:ThirdSeal","hexamod:SecondSeal"],"picked":"hexamod:SixthSeal","floor":46},{"not_picked":["hexamod:ForkedFlame","hexamod:BurningTouch"],"picked":"hexamod:DynamicBlow+1","floor":46},{"not_picked":["hexamod:InspiringFlames+1","hexamod:RecurringNightmare+1"],"picked":"hexamod:StepThrough","floor":48},{"not_picked":["hexamod:SoulSteal+1","hexamod:FastForward"],"picked":"hexamod:GhostShield+1","floor":50},{"not_picked":["hexamod:InspiringFlames","hexamod:RecurringNightmare"],"picked":"hexamod:PhantomFireball+1","floor":51}],"player_experience":500711,"relics_obtained":[{"floor":2,"key":"LetterFromLob"},{"floor":7,"key":"Grinning Jar"},{"floor":8,"key":"White Beast Statue"},{"floor":11,"key":"Anchor"},{"floor":13,"key":"construct:BoolHorns"},{"floor":26,"key":"hexamod:InflammatoryLetter"},{"floor":28,"key":"infinitespire:PuzzleCube"},{"floor":36,"key":"hubris:Zylophone"},{"floor":36,"key":"hubris:MysteriousPyramids"},{"floor":36,"key":"aspiration:HiddenCompartment"},{"floor":43,"key":"conspire:InfiniteJournal"},{"floor":48,"key":"hubris:Teleporter"},{"floor":50,"key":"Replay:Bandana"}],"event_choices":[{"cards_removed":["hexamod:Sear"],"damage_healed":0,"gold_gain":0,"player_choice":"Take \u0026 Give","damage_taken":0,"max_hp_gain":0,"max_hp_loss":0,"event_name":"betterNote:BetterNote","floor":22,"gold_loss":0,"cards_obtained":["Guardian:ConstructionForm"]}],"is_beta":false,"boss_relics":[{"not_picked":["Ring of Chaos","hubris:HollowSoul"],"picked":"ChewingGum"},{"not_picked":["potionbrewer:BhaskarasWheel","reliquary:RedCape"],"picked":"Calling Bell"}],"items_purged_floors":[49],"is_endless":false,"potions_floor_spawned":[2,9,11,12,13,14,15,16,23,27,28,29,32,33,34,35,38,40,41,42,43,44,46,48],"ascension_level":0}}