{"host":"ydg0vn0pu4pubmdt","time":1612891044,"event":{"mods":["AchievementEnabler","BaseMod","Colored Map","Gold Saver","Minty Spire (QoL Compilation)","Quick Restart","SuperFastMode"],"gold_per_floor":[801,801,678,690,706,726,755,755,780,780,780,800,811,665,665,739,739,754,772,791,280,297,332,348,364,364,364,364,381,381,396,396,468,468,488,164,184,184,209,209,237,237,292,308,89,89,136,150,150,150],"floor_reached":51,"language":"KOR","playtime":1402,"items_purged":["Defend_P","Strike_P","Decay","Strike_P+1"],"score":1284,"play_id":"4c7dafd3-488c-4b73-8b4d-c2843e939872","local_time":"20210210021724","is_ascension_mode":true,"campfire_choices":[{"data":"Eruption","floor":11.0,"key":"SMITH"},{"data":"FlurryOfBlows","floor":15.0,"key":"SMITH"},{"floor":28.0,"key":"REST"},{"floor":30.0,"key":"REST"},{"floor":32.0,"key":"REST"},{"floor":40.0,"key":"DIG"},{"floor":46.0,"key":"DIG"},{"floor":49.0,"key":"DIG"}],"circlet_count":0,"master_deck":["AscendersBane","Strike_P+1","Defend_P+1","Defend_P+1","Defend_P+1","Eruption+1","Vigilance+1","LessonLearned+1","InnerPeace+1","FollowUp+1","Tantrum+1","Adaptation+1","FlurryOfBlows+1","TalkToTheHand+1","FearNoEvil+1","Adaptation+1","Deep Breath","Scrawl+1","Adaptation+1"],"relics":["PureWater","Nunchaku","Toy Ornithopter","Regal Pillow","SlaversCollar","TheAbacus","Kunai","Potion Belt","Bottled Tornado","Fusion Hammer","Shovel","Vajra","Bag of Preparation","Ancient Tea Set","PreservedInsect","GoldenEye","Sundial"],"acts_visited":["Exordium","TheCity","TheBeyond"],"potions_floor_usage":[50,50,50],"damage_taken":[{"damage":1.0,"enemies":"Small Slimes","floor":1.0,"turns":5.0},{"damage":6.0,"enemies":"Jaw Worm","floor":4.0,"turns":4.0},{"damage":0.0,"enemies":"Cultist","floor":5.0,"turns":3.0},{"damage":13.0,"enemies":"Large Slime","floor":6.0,"turns":6.0},{"damage":5.0,"enemies":"3 Sentries","floor":7.0,"turns":6.0},{"damage":0.0,"enemies":"Looter","floor":12.0,"turns":1.0},{"damage":9.0,"enemies":"3 Louse","floor":13.0,"turns":2.0},{"damage":48.0,"enemies":"The Guardian","floor":16.0,"turns":10.0},{"damage":0.0,"enemies":"Spheric Guardian","floor":18.0,"turns":2.0},{"damage":8.0,"enemies":"3 Byrds","floor":19.0,"turns":4.0},{"damage":10.0,"enemies":"Shelled Parasite and Fungi","floor":20.0,"turns":2.0},{"damage":0.0,"enemies":"Sentry and Sphere","floor":22.0,"turns":4.0},{"damage":46.0,"enemies":"Gremlin Leader","floor":23.0,"turns":6.0},{"damage":0.0,"enemies":"3 Cultists","floor":24.0,"turns":3.0},{"damage":6.0,"enemies":"Snake Plant","floor":25.0,"turns":3.0},{"damage":15.0,"enemies":"Centurion and Healer","floor":29.0,"turns":3.0},{"damage":8.0,"enemies":"Chosen and Byrds","floor":31.0,"turns":3.0},{"damage":51.0,"enemies":"Collector","floor":33.0,"turns":5.0},{"damage":9.0,"enemies":"3 Shapes","floor":35.0,"turns":2.0},{"damage":0.0,"enemies":"3 Darklings","floor":37.0,"turns":3.0},{"damage":0.0,"enemies":"Mind Bloom Boss Battle","floor":39.0,"turns":6.0},{"damage":4.0,"enemies":"Giant Head","floor":41.0,"turns":4.0},{"damage":0.0,"enemies":"4 Shapes","floor":44.0,"turns":3.0},{"damage":0.0,"enemies":"2 Orb Walkers","floor":47.0,"turns":2.0},{"damage":0.0,"enemies":"Maw","floor":48.0,"turns":2.0},{"damage":0,"enemies":"Donu and Deca","floor":50,"turns":3}],"seed_played":"5604620670548932543","potions_obtained":[{"floor":1.0,"key":"LiquidMemories"},{"floor":13.0,"key":"Fruit Juice"},{"floor":16.0,"key":"SpeedPotion"},{"floor":19.0,"key":"LiquidMemories"},{"floor":20.0,"key":"DistilledChaos"},{"floor":23.0,"key":"ColorlessPotion"},{"floor":25.0,"key":"EssenceOfSteel"},{"floor":31.0,"key":"Ancient Potion"},{"floor":33.0,"key":"Dexterity Potion"},{"floor":35.0,"key":"LiquidBronze"},{"floor":47.0,"key":"DuplicationPotion"}],"is_trial":false,"path_per_floor":["M","?","$","M","M","M","E","?","T","?","R","M","M","?","R","B",null,"M","M","M","$","M","E","M","M","T","?","R","M","R","M","R","B",null,"M","$","M","?","?","R","E","?","T","M","$","R","?","M","R","B",null],"character_chosen":"WATCHER","items_purchased":["Explosive Potion","TheAbacus","Kunai","Deep Breath","EntropicBrew","Adaptation"],"campfire_rested":3,"item_purchase_floors":[3,21,21,36,36,45],"current_hp_per_floor":[60,53,53,47,47,34,29,51,51,51,51,51,42,42,42,4,56,56,48,43,43,48,7,12,6,6,6,42,27,63,55,73,22,60,51,51,51,51,51,51,47,47,47,52,52,52,52,52,52,67],"gold":150,"neow_bonus":"ONE_RANDOM_RARE_CARD","is_daily":false,"chose_seed":false,"campfire_upgraded":2,"win_rate":0.0,"timestamp":1612891044,"path_taken":["M","?","$","M","M","M","E","?","T","?","R","M","M","?","R","BOSS","M","?","M","$","M","E","M","M","T","?","R","M","R","M","R","BOSS","M","$","M","?","?","R","E","?","T","M","$","R","?","M","R","BOSS"],"items_purchased_type":["Potion","Relic","Relic","Card","Potion","Card"],"build_version":"2020-12-22","purchased_purges":4,"victory":true,"max_hp_per_floor":[68,68,68,68,68,68,68,68,68,68,68,68,68,68,68,73,73,73,73,73,73,73,73,73,73,73,73,73,73,73,73,73,73,73,73,73,73,73,73,73,73,69,69,69,69,69,69,69,69,69],"card_choices":[{"not_picked":["Collect","Crescendo"],"picked":"InnerPeace","floor":1.0},{"not_picked":["ClearTheMind","WindmillStrike"],"picked":"FollowUp","floor":4.0},{"not_picked":["Nirvana","FlyingSleeves"],"picked":"Tantrum","floor":5.0},{"not_picked":["Prostrate","Nirvana"],"picked":"Adaptation","floor":6.0},{"not_picked":["Consecrate","Prostrate"],"picked":"FlurryOfBlows","floor":7.0},{"not_picked":["Pray","LikeWater","ClearTheMind"],"picked":"SKIP","floor":12.0},{"not_picked":["Conclude","FlurryOfBlows"],"picked":"TalkToTheHand","floor":13.0},{"not_picked":["CrushJoints","ForeignInfluence","BattleHymn"],"picked":"SKIP","floor":18.0},{"not_picked":["Conclude","Meditate","WaveOfTheHand"],"picked":"SKIP","floor":19.0},{"not_picked":["Vengeance","FollowUp+1","CutThroughFate"],"picked":"SKIP","floor":20.0},{"not_picked":["Wallop","Protect","Crescendo"],"picked":"SKIP","floor":22.0},{"not_picked":["FlyingSleeves","Consecrate","InnerPeace"],"picked":"SKIP","floor":23.0},{"not_picked":["Crescendo","EmptyFist"],"picked":"FearNoEvil","floor":24.0},{"not_picked":["FollowUp","Omniscience","WaveOfTheHand"],"picked":"SKIP","floor":25.0},{"not_picked":["Conclude","Wireheading","Halt"],"picked":"SKIP","floor":29.0},{"not_picked":["CutThroughFate","FlyingSleeves"],"picked":"Adaptation+1","floor":31.0},{"not_picked":["WreathOfFlame","CarveReality","Protect"],"picked":"SKIP","floor":35.0},{"not_picked":["EmptyFist+1","BowlingBash","WheelKick+1"],"picked":"SKIP","floor":37.0},{"not_picked":["WindmillStrike+1","Prostrate"],"picked":"Scrawl","floor":41.0},{"not_picked":["SashWhip","CrushJoints","Indignation"],"picked":"SKIP","floor":44.0},{"not_picked":["Meditate+1","FollowUp","CutThroughFate"],"picked":"SKIP","floor":48.0}],"player_experience":526874,"relics_obtained":[{"floor":7.0,"key":"Nunchaku"},{"floor":9.0,"key":"Toy Ornithopter"},{"floor":23.0,"key":"Potion Belt"},{"floor":26.0,"key":"Bottled Tornado"},{"floor":39.0,"key":"Shovel"},{"floor":40.0,"key":"Vajra"},{"floor":41.0,"key":"Bag of Preparation"},{"floor":43.0,"key":"Ancient Tea Set"},{"floor":46.0,"key":"PreservedInsect"},{"floor":47.0,"key":"GoldenEye"},{"floor":49.0,"key":"Sundial"}],"event_choices":[{"cards_removed":["Strike_P"],"damage_healed":0.0,"max_hp_gain":0.0,"max_hp_loss":0.0,"gold_gain":0.0,"event_name":"Golden Wing","player_choice":"Card Removal","floor":2.0,"gold_loss":0.0,"damage_taken":7.0},{"damage_healed":22.0,"max_hp_gain":0.0,"max_hp_loss":0.0,"gold_gain":0.0,"event_name":"Big Fish","player_choice":"Banana","floor":8.0,"gold_loss":0.0,"damage_taken":0.0},{"damage_healed":0.0,"max_hp_gain":0.0,"max_hp_loss":0.0,"gold_gain":0.0,"event_name":"Living Wall","player_choice":"Grow","floor":10.0,"gold_loss":0.0,"damage_taken":0.0,"cards_upgraded":["Adaptation"]},{"damage_healed":0.0,"max_hp_gain":0.0,"max_hp_loss":0.0,"gold_gain":0.0,"event_name":"WeMeetAgain","player_choice":"Paid Gold","floor":14.0,"gold_loss":146.0,"damage_taken":0.0,"relics_obtained":["Regal Pillow"]},{"damage_healed":0.0,"max_hp_gain":0.0,"max_hp_loss":0.0,"gold_gain":0.0,"event_name":"Forgotten Altar","player_choice":"Smashed Altar","floor":27.0,"gold_loss":0.0,"damage_taken":0.0,"cards_obtained":["Decay"]},{"damage_healed":0.0,"max_hp_gain":0.0,"max_hp_loss":0.0,"gold_gain":0.0,"event_name":"Tomb of Lord Red Mask","player_choice":"Ignored","floor":38.0,"gold_loss":0.0,"damage_taken":0.0},{"damage_healed":0.0,"max_hp_gain":0.0,"max_hp_loss":0.0,"gold_gain":0.0,"event_name":"MindBloom","player_choice":"Fight","floor":39.0,"gold_loss":0.0,"damage_taken":0.0},{"damage_healed":0.0,"max_hp_gain":0.0,"max_hp_loss":4.0,"gold_gain":0.0,"event_name":"Winding Halls","player_choice":"Max HP","floor":42.0,"gold_loss":0.0,"damage_taken":0.0},{"damage_healed":0.0,"max_hp_gain":0.0,"max_hp_loss":0.0,"gold_gain":0.0,"event_name":"Mysterious Sphere","player_choice":"Fight","floor":47.0,"gold_loss":0.0,"damage_taken":0.0}],"is_beta":false,"boss_relics":[{"not_picked":["Velvet Choker","Runic Dome"],"picked":"SlaversCollar"},{"not_picked":["Black Star","Astrolabe"],"picked":"Fusion Hammer"}],"items_purged_floors":[3,21,36,45],"is_endless":false,"potions_floor_spawned":[1,4,13,16,19,20,23,25,31,33,35,47],"ascension_level":14}}