{"host":"kpyf5rnb72uwap8k","time":1612875777,"event":{"mods":["AchievementEnabler","BaseMod","Colored Map","Colored Powertips","DeckTracker","Minty Spire (QoL Compilation)","Permanent Neow","Quick Restart","StSLib","SuperFastMode"],"gold_per_floor":[114,128,146,321,40,40,68,68,68,68,96,114,124,124,124],"floor_reached":14,"language":"KOR","playtime":420,"items_purged":["Doubt"],"score":110,"play_id":"fb9d58df-370c-4c06-b0a1-14eb6f27db2c","local_time":"20210209220257","is_ascension_mode":true,"campfire_choices":[{"data":"Hologram","floor":6,"key":"SMITH"},{"floor":10,"key":"REST"}],"circlet_count":0,"master_deck":["Strike_B","Strike_B","Strike_B","Defend_B","Defend_B","Defend_B","Defend_B","Zap","Dualcast","Amplify","Hologram+1","Cold Snap","Conserve Battery","Coolheaded","Barrage","Redo+1","Doom and Gloom"],"relics":["Cracked Core","Art of War","White Beast Statue","Toxic Egg 2","Gambling Chip"],"acts_visited":["Exordium"],"potions_floor_usage":[11],"damage_taken":[{"damage":8,"enemies":"2 Louse","floor":1,"turns":2},{"damage":0,"enemies":"Small Slimes","floor":2,"turns":3},{"damage":10,"enemies":"Jaw Worm","floor":3,"turns":3},{"damage":16,"enemies":"3 Sentries","floor":7,"turns":11},{"damage":18,"enemies":"Gremlin Nob","floor":11,"turns":5},{"damage":4,"enemies":"2 Fungi Beasts","floor":12,"turns":4},{"damage":16,"enemies":"Large Slime","floor":13,"turns":8},{"damage":21,"enemies":"3 Sentries","floor":14,"turns":6}],"seed_played":"-7321482785643771827","potions_obtained":[{"floor":3,"key":"DistilledChaos"},{"floor":11,"key":"SpeedPotion"},{"floor":12,"key":"Energy Potion"},{"floor":13,"key":"Block Potion"}],"is_trial":false,"path_per_floor":["M","M","M","?","$","R","E","?","T","R","E","M","M","E"],"character_chosen":"DEFECT","items_purchased":["Art of War","Coolheaded"],"campfire_rested":1,"item_purchase_floors":[5,5],"current_hp_per_floor":[67,67,57,57,57,57,41,34,34,56,38,34,18,0,0],"gold":124,"neow_bonus":"ONE_RANDOM_RARE_CARD","is_daily":false,"chose_seed":false,"campfire_upgraded":1,"win_rate":0.0,"timestamp":1612875777,"path_taken":["M","M","M","?","$","R","E","?","T","R","E","M","M","E"],"items_purchased_type":["Relic","Card"],"build_version":"2020-12-22","purchased_purges":1,"victory":false,"max_hp_per_floor":[75,75,75,75,75,75,75,75,75,75,75,75,75,75,75],"card_choices":[{"not_picked":["Steam Power","Steam"],"picked":"Hologram","floor":1},{"not_picked":["Turbo","Compile Driver"],"picked":"Cold Snap","floor":2},{"not_picked":["Chaos","Ball Lightning"],"picked":"Conserve Battery","floor":3},{"not_picked":["Reinforced Body","Hologram"],"picked":"Barrage","floor":7},{"not_picked":["Reprogram+1","Beam Cell"],"picked":"Redo+1","floor":11},{"not_picked":["Sweeping Beam","Genetic Algorithm+1","Scrape"],"picked":"SKIP","floor":12},{"not_picked":["Beam Cell","Rebound"],"picked":"Doom and Gloom","floor":13}],"player_experience":263194,"relics_obtained":[{"floor":7,"key":"White Beast Statue"},{"floor":9,"key":"Toxic Egg 2"},{"floor":11,"key":"Gambling Chip"}],"event_choices":[{"damage_healed":0,"gold_gain":175,"player_choice":"AGREE","damage_taken":0,"max_hp_gain":0,"max_hp_loss":0,"event_name":"Liars Game","floor":4,"gold_loss":0,"cards_obtained":["Doubt"]},{"cards_removed":["Strike_B"],"damage_healed":0,"gold_gain":0,"player_choice":"Card Removal","damage_taken":7,"max_hp_gain":0,"max_hp_loss":0,"event_name":"Golden Wing","floor":8,"gold_loss":0}],"is_beta":false,"boss_relics":[],"items_purged_floors":[5],"is_endless":false,"potions_floor_spawned":[3,11,12,13],"killed_by":"3 Sentries","ascension_level":2}}