{"host":"c0rqchpxu0yjpthq","time":1612861545,"event":{"mods":["100% Spire Juice","BaseMod","Challenge The Spire","Conspire","Downfall","HololiveMod","Minty Spire (QoL Compilation)","Reimu£®≤©¿ˆ¡È√Œ£©","Relic Stats","Reliquary","Spicy Shops","StSLib","Wide Potions","[GremlinLeader]The Maniac"],"gold_per_floor":[112,129,139,153,168,178,178,78,78,141,161,161,233,264,264,258,258],"floor_reached":16,"language":"ZHS","playtime":935,"items_purged":[],"score":116,"play_id":"1fdbe122-7940-4e0e-9d81-ee598a6df48a","local_time":"20210209170545","is_ascension_mode":false,"campfire_choices":[{"data":"maniac:FanTheHammer","floor":7.0,"key":"SMITH"},{"floor":15.0,"key":"REST"}],"circlet_count":0,"master_deck":["maniac:Strike","maniac:Strike","maniac:Strike","maniac:Strike","maniac:Strike","maniac:Defend","maniac:Defend","maniac:Defend","maniac:Defend","maniac:BurnBlood","maniac:AbyssShackle","maniac:Confront","maniac:ShelteringEdge","maniac:FanTheHammer+1","conspire:SpireCoStock","conspire:SpireCoStock","maniac:HammerDown","maniac:ShelteringEdge"],"relics":["maniac:DamagedAnvil","maniac:BrokenHorn","NeowsBlessing","Unceasing Top","RuthlessExorcism:ReiMu"],"acts_visited":["Exordium"],"potions_floor_usage":[16,16],"damage_taken":[{"damage":0.0,"enemies":"conspire:RoseBush","floor":1.0,"turns":1.0},{"damage":0.0,"enemies":"Cultist","floor":2.0,"turns":1.0},{"damage":0.0,"enemies":"2 Louse","floor":3.0,"turns":1.0},{"damage":5.0,"enemies":"conspire:2 RoseBushes","floor":4.0,"turns":4.0},{"damage":8.0,"enemies":"Lots of Slimes","floor":5.0,"turns":5.0},{"damage":3.0,"enemies":"2 Fungi Beasts","floor":6.0,"turns":2.0},{"damage":27.0,"enemies":"Lagavulin","floor":10.0,"turns":5.0},{"damage":0.0,"enemies":"Blue Slaver","floor":11.0,"turns":2.0},{"damage":31.0,"enemies":"3 Sentries","floor":13.0,"turns":9.0},{"damage":4.0,"enemies":"3 Louse","floor":14.0,"turns":3.0},{"damage":27,"enemies":"Slime Boss","floor":16,"turns":8}],"seed_played":"3077310165029720116","potions_obtained":[{"floor":2.0,"key":"GrandPatriotsElixir:ReiMu"},{"floor":4.0,"key":"ZuzhouPotion:ReiMu"},{"floor":5.0,"key":"Slimebound:ThreeZeroPotion"},{"floor":11.0,"key":"ZuzhouPotion:ReiMu"},{"floor":14.0,"key":"ColorlessPotion"}],"is_trial":false,"path_per_floor":["M","M","M","M","M","M","R","?","T","E","M","?","E","M","R","B"],"character_chosen":"THE_MANIAC","items_purchased":[],"campfire_rested":1,"item_purchase_floors":[],"current_hp_per_floor":[80,80,80,75,67,64,64,64,64,37,37,37,6,2,26,0,0],"gold":258,"neow_bonus":"THREE_ENEMY_KILL","is_daily":false,"chose_seed":false,"campfire_upgraded":1,"win_rate":0.0,"timestamp":1612861545,"path_taken":["M","M","M","M","M","M","R","?","T","E","M","?","E","M","R","BOSS"],"items_purchased_type":[],"build_version":"2020-12-22","purchased_purges":0,"victory":false,"max_hp_per_floor":[80,80,80,80,80,80,80,80,80,80,80,80,80,80,80,80,80],"relic_stats":{"counters":[11,41],"obtain_stats":[{"maniac:DamagedAnvil":0,"maniac:BrokenHorn":0,"NeowsBlessing":0,"Unceasing Top":10,"RuthlessExorcism:ReiMu":13},{"maniac:DamagedAnvil":0,"maniac:BrokenHorn":0,"NeowsBlessing":0,"Unceasing Top":7,"RuthlessExorcism:ReiMu":9},{"maniac:DamagedAnvil":0,"maniac:BrokenHorn":0,"NeowsBlessing":0,"Unceasing Top":19,"RuthlessExorcism:ReiMu":30}],"Unceasing Top":[0]},"card_choices":[{"not_picked":["maniac:Refine","maniac:ListenToNone"],"picked":"maniac:Confront","floor":1.0},{"not_picked":["maniac:HammerStrike","maniac:Lacerate","maniac:SeeingDetails"],"picked":"SKIP","floor":2.0},{"not_picked":["maniac:Refine","maniac:ListenToNone","maniac:Hasten"],"picked":"SKIP","floor":3.0},{"not_picked":["maniac:ObscuredAttack","maniac:DashForward"],"picked":"maniac:ShelteringEdge","floor":4.0},{"not_picked":["maniac:SorceryHour","maniac:ShelteringEdge"],"picked":"maniac:FanTheHammer","floor":5.0},{"not_picked":["maniac:Intimidate","maniac:BladeShoot","maniac:DashForward"],"picked":"SKIP","floor":6.0},{"not_picked":["maniac:PanickyParry","maniac:MortalSteel","maniac:PerceiveDanger"],"picked":"SKIP","floor":10.0},{"not_picked":["maniac:ShelteringEdge","maniac:PerceiveDanger","maniac:PanickyParry"],"picked":"SKIP","floor":11.0},{"not_picked":["maniac:AlleviatingSorcery","maniac:Lacerate"],"picked":"maniac:ShelteringEdge","floor":13.0},{"not_picked":["maniac:FindAShortcut","maniac:LootBarrage","maniac:Hasten"],"picked":"SKIP","floor":14.0}],"player_experience":47851,"relics_obtained":[{"floor":10.0,"key":"Unceasing Top"},{"floor":13.0,"key":"RuthlessExorcism:ReiMu"}],"event_choices":[{"damage_healed":0.0,"max_hp_gain":0.0,"max_hp_loss":0.0,"gold_gain":0.0,"event_name":"conspire:Investor","player_choice":"Invest 2","floor":8.0,"gold_loss":0.0,"damage_taken":0.0},{"damage_healed":0.0,"max_hp_gain":0.0,"max_hp_loss":0.0,"gold_gain":0.0,"event_name":"Match and Keep!","player_choice":"1 cards matched","floor":12.0,"gold_loss":0.0,"damage_taken":0.0,"cards_obtained":["maniac:HammerDown"]}],"is_beta":false,"boss_relics":[],"items_purged_floors":[],"is_endless":false,"potions_floor_spawned":[2,4,5,11,14],"killed_by":"Slime Boss","ascension_level":0}}