{"host":"tq99ucv8ezzqzioe","time":1612849253,"event":{"mods":["BaseMod","Colored Map","Downfall","Highlight Path","Minty Spire (QoL Compilation)","StSLib"],"gold_per_floor":[116,116,116,131,131,163,175,175,200,229,229,33,60,71,71,173,173,190,203,203,302,378,378,378],"floor_reached":23,"language":"ENG","playtime":994,"items_purged":[],"score":325,"play_id":"e21ed263-1306-478e-aa44-bf569c8ccc68","local_time":"20210209004053","is_ascension_mode":true,"campfire_choices":[{"floor":11,"key":"REST"},{"floor":15,"key":"RECALL"}],"circlet_count":0,"master_deck":["Strike_B","Strike_B","Strike_B","Strike_B","Defend_B","Defend_B","Defend_B","Defend_B+1","Zap","Dualcast+1","Rebound","Regret","Streamline","Static Discharge","Storm","Heatsinks","Leap","Genetic Algorithm","White Noise","Buffer","Chill","Storm+1"],"relics":["Cracked Core","NeowsBlessing","Matryoshka","FaceOfCleric","Darkstone Periapt","War Paint","Anchor","Omamori","Torii","ClockworkSouvenir","Tiny Chest","sneckomod:SneckoTalon","Mummified Hand","Letter Opener"],"acts_visited":["Exordium","TheCity"],"potions_floor_usage":[10,13,14,16],"damage_taken":[{"damage":0,"enemies":"2 Louse","floor":1,"turns":1},{"damage":0,"enemies":"Jaw Worm","floor":4,"turns":1},{"damage":0,"enemies":"3 Sentries","floor":6,"turns":1},{"damage":0,"enemies":"Cultist","floor":7,"turns":2},{"damage":35,"enemies":"Gremlin Nob","floor":10,"turns":4},{"damage":11,"enemies":"3 Sentries","floor":13,"turns":7},{"damage":9,"enemies":"Exordium Thugs","floor":14,"turns":4},{"damage":26,"enemies":"The Guardian","floor":16,"turns":10},{"damage":45,"enemies":"Shell Parasite","floor":18,"turns":6},{"damage":1,"enemies":"2 Thieves","floor":19,"turns":5},{"damage":24,"enemies":"Slavers","floor":23,"turns":5}],"seed_played":"-8171824494717233396","potions_obtained":[{"floor":4,"key":"LiquidBronze"},{"floor":6,"key":"BlessingOfTheForge"},{"floor":7,"key":"Strength Potion"},{"floor":10,"key":"Block Potion"},{"floor":18,"key":"SteroidPotion"}],"is_trial":false,"path_per_floor":["M","?","?","M","T","E","M","?","T","E","R","$","E","M","R","B",null,"M","M","?","?","T","E"],"character_chosen":"DEFECT","items_purchased":["Leap","ClockworkSouvenir"],"campfire_rested":1,"item_purchase_floors":[12,12],"current_hp_per_floor":[68,68,68,69,69,70,71,71,71,37,60,60,50,42,42,17,66,22,22,22,22,22,0,0],"gold":378,"neow_bonus":"THREE_ENEMY_KILL","is_daily":false,"chose_seed":false,"campfire_upgraded":0,"win_rate":0.0,"timestamp":1612849253,"path_taken":["M","?","?","?","?","E","M","?","T","E","R","?","E","M","R","BOSS","M","M","?","?","?","E"],"items_purchased_type":["Card","Relic"],"build_version":"2020-12-22","purchased_purges":0,"victory":false,"max_hp_per_floor":[75,75,75,76,76,77,78,78,78,79,79,79,80,81,81,82,82,83,84,84,84,84,84,84],"card_choices":[{"not_picked":["Gash","Hello World"],"picked":"Rebound","floor":1},{"not_picked":["Barrage","Redo"],"picked":"Streamline","floor":4},{"not_picked":["Rebound","Heatsinks"],"picked":"Static Discharge","floor":6},{"not_picked":["Hologram","Scrape"],"picked":"Storm","floor":7},{"not_picked":["Redo","Stack"],"picked":"Heatsinks","floor":10},{"not_picked":["Redo","Hologram"],"picked":"Genetic Algorithm","floor":13},{"not_picked":["Coolheaded","Leap"],"picked":"White Noise","floor":14},{"not_picked":["Core Surge","Machine Learning"],"picked":"Buffer","floor":16},{"not_picked":["Hologram","Coolheaded"],"picked":"Chill","floor":18},{"not_picked":["Double Energy","Barrage"],"picked":"Storm+1","floor":19}],"player_experience":943400,"relics_obtained":[{"floor":5,"key":"Darkstone Periapt"},{"floor":6,"key":"War Paint"},{"floor":9,"key":"Anchor"},{"floor":9,"key":"Omamori"},{"floor":10,"key":"Torii"},{"floor":13,"key":"Tiny Chest"},{"floor":22,"key":"Letter Opener"}],"event_choices":[{"damage_healed":0,"gold_gain":0,"player_choice":"Box","damage_taken":0,"relics_obtained":["Matryoshka"],"max_hp_gain":0,"max_hp_loss":0,"event_name":"Big Fish","floor":2,"gold_loss":0,"cards_obtained":["Regret"]},{"damage_healed":0,"gold_gain":0,"player_choice":"Trade","damage_taken":0,"relics_obtained":["FaceOfCleric"],"max_hp_gain":0,"max_hp_loss":0,"event_name":"FaceTrader","floor":3,"gold_loss":0},{"damage_healed":0,"gold_gain":0,"player_choice":"Ignored","damage_taken":0,"max_hp_gain":0,"max_hp_loss":0,"event_name":"Liars Game","floor":8,"gold_loss":0},{"damage_healed":0,"gold_gain":0,"player_choice":"Opened","damage_taken":0,"relics_obtained":["Mummified Hand"],"max_hp_gain":0,"max_hp_loss":0,"event_name":"The Mausoleum","floor":20,"gold_loss":0},{"damage_healed":0,"gold_gain":99,"player_choice":"Stole From Cult","damage_taken":0,"max_hp_gain":0,"max_hp_loss":0,"event_name":"Nest","floor":21,"gold_loss":0}],"is_beta":false,"boss_relics":[{"not_picked":["bronze:MakeshiftBattery","Nuclear Battery"],"picked":"sneckomod:SneckoTalon"}],"items_purged_floors":[],"is_endless":false,"potions_floor_spawned":[4,6,7,10,18],"killed_by":"Slavers","ascension_level":8}}