{"host":"3498uni0c31c9bdm","time":1612914599,"event":{"mods":["BaseMod","Better Match","Better Note","Better Sensory Stone","Better Skull","Better Third Choice","Colored Map","Minty Spire (QoL Compilation)","Quick Restart","RNG Fix","Random Character Button","Replay The Spire","Shop Mod","Smile Girya","StSLib","Unceasing Turn Reminder"],"gold_per_floor":[115,115,115,46,58,86,86,112,112,112,169,16,16,29,29,106,106,118,131,151,151,167,167,167],"floor_reached":23,"language":"ENG","playtime":633,"items_purged":["Amnesia"],"score":328,"play_id":"6b68dbfd-b576-45df-9f28-7e996f96e71f","local_time":"20210210104959","is_ascension_mode":true,"campfire_choices":[{"floor":7,"key":"REST"},{"floor":10,"key":"RECALL"},{"floor":13,"key":"REST"},{"floor":15,"key":"REST"}],"circlet_count":0,"master_deck":["AscendersBane","Strike_B","Strike_B","Strike_B","Defend_B","Defend_B+1","Defend_B+1","Defend_B","Zap+1","Dualcast","Compile Driver+1","Doom and Gloom","Capacitor","Electrodynamics","Sunder","Self Repair","Stack","CurseOfTheBell","Tempest","Lockon","Hologram","Fission","Turbo","Streamline","Barrage"],"relics":["Cracked Core","ReplayTheSpireMod:CursedCoin","MerchantsRug","CaptainsWheel","Carrot","White Beast Statue","Happy Flower","Gremlin Food","Calling Bell","Vajra","StrikeDummy","Gambling Chip","Prayer Wheel","Enchiridion"],"acts_visited":["Exordium","TheCity"],"potions_floor_usage":[6,16,23,23],"damage_taken":[{"damage":7,"enemies":"Jaw Worm","floor":1,"turns":3},{"damage":0,"enemies":"Small Slimes","floor":5,"turns":2},{"damage":27,"enemies":"Lagavulin","floor":6,"turns":7},{"damage":17,"enemies":"3 Sentries","floor":8,"turns":3},{"damage":10,"enemies":"3 Sentries","floor":11,"turns":2},{"damage":0,"enemies":"Cultist","floor":14,"turns":2},{"damage":21,"enemies":"The Guardian","floor":16,"turns":9},{"damage":8,"enemies":"3 Byrds","floor":18,"turns":3},{"damage":12,"enemies":"Chosen","floor":19,"turns":5},{"damage":24,"enemies":"Snake Plant","floor":20,"turns":3},{"damage":0,"enemies":"3 Cultists","floor":22,"turns":2},{"damage":44,"enemies":"Slavers","floor":23,"turns":4}],"seed_played":"-7534628511688782933","potions_obtained":[{"floor":5,"key":"AttackPotion"},{"floor":6,"key":"Strength Potion"},{"floor":11,"key":"SmokeBomb"},{"floor":14,"key":"DuplicationPotion"},{"floor":16,"key":"SteroidPotion"}],"is_trial":false,"path_per_floor":["M","?","?","$","M","E","R","E","T","R","?","$","R","M","R","B",null,"M","M","M","?","M","E"],"character_chosen":"DEFECT","items_purchased":["ReplayTheSpireMod:CursedCoin","MerchantsRug","Gremlin Food"],"campfire_rested":3,"item_purchase_floors":[4,4,12],"current_hp_per_floor":[61,61,61,61,61,34,56,39,39,39,29,29,51,58,75,61,72,64,59,42,26,26,0,0],"gold":167,"neow_bonus":"RANDOM_EVENT","is_daily":false,"chose_seed":false,"campfire_upgraded":0,"win_rate":0.0,"timestamp":1612914599,"path_taken":["M","?","?","$","M","E","R","E","T","R","?","?","R","?","R","BOSS","M","M","?","?","?","E"],"items_purchased_type":["Relic","Relic","Relic"],"build_version":"2020-12-22","purchased_purges":1,"victory":false,"max_hp_per_floor":[75,75,75,75,75,75,75,75,75,75,75,75,75,75,75,75,75,75,75,75,75,75,75,75],"card_choices":[{"not_picked":["Time Bomb","Redo"],"picked":"Compile Driver","floor":1},{"not_picked":["Gash","Steam"],"picked":"Capacitor","floor":5},{"not_picked":["Leap","Streamline"],"picked":"Electrodynamics","floor":6},{"not_picked":["Cold Snap","Steam Power"],"picked":"Sunder","floor":8},{"not_picked":["BasicCrystalCard","Go for the Eyes"],"picked":"Self Repair","floor":11},{"not_picked":["Reprogram","Hologram"],"picked":"Stack","floor":14},{"not_picked":["Multi-Cast","Biased Cognition"],"picked":"ReplayTheSpireMod:Fabricate Wheel","floor":16},{"not_picked":["Leap","Genetic Algorithm"],"picked":"Tempest","floor":18},{"not_picked":["ReplaySort","Reprogram"],"picked":"Lockon","floor":19},{"not_picked":["Doom and Gloom","Auto Shields"],"picked":"Hologram","floor":19},{"not_picked":["Beam Cell","ReplayTheSpireMod:System Scan"],"picked":"Fission","floor":20},{"not_picked":["Chill","Hologram"],"picked":"Turbo","floor":20},{"not_picked":["Barrage","Leap"],"picked":"Streamline","floor":22},{"not_picked":["Beam Cell","Meteor Strike"],"picked":"Barrage","floor":22}],"player_experience":876945,"relics_obtained":[{"floor":6,"key":"CaptainsWheel"},{"floor":8,"key":"Carrot"},{"floor":9,"key":"White Beast Statue"},{"floor":11,"key":"Happy Flower"},{"floor":17,"key":"Vajra"},{"floor":17,"key":"StrikeDummy"},{"floor":17,"key":"Gambling Chip"},{"floor":21,"key":"Enchiridion"}],"event_choices":[{"damage_healed":0,"gold_gain":0,"player_choice":"Grow","damage_taken":0,"max_hp_gain":0,"max_hp_loss":0,"event_name":"Living Wall","floor":0,"gold_loss":0,"cards_upgraded":["Zap"]},{"damage_healed":0,"gold_gain":0,"cards_transformed":["Strike_B"],"player_choice":"Transformed","damage_taken":0,"max_hp_gain":0,"max_hp_loss":0,"event_name":"Transmorgrifier","floor":3,"gold_loss":0,"cards_obtained":["Doom and Gloom"]},{"damage_healed":0,"gold_gain":30,"player_choice":"Searched \u00272\u0027 times","damage_taken":0,"max_hp_gain":0,"max_hp_loss":0,"event_name":"Dead Adventurer","floor":11,"gold_loss":0},{"damage_healed":0,"gold_gain":0,"player_choice":"Obtained Book","damage_taken":16,"max_hp_gain":0,"max_hp_loss":0,"event_name":"Cursed Tome","floor":21,"gold_loss":0}],"is_beta":false,"boss_relics":[{"not_picked":["Replay:Grab Bag","Runic Pyramid"],"picked":"Calling Bell"}],"items_purged_floors":[4],"is_endless":false,"potions_floor_spawned":[5,6,11,14,16,18,19,20,22],"killed_by":"Slavers","ascension_level":13}}