{"host":"40gggw0x72bpm5se","time":1612907741,"event":{"mods":["ATMod(°¢èªMod)","Act Like it!","Aspiration","BaseMod","Better Vampires","Colored Map","Conspire","Energized Spire","Friendly Minions","Gensokyo","GungeonMod","GungeonMod Extend","HololiveMod","Infinite Spire","Koishi","Library of Ruina","Library of Ruina Extra","Lobotomy","Luminous","Minty Spire (QoL Compilation)","MostiFishMod","Quarter Circle Forward PUNCH!","Quick Restart","Relic Filter Mod","Relic Stats","Replay The Spire","RumiaBox-Â¶Ã×æ«µÄÉñÃØºÐ×Ó","Shop Mod","Spicy Shops","StSLib","TestMod","The Alterego","UnlockEverythingMod","Waifu the Spire","Youmu£¨»êÆÇÑýÃÎ£©","[LAZYMAN]RSMod","¡¾¹¦ÄÜMod¡¿»ìãçÖ®»·ÐÞ¸´²¹¶¡","¡¾ÒÅÎï¿¨ÅÆ¡¿REMEMod","Ä§½ä"],"gold_per_floor":[119,137,147,164,186,221,221,81,107,107,37,37,37,70,70,166,166,179,195,186,199,219,253,314,19,19,19,19,19],"floor_reached":28,"language":"ZHS","playtime":1111,"items_purged":["ReplayTheSpireMod:Splinters"],"score":316,"play_id":"7766148f-a6ae-49cb-bbf8-bdb11d9759f7","local_time":"20210210055541","is_ascension_mode":true,"campfire_choices":[{"data":"RingOfDestiny:MaskOfSuffering","floor":7,"key":"SMITH"},{"floor":10,"key":"RECALL"},{"data":"RingOfDestiny:MaskOfSuffering","floor":12,"key":"SMITH"},{"data":"RingOfDestiny:PowerOfGreed","floor":15,"key":"SMITH"}],"circlet_count":0,"master_deck":["RingOfDestiny:Defend_SU","RingOfDestiny:Defend_SU","RingOfDestiny:Defend_SU","RingOfDestiny:Strike_SU","RingOfDestiny:Strike_SU","RingOfDestiny:MaliciousBarrier","RingOfDestiny:DoomsdayStrike","RingOfDestiny:PowerOfGreed+1","RingOfDestiny:PowerOfEnvy+1","Echo Form+1","AT_OneInchPunch","RingOfDestiny:TemptingFruits","RingOfDestiny:GripOfMaster","RingOfDestiny:MaskOfSuffering+1","RingOfDestiny:SoulDiversion","RingOfDestiny:Demonic","RingOfDestiny:MaskOfSuffering+1","RingOfDestiny:PowerOfEnvy","RingOfDestiny:ScepterOfGluttony","RingOfDestiny:EnvyNecklace","RingOfDestiny:EnvyNecklace+1","RingOfDestiny:PowerOfGreed","RingOfDestiny:MaliciousConversion+1","RingOfDestiny:PowerOfArrogance+1","RingOfDestiny:LazyCloak","RingOfDestiny:GreedySummon","ReplayTheSpireMod:Private Reserves"],"relics":["RingOfDestiny:DemonicContract","REME_ComplimentaryCards","AT_ATBox","testmod-TestBox","DaveBox","testmod-CrystalShield","ArrowTower","Ccalipers","SynthV:TestCard","Ginger","Ginger","Smiling Mask","qcfpunch:Combat_Fatigues","Gensokyo:PortableGap","Peace Pipe","NightmareShop","Baka2","AT_MibuBalloonWealth","PageOfPorccubus","qcfpunch:School_Backpack"],"acts_visited":["Gensokyo:Gensokyo","TheCity"],"potions_floor_usage":[16],"damage_taken":[{"damage":0,"enemies":"Gensokyo:Python","floor":1,"turns":2},{"damage":6,"enemies":"Gensokyo:Gryphon","floor":2,"turns":2},{"damage":0,"enemies":"Gensokyo:2_Kodama","floor":3,"turns":3},{"damage":0,"enemies":"Gensokyo:LivingMonolith","floor":4,"turns":1},{"damage":0,"enemies":"Gensokyo:Kitsune","floor":5,"turns":2},{"damage":0,"enemies":"Gensokyo:Aya","floor":6,"turns":2},{"damage":0,"enemies":"Gensokyo:Cirno","floor":14,"turns":5},{"damage":22,"enemies":"Gensokyo:Kokoro","floor":16,"turns":5},{"damage":13,"enemies":"Shell Parasite","floor":18,"turns":4},{"damage":0,"enemies":"Spheric Guardian","floor":19,"turns":4},{"damage":13,"enemies":"Centurion and Healer","floor":20,"turns":3},{"damage":10,"enemies":"Cultist and Chosen","floor":21,"turns":3},{"damage":2,"enemies":"Snecko","floor":22,"turns":5},{"damage":18,"enemies":"Snecko","floor":23,"turns":8},{"damage":7,"enemies":"Chosen and Byrds","floor":24,"turns":4},{"damage":0,"enemies":"Chosen and Byrds","floor":28,"turns":1}],"seed_played":"-1857979963783221552","potions_obtained":[{"floor":1,"key":"Elixir"},{"floor":2,"key":"Milkshake"},{"floor":3,"key":"AttackPotion"},{"floor":5,"key":"conspire:TimeTravelPotion"},{"floor":21,"key":"SpeedPotion"},{"floor":22,"key":"SpeedPotion"}],"is_trial":false,"path_per_floor":["M","M","M","M","M","E","R","?","T","R","?","R","?","E","R","B",null,"M","M","M","M","M","E","M","$","T","?","E"],"character_chosen":"Summoner","items_purchased":["PageOfPorccubus","ReplayTheSpireMod:Private Reserves"],"campfire_rested":0,"item_purchase_floors":[25,25],"current_hp_per_floor":[88,82,82,82,82,82,82,82,82,82,82,82,77,77,77,55,77,64,67,57,47,47,29,22,22,22,22,22,22],"gold":19,"neow_bonus":"RANDOM_COMMON_RELIC","is_daily":false,"chose_seed":false,"campfire_upgraded":3,"win_rate":0.0,"timestamp":1612907741,"path_taken":["M","M","M","?","M","E","R","?","T","R","?","R","?","E","R","BOSS","M","M","M","M","M","E","M","$","T","?","E"],"items_purchased_type":["Relic","Card"],"build_version":"2020-12-22","purchased_purges":1,"victory":false,"max_hp_per_floor":[88,88,88,88,88,88,88,88,88,88,88,88,77,77,77,77,77,77,80,80,80,80,80,80,80,80,80,80,80],"relic_stats":{"Peace Pipe":0,"counters":[16,53],"Ginger":[0],"Smiling Mask":25,"obtain_stats":[{"AT_ATBox":0,"testmod-TestBox":0,"DaveBox":0,"AT_MibuBalloonWealth":23,"DemoMod:GlassGuonStoneRelic":1,"Baka":1,"Ginger":2,"RingOfDestiny:DemonicContract":0,"Smiling Mask":6,"Gensokyo:PortableGap":13,"qcfpunch:Combat_Fatigues":8,"Peace Pipe":14,"testmod-CrystalShield":0,"Baka2":19,"SynthV:TestCard":1,"Ccalipers":0,"NightmareShop":17,"qcfpunch:School_Backpack":26,"PageOfPorccubus":25,"ArrowTower":0,"REME_ComplimentaryCards":0},{"AT_ATBox":0,"testmod-TestBox":0,"DaveBox":0,"AT_MibuBalloonWealth":14,"DemoMod:GlassGuonStoneRelic":1,"Baka":1,"Ginger":2,"RingOfDestiny:DemonicContract":0,"Smiling Mask":6,"Gensokyo:PortableGap":6,"qcfpunch:Combat_Fatigues":6,"Peace Pipe":7,"testmod-CrystalShield":0,"Baka2":10,"SynthV:TestCard":1,"Ccalipers":0,"NightmareShop":8,"qcfpunch:School_Backpack":15,"PageOfPorccubus":15,"ArrowTower":0,"REME_ComplimentaryCards":0},{"AT_ATBox":0,"testmod-TestBox":0,"DaveBox":0,"AT_MibuBalloonWealth":49,"DemoMod:GlassGuonStoneRelic":2,"Baka":2,"Ginger":4,"RingOfDestiny:DemonicContract":0,"Smiling Mask":12,"Gensokyo:PortableGap":12,"qcfpunch:Combat_Fatigues":12,"Peace Pipe":17,"testmod-CrystalShield":0,"Baka2":30,"SynthV:TestCard":2,"Ccalipers":0,"NightmareShop":22,"qcfpunch:School_Backpack":53,"PageOfPorccubus":53,"ArrowTower":0,"REME_ComplimentaryCards":0}]},"card_choices":[{"not_picked":["RingOfDestiny:RingOfGreed","RingOfDestiny:Doomsday"],"picked":"RingOfDestiny:TemptingFruits","floor":1},{"not_picked":["RingOfDestiny:PowerOfGreed","RingOfDestiny:CupOfDesire","RingOfDestiny:MaliciousFang","RingOfDestiny:FeastOfDoomsday"],"picked":"RingOfDestiny:GripOfMaster","floor":2},{"not_picked":["RingOfDestiny:Demonic","RingOfDestiny:DoomsdayStrike","RingOfDestiny:CostOfSoul","RingOfDestiny:SarcasticSword"],"picked":"RingOfDestiny:MaskOfSuffering","floor":3},{"not_picked":["RingOfDestiny:SarcasticSword","RingOfDestiny:TemptingFruits","RingOfDestiny:MaliciousErode","RingOfDestiny:RingOfGreed"],"picked":"RingOfDestiny:SoulDiversion","floor":4},{"not_picked":["RingOfDestiny:CupOfDesire","RingOfDestiny:DemonVanguard","RingOfDestiny:RingOfGreed","RingOfDestiny:MaliciousConversion"],"picked":"RingOfDestiny:Demonic","floor":5},{"not_picked":["RingOfDestiny:LazyCloak","RingOfDestiny:Demonic","RingOfDestiny:PowerOfGreed","RingOfDestiny:HegemonyOfDevil"],"picked":"RingOfDestiny:MaskOfSuffering","floor":6},{"not_picked":["RingOfDestiny:DoomsdayProtection","RingOfDestiny:MaliciousBarrier","RingOfDestiny:FeastOfDoomsday","RingOfDestiny:Demonic"],"picked":"RingOfDestiny:PowerOfEnvy","floor":14},{"not_picked":["RingOfDestiny:ConqueringBlade","RingOfDestiny:SummonOfDoomsday","RingOfDestiny:PowerOfWrath","RingOfDestiny:DevilKing"],"picked":"RingOfDestiny:ScepterOfGluttony","floor":16},{"not_picked":["RingOfDestiny:MaliciousBarrier","RingOfDestiny:DoomsdayStrike","RingOfDestiny:DoomsdayMadness","RingOfDestiny:MaliciousLeakage+1"],"picked":"RingOfDestiny:EnvyNecklace","floor":18},{"not_picked":["RingOfDestiny:FairDealing","RingOfDestiny:DoomsdayMadness","RingOfDestiny:MaliciousBarrier","RingOfDestiny:MaliciousConversion","RingOfDestiny:DoomsdayEcho+1"],"picked":"SKIP","floor":19},{"not_picked":["RingOfDestiny:TortureBlade","RingOfDestiny:MaliciousFang","RingOfDestiny:RingOfGreed","RingOfDestiny:FeastOfDoomsday"],"picked":"RingOfDestiny:PowerOfGreed","floor":20},{"not_picked":["RingOfDestiny:DemonVanguard+1","RingOfDestiny:EnvyNecklace","RingOfDestiny:FeastOfDoomsday","RingOfDestiny:SarcasticSword"],"picked":"RingOfDestiny:MaliciousConversion+1","floor":21},{"not_picked":["RingOfDestiny:RingOfGreed","RingOfDestiny:DesireMastery","RingOfDestiny:MaliciousBlade+1","RingOfDestiny:DemonVanguard"],"picked":"RingOfDestiny:PowerOfArrogance+1","floor":22},{"not_picked":["RingOfDestiny:Doomsday","RingOfDestiny:RingOfGreed","RingOfDestiny:TemptingFruits","RingOfDestiny:MaliciousBarrier"],"picked":"RingOfDestiny:LazyCloak","floor":23},{"not_picked":["RingOfDestiny:SongOfDoomsday","RingOfDestiny:PowerOfArrogance","RingOfDestiny:MaliciousFang","RingOfDestiny:RingOfGreed"],"picked":"RingOfDestiny:GreedySummon","floor":24}],"player_experience":108332,"relics_obtained":[{"floor":1,"key":"SynthV:TestCard"},{"floor":1,"key":"Baka"},{"floor":2,"key":"Ginger"},{"floor":2,"key":"Ginger"},{"floor":6,"key":"Smiling Mask"},{"floor":14,"key":"Peace Pipe"},{"floor":19,"key":"Baka2"},{"floor":23,"key":"AT_MibuBalloonWealth"},{"floor":26,"key":"qcfpunch:School_Backpack"}],"event_choices":[{"cards_removed":["RingOfDestiny:Strike_SU"],"damage_healed":0,"gold_gain":0,"player_choice":"Purged","damage_taken":0,"max_hp_gain":0,"max_hp_loss":0,"event_name":"Purifier","floor":27,"gold_loss":0}],"is_beta":false,"boss_relics":[{"not_picked":["Replay:Wanted Poster","aspiration:DefectSkillbook"],"picked":"NightmareShop"}],"items_purged_floors":[25],"is_endless":false,"potions_floor_spawned":[1,2,3,5,21,22],"killed_by":"Chosen and Byrds","ascension_level":1}}