{"host":"syozzdlzcqop4jia","time":1612909218,"event":{"mods":["BaseMod","Colored Map","Colored Powertips","Minty Spire (QoL Compilation)","Quick Restart"],"gold_per_floor":[115,125,125,140,140,168,187,219,246,263,263,324,324,341,341,444,444,456,366,81,97,107,107,125,125,125,125,135,135,135,166,166,261,261,279,302,121,140,159,159,159,159,184,34,34,0,0,15,15,15,15,15,15,46,46,46],"floor_reached":55,"language":"ENG","playtime":3268,"items_purged":["Defend_R"],"score":745,"play_id":"e6c9d8bd-25dc-4592-a399-45bc229a0c1d","local_time":"20210209232018","is_ascension_mode":false,"campfire_choices":[{"floor":11,"key":"RECALL"},{"data":"Spot Weakness","floor":13,"key":"SMITH"},{"data":"Heavy Blade","floor":15,"key":"SMITH"},{"data":"Inflame","floor":23,"key":"SMITH"},{"data":"Uppercut","floor":25,"key":"SMITH"},{"data":"Double Tap","floor":27,"key":"SMITH"},{"data":"Ghostly Armor","floor":30,"key":"SMITH"},{"data":"Flex","floor":32,"key":"SMITH"},{"data":"Bludgeon","floor":40,"key":"SMITH"},{"floor":42,"key":"REST"},{"floor":49,"key":"REST"},{"data":"Madness","floor":52,"key":"SMITH"}],"circlet_count":0,"master_deck":["Strike_R","Strike_R+1","Strike_R","Strike_R+1","Defend_R","Defend_R","Defend_R+1","Bash","Shrug It Off","Anger","Rage","Flex","Ghostly Armor+1","Heavy Blade+1","Spot Weakness+1","Flex+1","Double Tap+1","Anger","Inflame+1","Uppercut+1","Shrug It Off","Heavy Blade+1","Headbutt","Sword Boomerang","Bludgeon+1","Injury","Wild Strike","Flex+1","Madness+1","Madness","Decay","Ghostly Armor","Dark Shackles+1","Heavy Blade+1","Flex+1"],"relics":["Burning Blood","HornCleat","PreservedInsect","Centennial Puzzle","Velvet Choker","Bag of Marbles","Mummified Hand","Oddly Smooth Stone","Cursed Key","Regal Pillow","Blood Vial","Potion Belt","Red Mask","Kunai"],"acts_visited":["Exordium","TheCity","TheBeyond","TheEnding"],"potions_floor_usage":[8,18,31,35,50,50],"damage_taken":[{"damage":5,"enemies":"Jaw Worm","floor":1,"turns":4},{"damage":0,"enemies":"2 Louse","floor":2,"turns":2},{"damage":2,"enemies":"Small Slimes","floor":4,"turns":3},{"damage":0,"enemies":"Gremlin Nob","floor":6,"turns":4},{"damage":0,"enemies":"Blue Slaver","floor":7,"turns":3},{"damage":1,"enemies":"3 Sentries","floor":8,"turns":9},{"damage":13,"enemies":"Red Slaver","floor":10,"turns":3},{"damage":0,"enemies":"Large Slime","floor":14,"turns":3},{"damage":52,"enemies":"Hexaghost","floor":16,"turns":8},{"damage":10,"enemies":"Chosen","floor":18,"turns":4},{"damage":11,"enemies":"3 Byrds","floor":21,"turns":6},{"damage":15,"enemies":"Snecko","floor":22,"turns":7},{"damage":2,"enemies":"Cultist and Chosen","floor":24,"turns":4},{"damage":0,"enemies":"Shelled Parasite and Fungi","floor":28,"turns":4},{"damage":15,"enemies":"Slavers","floor":31,"turns":4},{"damage":15,"enemies":"Champ","floor":33,"turns":7},{"damage":44,"enemies":"3 Shapes","floor":35,"turns":5},{"damage":4,"enemies":"Orb Walker","floor":38,"turns":2},{"damage":8,"enemies":"Maw","floor":39,"turns":5},{"damage":28,"enemies":"Writhing Mass","floor":48,"turns":5},{"damage":101,"enemies":"Awakened One","floor":50,"turns":12},{"damage":55,"enemies":"Shield and Spear","floor":54,"turns":5},{"damage":41,"enemies":"The Heart","floor":55,"turns":3}],"seed_played":"-1165568179840828994","potions_obtained":[{"floor":4,"key":"Block Potion"},{"floor":6,"key":"SkillPotion"},{"floor":7,"key":"Regen Potion"},{"floor":8,"key":"Explosive Potion"},{"floor":10,"key":"BloodPotion"},{"floor":21,"key":"EssenceOfSteel"},{"floor":31,"key":"BloodPotion"},{"floor":35,"key":"Ancient Potion"}],"is_trial":false,"path_per_floor":["M","M","?","M","?","E","M","E","T","M","R","?","R","M","R","B",null,"M","?","$","M","M","R","M","R","T","R","M","$","R","E","R","B",null,"M","T","$","M","M","R","?","R","T","$","?","?","?","M","R","B",null,"R","$","E","B"],"character_chosen":"IRONCLAD","items_purchased":["Inflame","Bag of Marbles","Uppercut","Blood Vial","Wild Strike","Ghostly Armor"],"campfire_rested":2,"item_purchase_floors":[20,20,20,37,37,44],"current_hp_per_floor":[88,88,63,67,49,55,61,81,81,74,74,74,74,80,80,34,88,84,84,84,79,70,70,74,74,74,74,80,80,80,71,71,62,88,67,67,67,71,71,71,60,88,88,88,88,88,88,66,88,10,88,88,88,39,0,0],"gold":46,"neow_bonus":"TEN_PERCENT_HP_BONUS","is_daily":false,"chose_seed":false,"campfire_upgraded":9,"win_rate":0.0,"timestamp":1612909218,"path_taken":["M","M","?","M","?","E","M","E","T","M","R","?","R","M","R","BOSS","M","?","$","M","M","R","M","R","T","R","M","$","R","E","R","BOSS","M","?","$","M","M","R","?","R","T","$","?","?","?","M","R","BOSS","R","$","E","BOSS"],"items_purchased_type":["Card","Relic","Card","Relic","Card","Card"],"build_version":"2020-12-22","purchased_purges":1,"victory":false,"max_hp_per_floor":[88,88,88,88,88,88,88,88,88,88,88,88,88,88,88,88,88,88,88,88,88,88,88,88,88,88,88,88,88,88,88,88,88,88,88,88,88,88,88,88,88,88,88,88,88,88,88,88,88,88,88,88,88,88,88,88],"card_choices":[{"not_picked":["Clash","Havoc"],"picked":"Shrug It Off","floor":1},{"not_picked":["Perfected Strike","Uppercut"],"picked":"Anger","floor":2},{"not_picked":["Cleave","Armaments"],"picked":"Rage","floor":4},{"not_picked":["Feel No Pain","Heavy Blade"],"picked":"Flex","floor":6},{"not_picked":["Pommel Strike","Disarm"],"picked":"Ghostly Armor","floor":7},{"not_picked":["Shrug It Off","Perfected Strike"],"picked":"Heavy Blade","floor":8},{"not_picked":["Pommel Strike","Cleave"],"picked":"Spot Weakness","floor":10},{"not_picked":["Bludgeon","Anger"],"picked":"Flex","floor":14},{"not_picked":["Fiend Fire","Bludgeon"],"picked":"Double Tap","floor":16},{"not_picked":["Blood for Blood","Clothesline+1"],"picked":"Anger","floor":18},{"not_picked":["Warcry","Perfected Strike"],"picked":"Shrug It Off","floor":21},{"not_picked":["Headbutt+1","Blood for Blood+1"],"picked":"Heavy Blade+1","floor":22},{"not_picked":["Entrench+1","Clash","Dark Embrace+1"],"picked":"SKIP","floor":24},{"not_picked":["Perfected Strike","Clothesline"],"picked":"Headbutt","floor":28},{"not_picked":["Juggernaut","Havoc+1"],"picked":"Sword Boomerang","floor":31},{"not_picked":["Juggernaut","Corruption"],"picked":"Bludgeon","floor":33},{"not_picked":["Bloodletting+1","Headbutt","Clothesline+1"],"picked":"SKIP","floor":35},{"not_picked":["True Grit+1","Feel No Pain","Burning Pact"],"picked":"SKIP","floor":38},{"not_picked":["Hemokinesis","Iron Wave"],"picked":"Flex+1","floor":39},{"not_picked":["Sadistic Nature","Panache"],"picked":"Dark Shackles","floor":45},{"not_picked":["Flex","Thunderclap"],"picked":"Heavy Blade+1","floor":48},{"not_picked":["Sever Soul","Pommel Strike"],"picked":"Flex+1","floor":54}],"player_experience":651621,"relics_obtained":[{"floor":6,"key":"PreservedInsect"},{"floor":8,"key":"Centennial Puzzle"},{"floor":26,"key":"Mummified Hand"},{"floor":31,"key":"Oddly Smooth Stone"},{"floor":36,"key":"Regal Pillow"},{"floor":43,"key":"Potion Belt"},{"floor":54,"key":"Kunai"}],"event_choices":[{"damage_healed":0,"gold_gain":0,"player_choice":"Success","damage_taken":25,"relics_obtained":["HornCleat"],"max_hp_gain":0,"max_hp_loss":0,"event_name":"Scrap Ooze","floor":3,"gold_loss":0},{"damage_healed":0,"gold_gain":0,"player_choice":"Entered Light","damage_taken":18,"max_hp_gain":0,"max_hp_loss":0,"event_name":"Shining Light","floor":5,"gold_loss":0,"cards_upgraded":["Strike_R","Defend_R"]},{"damage_healed":0,"gold_gain":61,"player_choice":"Gained Gold","damage_taken":0,"max_hp_gain":0,"max_hp_loss":0,"event_name":"Golden Wing","floor":12,"gold_loss":0},{"cards_removed":["Strike_R"],"damage_healed":0,"gold_gain":0,"player_choice":"Upgrade and Remove","damage_taken":0,"max_hp_gain":0,"max_hp_loss":0,"event_name":"Designer","floor":19,"gold_loss":90,"cards_upgraded":["Strike_R"]},{"damage_healed":0,"gold_gain":0,"player_choice":"Embrace Madness","damage_taken":11,"max_hp_gain":0,"max_hp_loss":0,"event_name":"Winding Halls","floor":41,"gold_loss":0,"cards_obtained":["Madness","Madness"]},{"damage_healed":0,"gold_gain":0,"player_choice":"Memory 1","damage_taken":0,"max_hp_gain":0,"max_hp_loss":0,"event_name":"SensoryStone","floor":45,"gold_loss":0},{"damage_healed":0,"gold_gain":0,"player_choice":"Paid","damage_taken":0,"relics_obtained":["Red Mask"],"max_hp_gain":0,"max_hp_loss":0,"event_name":"Tomb of Lord Red Mask","floor":46,"gold_loss":34},{"damage_healed":0,"gold_gain":0,"player_choice":"Forge","damage_taken":0,"max_hp_gain":0,"max_hp_loss":0,"event_name":"Accursed Blacksmith","floor":47,"gold_loss":0,"cards_upgraded":["Dark Shackles"]}],"is_beta":false,"boss_relics":[{"not_picked":["Philosopher\u0027s Stone","Empty Cage"],"picked":"Velvet Choker"},{"not_picked":["Sozu","Runic Pyramid"],"picked":"Cursed Key"}],"items_purged_floors":[44],"is_endless":false,"potions_floor_spawned":[4,6,7,8,10,16,21,22,31,33,35,39],"killed_by":"The Heart","ascension_level":0}}