{"host":"fc5kl670efuhtomy","time":1612858169,"event":{"mods":["AchievementEnabler","BaseMod","Colored Powertips","Downfall","Marisa（F雨　魔理沙）","Minty Spire (QoL Compilation)","Quick Restart","Rare Cards Sparkle","Relic Stats","Replay The Spire","StSLib","The Bug Knight","The Construct","The Cursed","The Necromancer","The Servant 0.9.4","WarShipGirlsR/战舰少女R mod"],"gold_per_floor":[99,110,210,210,230,240,240,140,156,172,185,3,3,21,31,136,136,136,155,168,16,16,1,1,17,33,33,43,43,73,84,99,200,200,200,218,230,249,249,249,249,260,276,176,176,8,42,42,56,56,56,56],"floor_reached":50,"language":"ZHS","playtime":2640,"items_purged":[],"score":522,"play_id":"03086259-5155-48f0-bda4-0736700223ea","local_time":"20210209160929","is_ascension_mode":false,"campfire_choices":[{"floor":1,"key":"RECALL"},{"data":"Guardian:FloatingOrbs","floor":8,"key":"SMITH"},{"data":"Guardian:TwinSlam","floor":13,"key":"SMITH"},{"data":"Guardian:CurlUp","floor":18,"key":"SMITH"},{"data":"Guardian:Recover","floor":27,"key":"SMITH"},{"floor":35,"key":"DIG"},{"data":"Guardian:BodySlam","floor":40,"key":"SMITH"},{"data":"Guardian:DonusPower","floor":44,"key":"SMITH"},{"data":"Guardian:ShieldCharger","floor":48,"key":"SMITH"}],"circlet_count":0,"master_deck":["Guardian:Strike_Guardian","Guardian:Strike_Guardian","Guardian:Strike_Guardian","Guardian:Strike_Guardian","Guardian:Defend_Guardian","Guardian:Defend_Guardian","Guardian:Defend_Guardian","Guardian:Defend_Guardian","Guardian:CurlUp+1","Guardian:TwinSlam+1","Guardian:Harden","Guardian:FloatingOrbs+1","Guardian:BodySlam+1","Guardian:ChargeCore+1","Guardian:ShieldCharger+1","Guardian:SpikerProtocol","Guardian:ChargeCore+1","Guardian:Recover+1","Guardian:StasisStrike+1","Guardian:TemporalStrike+1","Guardian:CrystalBeam+1","Guardian:FloatingOrbs","Guardian:PrimingBeam+1","Guardian:PrimingBeam+1","Guardian:RollAttack+1","Guardian:DonusPower+1","Guardian:BaubleBeam+1","Guardian:Incinerate+1","Guardian:TemporalStrike+1","Guardian:PrimingBeam+1","Guardian:ConstructionForm+1","Guardian:MultiBeam+1"],"relics":["Guardian:ModeShifter","Molten Egg 2","downfall:HeartBlessingRed","Membership Card","Ring of Chaos","Golden Egg","Torii","Red Mask","Painkiller Herb","Letter Opener","Ring of Peace","ReplayTheSpireMod:Ring of Exchange","downfall:HeartBlessingBlue","Toolbox","Bag of Preparation","Potion Belt"],"acts_visited":["Exordium","TheCity","TheBeyond"],"potions_floor_usage":[15,23,28,30,31,33,33,38,46,50],"damage_taken":[{"damage":8,"enemies":"Cultist","floor":2,"turns":5},{"damage":7,"enemies":"Jaw Worm","floor":5,"turns":6},{"damage":2,"enemies":"2 Louse","floor":6,"turns":3},{"damage":10,"enemies":"Lots of Slimes","floor":9,"turns":4},{"damage":4,"enemies":"2 Fungi Beasts","floor":10,"turns":3},{"damage":8,"enemies":"Gremlin Gang","floor":11,"turns":4},{"damage":0,"enemies":"downfall:FleeingMerchant","floor":12,"turns":4},{"damage":13,"enemies":"2 Fungi Beasts","floor":14,"turns":3},{"damage":2,"enemies":"Blue Slaver","floor":15,"turns":3},{"damage":28,"enemies":"IC_STATUS_ARCHETYPE","floor":16,"turns":9},{"damage":12,"enemies":"Shell Parasite","floor":19,"turns":5},{"damage":0,"enemies":"Chosen","floor":20,"turns":3},{"damage":7,"enemies":"downfall:FleeingMerchant","floor":21,"turns":4},{"damage":15,"enemies":"downfall:FleeingMerchant","floor":23,"turns":4},{"damage":1,"enemies":"Snecko","floor":25,"turns":4},{"damage":23,"enemies":"Snake Plant","floor":26,"turns":4},{"damage":1,"enemies":"Shelled Parasite and Fungi","floor":28,"turns":4},{"damage":13,"enemies":"Masked Bandits","floor":30,"turns":4},{"damage":1,"enemies":"3 Cultists","floor":31,"turns":5},{"damage":2,"enemies":"Cultist and Chosen","floor":32,"turns":5},{"damage":21,"enemies":"WA_ARCHETYPE_CALM","floor":33,"turns":9},{"damage":6,"enemies":"3 Shapes","floor":36,"turns":3},{"damage":14,"enemies":"Orb Walker","floor":37,"turns":3},{"damage":0,"enemies":"Transient","floor":38,"turns":5},{"damage":16,"enemies":"Spire Growth","floor":42,"turns":5},{"damage":0,"enemies":"Transient","floor":43,"turns":5},{"damage":2,"enemies":"downfall:FleeingMerchant","floor":46,"turns":4},{"damage":0,"enemies":"Nemesis","floor":47,"turns":7},{"damage":11,"enemies":"Maw","floor":49,"turns":7},{"damage":96,"enemies":"SI_POISON_ARCHETYPE","floor":50,"turns":5}],"seed_played":"-3356307116479761557","potions_obtained":[{"floor":2,"key":"Fire Potion"},{"floor":9,"key":"Block Potion"},{"floor":14,"key":"Energy Potion"},{"floor":16,"key":"Fire Potion"},{"floor":26,"key":"BlessingOfTheForge"},{"floor":30,"key":"Regen Potion"},{"floor":31,"key":"SmokeBomb"},{"floor":32,"key":"Block Potion"},{"floor":36,"key":"LifebloodPotion"},{"floor":38,"key":"Dexterity Potion"},{"floor":42,"key":"Fire Potion"}],"is_trial":false,"path_per_floor":["R","M","?","?","M","M","T","R","M","M","M","$","R","M","M","B",null,"R","M","M","$","?","$","T","M","M","R","M","?","?","M","M","B",null,"T","?","?","?","?","T","T","?","?","T","?","T","E","T","?","B"],"character_chosen":"GUARDIAN","items_purchased":["Membership Card","Guardian:Gem_Red","Guardian:Gem_Cyan","Golden Egg","Toolbox","Bag of Preparation"],"campfire_rested":0,"item_purchase_floors":[12,12,21,21,46,46],"current_hp_per_floor":[88,80,80,80,73,71,71,71,61,57,49,49,49,36,34,6,88,88,76,76,69,69,54,54,53,30,30,29,29,16,29,27,6,88,88,82,68,68,68,68,68,52,52,62,62,60,60,60,49,0,0,0],"gold":56,"neow_bonus":"TEN_PERCENT_HP_BONUS","is_daily":false,"chose_seed":false,"campfire_upgraded":7,"win_rate":0.0,"timestamp":1612858169,"path_taken":["R","?","?","?","M","M","T","R","M","M","M","$","R","M","M","BOSS","R","M","M","?","?","$","T","M","M","R","?","?","?","M","M","BOSS","T","?","?","?","?","T","T","?","?","T","?","T","E","T","?","BOSS"],"items_purchased_type":["Relic","Card","Card","Relic","Relic","Relic"],"build_version":"2020-12-22","purchased_purges":0,"victory":false,"max_hp_per_floor":[88,88,88,88,88,88,88,88,88,88,88,88,88,88,88,88,88,88,88,88,88,88,88,88,88,88,88,88,88,88,88,88,88,88,88,88,88,88,88,88,88,88,88,98,98,98,98,98,98,98,98,98],"relic_stats":{"Torii":27,"counters":[30,139],"Bag of Preparation":[6],"Letter Opener":[10],"obtain_stats":[{"Potion Belt":47,"Golden Egg":21,"ReplayTheSpireMod:Ring of Exchange":39,"downfall:HeartBlessingRed":8,"Torii":24,"Guardian:ModeShifter":0,"Painkiller Herb":34,"Ring of Chaos":17,"Bag of Preparation":46,"Letter Opener":35,"downfall:HeartBlessingBlue":44,"Ring of Peace":39,"Toolbox":46,"Molten Egg 2":7,"Red Mask":30,"Membership Card":12},{"Potion Belt":28,"Golden Egg":13,"ReplayTheSpireMod:Ring of Exchange":24,"downfall:HeartBlessingRed":3,"Torii":14,"Guardian:ModeShifter":0,"Painkiller Herb":21,"Ring of Chaos":10,"Bag of Preparation":27,"Letter Opener":21,"downfall:HeartBlessingBlue":26,"Ring of Peace":24,"Toolbox":27,"Molten Egg 2":3,"Red Mask":18,"Membership Card":7},{"Potion Belt":127,"Golden Egg":56,"ReplayTheSpireMod:Ring of Exchange":106,"downfall:HeartBlessingRed":14,"Torii":60,"Guardian:ModeShifter":0,"Painkiller Herb":95,"Ring of Chaos":44,"Bag of Preparation":120,"Letter Opener":95,"downfall:HeartBlessingBlue":116,"Ring of Peace":106,"Toolbox":120,"Molten Egg 2":14,"Red Mask":76,"Membership Card":29}]},"card_choices":[{"not_picked":["Guardian:Reroute","Guardian:Gem_Green"],"picked":"Guardian:Harden","floor":2},{"not_picked":["Guardian:TemporalShield","Guardian:Incinerate"],"picked":"Guardian:FloatingOrbs","floor":5},{"not_picked":["Guardian:Gem_Lightblue","Guardian:Incinerate"],"picked":"Guardian:BodySlam","floor":6},{"not_picked":["Guardian:CrystalBeam+1","Guardian:ShieldCharger"],"picked":"Guardian:ChargeCore+1","floor":9},{"not_picked":["Guardian:Gem_Synthetic","Guardian:Suspension"],"picked":"Guardian:Gem_Blue","floor":10},{"not_picked":["Guardian:TemporalShield","Guardian:Gem_Green"],"picked":"Guardian:ShieldCharger","floor":11},{"not_picked":["Guardian:Suspension","Guardian:Reroute+1"],"picked":"Guardian:SpikerProtocol","floor":12},{"not_picked":["Guardian:Recover","Guardian:FastForward"],"picked":"Guardian:ChargeCore+1","floor":14},{"not_picked":["Guardian:Gem_Red","Guardian:Suspension"],"picked":"Guardian:Recover","floor":15},{"not_picked":["Guardian:Gem_Synthetic","Guardian:TimeSifter"],"picked":"Guardian:StasisStrike+1","floor":16},{"not_picked":["Guardian:Gem_Yellow","Guardian:Emergency+1"],"picked":"Guardian:TemporalStrike+1","floor":19},{"not_picked":["Guardian:VentSteam","Guardian:Reroute+1"],"picked":"Guardian:CrystalBeam+1","floor":20},{"not_picked":["Guardian:ShieldCharger","Guardian:EvasiveProtocol"],"picked":"Guardian:FloatingOrbs","floor":21},{"not_picked":["Guardian:TimeCapacitor","Guardian:DecasProtection"],"picked":"Guardian:PrimingBeam+1","floor":23},{"not_picked":["Guardian:Planning","Guardian:Gem_Red"],"picked":"Guardian:PrimingBeam+1","floor":25},{"not_picked":["Guardian:ChargeCore+1","Guardian:Clone+1"],"picked":"Guardian:Gem_Blue","floor":26},{"not_picked":["Guardian:ChargeCore+1","Guardian:FloatingOrbs+1"],"picked":"Guardian:RollAttack+1","floor":28},{"not_picked":["Guardian:Planning+1","Guardian:Harden"],"picked":"Guardian:Gem_White","floor":30},{"not_picked":["Guardian:Planning","Guardian:Recover+1"],"picked":"Guardian:Gem_Orange","floor":31},{"not_picked":["Guardian:TemporalShield","Guardian:TimeBomb+1"],"picked":"Guardian:DonusPower","floor":32},{"not_picked":["Guardian:FastForward","Guardian:SphericShield"],"picked":"Guardian:BaubleBeam+1","floor":33},{"not_picked":["Guardian:VentSteam+1","Guardian:Gem_Red"],"picked":"Guardian:Incinerate+1","floor":36},{"not_picked":["Guardian:TimeCapacitor+1","Guardian:EvasiveProtocol+1"],"picked":"Guardian:TemporalStrike+1","floor":37},{"not_picked":["Guardian:ChargeCore+1","Guardian:SpikerProtocol+1"],"picked":"Guardian:PrimingBeam+1","floor":38},{"not_picked":["Guardian:Gem_Cyan","Guardian:TimeBomb+1"],"picked":"Guardian:ConstructionForm","floor":42},{"not_picked":["Guardian:TemporalStrike+1","Guardian:Gem_Lightblue"],"picked":"Guardian:Gem_Blue","floor":43},{"not_picked":["Guardian:DonusPower","Guardian:Reroute+1","Guardian:ChargeCore+1"],"picked":"SKIP","floor":46},{"not_picked":["Guardian:ShieldCharger","Guardian:Reroute+1"],"picked":"Guardian:MultiBeam+1","floor":47},{"not_picked":["Guardian:DecasProtection","Guardian:ShieldCharger+1","Guardian:SpikerProtocol"],"picked":"SKIP","floor":49}],"player_experience":183254,"relics_obtained":[{"floor":7,"key":"Molten Egg 2"},{"floor":24,"key":"Torii"},{"floor":30,"key":"Red Mask"},{"floor":35,"key":"Letter Opener"},{"floor":39,"key":"Ring of Peace"},{"floor":39,"key":"ReplayTheSpireMod:Ring of Exchange"},{"floor":47,"key":"Potion Belt"}],"event_choices":[{"damage_healed":0,"gold_gain":0,"player_choice":"Ignored","damage_taken":0,"max_hp_gain":0,"max_hp_loss":0,"event_name":"NoteForYourself","floor":4,"gold_loss":0},{"damage_healed":0,"gold_gain":0,"player_choice":"Fought Bandits","damage_taken":0,"max_hp_gain":0,"max_hp_loss":0,"event_name":"Masked Bandits","floor":30,"gold_loss":0}],"is_beta":false,"boss_relics":[{"not_picked":["Replay:Grab Bag","Replay:Ancient Bell"],"picked":"Ring of Chaos"},{"not_picked":["Honey Jar","Velvet Choker"],"picked":"Painkiller Herb"}],"items_purged_floors":[],"is_endless":false,"potions_floor_spawned":[2,9,14,16,20,26,30,31,32,36,38,42],"killed_by":"SI_POISON_ARCHETYPE","ascension_level":0}}