{"host":"mw3dmj42qtkbha4b","time":1612855283,"event":{"mods":["BaseMod","Colored Map","Colored Powertips","DeckTracker","Minty Spire (QoL Compilation)","StSLib","SuperFastMode"],"gold_per_floor":[109,129,279,222,242,242,258,258,258],"floor_reached":8,"language":"KOR","playtime":173,"items_purged":[],"score":96,"play_id":"3bbfde07-626e-4720-ad00-80ac5cd38ae7","local_time":"20210209162123","is_ascension_mode":true,"campfire_choices":[{"data":"Doubt","floor":6,"key":"PURGE"}],"circlet_count":0,"master_deck":["AscendersBane","Strike_P","Strike_P","Strike_P","Strike_P","Defend_P","Defend_P","Defend_P","Defend_P","Eruption","Vigilance"],"relics":["PureWater","Peace Pipe","Centennial Puzzle"],"acts_visited":["Exordium"],"potions_floor_usage":[2,7],"damage_taken":[{"damage":0,"enemies":"Jaw Worm","floor":1,"turns":2},{"damage":0,"enemies":"2 Louse","floor":2,"turns":2},{"damage":0,"enemies":"Cultist","floor":5,"turns":3},{"damage":22,"enemies":"Exordium Wildlife","floor":7,"turns":3},{"damage":79,"enemies":"Gremlin Nob","floor":8,"turns":3}],"seed_played":"-6028098869822521498","potions_obtained":[{"floor":1,"key":"SpeedPotion"},{"floor":5,"key":"LiquidMemories"}],"is_trial":false,"path_per_floor":["M","M","?","?","M","R","M","E"],"character_chosen":"WATCHER","items_purchased":[],"campfire_rested":0,"item_purchase_floors":[],"current_hp_per_floor":[61,61,61,61,61,61,39,0,0],"gold":258,"neow_bonus":"ONE_RARE_RELIC","is_daily":false,"chose_seed":false,"campfire_upgraded":0,"win_rate":0.0,"timestamp":1612855283,"path_taken":["M","M","?","?","?","R","M","E"],"items_purchased_type":[],"build_version":"2020-12-22","purchased_purges":0,"victory":false,"max_hp_per_floor":[62,62,62,62,62,62,62,62,62],"card_choices":[{"not_picked":["Perseverance","Prostrate","JustLucky"],"picked":"SKIP","floor":1},{"not_picked":["BowlingBash","SashWhip","EmptyBody"],"picked":"SKIP","floor":2},{"not_picked":["WheelKick","FollowUp","Worship"],"picked":"SKIP","floor":5},{"not_picked":["EmptyMind","FlurryOfBlows","MentalFortress"],"picked":"SKIP","floor":7}],"player_experience":1805959,"relics_obtained":[],"event_choices":[{"damage_healed":0,"gold_gain":150,"player_choice":"AGREE","damage_taken":0,"max_hp_gain":0,"max_hp_loss":0,"event_name":"Liars Game","floor":3,"gold_loss":0,"cards_obtained":["Doubt"]},{"damage_healed":0,"gold_gain":0,"player_choice":"Paid Gold","damage_taken":0,"relics_obtained":["Centennial Puzzle"],"max_hp_gain":0,"max_hp_loss":0,"event_name":"WeMeetAgain","floor":4,"gold_loss":57}],"is_beta":false,"boss_relics":[],"items_purged_floors":[],"is_endless":false,"potions_floor_spawned":[1,5],"killed_by":"Gremlin Nob","ascension_level":20}}