{"host":"tetq3wi5anb97imq","time":1612898336,"event":{"mods":["BaseMod","Block Reminder","Minty Spire (QoL Compilation)","Quick Restart","StSLib","SuperFastMode"],"gold_per_floor":[111,111,111,3,278,306,306,325,352,352,352],"floor_reached":10,"language":"ENG","playtime":62,"items_purged":[],"score":178,"play_id":"1e822422-c0e4-4077-8554-8be7d1ca7a71","local_time":"20210209171856","is_ascension_mode":true,"campfire_choices":[{"data":"Quick Slash","floor":7,"key":"SMITH"}],"circlet_count":0,"master_deck":["AscendersBane","Strike_G","Strike_G","Strike_G","Strike_G","Defend_G","Defend_G","Defend_G","Defend_G","Defend_G","Survivor","Neutralize","Blade Dance+1","Flash of Steel","Regret","Quick Slash+1","Backstab"],"relics":["Ring of the Snake","NeowsBlessing","Tiny Chest","Art of War"],"acts_visited":["Exordium"],"potions_floor_usage":[],"damage_taken":[{"damage":0,"enemies":"Jaw Worm","floor":1,"turns":1},{"damage":0,"enemies":"Gremlin Nob","floor":6,"turns":1},{"damage":0,"enemies":"2 Louse","floor":8,"turns":1},{"damage":0,"enemies":"Lagavulin","floor":10,"turns":1}],"seed_played":"8389487231415210273","potions_obtained":[{"floor":6,"key":"Strength Potion"}],"is_trial":false,"path_per_floor":["M","?","?","$","?","E","R","M","T","E"],"character_chosen":"THE_SILENT","items_purchased":["Flash of Steel"],"campfire_rested":0,"item_purchase_floors":[4],"current_hp_per_floor":[59,52,52,52,52,52,52,52,52,52,52],"gold":352,"neow_bonus":"THREE_ENEMY_KILL","is_daily":false,"chose_seed":false,"campfire_upgraded":1,"win_rate":0.0,"timestamp":1612898336,"path_taken":["M","?","?","$","?","E","R","?","T","E"],"items_purchased_type":["Card"],"build_version":"2020-12-22","purchased_purges":0,"victory":false,"max_hp_per_floor":[66,66,66,66,66,66,66,66,66,66,66],"card_choices":[{"not_picked":["Slice","Endless Agony"],"picked":"Blade Dance","floor":1},{"not_picked":["Sucker Punch","Dodge and Roll"],"picked":"Quick Slash","floor":6},{"not_picked":["Dagger Spray","Cloak And Dagger"],"picked":"Backstab","floor":8}],"player_experience":1660939,"relics_obtained":[{"floor":6,"key":"Tiny Chest"},{"floor":9,"key":"Art of War"}],"event_choices":[{"cards_removed":["Strike_G"],"damage_healed":0,"gold_gain":0,"player_choice":"Card Removal","damage_taken":7,"max_hp_gain":0,"max_hp_loss":0,"event_name":"Golden Wing","floor":2,"gold_loss":0},{"damage_healed":0,"gold_gain":0,"player_choice":"Grow","damage_taken":0,"max_hp_gain":0,"max_hp_loss":0,"event_name":"Living Wall","floor":3,"gold_loss":0,"cards_upgraded":["Blade Dance"]},{"damage_healed":0,"gold_gain":275,"player_choice":"Desecrate","damage_taken":0,"max_hp_gain":0,"max_hp_loss":0,"event_name":"Golden Shrine","floor":5,"gold_loss":0,"cards_obtained":["Regret"]}],"is_beta":false,"boss_relics":[],"items_purged_floors":[],"is_endless":false,"potions_floor_spawned":[6],"killed_by":"Lagavulin","ascension_level":20}}