{"host":"uv5ws9rdk87e8i5k","time":1612899020,"event":{"mods":["AchievementEnabler","BaseMod","Colored Map","Minty Spire (QoL Compilation)","Permanent Neow","Quick Restart","StSLib","SuperFastMode","The Necromancer"],"gold_per_floor":[113,128,139,139,159,186,214,214,214],"floor_reached":8,"language":"ENG","playtime":221,"items_purged":[],"score":105,"play_id":"c6300ea9-d0ac-4f78-89a7-0ac94853e175","local_time":"20210209133020","is_ascension_mode":true,"campfire_choices":[],"circlet_count":0,"master_deck":["AscendersBane","Strike_G","Strike_G","Strike_G","Strike_G","Strike_G","Defend_G","Defend_G","Defend_G","Defend_G","Defend_G","Survivor","Neutralize","Deadly Poison","Heel Hook","Deadly Poison","Dagger Throw","Regret","All Out Attack","Backstab","Backstab"],"relics":["Ring of the Snake","Pen Nib","WingedGreaves","Frozen Egg 2"],"acts_visited":["Exordium"],"potions_floor_usage":[7],"damage_taken":[{"damage":0.0,"enemies":"Jaw Worm","floor":1.0,"turns":5.0},{"damage":6.0,"enemies":"2 Louse","floor":2.0,"turns":4.0},{"damage":1.0,"enemies":"Cultist","floor":3.0,"turns":4.0},{"damage":4.0,"enemies":"Looter","floor":5.0,"turns":4.0},{"damage":17.0,"enemies":"Gremlin Nob","floor":6.0,"turns":4.0},{"damage":25,"enemies":"Lagavulin","floor":7,"turns":6},{"damage":0,"enemies":"3 Sentries","floor":8,"turns":1}],"seed_played":"184997581129771228","potions_obtained":[{"floor":1.0,"key":"DistilledChaos"},{"floor":2.0,"key":"PowerPotion"}],"is_trial":false,"path_per_floor":["M","M","M","?","M","E","E","E"],"character_chosen":"THE_SILENT","items_purchased":[],"campfire_rested":0,"item_purchase_floors":[],"current_hp_per_floor":[63,57,56,56,52,35,10,10,10],"gold":214,"neow_bonus":"THREE_CARDS","is_daily":false,"chose_seed":false,"campfire_upgraded":0,"win_rate":0.0,"timestamp":1612899020,"path_taken":["M","M","M","?","M","E","E","E"],"items_purchased_type":[],"build_version":"2020-12-22","purchased_purges":0,"victory":false,"max_hp_per_floor":[70,70,70,70,70,70,70,70,70],"card_choices":[{"not_picked":["Noxious Fumes","Bane"],"picked":"Deadly Poison","floor":0.0},{"not_picked":["Underhanded Strike","Endless Agony"],"picked":"Heel Hook","floor":1.0},{"not_picked":["Slice","Accuracy"],"picked":"Deadly Poison","floor":2.0},{"not_picked":["Endless Agony","Predator"],"picked":"Dagger Throw","floor":3.0},{"not_picked":["Sucker Punch","Reflex"],"picked":"All Out Attack","floor":5.0},{"not_picked":["Deflect","Accuracy"],"picked":"Backstab","floor":6.0},{"not_picked":["Distraction","Deflect"],"picked":"Backstab","floor":7}],"player_experience":289698,"relics_obtained":[{"floor":6.0,"key":"WingedGreaves"},{"floor":7,"key":"Frozen Egg 2"}],"event_choices":[{"damage_healed":0.0,"max_hp_gain":0.0,"max_hp_loss":0.0,"gold_gain":0.0,"event_name":"Big Fish","player_choice":"Box","floor":4.0,"gold_loss":0.0,"damage_taken":0.0,"relics_obtained":["Pen Nib"],"cards_obtained":["Regret"]}],"is_beta":false,"boss_relics":[],"items_purged_floors":[],"is_endless":false,"potions_floor_spawned":[1,2,5],"killed_by":"3 Sentries","ascension_level":11}}