{"host":"ni4oo1xiwmgy489n","time":1612859100,"event":{"mods":["BaseMod","BetterRewards","Downfall","Googly Eyes","Hermit","Hubris","Infinite Spire","Minty Spire (QoL Compilation)","Quick Restart","Replay The Spire","StSLib","The Bug Knight","The Cursed","The Hierophant","The Servant 0.9.4"],"gold_per_floor":[99,115,8,8,11,11,36,36,72,180,156,230,248,366,389,493,493,493,508,197,247,265,286,286,336,402,402,417,432,442,18,38,134,134,204,224,83,99,111,161,161,211,211,211],"floor_reached":42,"language":"ENG","playtime":4965,"items_purged":[],"score":506,"play_id":"d7c65baa-da09-4a13-acb6-500cfcd247fc","local_time":"20210209022500","is_ascension_mode":false,"campfire_choices":[{"floor":1,"key":"RECALL"},{"data":"hexamod:Float","floor":6,"key":"SMITH"},{"data":"hexamod:Sear","floor":8,"key":"SMITH"},{"data":"hexamod:CatchUp","floor":18,"key":"SMITH"},{"data":"hubris:DuctTapeCard","floor":27,"key":"SMITH"}],"circlet_count":0,"master_deck":["hexamod:Strike","hexamod:Strike","hexamod:Strike","hexamod:Defend","hexamod:Defend+2","hexamod:Defend","hexamod:Sear+1","hexamod:Float+1","hexamod:Incineration+1","hexamod:Hexaguard+1","hexamod:FastForward","hexamod:CatchUp+1","hexamod:BurningTouch","hexamod:HauntingEcho","hubris:NaturalOne","hexamod:TurnItUp","hexamod:VolcanoVisage","hexamod:GhostShield","hubris:DuctTapeCard+2","hexamod:NightmareGuise","hexamod:Rewind","hexamod:RetreatToShadows","hexamod:CatchUp+1","Defend_R+3","hexamod:StepThrough","hexamod:HeatShield","hexamod:FastForward","hexamod:GhostOfSpirePresent","hexamod:FastForward","hexamod:ThermalTransfer","hexamod:SixthSeal","hexamod:SkipABeat","hexamod:Hexaguard","hexamod:PhantomFireball+1","hexamod:GhostLash","hexamod:Hexaguard"],"relics":["hexamod:SpiritBrand","hubris:Icosahedron","Mirror","downfall:CloakOfManyFaces","CultistMask","FaceOfCleric","NlothsMask","GremlinMask","SsserpentHead","hubris:DuctTape","hexamod:TheBrokenSeal","Simple Rune","Calipers","Empty Cage","Orichalcum"],"acts_visited":["Exordium","TheCity","TheBeyond"],"potions_floor_usage":[10,14,16,19,22,30,33,38,39],"damage_taken":[{"damage":0,"enemies":"Small Slimes","floor":2,"turns":3},{"damage":0,"enemies":"downfall:FleeingMerchant","floor":3,"turns":4},{"damage":0,"enemies":"Cultist","floor":5,"turns":3},{"damage":31,"enemies":"Gremlin Nob","floor":9,"turns":5},{"damage":22,"enemies":"downfall:FaceTrader","floor":10,"turns":9},{"damage":0,"enemies":"Jaw Worm","floor":11,"turns":4},{"damage":7,"enemies":"Blue Slaver","floor":12,"turns":4},{"damage":1,"enemies":"Red Slaver","floor":13,"turns":3},{"damage":0,"enemies":"Large Slime","floor":14,"turns":3},{"damage":2,"enemies":"Blue Slaver","floor":15,"turns":3},{"damage":35,"enemies":"IC_STATUS_ARCHETYPE","floor":16,"turns":8},{"damage":41,"enemies":"Shell Parasite","floor":19,"turns":11},{"damage":0,"enemies":"downfall:FleeingMerchant","floor":20,"turns":4},{"damage":13,"enemies":"Chosen","floor":22,"turns":7},{"damage":27,"enemies":"Snake Plant","floor":23,"turns":7},{"damage":4,"enemies":"Centurion and Healer","floor":26,"turns":8},{"damage":28,"enemies":"Shelled Parasite and Fungi","floor":28,"turns":5},{"damage":0,"enemies":"Snecko","floor":29,"turns":3},{"damage":2,"enemies":"Snake Plant","floor":30,"turns":3},{"damage":13,"enemies":"downfall:FleeingMerchant","floor":31,"turns":4},{"damage":18,"enemies":"Cultist and Chosen","floor":32,"turns":6},{"damage":10,"enemies":"SI_MIRROR_ARCHETYPE","floor":33,"turns":12},{"damage":13,"enemies":"Orb Walker","floor":36,"turns":4},{"damage":20,"enemies":"downfall:FleeingMerchant","floor":37,"turns":4},{"damage":42,"enemies":"3 Darklings","floor":38,"turns":7},{"damage":23,"enemies":"Transient","floor":39,"turns":5},{"damage":13,"enemies":"Jaw Worm Horde","floor":42,"turns":2}],"seed_played":"-3646597430994001564","potions_obtained":[{"floor":5,"key":"Strength Potion"},{"floor":9,"key":"GamblersBrew"},{"floor":11,"key":"FearPotion"},{"floor":12,"key":"BlessingOfTheForge"},{"floor":12,"key":"AttackPotion"},{"floor":14,"key":"Death Potion"},{"floor":16,"key":"ColorlessPotion"},{"floor":19,"key":"Ancient Potion"},{"floor":19,"key":"Swift Potion"},{"floor":23,"key":"SneckoOil"},{"floor":23,"key":"Dexterity Potion"},{"floor":29,"key":"EssenceOfSteel"},{"floor":32,"key":"Energy Potion"},{"floor":33,"key":"SteroidPotion"},{"floor":38,"key":"SkillPotion"},{"floor":39,"key":"Fire Potion"}],"is_trial":false,"path_per_floor":["R","M","$","?","M","R","T","R","E","?","M","M","M","M","M","B",null,"R","M","$","?","M","M","T","?","M","R","M","M","M","$","M","B",null,"R","M","$","M","M","?","T","M"],"character_chosen":"THE_SPIRIT","items_purchased":["hexamod:Incineration","hexamod:GhostShield","hubris:DuctTape","hexamod:NightmareGuise","Simple Rune","Calipers","hexamod:SkipABeat","hexamod:Hexaguard"],"campfire_rested":0,"item_purchase_floors":[3,3,20,20,31,31,37,37],"current_hp_per_floor":[77,77,77,77,77,77,77,77,46,31,39,40,47,55,61,27,83,83,50,51,51,46,97,97,97,94,94,67,68,67,55,38,29,104,104,92,73,32,10,10,10,0,0,0],"gold":211,"neow_bonus":"TEN_PERCENT_HP_BONUS","is_daily":false,"chose_seed":false,"campfire_upgraded":4,"win_rate":0.0,"timestamp":1612859100,"path_taken":["R","M","$","?","M","R","T","R","E","?","M","?","M","M","M","BOSS","R","M","$","?","M","M","T","?","?","R","M","M","M","?","M","BOSS","R","M","$","M","M","?","T","?"],"items_purchased_type":["Card","Card","Relic","Card","Relic","Relic","Card","Card"],"build_version":"2020-12-22","purchased_purges":0,"victory":false,"max_hp_per_floor":[77,77,77,77,77,77,77,77,77,77,78,79,80,81,82,83,83,83,84,85,85,86,97,97,97,98,98,99,100,101,102,103,104,104,104,105,106,107,108,108,108,108,108,108],"card_choices":[{"not_picked":["hexamod:ShieldOfDarkness","hexamod:ThermalTransfer"],"picked":"hexamod:FirstSeal","floor":2},{"not_picked":["hexamod:ExtraCrispy","hexamod:RainOfEmbers"],"picked":"hexamod:GhostLash","floor":3},{"not_picked":["hexamod:Hexaguard","hexamod:RecurringNightmare"],"picked":"hexamod:SecondSeal","floor":5},{"not_picked":["hexamod:NightmareStrike","hexamod:PhantomFireball"],"picked":"hexamod:Hexaguard","floor":9},{"not_picked":["hexamod:NightmareGuise","hexamod:GhostLash"],"picked":"hexamod:FastForward","floor":10},{"not_picked":["hexamod:SwordOfDarkness","hexamod:AdvancingGuard"],"picked":"hexamod:FourthSeal","floor":11},{"not_picked":["hexamod:HeatMetal","hexamod:Firestarter"],"picked":"hexamod:CatchUp","floor":12},{"not_picked":["hexamod:Firestarter","hexamod:SoulSteal"],"picked":"hexamod:BurningTouch","floor":13},{"not_picked":["hexamod:BacktrackSmack","hexamod:CatchUp"],"picked":"hexamod:HauntingEcho","floor":14},{"not_picked":["hexamod:HauntingEcho","hexamod:Again"],"picked":"hexamod:SixthSeal","floor":15},{"not_picked":["hexamod:ForkedFlame","hexamod:SixthSeal"],"picked":"hexamod:FifthSeal","floor":16},{"not_picked":["hexamod:SixthSeal","hexamod:FirstSeal"],"picked":"hexamod:ThirdSeal","floor":19},{"not_picked":["hexamod:GhostLash","hexamod:HeatMetal"],"picked":"hexamod:TurnItUp","floor":19},{"not_picked":["hexamod:AdvancingGuard","hexamod:GhostflameBarrier"],"picked":"hexamod:VolcanoVisage","floor":20},{"not_picked":["hexamod:Firestarter","hexamod:FastForward"],"picked":"hexamod:GhostShield","floor":20},{"not_picked":["hexamod:FirstSeal","hexamod:FourthSeal"],"picked":"hexamod:ThirdSeal","floor":22},{"not_picked":["hexamod:ThirdSeal","hexamod:ShieldOfDarkness+1"],"picked":"hexamod:Rewind","floor":22},{"not_picked":["hexamod:HeatCrush+1","hexamod:PhantomFireball"],"picked":"hexamod:RetreatToShadows","floor":22},{"not_picked":["hexamod:Firestarter","hexamod:BurningTouch"],"picked":"hexamod:CatchUp+1","floor":23},{"not_picked":["hexamod:ThermalTransfer","hexamod:SwordOfDarkness"],"picked":"hexamod:StepThrough","floor":26},{"not_picked":["hexamod:Firestarter","hexamod:BurningTouch"],"picked":"hexamod:HeatShield","floor":28},{"not_picked":["hexamod:GhostShield","hexamod:Haunt+1"],"picked":"hexamod:FastForward","floor":29},{"not_picked":["hexamod:DynamicBlow","hexamod:InspiringFlames"],"picked":"hexamod:GhostOfSpirePresent","floor":30},{"not_picked":["hexamod:NightmareStrike","hexamod:FirstSeal"],"picked":"hexamod:FastForward","floor":31},{"not_picked":["hexamod:NightmareGuise","hexamod:HauntingEcho"],"picked":"hexamod:ThermalTransfer","floor":32},{"not_picked":["hexamod:FifthSeal","hexamod:TurnItUp"],"picked":"hexamod:SixthSeal","floor":33},{"not_picked":["hexamod:Incineration+1","hexamod:ShieldOfDarkness","hexamod:ThermalTransfer"],"picked":"SKIP","floor":36},{"not_picked":["hexamod:ShieldOfDarkness+1","hexamod:UnleashSpirits","hexamod:HeatCrush"],"picked":"SKIP","floor":37},{"not_picked":["hexamod:AdvancingGuard","hexamod:InspiringFlames+1"],"picked":"hexamod:PhantomFireball+1","floor":38},{"not_picked":["hexamod:BacktrackSmack","hexamod:ShieldOfDarkness"],"picked":"hexamod:GhostLash","floor":39}],"player_experience":185823,"relics_obtained":[{"floor":9,"key":"Mirror"},{"floor":10,"key":"downfall:CloakOfManyFaces"},{"floor":41,"key":"Orichalcum"}],"event_choices":[{"cards_removed":["hexamod:ThirdSeal"],"damage_healed":0,"gold_gain":0,"player_choice":"Took Card","damage_taken":0,"max_hp_gain":0,"max_hp_loss":0,"event_name":"NoteForYourself","floor":25,"gold_loss":0,"cards_obtained":["Defend_R"]}],"is_beta":false,"boss_relics":[{"not_picked":["bronze:MakeshiftBattery","Kintsugi","Replay:Drink Me"]},{"not_picked":["hubris:CrackedHourglass","Snecko Eye"],"picked":"Empty Cage"}],"items_purged_floors":[],"is_endless":false,"potions_floor_spawned":[5,9,11,12,19,23,29,32,33,36,38,39],"killed_by":"Jaw Worm Horde","ascension_level":0}}