{"host":"t1puqh5lxz8sp6fn","time":1612843144,"event":{"mods":["AchievementEnabler","BaseMod","Colored Powertips","Minty Spire (QoL Compilation)","Rare Cards Sparkle","Relic Stats","StSLib"],"gold_per_floor":[119,134,26,76,95,95,128,128,207,227,27,46,46,65,65,144,144,159,159,159,173,173,173,192,209,261,261,72,90,22,52,52,52,52],"floor_reached":33,"playtime":1268,"items_purged":["Parasite"],"score":467,"play_id":"2992bebe-e8c4-49a9-866f-851ef74472c9","local_time":"20210209005904","is_ascension_mode":true,"campfire_choices":[{"data":"Beam Cell","floor":6.0,"key":"SMITH"},{"data":"Sweeping Beam","floor":8.0,"key":"SMITH"},{"data":"Fusion","floor":13.0,"key":"SMITH"},{"data":"Go for the Eyes","floor":15.0,"key":"SMITH"},{"floor":23,"key":"REST"},{"floor":27,"key":"REST"},{"floor":32,"key":"REST"}],"circlet_count":0,"master_deck":["AscendersBane","Strike_B","Strike_B","Strike_B","Defend_B","Defend_B+1","Defend_B","Zap","Dualcast+1","Gash","Leap","BootSequence","Lockon","Beam Cell+1","Sweeping Beam+1","Fusion+1","Conserve Battery","Streamline","Go for the Eyes+1","Creative AI","Stack+1","Tempest","Compile Driver","FTL","Defragment","Reinforced Body","Aggregate"],"relics":["Cracked Core","Torii","Regal Pillow","Mummified Hand","War Paint","Cursed Key","Meat on the Bone"],"acts_visited":["Exordium","TheCity"],"potions_floor_usage":[24,31,33,33],"damage_taken":[{"damage":1.0,"enemies":"Cultist","floor":1.0,"turns":3.0},{"damage":8.0,"enemies":"Jaw Worm","floor":2.0,"turns":3.0},{"damage":0.0,"enemies":"Small Slimes","floor":5.0,"turns":3.0},{"damage":15.0,"enemies":"Lagavulin","floor":7.0,"turns":6.0},{"damage":0.0,"enemies":"Blue Slaver","floor":10.0,"turns":3.0},{"damage":0.0,"enemies":"Large Slime","floor":12.0,"turns":5.0},{"damage":1.0,"enemies":"2 Fungi Beasts","floor":14.0,"turns":3.0},{"damage":2.0,"enemies":"Slime Boss","floor":16.0,"turns":8.0},{"damage":18,"enemies":"Spheric Guardian","floor":18,"turns":4},{"damage":1,"enemies":"Shell Parasite","floor":21,"turns":4},{"damage":23,"enemies":"Sentry and Sphere","floor":24,"turns":5},{"damage":25,"enemies":"Snake Plant","floor":25,"turns":4},{"damage":2,"enemies":"Chosen and Byrds","floor":29,"turns":4},{"damage":42,"enemies":"Slavers","floor":31,"turns":5},{"damage":48,"enemies":"Automaton","floor":33,"turns":8}],"seed_played":"3982583505073905557","potions_obtained":[{"floor":5.0,"key":"ColorlessPotion"},{"floor":7.0,"key":"SmokeBomb"},{"floor":12.0,"key":"DuplicationPotion"},{"floor":14.0,"key":"Strength Potion"},{"floor":16.0,"key":"Energy Potion"},{"floor":25,"key":"SpeedPotion"},{"floor":31,"key":"DistilledChaos"}],"is_trial":false,"path_per_floor":["M","M","$","?","M","R","E","R","T","M","$","M","R","M","R","B",null,"M","?","?","M","?","R","M","M","T","R","$","M","$","E","R","B"],"character_chosen":"DEFECT","items_purchased":["BootSequence","Lockon","Conserve Battery","War Paint","Defragment","Regen Potion","Reinforced Body"],"campfire_rested":3,"item_purchase_floors":[3,3,11,11,28,28,30],"current_hp_per_floor":[63,55,55,49,49,49,34,34,34,34,34,34,34,33,33,31,56,38,38,38,37,20,55,32,7,7,42,42,40,40,12,46,0,0],"gold":52,"neow_bonus":"ONE_RARE_RELIC","is_daily":false,"chose_seed":false,"campfire_upgraded":4,"win_rate":0.0,"timestamp":1612843144,"path_taken":["M","M","?","?","M","R","E","R","T","?","?","M","R","M","R","BOSS","M","?","?","M","?","R","M","M","T","R","$","M","?","E","R","BOSS"],"items_purchased_type":["Card","Card","Card","Relic","Card","Potion","Card"],"build_version":"2020-12-13","purchased_purges":1,"victory":false,"max_hp_per_floor":[64,64,64,64,64,64,64,64,64,64,64,64,64,64,64,64,64,64,64,64,64,69,69,69,69,69,69,66,66,66,66,66,66,66],"relic_stats":{"Regal Pillow":45,"Torii":32,"counters":[15,68],"Mummified Hand":[26],"War Paint":["Dualcast","Defend_B"],"Cursed Key":1,"obtain_stats":[{"Regal Pillow":7,"Torii":0,"Mummified Hand":9,"War Paint":11,"Cracked Core":0,"Cursed Key":17,"Meat on the Bone":31},{"Regal Pillow":4,"Torii":0,"Mummified Hand":4,"War Paint":5,"Cracked Core":0,"Cursed Key":8,"Meat on the Bone":14},{"Regal Pillow":15,"Torii":0,"Mummified Hand":15,"War Paint":18,"Cracked Core":0,"Cursed Key":34,"Meat on the Bone":60}],"Meat on the Bone":0},"card_choices":[{"not_picked":["Compile Driver","Rebound"],"picked":"Gash","floor":1.0},{"not_picked":["Heatsinks","FTL"],"picked":"Leap","floor":2.0},{"not_picked":["Barrage","Steam Power"],"picked":"Beam Cell","floor":5.0},{"not_picked":["FTL","Skim"],"picked":"Sweeping Beam","floor":7.0},{"not_picked":["Aggregate","Turbo"],"picked":"Fusion","floor":10.0},{"not_picked":["Beam Cell","Turbo"],"picked":"Streamline","floor":12.0},{"not_picked":["Hologram","Coolheaded"],"picked":"Go for the Eyes","floor":14.0},{"not_picked":["Seek","Fission"],"picked":"Creative AI","floor":16.0},{"not_picked":["FTL","Compile Driver"],"picked":"Stack+1","floor":18},{"not_picked":["Ball Lightning","Blizzard+1","Melter"],"picked":"SKIP","floor":21},{"not_picked":["Streamline+1","Storm","Redo"],"picked":"SKIP","floor":24},{"not_picked":["Lockon","Sweeping Beam+1"],"picked":"FTL","floor":25},{"not_picked":["Beam Cell","Compile Driver","Streamline+1"],"picked":"SKIP","floor":29},{"not_picked":["Leap","Compile Driver"],"picked":"Aggregate","floor":31}],"player_experience":496030,"relics_obtained":[{"floor":7.0,"key":"Regal Pillow"},{"floor":9.0,"key":"Mummified Hand"},{"floor":31,"key":"Meat on the Bone"}],"event_choices":[{"damage_healed":0.0,"max_hp_gain":0.0,"max_hp_loss":0.0,"gold_gain":50.0,"event_name":"FaceTrader","player_choice":"Touch","floor":4.0,"gold_loss":0.0,"damage_taken":6.0},{"damage_healed":0,"gold_gain":0,"cards_transformed":["Strike_B","Defend_B"],"player_choice":"Became Test Subject","damage_taken":0,"max_hp_gain":0,"max_hp_loss":0,"event_name":"Drug Dealer","floor":19,"gold_loss":0,"cards_obtained":["Tempest","Compile Driver"]},{"damage_healed":0,"gold_gain":0,"player_choice":"Ignored","damage_taken":0,"max_hp_gain":0,"max_hp_loss":0,"event_name":"Vampires","floor":20,"gold_loss":0},{"damage_healed":0,"gold_gain":0,"player_choice":"Shed Blood","damage_taken":22,"max_hp_gain":5,"max_hp_loss":0,"event_name":"Forgotten Altar","floor":22,"gold_loss":0}],"is_beta":false,"boss_relics":[{"not_picked":["Ectoplasm","Calling Bell"],"picked":"Cursed Key"}],"items_purged_floors":[28],"is_endless":false,"potions_floor_spawned":[5,7,12,14,16,25,31],"killed_by":"Automaton","ascension_level":15}}