{"host":"jvowh0ebc6z3ohxd","time":1612857804,"event":{"mods":["2.2 Compatiblity","Aspiration","BaseMod","BetterRewards","Colored Map","Colored Powertips","Conspire","Downfall","Friendly Minions","GifTheSpireLib","Hubris","Infinite Spire","Minty Spire (QoL Compilation)","Permanent Neow","Quick Restart","Reliquary","Replay The Spire","Shop Mod","StSLib","Stuff the Spire","The Animator","The Cursed","The Dragon Tamer","The Gatherer","The Marked","The Senshi"],"gold_per_floor":[117,135,38,79,99,127,127,127,151,151,101,101,119,137,137,237,237,256,18,18,117,63,90,90,101,101,112,131,148,148,167,167,167,167,167],"floor_reached":33,"language":"ENG","playtime":3019,"items_purged":["DTMod:Strike"],"score":292,"play_id":"3d4e281b-a70a-4920-ad3d-026b0138f433","local_time":"20210209030324","is_ascension_mode":false,"metric_token":1683,"campfire_choices":[{"data":"DTMod:Threaten","floor":7,"key":"SMITH"},{"floor":10,"key":"REST"},{"data":"DTMod:Shift","floor":12,"key":"SMITH"},{"data":"DTMod:CleansingStrike","floor":15,"key":"SMITH"},{"data":"DTMod:Haste","floor":24,"key":"SMITH"},{"floor":30,"key":"REST"},{"data":"DTMod:Inferno","floor":32,"key":"SMITH"}],"dtmod_dragon_data":[0,50,1,-1,12,0],"circlet_count":0,"master_deck":["DTMod:Strike","DTMod:Strike","DTMod:Strike","DTMod:DoubleHit","DTMod:TargetDefense","DTMod:TargetDefense","DTMod:TargetDefense","DTMod:TargetDefense","DTMod:SwitchingTactic","DTMod:InvisibleFlame","DTMod:TauntingStrike","DTMod:Shift","DTMod:Conduct","DTMod:Threaten+1","DTMod:Astonish","Dark Shackles","DTMod:WarmUp","DTMod:Shift+1","DTMod:CrossStep","DTMod:CleansingStrike+1","DTMod:QuickFly","DTMod:ShadowImage","DTMod:Haste+1","DTMod:FlameSlash","DTMod:DragonDance","DTMod:DragonDance","DTMod:TauntingStrike","DTMod:MaximumCharge","DTMod:Inferno+1","DTMod:BlazingStrike"],"relics":["DTMod:PactStone","MerchantsRug","reliquary:BoilingFlask","infinitespire:Lucky Rock","reliquary:Stiletto","Painkiller Herb","Lee\u0027s Waffle","Snack Pack","Frozen Egg 2"],"acts_visited":["Exordium","TheCity"],"potions_floor_usage":[0,6,16,33,33],"damage_taken":[{"damage":0,"enemies":"Small Slimes","floor":1,"turns":3},{"damage":0,"enemies":"Jaw Worm","floor":2,"turns":2},{"damage":6,"enemies":"conspire:MimicChest","floor":4,"turns":6},{"damage":0,"enemies":"Cultist","floor":5,"turns":3},{"damage":8,"enemies":"Lagavulin","floor":6,"turns":8},{"damage":0,"enemies":"Looter","floor":13,"turns":3},{"damage":0,"enemies":"Large Slime","floor":14,"turns":5},{"damage":32,"enemies":"Fading Forest","floor":16,"turns":11},{"damage":0,"enemies":"3 Byrds","floor":18,"turns":6},{"damage":0,"enemies":"Gremlin Leader","floor":23,"turns":7},{"damage":3,"enemies":"Chosen","floor":25,"turns":6},{"damage":12,"enemies":"Snake Plant","floor":27,"turns":5},{"damage":9,"enemies":"Centurion and Healer","floor":28,"turns":7},{"damage":1,"enemies":"Shelled Parasite and Fungi","floor":29,"turns":7},{"damage":9,"enemies":"Cultist and Chosen","floor":31,"turns":4},{"damage":47,"enemies":"Automaton","floor":33,"turns":6}],"seed_played":"-1704167274678421220","potions_obtained":[{"floor":16,"key":"Strength Potion"}],"is_trial":false,"path_per_floor":["M","M","$","?","M","E","R","?","T","R","$","R","M","M","R","B",null,"?","T","?","?","T","E","T","?","T","?","?","?","T","?","T","B"],"character_chosen":"THE_DT","items_purchased":["DTMod:InvisibleFlame","DTMod:TauntingStrike","MerchantsRug","reliquary:BoilingFlask","EntropicBrew","DTMod:Shift","DTMod:Conduct","Dark Shackles","PowerPotion","Lee\u0027s Waffle","DTMod:Haste","DTMod:FlameSlash","DTMod:DragonDance"],"campfire_rested":2,"item_purchase_floors":[0,0,0,0,0,0,0,3,11,19,19,19,22],"current_hp_per_floor":[23,23,23,17,17,9,9,9,9,22,22,22,22,22,22,8,45,45,52,52,52,52,52,52,49,49,37,32,35,50,43,43,0,0,0],"gold":167,"neow_bonus":"","is_daily":false,"chose_seed":false,"campfire_upgraded":5,"win_rate":0.0,"timestamp":1612857804,"path_taken":["M","M","$","?","?","E","R","?","T","R","$","R","M","M","R","BOSS","?","T","?","?","?","E","T","?","T","?","?","?","T","?","T","BOSS"],"items_purchased_type":["Card","Card","Relic","Relic","Potion","Card","Card","Card","Potion","Relic","Card","Card","Card"],"build_version":"2020-12-22","purchased_purges":1,"victory":false,"max_hp_per_floor":[45,45,45,45,45,45,45,45,45,45,45,45,45,45,45,45,45,45,52,52,52,52,52,52,52,52,52,52,52,52,52,52,52,52,52],"card_choices":[{"not_picked":["DTMod:FlameSlash","DTMod:LowKick"],"picked":"DTMod:Threaten","floor":1},{"not_picked":["DTMod:Hide","DTMod:BizarreTactic"],"picked":"DTMod:Astonish","floor":2},{"not_picked":["DTMod:BlueScale","DTMod:BurningEnergy"],"picked":"DTMod:WarmUp","floor":4},{"not_picked":["DTMod:TauntingStrike","DTMod:BizarreTactic"],"picked":"DTMod:Shift","floor":5},{"not_picked":["DTMod:BalancedStrike","DTMod:GhostSkin"],"picked":"DTMod:CrossStep","floor":6},{"not_picked":["DTMod:ShieldDrain","DTMod:BlazingStrike"],"picked":"DTMod:CleansingStrike","floor":13},{"not_picked":["DTMod:Shift","DTMod:BuildUp"],"picked":"DTMod:QuickFly","floor":14},{"not_picked":["DTMod:Multitask","DTMod:Safeguard"],"picked":"DTMod:ShadowImage","floor":16},{"not_picked":["DTMod:Punisher+1","DTMod:Threaten","DTMod:LastStand"],"picked":"SKIP","floor":18},{"not_picked":["DTMod:BizarreTactic","DTMod:Feint+1"],"picked":"DTMod:TauntingStrike","floor":23},{"not_picked":["DTMod:CalculatedDefense","DTMod:BuildUp","DTMod:Weaken"],"picked":"SKIP","floor":25},{"not_picked":["DTMod:SealedStrike","DTMod:BizarreTactic"],"picked":"DTMod:MaximumCharge","floor":27},{"not_picked":["DTMod:LastStand","DTMod:Punisher","DTMod:Coolant"],"picked":"SKIP","floor":28},{"not_picked":["DTMod:Threaten","DTMod:BuildUp"],"picked":"DTMod:Inferno","floor":29},{"not_picked":["DTMod:Punisher","DTMod:LowKick"],"picked":"DTMod:BlazingStrike","floor":31}],"player_experience":371827,"relics_obtained":[{"floor":4,"key":"infinitespire:Lucky Rock"},{"floor":6,"key":"reliquary:Stiletto"},{"floor":9,"key":"reliquary:Boomerang"},{"floor":23,"key":"Snack Pack"},{"floor":26,"key":"Frozen Egg 2"}],"event_choices":[{"damage_healed":0,"gold_gain":99,"player_choice":"Stole From Cult","damage_taken":0,"max_hp_gain":0,"max_hp_loss":0,"event_name":"Nest","floor":21,"gold_loss":0}],"is_beta":false,"boss_relics":[{"not_picked":["hubris:BlackHole","aspiration:RunicSpoon"],"picked":"Painkiller Herb"}],"items_purged_floors":[0],"is_endless":false,"potions_floor_spawned":[5,14,16,18,25,27],"killed_by":"Automaton","ascension_level":0}}