{"host":"lnfs5t5iydkm2lft","time":1612850297,"event":{"mods":["AchievementEnabler","BaseMod","BetterRewards","Colored Powertips","Downfall","Hubris","Marisa????????","Minty Spire (QoL Compilation)","Quick Restart","Replay The Spire","StSLib","The Runesmith"],"gold_per_floor":[99,116,116,132,232,232,257,283,283,295,307,307,366,377,391,391,391,391],"floor_reached":16,"language":"ENG","playtime":1013,"items_purged":[],"score":107,"play_id":"405d8ab4-17c2-4686-a2b9-ddfa7ee5a513","local_time":"20210208235817","is_ascension_mode":true,"campfire_choices":[{"data":"Guardian:CurlUp","floor":1,"key":"SMITH"},{"floor":9,"key":"REST"},{"data":"Guardian:SpikerProtocol","floor":12,"key":"SMITH"}],"circlet_count":0,"master_deck":["Guardian:Strike_Guardian","Guardian:Strike_Guardian","Guardian:Strike_Guardian","Guardian:Strike_Guardian","Guardian:Defend_Guardian","Guardian:Defend_Guardian","Guardian:Defend_Guardian","Guardian:Defend_Guardian","Guardian:CurlUp+1","Guardian:TwinSlam","Guardian:PiercingHide","Guardian:SpikerProtocol+1","Guardian:GemFinder","Guardian:ConstructionForm","Guardian:Gem_Red","Guardian:Reroute","Guardian:Gem_Green","Guardian:Gem_Crimson"],"relics":["Guardian:ModeShifter","hubris:Towel","Simple Rune","Tiny Chest"],"acts_visited":["Exordium"],"potions_floor_usage":[8,14,16],"damage_taken":[{"damage":7,"enemies":"2 Louse","floor":2,"turns":4},{"damage":0,"enemies":"Small Slimes","floor":4,"turns":4},{"damage":51,"enemies":"Lagavulin","floor":8,"turns":13},{"damage":0,"enemies":"Cultist","floor":10,"turns":4},{"damage":0,"enemies":"Red Slaver","floor":11,"turns":5},{"damage":0,"enemies":"Exordium Wildlife","floor":14,"turns":4},{"damage":3,"enemies":"Exordium Thugs","floor":15,"turns":5},{"damage":32,"enemies":"IC_STATUS_ARCHETYPE","floor":16,"turns":8}],"seed_played":"-5820133722650540987","potions_obtained":[{"floor":4,"key":"Adrenaline Potion"},{"floor":13,"key":"Death Potion"},{"floor":13,"key":"Fire Potion"},{"floor":13,"key":"LiquidMemories"},{"floor":15,"key":"AttackPotion"}],"is_trial":false,"path_per_floor":["R","M","?","M","?","?","T","E","R","M","M","R","?","M","M","B"],"character_chosen":"GUARDIAN","items_purchased":[],"campfire_rested":1,"item_purchase_floors":[],"current_hp_per_floor":[88,81,81,81,81,81,81,30,56,56,56,56,34,34,31,0,0,0],"gold":391,"neow_bonus":"TEN_PERCENT_HP_BONUS","is_daily":false,"chose_seed":false,"campfire_upgraded":2,"win_rate":0.0,"timestamp":1612850297,"path_taken":["R","M","?","M","?","?","T","E","R","?","M","R","?","?","M","BOSS"],"items_purchased_type":[],"build_version":"2020-12-22","purchased_purges":0,"victory":false,"max_hp_per_floor":[88,88,88,88,88,88,88,88,88,88,88,88,88,88,88,88,88,88],"card_choices":[{"not_picked":["Guardian:Suspension","Guardian:WalkerClaw"],"picked":"Guardian:PiercingHide","floor":2},{"not_picked":["Guardian:Gem_Red","Guardian:Recover"],"picked":"Guardian:SpikerProtocol","floor":4},{"not_picked":["Guardian:RollAttack","Guardian:BodySlam"],"picked":"Guardian:Gem_White","floor":8},{"not_picked":["Guardian:TemporalShield","Guardian:PiercingHide"],"picked":"Guardian:GemFinder","floor":10},{"not_picked":["Guardian:Gem_Lightblue","Guardian:Gem_Red"],"picked":"Guardian:Gem_Green","floor":11},{"not_picked":["Guardian:Recover","Guardian:FloatingOrbs","Guardian:Planning"],"picked":"SKIP","floor":11},{"not_picked":["Guardian:ChargeCore","Guardian:Preprogram"],"picked":"Guardian:ConstructionForm","floor":13},{"not_picked":["Guardian:Gem_Cyan","Guardian:Gem_Lightblue"],"picked":"Guardian:Gem_Red","floor":14},{"not_picked":["Guardian:TemporalStrike","Guardian:Incinerate"],"picked":"Guardian:Reroute","floor":14},{"not_picked":["Guardian:Gem_Cyan","Guardian:Gem_Red"],"picked":"Guardian:Gem_Green","floor":15},{"not_picked":["Guardian:TemporalStrike","Guardian:WalkerClaw"],"picked":"Guardian:Gem_Crimson","floor":15}],"player_experience":335936,"relics_obtained":[{"floor":7,"key":"Simple Rune"},{"floor":8,"key":"Tiny Chest"}],"event_choices":[],"is_beta":false,"boss_relics":[],"items_purged_floors":[],"is_endless":false,"potions_floor_spawned":[4,15],"killed_by":"IC_STATUS_ARCHETYPE","ascension_level":1}}