{"host":"40gggw0x72bpm5se","time":1612904051,"event":{"mods":["ATMod(°¢èªMod)","Act Like it!","Aspiration","BaseMod","Better Vampires","Colored Map","Conspire","Energized Spire","Friendly Minions","Gensokyo","GungeonMod","GungeonMod Extend","HololiveMod","Infinite Spire","Koishi","Library of Ruina","Library of Ruina Extra","Lobotomy","Luminous","Minty Spire (QoL Compilation)","MostiFishMod","Quarter Circle Forward PUNCH!","Quick Restart","Relic Filter Mod","Relic Stats","Replay The Spire","RumiaBox-Â¶Ã×æ«µÄÉñÃØºÐ×Ó","Shop Mod","Spicy Shops","StSLib","TestMod","The Alterego","UnlockEverythingMod","Waifu the Spire","Youmu£¨»êÆÇÑýÃÎ£©","[LAZYMAN]RSMod","¡¾¹¦ÄÜMod¡¿»ìãçÖ®»·ÐÞ¸´²¹¶¡","¡¾ÒÅÎï¿¨ÅÆ¡¿REMEMod","Ä§½ä"],"gold_per_floor":[118,118,168,28,66,66,66],"floor_reached":6,"language":"ZHS","playtime":430,"items_purged":[],"score":84,"play_id":"f7a72951-b9af-4ad1-a1ed-491a6d504717","local_time":"20210210045411","is_ascension_mode":false,"campfire_choices":[],"circlet_count":0,"master_deck":["Strike_YM","Strike_YM","Strike_YM","Strike_YM","Defend_YM","Defend_YM","Defend_YM","Defend_YM","SlashOfPresentWorld","WheelOfPainOfLivingAndDead","CherryBlossomSword","AT_FamilyPortrait","Doubt","FantasyOfEnteringEnlightenment","SwordExtraction","ASingleThoughtAndInfiniteKalpas","HeartExcerptSlash","DoubleWheelOfPain"],"relics":["HalfPhantom","REME_ComplimentaryCards","AT_ATBox","testmod-TestBox","DaveBox","testmod-FatalChain","DiscerningMonocle","Replay:Towering Pillar of Hats","SynthV:TestCard","Baka","PageOfGalaxyChild","PageOfPorccubus"],"acts_visited":["Gensokyo:Gensokyo"],"potions_floor_usage":[],"damage_taken":[{"damage":23,"enemies":"Gensokyo:Gryphon","floor":1,"turns":7},{"damage":0,"enemies":"Gensokyo:3_Fairies","floor":3,"turns":2},{"damage":11,"enemies":"Gensokyo:Python","floor":5,"turns":7},{"damage":70,"enemies":"Gensokyo:Mamizou","floor":6,"turns":11}],"seed_played":"-1109618148973030567","potions_obtained":[],"is_trial":false,"path_per_floor":["M","?","M","?","?","E"],"character_chosen":"YOUMU","items_purchased":[],"campfire_rested":0,"item_purchase_floors":[],"current_hp_per_floor":[52,52,52,52,52,0,0],"gold":66,"neow_bonus":"ONE_RARE_RELIC","is_daily":false,"chose_seed":false,"campfire_upgraded":0,"win_rate":0.0,"timestamp":1612904051,"path_taken":["M","?","M","?","?","E"],"items_purchased_type":[],"build_version":"2020-12-22","purchased_purges":0,"victory":false,"max_hp_per_floor":[75,75,105,105,105,105,105],"relic_stats":{"counters":[4,27],"obtain_stats":[{"AT_ATBox":0,"testmod-TestBox":0,"SynthV:TestCard":1,"DaveBox":0,"Replay:Towering Pillar of Hats":0,"DiscerningMonocle":0,"PageOfGalaxyChild":4,"testmod-FatalChain":0,"HalfPhantom":0,"Baka":1,"PageOfPorccubus":5,"REME_ComplimentaryCards":0},{"AT_ATBox":0,"testmod-TestBox":0,"SynthV:TestCard":1,"DaveBox":0,"Replay:Towering Pillar of Hats":0,"DiscerningMonocle":0,"PageOfGalaxyChild":2,"testmod-FatalChain":0,"HalfPhantom":0,"Baka":1,"PageOfPorccubus":3,"REME_ComplimentaryCards":0},{"AT_ATBox":0,"testmod-TestBox":0,"SynthV:TestCard":7,"DaveBox":0,"Replay:Towering Pillar of Hats":0,"DiscerningMonocle":0,"PageOfGalaxyChild":9,"testmod-FatalChain":0,"HalfPhantom":0,"Baka":7,"PageOfPorccubus":16,"REME_ComplimentaryCards":0}]},"card_choices":[{"not_picked":["SanzenSekai","CherryBlossomFlashing"],"picked":"FantasyOfEnteringEnlightenment","floor":1},{"not_picked":["SwordOfBindingDesires","ObsessionSword","HiganSword","CherryBlossomFlashing"],"picked":"SwordExtraction","floor":2},{"not_picked":["HeavenlyHaloSlash","SlashOfDelusionalInnerEye","HumanKnowledgeSword","SwordOfBindingDesires"],"picked":"ASingleThoughtAndInfiniteKalpas","floor":2},{"not_picked":["KarmicPunishmentOfTheIdleAndUnfocused","SwordOfBindingDesires","FiveSignsOfTheDyingDeva","ThreeKonsSevenHakus"],"picked":"HeartExcerptSlash","floor":3},{"not_picked":["HeavenlyHaloSlash","HellGodSword","FlashingScatteredFlowers","DoubleWheelOfPain","DispleasureOfTheSevenHakus"],"picked":"SKIP","floor":5},{"not_picked":["HeavenlyHaloSlash","HellGodSword","FlashingScatteredFlowers","DispleasureOfTheSevenHakus"],"picked":"DoubleWheelOfPain","floor":5}],"player_experience":105378,"relics_obtained":[{"floor":1,"key":"SynthV:TestCard"},{"floor":1,"key":"Baka"},{"floor":5,"key":"PageOfPorccubus"}],"event_choices":[],"is_beta":false,"boss_relics":[],"items_purged_floors":[],"is_endless":false,"potions_floor_spawned":[],"killed_by":"Gensokyo:Mamizou","ascension_level":0}}