{"host":"soyfmymeou4emntr","time":1612909675,"event":{"mods":["BaseMod","Minty Spire (QoL Compilation)","Permanent Neow","Relic Sorter","Relic Stats","StSLib"],"gold_per_floor":[118,118,268,287,58,58,83,83,106,136,136,180,203,243,243,333,333,353,623,262,278,178,178,217,232,232,253,272,5,21,21,21,117,117,135,22,38,52,65,103,103,103,150,185,37,80,94,94,94,94,94,94,94,11,46,46,46],"floor_reached":56,"language":"ENG","playtime":7781,"items_purged":["Doubt","Strike_G","Strike_G","Strike_G"],"score":2055,"play_id":"396ef098-6ae1-4868-9115-85a99ec16f5f","local_time":"20210209152755","is_ascension_mode":true,"campfire_choices":[{"data":"Skewer","floor":6.0,"key":"SMITH"},{"data":"Die Die Die","floor":8.0,"key":"SMITH"},{"data":"Blade Dance","floor":11.0,"key":"SMITH"},{"data":"Night Terror","floor":15.0,"key":"SMITH"},{"data":"Malaise","floor":23.0,"key":"SMITH"},{"floor":32.0,"key":"REST"},{"floor":41.0,"key":"REST"},{"floor":49.0,"key":"RECALL"},{"data":"Footwork","floor":53,"key":"SMITH"}],"circlet_count":0,"master_deck":["AscendersBane","Strike_G+1","Strike_G+1","Defend_G","Defend_G","Defend_G","Defend_G","Defend_G","Survivor","Neutralize+1","Skewer+1","Blade Dance+1","Die Die Die+1","Deflect","Outmaneuver","Deadly Poison+1","Night Terror+1","Malaise+1","PiercingWail","Storm of Steel+1","Backflip","Outmaneuver","Predator","After Image","Well Laid Plans","Cloak And Dagger+1","Backflip+1","Footwork+1","Prepared+1","Accuracy+1","Acrobatics","Cloak And Dagger+1","Blade Dance","Caltrops+1"],"relics":["Ring of the Serpent","Golden Idol","Whetstone","Odd Mushroom","Bronze Scales","MealTicket","WristBlade","Chemical X","PreservedInsect","Torii","Ice Cream","Membership Card","Pocketwatch","Frozen Egg 2","Blood Vial","War Paint","Lantern","HornCleat","TungstenRod"],"acts_visited":["Exordium","TheCity","TheBeyond","TheEnding"],"potions_floor_usage":[50,51],"damage_taken":[{"damage":0.0,"enemies":"Cultist","floor":1.0,"turns":4.0},{"damage":4.0,"enemies":"Small Slimes","floor":4.0,"turns":5.0},{"damage":7.0,"enemies":"2 Louse","floor":7.0,"turns":2.0},{"damage":0.0,"enemies":"The Mushroom Lair","floor":10.0,"turns":3.0},{"damage":0.0,"enemies":"Gremlin Nob","floor":12.0,"turns":2.0},{"damage":5.0,"enemies":"Red Slaver","floor":13.0,"turns":2.0},{"damage":8.0,"enemies":"Lagavulin","floor":14.0,"turns":7.0},{"damage":27.0,"enemies":"The Guardian","floor":16.0,"turns":8.0},{"damage":0.0,"enemies":"3 Byrds","floor":18.0,"turns":3.0},{"damage":0.0,"enemies":"Chosen","floor":21.0,"turns":3.0},{"damage":20.0,"enemies":"Gremlin Leader","floor":24.0,"turns":5.0},{"damage":0.0,"enemies":"Snake Plant","floor":25.0,"turns":4.0},{"damage":0.0,"enemies":"Centurion and Healer","floor":27.0,"turns":4.0},{"damage":10.0,"enemies":"Snecko","floor":28.0,"turns":3.0},{"damage":1.0,"enemies":"Chosen and Byrds","floor":30.0,"turns":5.0},{"damage":35.0,"enemies":"Automaton","floor":33.0,"turns":11.0},{"damage":0.0,"enemies":"Orb Walker","floor":35.0,"turns":3.0},{"damage":0.0,"enemies":"3 Shapes","floor":37.0,"turns":6.0},{"damage":2.0,"enemies":"Jaw Worm Horde","floor":38.0,"turns":4.0},{"damage":14.0,"enemies":"Writhing Mass","floor":39.0,"turns":8.0},{"damage":11.0,"enemies":"Giant Head","floor":40.0,"turns":5.0},{"damage":0.0,"enemies":"Reptomancer","floor":44.0,"turns":4.0},{"damage":17.0,"enemies":"Nemesis","floor":46.0,"turns":5.0},{"damage":8.0,"enemies":"Sphere and 2 Shapes","floor":47.0,"turns":7.0},{"damage":7,"enemies":"Awakened One","floor":50,"turns":14},{"damage":33,"enemies":"Time Eater","floor":51,"turns":16},{"damage":37,"enemies":"Shield and Spear","floor":55,"turns":6},{"damage":79,"enemies":"The Heart","floor":56,"turns":6}],"seed_played":"676502314301271620","potions_obtained":[{"floor":1.0,"key":"FearPotion"},{"floor":10.0,"key":"AttackPotion"},{"floor":16.0,"key":"SpeedPotion"},{"floor":21.0,"key":"Energy Potion"},{"floor":39.0,"key":"Block Potion"},{"floor":44.0,"key":"Dexterity Potion"}],"is_trial":false,"path_per_floor":["M","?","?","M","$","R","M","R","T","?","R","E","M","E","R","B",null,"M","?","$","M","$","R","E","M","T","M","M","$","M","?","R","B",null,"M","$","M","M","M","E","R","T","T","E","$","E","M","?","R","B","B",null,"R","$","E","B"],"character_chosen":"THE_SILENT","items_purchased":["Die Die Die","Chemical X","PreservedInsect","PiercingWail","Membership Card","DistilledChaos","Well Laid Plans","Accuracy+1","Lantern","PowerPotion","Blade Dance","FairyPotion"],"campfire_rested":2,"item_purchase_floors":[5,20,20,20,29,29,36,45,45,45,54,54],"current_hp_per_floor":[59,59,59,55,55,55,48,48,48,48,48,48,43,35,35,8,47,47,20,35,35,50,50,30,30,30,30,20,35,34,34,52,17,49,49,60,60,58,44,33,51,51,51,53,60,43,37,37,37,32,1,45,45,60,23,0,0],"gold":46,"neow_bonus":"UPGRADE_CARD","is_daily":false,"chose_seed":false,"campfire_upgraded":6,"win_rate":0.0,"timestamp":1612909675,"path_taken":["M","?","?","M","$","R","M","R","T","?","R","E","M","E","R","BOSS","M","?","$","M","$","R","E","M","T","M","?","?","M","?","R","BOSS","M","$","M","M","M","E","R","?","T","E","$","E","M","?","R","BOSS","BOSS","R","$","E","BOSS"],"items_purchased_type":["Card","Relic","Relic","Card","Relic","Potion","Card","Card","Relic","Potion","Card","Potion"],"build_version":"2020-12-22","purchased_purges":4,"victory":false,"max_hp_per_floor":[66,60,60,60,60,60,60,60,60,60,60,60,60,60,60,60,60,60,60,60,60,60,60,60,60,60,60,60,60,60,60,60,60,60,60,60,60,60,60,60,60,60,60,60,60,60,60,60,60,60,60,60,60,60,60,60,60],"relic_stats":{"Torii":72,"counters":[28,155],"Golden Idol":189,"PreservedInsect":402,"Whetstone":["Strike_G","Strike_G"],"War Paint":["Storm of Steel","Deadly Poison"],"Blood Vial":10,"Bronze Scales":[548],"MealTicket":78,"Chemical X":[46],"obtain_stats":[{"Ice Cream":26,"Lantern":45,"Torii":24,"Golden Idol":2,"PreservedInsect":20,"Whetstone":9,"Odd Mushroom":10,"Frozen Egg 2":40,"War Paint":44,"Blood Vial":43,"HornCleat":46,"WristBlade":17,"Bronze Scales":12,"MealTicket":14,"Chemical X":20,"Membership Card":29,"Ring of the Serpent":34,"TungstenRod":55,"Ring of the Snake":0,"Pocketwatch":31},{"Ice Cream":12,"Lantern":22,"Torii":11,"Golden Idol":1,"PreservedInsect":9,"Whetstone":3,"Odd Mushroom":4,"Frozen Egg 2":21,"War Paint":22,"Blood Vial":21,"HornCleat":23,"WristBlade":8,"Bronze Scales":5,"MealTicket":7,"Chemical X":9,"Membership Card":14,"Ring of the Serpent":16,"TungstenRod":27,"Ring of the Snake":0,"Pocketwatch":15},{"Ice Cream":48,"Lantern":101,"Torii":44,"Golden Idol":4,"PreservedInsect":36,"Whetstone":11,"Odd Mushroom":14,"Frozen Egg 2":97,"War Paint":101,"Blood Vial":97,"HornCleat":106,"WristBlade":33,"Bronze Scales":16,"MealTicket":25,"Chemical X":36,"Membership Card":55,"Ring of the Serpent":71,"TungstenRod":149,"Ring of the Snake":0,"Pocketwatch":60}],"TungstenRod":33,"Pocketwatch":[67]},"card_choices":[{"not_picked":["Terror","Dodge and Roll"],"picked":"Skewer","floor":1.0},{"not_picked":["Underhanded Strike","Quick Slash"],"picked":"Blade Dance","floor":4.0},{"not_picked":["Dagger Throw","Choke"],"picked":"Deflect","floor":7.0},{"not_picked":["Choke","Setup"],"picked":"Outmaneuver","floor":10.0},{"not_picked":["Reflex","Concentrate"],"picked":"Deadly Poison","floor":12.0},{"not_picked":["Sucker Punch","Masterful Stab"],"picked":"Deadly Poison","floor":13.0},{"not_picked":["Flechettes","Flying Knee"],"picked":"Night Terror","floor":14.0},{"not_picked":["Grand Finale","Doppelganger"],"picked":"Malaise","floor":16.0},{"not_picked":["Deadly Poison","Choke","Dagger Throw"],"picked":"SKIP","floor":18.0},{"not_picked":["Distraction","Outmaneuver","Endless Agony"],"picked":"SKIP","floor":21.0},{"not_picked":["Poisoned Stab","Slice"],"picked":"Storm of Steel","floor":24.0},{"not_picked":["Bane","Deadly Poison+1","Underhanded Strike+1"],"picked":"SKIP","floor":25.0},{"not_picked":["Acrobatics","Blur"],"picked":"Backflip","floor":27.0},{"not_picked":["Bane","Sucker Punch"],"picked":"Outmaneuver","floor":28.0},{"not_picked":["Dodge and Roll","Prepared"],"picked":"Predator","floor":30.0},{"not_picked":["Tools of the Trade","Unload"],"picked":"After Image","floor":33.0},{"not_picked":["Noxious Fumes","Quick Slash+1","Flechettes"],"picked":"SKIP","floor":35.0},{"not_picked":["Underhanded Strike+1","Poisoned Stab"],"picked":"Cloak And Dagger+1","floor":37.0},{"not_picked":["Outmaneuver","Setup"],"picked":"Backflip+1","floor":38.0},{"not_picked":["Acrobatics","Dagger Spray"],"picked":"Footwork","floor":39.0},{"not_picked":["Endless Agony+1","Outmaneuver"],"picked":"Prepared+1","floor":40.0},{"not_picked":["Infinite Blades+1","Eviscerate","Dagger Throw"],"picked":"SKIP","floor":44.0},{"not_picked":["Noxious Fumes+1","Dagger Throw"],"picked":"Acrobatics","floor":46.0},{"not_picked":["Deflect","Infinite Blades+1"],"picked":"Cloak And Dagger+1","floor":47.0},{"not_picked":["Sucker Punch+1","Dodge and Roll"],"picked":"Caltrops+1","floor":55}],"player_experience":3162187,"relics_obtained":[{"floor":9.0,"key":"Whetstone"},{"floor":10.0,"key":"Odd Mushroom"},{"floor":12.0,"key":"Bronze Scales"},{"floor":14.0,"key":"MealTicket"},{"floor":24.0,"key":"Torii"},{"floor":26.0,"key":"Ice Cream"},{"floor":40.0,"key":"Frozen Egg 2"},{"floor":43.0,"key":"Blood Vial"},{"floor":44.0,"key":"War Paint"},{"floor":46.0,"key":"HornCleat"},{"floor":55,"key":"TungstenRod"}],"event_choices":[{"damage_healed":0.0,"max_hp_gain":0.0,"max_hp_loss":6.0,"gold_gain":0.0,"event_name":"Golden Idol","player_choice":"Lose Max HP","floor":2.0,"gold_loss":0.0,"damage_taken":0.0,"relics_obtained":["Golden Idol"]},{"damage_healed":0.0,"max_hp_gain":0.0,"max_hp_loss":0.0,"gold_gain":150.0,"event_name":"Liars Game","player_choice":"AGREE","floor":3.0,"gold_loss":0.0,"damage_taken":0.0,"cards_obtained":["Doubt"]},{"damage_healed":0.0,"max_hp_gain":0.0,"max_hp_loss":0.0,"gold_gain":0.0,"event_name":"Mushrooms","player_choice":"Fought Mushrooms","floor":10.0,"gold_loss":0.0,"damage_taken":0.0},{"damage_healed":0.0,"max_hp_gain":0.0,"max_hp_loss":0.0,"gold_gain":270.0,"event_name":"Knowing Skull","player_choice":"GOLD GOLD GOLD ","floor":19.0,"potions_obtained":[],"gold_loss":0.0,"damage_taken":27.0,"cards_obtained":[]},{"cards_removed":["Deadly Poison"],"damage_healed":0.0,"max_hp_gain":0.0,"max_hp_loss":0.0,"gold_gain":0.0,"event_name":"WeMeetAgain","player_choice":"Gave Card","floor":31.0,"gold_loss":0.0,"damage_taken":0.0,"relics_obtained":["Pocketwatch"]},{"damage_healed":0.0,"max_hp_gain":0.0,"max_hp_loss":0.0,"gold_gain":0.0,"event_name":"Tomb of Lord Red Mask","player_choice":"Ignored","floor":48.0,"gold_loss":0.0,"damage_taken":0.0}],"is_beta":false,"boss_relics":[{"not_picked":["Busted Crown","SacredBark"],"picked":"WristBlade"},{"not_picked":["Runic Dome","Coffee Dripper"],"picked":"Ring of the Serpent"}],"items_purged_floors":[5,22,29,36],"is_endless":false,"potions_floor_spawned":[1,10,16,21,24,30,35,39,40,44],"killed_by":"The Heart","ascension_level":20}}