{"host":"FirstDane","time":1612841840,"event":{"mods":["BaseMod","Bestiary","Highlight Path","Minty Spire (QoL Compilation)","Relic Stats","Slay the Relics Exporter","StSLib"],"gold_per_floor":[112,132,155,168,184,184,213,213,213,230,230,230,230,248,248,323,323,340,356,372,2,2,2,35,45,45,76,76,89,49,65,65,65,65],"floor_reached":33,"language":"ENG","playtime":2082,"items_purged":[],"score":603,"play_id":"3e9a45ab-f6e6-4e03-930e-a20859da37be","local_time":"20210208213720","is_ascension_mode":true,"campfire_choices":[{"data":"Streamline","floor":6,"key":"SMITH"},{"data":"Zap","floor":8,"key":"SMITH"},{"data":"Static Discharge","floor":11,"key":"SMITH"},{"data":"Ball Lightning","floor":13,"key":"SMITH"},{"data":"Barrage","floor":15,"key":"SMITH"},{"floor":23,"key":"REST"},{"floor":28,"key":"REST"},{"data":"Blizzard","floor":32,"key":"SMITH"}],"circlet_count":0,"master_deck":["AscendersBane","Strike_B","Strike_B","Strike_B","Defend_B","Defend_B","Defend_B","Zap+1","Dualcast","Ball Lightning+1","Chill","Glacier","Streamline+1","Static Discharge+1","Reboot","Barrage+1","Genetic Algorithm","Static Discharge","Aggregate+1","Rebound","Coolheaded+1","Undo","Blizzard+1"],"relics":["Cracked Core","Bag of Marbles","Ice Cream","Nuclear Battery","TungstenRod","Mango","Centennial Puzzle","Art of War"],"acts_visited":["Exordium","TheCity"],"potions_floor_usage":[5,7,16,18,24,27,33,33],"damage_taken":[{"damage":2,"enemies":"Cultist","floor":1,"turns":4},{"damage":2,"enemies":"Jaw Worm","floor":2,"turns":3},{"damage":10,"enemies":"2 Louse","floor":4,"turns":2},{"damage":31,"enemies":"Exordium Thugs","floor":5,"turns":5},{"damage":14,"enemies":"Lagavulin","floor":7,"turns":5},{"damage":0,"enemies":"Looter","floor":10,"turns":3},{"damage":0,"enemies":"Lots of Slimes","floor":14,"turns":3},{"damage":7,"enemies":"Hexaghost","floor":16,"turns":8},{"damage":2,"enemies":"3 Byrds","floor":18,"turns":2},{"damage":20,"enemies":"2 Thieves","floor":19,"turns":3},{"damage":18,"enemies":"Sentry and Sphere","floor":20,"turns":4},{"damage":24,"enemies":"Gremlin Leader","floor":24,"turns":7},{"damage":0,"enemies":"Snake Plant","floor":25,"turns":2},{"damage":19,"enemies":"Book of Stabbing","floor":27,"turns":4},{"damage":8,"enemies":"Centurion and Healer","floor":29,"turns":7},{"damage":11,"enemies":"Cultist and Chosen","floor":31,"turns":4},{"damage":49,"enemies":"Champ","floor":33,"turns":12}],"seed_played":"-6343154830083569103","potions_obtained":[{"floor":2,"key":"BlessingOfTheForge"},{"floor":4,"key":"Regen Potion"},{"floor":14,"key":"SpeedPotion"},{"floor":16,"key":"LiquidBronze"},{"floor":24,"key":"BlessingOfTheForge"},{"floor":25,"key":"Fire Potion"},{"floor":27,"key":"SteroidPotion"},{"floor":30,"key":"DuplicationPotion"},{"floor":30,"key":"Strength Potion"}],"is_trial":false,"path_per_floor":["M","M","T","M","M","R","E","R","T","M","R","?","R","M","R","B",null,"M","M","M","$","?","R","E","M","T","E","R","M","?","M","R","B"],"character_chosen":"DEFECT","items_purchased":["TungstenRod","BlessingOfTheForge"],"campfire_rested":2,"item_purchase_floors":[21,21],"current_hp_per_floor":[69,67,67,57,40,40,26,26,26,26,26,26,26,26,26,19,63,61,41,23,23,23,46,36,36,36,17,44,36,36,25,25,0,0],"gold":65,"neow_bonus":"TEN_PERCENT_HP_BONUS","is_daily":false,"chose_seed":false,"campfire_upgraded":6,"win_rate":0.0,"timestamp":1612841840,"path_taken":["M","M","?","?","M","R","E","R","T","M","R","?","R","M","R","BOSS","M","M","M","$","?","R","E","?","T","E","R","M","?","M","R","BOSS"],"items_purchased_type":["Relic","Potion"],"build_version":"2020-12-18","purchased_purges":0,"victory":false,"max_hp_per_floor":[78,78,78,78,78,78,78,78,78,78,78,78,78,78,78,78,78,78,78,78,78,78,78,92,92,92,92,92,92,92,92,92,92,92],"relic_stats":{"Centennial Puzzle":[12],"counters":[17,78],"Art of War":[6],"obtain_stats":[{"Ice Cream":9,"Centennial Puzzle":26,"Mango":24,"Bag of Marbles":7,"Art of War":27,"Cracked Core":0,"TungstenRod":21,"Nuclear Battery":17},{"Ice Cream":5,"Centennial Puzzle":13,"Mango":12,"Bag of Marbles":5,"Art of War":14,"Cracked Core":0,"TungstenRod":11,"Nuclear Battery":8},{"Ice Cream":19,"Centennial Puzzle":51,"Mango":49,"Bag of Marbles":19,"Art of War":55,"Cracked Core":0,"TungstenRod":42,"Nuclear Battery":33}],"TungstenRod":13},"card_choices":[{"not_picked":["Cold Snap","Loop"],"picked":"Ball Lightning","floor":1},{"not_picked":["Compile Driver","Steam"],"picked":"Chill","floor":2},{"not_picked":["Gash","Ball Lightning"],"picked":"Glacier","floor":4},{"not_picked":["Reprogram","Go for the Eyes"],"picked":"Streamline","floor":5},{"not_picked":["Leap","Aggregate","Reinforced Body"],"picked":"SKIP","floor":7},{"not_picked":["Self Repair","Go for the Eyes"],"picked":"Static Discharge","floor":10},{"not_picked":["Doom and Gloom","Steam"],"picked":"Barrage","floor":14},{"not_picked":["Gash","Barrage"],"picked":"Genetic Algorithm","floor":18},{"not_picked":["Heatsinks","Hello World","Barrage"],"picked":"SKIP","floor":19},{"not_picked":["Barrage","Stack","Gash"],"picked":"SKIP","floor":20},{"not_picked":["Rebound","Cold Snap"],"picked":"Aggregate+1","floor":24},{"not_picked":["Heatsinks","Turbo"],"picked":"Rebound","floor":25},{"not_picked":["Rebound","Turbo"],"picked":"Coolheaded+1","floor":27},{"not_picked":["Turbo","Beam Cell"],"picked":"Undo","floor":29},{"not_picked":["Compile Driver","Go for the Eyes"],"picked":"Blizzard","floor":31}],"player_experience":4077371,"relics_obtained":[{"floor":7,"key":"Bag of Marbles"},{"floor":9,"key":"Ice Cream"},{"floor":24,"key":"Mango"},{"floor":26,"key":"Centennial Puzzle"},{"floor":27,"key":"Art of War"}],"event_choices":[{"damage_healed":0,"gold_gain":0,"cards_transformed":["Defend_B"],"player_choice":"Change","damage_taken":0,"max_hp_gain":0,"max_hp_loss":0,"event_name":"Living Wall","floor":12,"gold_loss":0,"cards_obtained":["Reboot"]},{"damage_healed":0,"gold_gain":0,"cards_transformed":["Strike_B"],"player_choice":"Transformed","damage_taken":0,"max_hp_gain":0,"max_hp_loss":0,"event_name":"Transmorgrifier","floor":22,"gold_loss":0,"cards_obtained":["Static Discharge"]},{"damage_healed":0,"gold_gain":0,"player_choice":"Bought 3 Potions","damage_taken":0,"max_hp_gain":0,"max_hp_loss":0,"event_name":"The Woman in Blue","floor":30,"gold_loss":0}],"is_beta":true,"boss_relics":[{"not_picked":["FrozenCore","Sozu"],"picked":"Nuclear Battery"}],"items_purged_floors":[],"is_endless":false,"potions_floor_spawned":[2,4,14,16,24,25,27,31],"killed_by":"Champ","ascension_level":20}}