{"host":"5dk97cf2ubw2v967","time":1612864663,"event":{"mods":["AlwaysNeverKeys","BaseMod","Better Altar","Better Vampires","Block Reminder","Card Filter","Colored Powertips","Downfall","Googly Eyes","Highlight Path","Minty Spire (QoL Compilation)","Permanent Neow","Potion Indicator Mod","Quick Restart","Relic Filter","Relic Stats","Say the Spire","Spicy Shops","StSLib","Waifu the Spire","everything is the same but u backflip on backflip"],"gold_per_floor":[16,16,31,46,46,146,71,114,114,114,114,137,137,137],"floor_reached":13,"language":"ENG","playtime":549,"items_purged":["Defend_R"],"score":236,"play_id":"12fdd6f4-1b53-4f7a-8ff8-92087fc771bd","local_time":"20210209095743","is_ascension_mode":true,"campfire_choices":[{"data":"Rage","floor":11,"key":"SMITH"}],"circlet_count":0,"master_deck":["AscendersBane","Strike_R","Strike_R","Strike_R","Strike_R","Strike_R","Defend_R","Defend_R","Defend_R","Bash","Rage+1","Pummel","Clash","Pain"],"relics":["Burning Blood","Unceasing Top","Golden Idol","Strawberry","Pen Nib","Matryoshka","WarpedTongs"],"acts_visited":["Exordium"],"potions_floor_usage":[6,8,13],"damage_taken":[{"damage":10,"enemies":"2 Louse","floor":1,"turns":4},{"damage":1,"enemies":"Small Slimes","floor":3,"turns":5},{"damage":1,"enemies":"Jaw Worm","floor":4,"turns":4},{"damage":12,"enemies":"3 Sentries","floor":6,"turns":8},{"damage":0,"enemies":"Gremlin Nob","floor":8,"turns":3},{"damage":21,"enemies":"Large Slime","floor":12,"turns":6},{"damage":49,"enemies":"3 Sentries","floor":13,"turns":11}],"seed_played":"-7601713791132573096","potions_obtained":[{"floor":3,"key":"ColorlessPotion"},{"floor":4,"key":"DistilledChaos"},{"floor":6,"key":"Weak Potion"}],"is_trial":false,"path_per_floor":["M","?","M","M","?","E","$","E","T","?","R","M","E"],"character_chosen":"IRONCLAD","items_purchased":[],"campfire_rested":0,"item_purchase_floors":[],"current_hp_per_floor":[64,64,68,68,68,69,69,75,75,75,75,60,11,11],"gold":137,"neow_bonus":"ONE_RARE_RELIC","is_daily":false,"chose_seed":false,"campfire_upgraded":1,"win_rate":0.0,"timestamp":1612864663,"path_taken":["M","?","M","M","?","E","?","E","T","?","R","?","E"],"items_purchased_type":[],"build_version":"2020-12-22","purchased_purges":1,"victory":false,"max_hp_per_floor":[75,68,68,68,68,75,75,75,75,75,75,75,75,75],"relic_stats":{"counters":[7,41],"Golden Idol":28,"Pen Nib":[2],"obtain_stats":[{"Matryoshka":9,"Golden Idol":2,"Strawberry":6,"Pen Nib":8,"Burning Blood":0,"Unceasing Top":0,"WarpedTongs":10},{"Matryoshka":5,"Golden Idol":1,"Strawberry":4,"Pen Nib":5,"Burning Blood":0,"Unceasing Top":0,"WarpedTongs":5},{"Matryoshka":24,"Golden Idol":4,"Strawberry":21,"Pen Nib":24,"Burning Blood":0,"Unceasing Top":0,"WarpedTongs":24}],"Burning Blood":30,"Unceasing Top":[1],"WarpedTongs":[16]},"card_choices":[{"not_picked":["Pommel Strike","Blood for Blood"],"picked":"Rage","floor":1},{"not_picked":["Thunderclap","Uppercut"],"picked":"Pummel","floor":3},{"not_picked":["Perfected Strike","Infernal Blade"],"picked":"Clash","floor":4},{"not_picked":["Clothesline","Twin Strike","Combust"],"picked":"SKIP","floor":6},{"not_picked":["Thunderclap","Combust","Shrug It Off"],"picked":"SKIP","floor":8},{"not_picked":["Sentinel","Shrug It Off","Sword Boomerang"],"picked":"SKIP","floor":12}],"player_experience":1301169,"relics_obtained":[{"floor":6,"key":"Strawberry"},{"floor":8,"key":"Pen Nib"},{"floor":9,"key":"Matryoshka"}],"event_choices":[{"damage_healed":0,"gold_gain":0,"player_choice":"Lose Max HP","damage_taken":0,"relics_obtained":["Golden Idol"],"max_hp_gain":0,"max_hp_loss":7,"event_name":"Golden Idol","floor":2,"gold_loss":0},{"damage_healed":0,"gold_gain":0,"player_choice":"Ignored","damage_taken":0,"max_hp_gain":0,"max_hp_loss":0,"event_name":"Liars Game","floor":5,"gold_loss":0},{"damage_healed":0,"gold_gain":0,"player_choice":"Rummage","damage_taken":0,"relics_obtained":["WarpedTongs"],"max_hp_gain":0,"max_hp_loss":0,"event_name":"Accursed Blacksmith","floor":10,"gold_loss":0,"cards_obtained":["Pain"]}],"is_beta":false,"boss_relics":[],"items_purged_floors":[7],"is_endless":false,"potions_floor_spawned":[3,4,6],"killed_by":"3 Sentries","ascension_level":20}}