{"host":"uv5ws9rdk87e8i5k","time":1612835248,"event":{"mods":["AchievementEnabler","BaseMod","Colored Map","Minty Spire (QoL Compilation)","Permanent Neow","Quick Restart","StSLib","SuperFastMode","The Necromancer"],"gold_per_floor":[115,115,115,65,80,80,96,124,124,153,153,4,37,54,54,151,151,167,167,167,266,286,286,312,330,330,342,354,371,21,56,68,80,80],"floor_reached":33,"language":"ENG","playtime":729,"items_purged":["Writhe","Doubt"],"score":473,"play_id":"c5b3fbc7-f2f7-4ff7-962d-0ee74437f5a9","local_time":"20210208194728","is_ascension_mode":true,"campfire_choices":[{"data":"Choke","floor":6.0,"key":"SMITH"},{"data":"Quick Slash","floor":11,"key":"SMITH"},{"data":"Glass Knife","floor":15,"key":"SMITH"},{"data":"Adrenaline","floor":23,"key":"SMITH"},{"data":"Distraction","floor":32,"key":"SMITH"}],"circlet_count":0,"master_deck":["AscendersBane","Strike_G","Strike_G","Defend_G","Defend_G","Defend_G","Defend_G","Defend_G","Survivor","Neutralize+1","Backflip","Choke+1","Finisher","Sucker Punch","Quick Slash+1","Glass Knife+1","Calculated Gamble","Quick Slash","Adrenaline+1","Eviscerate+1","Predator+1","Well Laid Plans+1","Distraction+1","Blade Dance","Choke+1","Backstab+1","Parasite","Tactician","Acrobatics","Blade Dance","Dagger Throw"],"relics":["Cursed Key","MealTicket","Kunai","Pen Nib","Lantern","Blue Candle","Astrolabe","Unceasing Top","Juzu Bracelet","Eternal Feather","Vajra","MawBank"],"acts_visited":["Exordium","TheCity"],"potions_floor_usage":[8,8,24,24,29,29,31,33],"damage_taken":[{"damage":4.0,"enemies":"Jaw Worm","floor":1.0,"turns":5.0},{"damage":0.0,"enemies":"Small Slimes","floor":5.0,"turns":4.0},{"damage":0.0,"enemies":"2 Louse","floor":7.0,"turns":3.0},{"damage":4,"enemies":"3 Sentries","floor":8,"turns":9},{"damage":13,"enemies":"Lagavulin","floor":10,"turns":8},{"damage":4,"enemies":"Gremlin Nob","floor":13,"turns":3},{"damage":1,"enemies":"Gremlin Gang","floor":14,"turns":3},{"damage":7,"enemies":"Slime Boss","floor":16,"turns":8},{"damage":0,"enemies":"Chosen","floor":18,"turns":3},{"damage":5,"enemies":"Shell Parasite","floor":22,"turns":3},{"damage":15,"enemies":"Gremlin Leader","floor":24,"turns":3},{"damage":1,"enemies":"Shelled Parasite and Fungi","floor":25,"turns":2},{"damage":13,"enemies":"Snecko","floor":27,"turns":3},{"damage":8,"enemies":"Chosen and Byrds","floor":28,"turns":3},{"damage":6,"enemies":"Snake Plant","floor":29,"turns":3},{"damage":15,"enemies":"Book of Stabbing","floor":31,"turns":3},{"damage":18,"enemies":"Champ","floor":33,"turns":5}],"seed_played":"-6078491400389379743","potions_obtained":[{"floor":1.0,"key":"BlessingOfTheForge"},{"floor":5.0,"key":"Block Potion"},{"floor":13,"key":"Swift Potion"},{"floor":16,"key":"ColorlessPotion"},{"floor":25,"key":"Poison Potion"},{"floor":27,"key":"Energy Potion"},{"floor":31,"key":"Weak Potion"}],"is_trial":false,"path_per_floor":["M","?","T","?","M","R","M","E","T","E","R","$","E","M","R","B",null,"M","?","T","?","M","R","E","M","T","M","M","M","$","E","R","B"],"character_chosen":"THE_SILENT","items_purchased":["Glass Knife","Vajra","Regen Potion","Blade Dance"],"campfire_rested":0,"item_purchase_floors":[12,30,30,30],"current_hp_per_floor":[59,59,59,59,59,59,59,55,55,42,42,57,53,52,52,45,64,64,64,64,64,59,59,44,43,43,30,22,16,31,25,43,25,25],"gold":80,"neow_bonus":"BOSS_RELIC","is_daily":false,"chose_seed":false,"campfire_upgraded":5,"win_rate":0.0,"timestamp":1612835248,"path_taken":["M","?","?","?","M","R","M","E","T","E","R","$","E","M","R","BOSS","M","?","?","?","?","R","E","M","T","M","M","M","$","E","R","BOSS"],"items_purchased_type":["Card","Relic","Potion","Card"],"build_version":"2020-12-22","purchased_purges":2,"victory":false,"max_hp_per_floor":[70,70,70,70,70,70,70,70,70,70,70,70,70,70,70,70,70,70,70,70,70,70,70,70,70,70,70,70,70,70,70,70,70,70],"card_choices":[{"not_picked":["Concentrate","Slice"],"picked":"Backflip","floor":1.0},{"not_picked":["Dagger Spray","Sucker Punch"],"picked":"Choke","floor":5.0},{"not_picked":["Blur","Dodge and Roll"],"picked":"Finisher","floor":7.0},{"not_picked":["Well Laid Plans","Bane"],"picked":"Sucker Punch","floor":8},{"not_picked":["Escape Plan","Flying Knee"],"picked":"Quick Slash","floor":10},{"not_picked":["Slice","Choke"],"picked":"Calculated Gamble","floor":13},{"not_picked":["Bane","Calculated Gamble"],"picked":"Quick Slash","floor":14},{"not_picked":["Wraith Form v2","Unload"],"picked":"Adrenaline","floor":16},{"not_picked":["Dodge and Roll+1","Slice+1"],"picked":"Distraction","floor":18},{"not_picked":["Catalyst","Dodge and Roll","Slice"],"picked":"SKIP","floor":22},{"not_picked":["Prepared+1","All Out Attack"],"picked":"Choke+1","floor":24},{"not_picked":["Finisher+1","Bouncing Flask"],"picked":"Backstab+1","floor":25},{"not_picked":["Well Laid Plans","PiercingWail"],"picked":"Tactician","floor":27},{"not_picked":["Slice+1","PiercingWail","Outmaneuver"],"picked":"SKIP","floor":28},{"not_picked":["Bane","Poisoned Stab"],"picked":"Acrobatics","floor":29},{"not_picked":["Phantasmal Killer","Footwork"],"picked":"Dagger Throw","floor":31}],"player_experience":272871,"relics_obtained":[{"floor":3.0,"key":"MealTicket"},{"floor":8,"key":"Kunai"},{"floor":9,"key":"Pen Nib"},{"floor":10,"key":"Lantern"},{"floor":13,"key":"Blue Candle"},{"floor":20,"key":"Unceasing Top"},{"floor":24,"key":"Juzu Bracelet"},{"floor":26,"key":"Eternal Feather"},{"floor":31,"key":"MawBank"}],"event_choices":[{"damage_healed":0.0,"max_hp_gain":0.0,"max_hp_loss":0.0,"gold_gain":0.0,"event_name":"Living Wall","player_choice":"Grow","floor":2.0,"gold_loss":0.0,"damage_taken":0.0,"cards_upgraded":["Neutralize"]},{"cards_removed":["Normality"],"damage_healed":0.0,"max_hp_gain":0.0,"max_hp_loss":0.0,"gold_gain":0.0,"event_name":"The Cleric","player_choice":"Card Removal","floor":4.0,"gold_loss":50.0,"damage_taken":0.0},{"damage_healed":0,"gold_gain":0,"player_choice":"Read","damage_taken":0,"max_hp_gain":0,"max_hp_loss":0,"event_name":"The Library","floor":19,"gold_loss":0,"cards_obtained":["Blade Dance"]},{"damage_healed":0,"gold_gain":99,"player_choice":"Stole From Cult","damage_taken":0,"max_hp_gain":0,"max_hp_loss":0,"event_name":"Nest","floor":21,"gold_loss":0}],"is_beta":false,"boss_relics":[{"not_picked":["SlaversCollar","Velvet Choker"],"picked":"Astrolabe"}],"items_purged_floors":[12,30],"is_endless":false,"potions_floor_spawned":[1,5,7,13,16,25,27,28,31],"killed_by":"Champ","ascension_level":11}}