{"host":"f55nj4gldpx3ksju","time":1612855168,"event":{"mods":["BaseMod","Colored Map","Highlight Path","Minty Spire (QoL Compilation)"],"gold_per_floor":[110,110,35,9,26,26,39,56,81,96,111,111,126,136,136,136,136],"floor_reached":16,"language":"ZHS","playtime":475,"items_purged":[],"score":178,"play_id":"74ab5e58-16c4-49e6-8e2a-93b77fe4a48a","local_time":"20210209151928","is_ascension_mode":true,"campfire_choices":[{"data":"Genetic Algorithm","floor":6.0,"key":"SMITH"},{"data":"Darkness","floor":12.0,"key":"SMITH"},{"data":"Redo","floor":15,"key":"SMITH"}],"circlet_count":0,"master_deck":["AscendersBane","Strike_B","Strike_B","Strike_B","Defend_B","Defend_B","Defend_B","Defend_B","Zap","Dualcast","Genetic Algorithm+1","Conserve Battery","Darkness+1","Redo+1"],"relics":["Coffee Dripper","Boot","Nunchaku"],"acts_visited":["Exordium"],"potions_floor_usage":[14,16],"damage_taken":[{"damage":5.0,"enemies":"2 Louse","floor":1.0,"turns":3.0},{"damage":6.0,"enemies":"Jaw Worm","floor":5.0,"turns":3.0},{"damage":0.0,"enemies":"Small Slimes","floor":7.0,"turns":4.0},{"damage":8.0,"enemies":"Blue Slaver","floor":8.0,"turns":3.0},{"damage":18.0,"enemies":"3 Louse","floor":10.0,"turns":5.0},{"damage":16.0,"enemies":"Large Slime","floor":11.0,"turns":6.0},{"damage":0.0,"enemies":"Exordium Wildlife","floor":13.0,"turns":2.0},{"damage":0,"enemies":"2 Fungi Beasts","floor":14,"turns":3},{"damage":33,"enemies":"Slime Boss","floor":16,"turns":3}],"seed_played":"6076526675848666794","potions_obtained":[{"floor":5.0,"key":"SpeedPotion"},{"floor":14,"key":"Strength Potion"}],"is_trial":false,"path_per_floor":["M","?","?","$","M","R","M","M","T","M","M","R","M","M","R","B"],"character_chosen":"DEFECT","items_purchased":["Conserve Battery"],"campfire_rested":0,"item_purchase_floors":[4],"current_hp_per_floor":[59,54,54,54,48,48,48,40,40,22,6,6,6,6,6,0,0],"gold":136,"neow_bonus":"BOSS_RELIC","is_daily":false,"chose_seed":false,"campfire_upgraded":3,"win_rate":0.0,"timestamp":1612855168,"path_taken":["M","?","?","$","M","R","M","M","T","M","M","R","M","M","R","BOSS"],"items_purchased_type":["Card"],"build_version":"2020-12-22","purchased_purges":0,"victory":false,"max_hp_per_floor":[71,71,71,71,71,71,71,71,71,71,71,71,71,71,71,71,71],"card_choices":[{"not_picked":["Cold Snap","Sweeping Beam"],"picked":"Genetic Algorithm","floor":1.0},{"not_picked":["Melter","Gash","Turbo"],"picked":"SKIP","floor":5.0},{"not_picked":["Blizzard","Double Energy"],"picked":"Darkness","floor":7.0},{"not_picked":["Leap","Capacitor","Go for the Eyes"],"picked":"SKIP","floor":8.0},{"not_picked":["Cold Snap","Chill"],"picked":"Redo","floor":10.0},{"not_picked":["Conserve Battery","Heatsinks","Melter"],"picked":"SKIP","floor":11.0},{"not_picked":["Turbo","Rainbow","Doom and Gloom"],"picked":"SKIP","floor":13.0},{"not_picked":["Coolheaded","Rip and Tear","Beam Cell"],"picked":"SKIP","floor":14}],"player_experience":391958,"relics_obtained":[{"floor":9.0,"key":"Nunchaku"}],"event_choices":[{"damage_healed":0.0,"max_hp_gain":0.0,"max_hp_loss":0.0,"gold_gain":0.0,"event_name":"Scrap Ooze","player_choice":"Success","floor":2.0,"gold_loss":0.0,"damage_taken":5.0,"relics_obtained":["Boot"]},{"cards_removed":["Strike_B"],"damage_healed":0.0,"max_hp_gain":0.0,"max_hp_loss":0.0,"gold_gain":0.0,"event_name":"The Cleric","player_choice":"Card Removal","floor":3.0,"gold_loss":75.0,"damage_taken":0.0}],"is_beta":false,"boss_relics":[],"items_purged_floors":[],"is_endless":false,"potions_floor_spawned":[5,14],"killed_by":"Slime Boss","ascension_level":17}}