{"host":"0utx1lcxgx5vu4k0","time":1612850417,"event":{"mods":["AlwaysNeverKeys","BaseMod","Colored Powertips","Minty Spire (QoL Compilation)","Permanent Neow","Relic Stats","StSLib"],"gold_per_floor":[99,99,99,99,99,99,99,99,99,99,99,99,99,99,99,99,99,99,14,14,14,14,14,14,14,14,14,14,14,14,14,14,14,14,14,14,14,14,14,14,14,14,14,14,0,0,0,0,0,0,0,0,0,0,0],"floor_reached":56,"language":"ENG","playtime":2500,"items_purged":[],"score":1599,"play_id":"9c1df98d-8793-4b6d-90a8-5db7c11c2afe","local_time":"20210209010017","is_ascension_mode":true,"campfire_choices":[{"data":"After Image","floor":15,"key":"SMITH"},{"data":"Strike_G","floor":32,"key":"PURGE"},{"data":"Normality","floor":40,"key":"PURGE"},{"data":"Normality","floor":42,"key":"PURGE"},{"floor":46,"key":"RECALL"},{"data":"Strike_G","floor":49,"key":"PURGE"},{"data":"Strike_G","floor":52,"key":"PURGE"}],"circlet_count":0,"master_deck":["Strike_G","Defend_G","Defend_G","Defend_G","Defend_G","Survivor","Neutralize","Infinite Blades","Quick Slash","Sucker Punch","After Image+1","Crippling Poison","Cloak And Dagger","Terror","Masterful Stab","Blade Dance","Blade Dance+1","Malaise+1","Finisher","Calculated Gamble+1","Acrobatics+1","Dodge and Roll+1","Accuracy+1","Night Terror+1","Blade Dance+1","Phantasmal Killer+1","Blade Dance+1","Prepared+1","Expertise+1","Malaise+1"],"relics":["Ectoplasm","Regal Pillow","WingedGreaves","White Beast Statue","Bronze Scales","Mummified Hand","CaptainsWheel","Toxic Egg 2","Fusion Hammer","InkBottle","Vajra","StoneCalendar","Potion Belt","Peace Pipe","Sundial","Runic Dome","Strawberry","Red Mask","Pantograph"],"acts_visited":["Exordium","TheCity","TheBeyond","TheEnding"],"potions_floor_usage":[6,13,16,16,23,24,31,33,33,38,41,44,47,50,54,55,55,55,55],"damage_taken":[{"damage":1,"enemies":"Small Slimes","floor":1,"turns":4},{"damage":2,"enemies":"Cultist","floor":2,"turns":4},{"damage":2,"enemies":"Jaw Worm","floor":4,"turns":4},{"damage":0,"enemies":"2 Fungi Beasts","floor":5,"turns":3},{"damage":4,"enemies":"Gremlin Nob","floor":6,"turns":3},{"damage":12,"enemies":"3 Sentries","floor":8,"turns":10},{"damage":2,"enemies":"Lagavulin","floor":10,"turns":7},{"damage":15,"enemies":"Gremlin Nob","floor":11,"turns":5},{"damage":0,"enemies":"Large Slime","floor":12,"turns":6},{"damage":0,"enemies":"3 Sentries","floor":13,"turns":6},{"damage":3,"enemies":"Lagavulin","floor":14,"turns":6},{"damage":2,"enemies":"Slime Boss","floor":16,"turns":9},{"damage":0,"enemies":"Chosen","floor":18,"turns":4},{"damage":0,"enemies":"Spheric Guardian","floor":21,"turns":4},{"damage":0,"enemies":"Centurion and Healer","floor":22,"turns":5},{"damage":0,"enemies":"Gremlin Leader","floor":23,"turns":5},{"damage":0,"enemies":"Slavers","floor":24,"turns":4},{"damage":3,"enemies":"Snake Plant","floor":25,"turns":3},{"damage":7,"enemies":"Gremlin Leader","floor":27,"turns":3},{"damage":0,"enemies":"Shelled Parasite and Fungi","floor":28,"turns":3},{"damage":0,"enemies":"Chosen and Byrds","floor":30,"turns":4},{"damage":8,"enemies":"Slavers","floor":31,"turns":4},{"damage":0,"enemies":"Automaton","floor":33,"turns":5},{"damage":5,"enemies":"3 Darklings","floor":35,"turns":3},{"damage":8,"enemies":"3 Shapes","floor":38,"turns":4},{"damage":24,"enemies":"Reptomancer","floor":41,"turns":4},{"damage":2,"enemies":"Giant Head","floor":44,"turns":4},{"damage":0,"enemies":"Jaw Worm Horde","floor":47,"turns":2},{"damage":5,"enemies":"Donu and Deca","floor":50,"turns":4},{"damage":8,"enemies":"Shield and Spear","floor":54,"turns":4},{"damage":15,"enemies":"The Heart","floor":55,"turns":8}],"seed_played":"-2785671165539273807","potions_obtained":[{"floor":2,"key":"FearPotion"},{"floor":4,"key":"Block Potion"},{"floor":10,"key":"Fire Potion"},{"floor":11,"key":"Energy Potion"},{"floor":12,"key":"EssenceOfSteel"},{"floor":13,"key":"SpeedPotion"},{"floor":14,"key":"Dexterity Potion"},{"floor":16,"key":"Ancient Potion"},{"floor":18,"key":"SpeedPotion"},{"floor":22,"key":"BlessingOfTheForge"},{"floor":23,"key":"Strength Potion"},{"floor":24,"key":"Explosive Potion"},{"floor":25,"key":"Strength Potion"},{"floor":27,"key":"GamblersBrew"},{"floor":28,"key":"Energy Potion"},{"floor":30,"key":"Fruit Juice"},{"floor":31,"key":"SkillPotion"},{"floor":33,"key":"Block Potion"},{"floor":35,"key":"SpeedPotion"},{"floor":38,"key":"Poison Potion"},{"floor":41,"key":"DistilledChaos"},{"floor":44,"key":"CunningPotion"},{"floor":47,"key":"Regen Potion"},{"floor":54,"key":"Poison Potion"}],"is_trial":false,"path_per_floor":["M","M","?","M","M","E","?","E","T","E","E","M","E","E","R","B",null,"M","?","?","M","M","E","E","M","T","E","M","?","M","E","R","B",null,"M","?","?","M","$","R","E","R","T","E","?","R","M","?","R","B",null,"R","$","E","B",null],"character_chosen":"THE_SILENT","items_purchased":[],"campfire_rested":0,"item_purchase_floors":[],"current_hp_per_floor":[69,67,67,65,65,61,61,49,49,47,32,32,32,29,29,27,70,70,70,70,70,70,70,70,67,67,60,60,44,44,41,41,41,75,70,70,70,62,62,62,38,38,38,43,43,43,43,43,43,50,78,78,78,70,63],"gold":0,"neow_bonus":"BOSS_RELIC","is_daily":false,"chose_seed":false,"campfire_upgraded":1,"win_rate":0.0,"timestamp":1612850417,"path_taken":["M","M","?","M","?","E","?","E","T","E","E","M","E","E","R","BOSS","M","?","?","M","M","E","E","M","T","E","M","?","M","E","R","BOSS","M","?","?","M","$","R","E","R","T","E","?","R","M","?","R","BOSS","R","$","E","BOSS"],"items_purchased_type":[],"build_version":"2020-12-22","purchased_purges":0,"victory":true,"max_hp_per_floor":[70,70,70,70,70,70,70,70,70,70,70,70,70,70,70,70,70,70,70,70,70,70,70,70,70,70,70,70,70,70,75,75,75,75,75,71,71,71,71,71,71,71,71,78,78,78,78,78,78,78,78,78,78,78,78],"relic_stats":{"Peace Pipe":5,"Regal Pillow":0,"counters":[31,144],"Mummified Hand":[64],"Sundial":[4],"Bronze Scales":[333],"Pantograph":8,"StoneCalendar":[0],"Ectoplasm":1874,"obtain_stats":[{"Potion Belt":26,"Regal Pillow":6,"Vajra":23,"StoneCalendar":24,"White Beast Statue":9,"Peace Pipe":27,"Runic Dome":34,"CaptainsWheel":13,"Mummified Hand":11,"Sundial":31,"Bronze Scales":10,"Strawberry":44,"Pantograph":54,"Ectoplasm":0,"WingedGreaves":8,"Fusion Hammer":17,"Red Mask":45,"Toxic Egg 2":14,"InkBottle":19,"Ring of the Snake":0},{"Potion Belt":18,"Regal Pillow":5,"Vajra":16,"StoneCalendar":17,"White Beast Statue":6,"Peace Pipe":19,"Runic Dome":23,"CaptainsWheel":10,"Mummified Hand":8,"Sundial":22,"Bronze Scales":7,"Strawberry":27,"Pantograph":30,"Ectoplasm":0,"WingedGreaves":6,"Fusion Hammer":12,"Red Mask":27,"Toxic Egg 2":11,"InkBottle":13,"Ring of the Snake":0},{"Potion Belt":92,"Regal Pillow":18,"Vajra":85,"StoneCalendar":89,"White Beast Statue":28,"Peace Pipe":95,"Runic Dome":111,"CaptainsWheel":52,"Mummified Hand":40,"Sundial":106,"Bronze Scales":35,"Strawberry":126,"Pantograph":136,"Ectoplasm":0,"WingedGreaves":28,"Fusion Hammer":67,"Red Mask":126,"Toxic Egg 2":58,"InkBottle":71,"Ring of the Snake":0}],"InkBottle":[61]},"card_choices":[{"not_picked":["Bane","Blur"],"picked":"Infinite Blades","floor":1},{"not_picked":["Bane","Backflip"],"picked":"Quick Slash","floor":2},{"not_picked":["Choke","Flechettes"],"picked":"Sucker Punch","floor":4},{"not_picked":["Bane","Sucker Punch","Outmaneuver"],"picked":"SKIP","floor":5},{"not_picked":["Heel Hook","Predator"],"picked":"After Image","floor":6},{"not_picked":["Heel Hook","Blur"],"picked":"Cloak And Dagger","floor":8},{"not_picked":["Doppelganger","Reflex","Dodge and Roll"],"picked":"SKIP","floor":10},{"not_picked":["Blur","Prepared"],"picked":"Terror","floor":11},{"not_picked":["Prepared","Tactician"],"picked":"Masterful Stab","floor":12},{"not_picked":["Underhanded Strike","Riddle With Holes"],"picked":"Blade Dance","floor":13},{"not_picked":["Deadly Poison+1","Endless Agony"],"picked":"Blade Dance+1","floor":14},{"not_picked":["Storm of Steel+1","Doppelganger+1"],"picked":"Malaise+1","floor":16},{"not_picked":["Outmaneuver+1","Flechettes+1","Deadly Poison+1"],"picked":"SKIP","floor":18},{"not_picked":["Infinite Blades","Distraction+1"],"picked":"Finisher","floor":21},{"not_picked":["Eviscerate+1","Crippling Poison+1"],"picked":"Calculated Gamble+1","floor":22},{"not_picked":["Prepared+1","Dagger Throw"],"picked":"Acrobatics+1","floor":23},{"not_picked":["Quick Slash","Masterful Stab"],"picked":"Dodge and Roll+1","floor":24},{"not_picked":["Noxious Fumes","Masterful Stab"],"picked":"Accuracy","floor":25},{"not_picked":["Sucker Punch","Poisoned Stab","Dodge and Roll+1"],"picked":"SKIP","floor":27},{"not_picked":["Calculated Gamble+1","Underhanded Strike+1"],"picked":"Night Terror+1","floor":28},{"not_picked":["Skewer","Dagger Spray","Quick Slash"],"picked":"SKIP","floor":30},{"not_picked":["Dagger Spray","Quick Slash"],"picked":"Blade Dance+1","floor":31},{"not_picked":["Burst+1","After Image"],"picked":"Phantasmal Killer+1","floor":33},{"not_picked":["PiercingWail+1","Prepared+1"],"picked":"Blade Dance+1","floor":35},{"not_picked":["Choke+1","Dagger Throw+1","Deflect+1"],"picked":"SKIP","floor":38},{"not_picked":["Quick Slash+1","Envenom"],"picked":"Prepared+1","floor":41},{"not_picked":["Caltrops","Endless Agony+1","Dodge and Roll+1"],"picked":"SKIP","floor":44},{"not_picked":["Dodge and Roll+1","Finisher+1"],"picked":"Expertise+1","floor":47},{"not_picked":["Outmaneuver+1","Infinite Blades"],"picked":"Malaise+1","floor":54}],"player_experience":30006,"relics_obtained":[{"floor":6,"key":"Regal Pillow"},{"floor":8,"key":"WingedGreaves"},{"floor":9,"key":"White Beast Statue"},{"floor":10,"key":"Bronze Scales"},{"floor":11,"key":"Mummified Hand"},{"floor":13,"key":"CaptainsWheel"},{"floor":14,"key":"Toxic Egg 2"},{"floor":23,"key":"Vajra"},{"floor":24,"key":"StoneCalendar"},{"floor":26,"key":"Potion Belt"},{"floor":27,"key":"Peace Pipe"},{"floor":31,"key":"Sundial"},{"floor":44,"key":"Strawberry"},{"floor":54,"key":"Pantograph"}],"event_choices":[{"cards_removed":["Defend_G"],"damage_healed":0,"gold_gain":0,"player_choice":"Purged","damage_taken":0,"max_hp_gain":0,"max_hp_loss":0,"event_name":"Purifier","floor":3,"gold_loss":0},{"damage_healed":0,"gold_gain":0,"cards_transformed":["Strike_G"],"player_choice":"Change","damage_taken":0,"max_hp_gain":0,"max_hp_loss":0,"event_name":"Living Wall","floor":7,"gold_loss":0,"cards_obtained":["Crippling Poison"]},{"damage_healed":0,"gold_gain":0,"player_choice":"Obtained Relic","damage_taken":0,"relics_obtained":["InkBottle"],"max_hp_gain":0,"max_hp_loss":0,"event_name":"Addict","floor":19,"gold_loss":85},{"damage_healed":0,"gold_gain":0,"player_choice":"Ignored","damage_taken":0,"max_hp_gain":0,"max_hp_loss":0,"event_name":"Ghosts","floor":20,"gold_loss":0},{"damage_healed":0,"gold_gain":0,"player_choice":"Obtained Book","damage_taken":16,"max_hp_gain":0,"max_hp_loss":0,"event_name":"Cursed Tome","floor":29,"gold_loss":0},{"damage_healed":0,"gold_gain":0,"player_choice":"Max HP","damage_taken":0,"max_hp_gain":0,"max_hp_loss":4,"event_name":"Winding Halls","floor":36,"gold_loss":0},{"damage_healed":0,"gold_gain":999,"player_choice":"Gold","damage_taken":0,"max_hp_gain":0,"max_hp_loss":0,"event_name":"MindBloom","floor":37,"gold_loss":0,"cards_obtained":["Normality","Normality"]},{"damage_healed":0,"gold_gain":0,"player_choice":"Paid","damage_taken":0,"relics_obtained":["Red Mask"],"max_hp_gain":0,"max_hp_loss":0,"event_name":"Tomb of Lord Red Mask","floor":45,"gold_loss":14},{"damage_healed":0,"gold_gain":0,"player_choice":"Upgraded","damage_taken":0,"max_hp_gain":0,"max_hp_loss":0,"event_name":"Upgrade Shrine","floor":48,"gold_loss":0,"cards_upgraded":["Accuracy"]}],"is_beta":false,"boss_relics":[{"not_picked":["Tiny House","Runic Pyramid"],"picked":"Fusion Hammer"},{"not_picked":["Busted Crown","Velvet Choker"],"picked":"Runic Dome"}],"items_purged_floors":[],"is_endless":false,"potions_floor_spawned":[2,4,10,11,12,13,14,16,18,21,22,23,24,25,27,28,30,31,33,35,38,41,44,47,54],"ascension_level":2}}