{"host":"kp5m5tbwfn2imaek","time":1612881379,"event":{"mods":["AchievementEnabler","BaseMod","Bestiary","Minty Spire (QoL Compilation)","Relic Stats"],"gold_per_floor":[114,128,144,159,176,201,201,230,230,82,112,129,129,141,141,236,236,247,235,255,255,170,200,200,217,296,196,196,196,206,239,239,343,343,357,368,388,388,401,430,72,72,72,72,72,105,121,150,150,150,150,150,0,32,32],"floor_reached":56,"language":"ENG","playtime":3732,"items_purged":["Strike_G","Survivor","Strike_G+1","Doubt"],"score":1915,"play_id":"0735bce2-e581-45ee-93e4-070700a03e8f","local_time":"20210209093619","is_ascension_mode":true,"campfire_choices":[{"data":"Neutralize","floor":7,"key":"SMITH"},{"data":"Footwork","floor":13,"key":"SMITH"},{"data":"Blade Dance","floor":15,"key":"SMITH"},{"floor":24,"key":"REST"},{"floor":29,"key":"REST"},{"data":"Catalyst","floor":32,"key":"SMITH"},{"data":"Burst","floor":42,"key":"SMITH"},{"floor":49,"key":"RECALL"},{"data":"Malaise","floor":52,"key":"SMITH"}],"circlet_count":0,"master_deck":["AscendersBane","Strike_G+1","Strike_G+1","Defend_G+1","Defend_G+1","Defend_G+1","Defend_G+1","Defend_G+1","Neutralize+1","Backstab+1","Masterful Stab","Night Terror","Crippling Poison","PiercingWail","Footwork+1","Blade Dance+1","Deadly Poison","Burst+1","Bouncing Flask","Backflip","Dodge and Roll+1","Catalyst+1","Well Laid Plans","PiercingWail+1","Envenom+1","Dagger Spray+1","Corpse Explosion","Deflect","Dodge and Roll+1","Malaise+1","Calculated Gamble+1","Acrobatics","Concentrate"],"relics":["Ring of the Snake","Snake Skull","Whetstone","Ancient Tea Set","PreservedInsect","Orichalcum","Philosopher\u0027s Stone","Kunai","Bronze Scales","Matryoshka","Frozen Egg 2","Runic Pyramid","Bag of Marbles","ClockworkSouvenir","Vajra","Eternal Feather","Turnip","Mummified Hand"],"acts_visited":["Exordium","TheCity","TheBeyond","TheEnding"],"potions_floor_usage":[8,16,25,31,40,50,55],"damage_taken":[{"damage":2,"enemies":"Cultist","floor":1,"turns":5},{"damage":0,"enemies":"Small Slimes","floor":2,"turns":5},{"damage":5,"enemies":"Jaw Worm","floor":3,"turns":6},{"damage":0,"enemies":"Blue Slaver","floor":4,"turns":3},{"damage":3,"enemies":"Looter","floor":5,"turns":3},{"damage":19,"enemies":"3 Sentries","floor":6,"turns":12},{"damage":10,"enemies":"Lagavulin","floor":8,"turns":5},{"damage":10,"enemies":"3 Sentries","floor":11,"turns":6},{"damage":0,"enemies":"3 Louse","floor":12,"turns":3},{"damage":0,"enemies":"2 Fungi Beasts","floor":14,"turns":2},{"damage":2,"enemies":"Slime Boss","floor":16,"turns":8},{"damage":0,"enemies":"Chosen","floor":18,"turns":3},{"damage":24,"enemies":"2 Thieves","floor":19,"turns":4},{"damage":12,"enemies":"Sentry and Sphere","floor":20,"turns":4},{"damage":6,"enemies":"Book of Stabbing","floor":23,"turns":5},{"damage":5,"enemies":"Centurion and Healer","floor":25,"turns":5},{"damage":0,"enemies":"Snake Plant","floor":30,"turns":2},{"damage":0,"enemies":"Gremlin Leader","floor":31,"turns":7},{"damage":16,"enemies":"Champ","floor":33,"turns":10},{"damage":1,"enemies":"3 Shapes","floor":35,"turns":3},{"damage":0,"enemies":"Orb Walker","floor":36,"turns":4},{"damage":20,"enemies":"Spire Growth","floor":37,"turns":5},{"damage":8,"enemies":"Writhing Mass","floor":39,"turns":7},{"damage":0,"enemies":"Nemesis","floor":40,"turns":5},{"damage":0,"enemies":"Giant Head","floor":46,"turns":6},{"damage":0,"enemies":"Maw","floor":47,"turns":7},{"damage":22,"enemies":"Reptomancer","floor":48,"turns":5},{"damage":18,"enemies":"Donu and Deca","floor":50,"turns":5},{"damage":7,"enemies":"Shield and Spear","floor":54,"turns":4},{"damage":29,"enemies":"The Heart","floor":55,"turns":11}],"seed_played":"1128591836752256525","potions_obtained":[{"floor":2,"key":"LiquidMemories"},{"floor":3,"key":"SteroidPotion"},{"floor":8,"key":"CultistPotion"},{"floor":20,"key":"Weak Potion"},{"floor":25,"key":"Weak Potion"},{"floor":39,"key":"Block Potion"}],"is_trial":false,"path_per_floor":["M","M","M","M","M","E","R","E","T","$","E","M","R","M","R","B",null,"M","M","M","?","?","E","R","M","T","$","?","R","M","E","R","B",null,"M","M","M","?","M","E","$","R","T","?","?","E","M","E","R","B",null,"R","$","E","B",null],"character_chosen":"THE_SILENT","items_purchased":["Footwork","ClockworkSouvenir","DuplicationPotion"],"campfire_rested":2,"item_purchase_floors":[10,41,41],"current_hp_per_floor":[61,61,56,56,53,34,34,24,24,24,14,14,14,14,14,12,56,56,32,20,20,20,14,35,30,30,30,17,39,39,39,39,23,62,61,61,41,41,33,33,33,33,33,33,75,75,75,53,71,53,70,75,75,68,39],"gold":32,"neow_bonus":"RANDOM_COMMON_RELIC","is_daily":false,"chose_seed":false,"campfire_upgraded":6,"win_rate":0.0,"timestamp":1612881379,"path_taken":["M","?","M","?","M","E","R","E","T","$","E","M","R","M","R","BOSS","M","M","M","?","?","E","R","M","T","$","?","R","M","E","R","BOSS","M","M","M","?","M","E","$","R","T","?","?","E","M","E","R","BOSS","R","$","E","BOSS"],"items_purchased_type":["Card","Relic","Potion"],"build_version":"2020-12-22","purchased_purges":4,"victory":true,"max_hp_per_floor":[70,70,70,70,70,70,70,70,70,70,70,70,70,70,70,70,70,70,70,70,70,70,70,70,70,70,70,75,75,75,75,75,75,75,75,75,75,75,75,75,75,75,75,75,75,75,75,75,75,75,75,75,75,75,75],"relic_stats":{"counters":[30,160],"Mummified Hand":[5],"Bronze Scales":[300],"Eternal Feather":23,"Snake Skull":[178],"PreservedInsect":440,"Turnip":[2],"Whetstone":["Backstab","Strike_G"],"Kunai":[32],"Orichalcum":[198],"obtain_stats":[{"Vajra":43,"Eternal Feather":46,"Snake Skull":0,"PreservedInsect":9,"Whetstone":6,"Orichalcum":11,"Frozen Egg 2":31,"Ancient Tea Set":8,"ClockworkSouvenir":41,"Matryoshka":26,"Mummified Hand":54,"Bronze Scales":23,"Philosopher\u0027s Stone":17,"Turnip":48,"Bag of Marbles":40,"Kunai":22,"Ring of the Snake":0,"Runic Pyramid":34},{"Vajra":24,"Eternal Feather":25,"Snake Skull":0,"PreservedInsect":7,"Whetstone":6,"Orichalcum":8,"Frozen Egg 2":18,"Ancient Tea Set":7,"ClockworkSouvenir":24,"Matryoshka":16,"Mummified Hand":29,"Bronze Scales":15,"Philosopher\u0027s Stone":11,"Turnip":27,"Bag of Marbles":24,"Kunai":14,"Ring of the Snake":0,"Runic Pyramid":19},{"Vajra":122,"Eternal Feather":128,"Snake Skull":0,"PreservedInsect":39,"Whetstone":34,"Orichalcum":45,"Frozen Egg 2":88,"Ancient Tea Set":39,"ClockworkSouvenir":122,"Matryoshka":79,"Mummified Hand":149,"Bronze Scales":74,"Philosopher\u0027s Stone":58,"Turnip":140,"Bag of Marbles":122,"Kunai":69,"Ring of the Snake":0,"Runic Pyramid":98}],"Ring of the Snake":[60]},"card_choices":[{"not_picked":["Outmaneuver","Acrobatics","Prepared"],"picked":"SKIP","floor":1},{"not_picked":["Backflip","Underhanded Strike"],"picked":"Backstab","floor":2},{"not_picked":["Distraction","Deflect"],"picked":"Masterful Stab","floor":3},{"not_picked":["Accuracy","PiercingWail"],"picked":"Night Terror","floor":4},{"not_picked":["Underhanded Strike","Riddle With Holes"],"picked":"Crippling Poison","floor":5},{"not_picked":["Outmaneuver","Dagger Throw"],"picked":"PiercingWail","floor":6},{"not_picked":["Outmaneuver","Quick Slash","Finisher"],"picked":"SKIP","floor":8},{"not_picked":["Distraction","Deflect"],"picked":"Blade Dance","floor":11},{"not_picked":["Flechettes","Flying Knee"],"picked":"Deadly Poison","floor":12},{"not_picked":["All Out Attack","Riddle With Holes","Sucker Punch"],"picked":"SKIP","floor":14},{"not_picked":["Die Die Die","After Image"],"picked":"Burst","floor":16},{"not_picked":["Blade Dance","Underhanded Strike","Dagger Throw+1"],"picked":"SKIP","floor":18},{"not_picked":["Glass Knife","Quick Slash"],"picked":"Bouncing Flask","floor":19},{"not_picked":["Heel Hook","Finisher"],"picked":"Backflip","floor":20},{"not_picked":["Envenom","Blade Dance"],"picked":"Dodge and Roll+1","floor":23},{"not_picked":["PiercingWail+1","Deadly Poison+1"],"picked":"Catalyst","floor":25},{"not_picked":["Deflect","Backflip+1"],"picked":"Well Laid Plans","floor":30},{"not_picked":["Underhanded Strike","Quick Slash"],"picked":"PiercingWail+1","floor":31},{"not_picked":["Venomology","Night Terror"],"picked":"Envenom+1","floor":33},{"not_picked":["Deflect","Quick Slash+1"],"picked":"Dagger Spray+1","floor":35},{"not_picked":["Catalyst+1","Prepared"],"picked":"Corpse Explosion","floor":36},{"not_picked":["Noxious Fumes+1","Concentrate"],"picked":"Deflect","floor":37},{"not_picked":["Sucker Punch+1","Masterful Stab+1","Dagger Spray"],"picked":"SKIP","floor":39},{"not_picked":["Eviscerate","Skewer+1"],"picked":"Dodge and Roll+1","floor":40},{"not_picked":["Dagger Spray+1","Deadly Poison+1"],"picked":"Malaise","floor":46},{"not_picked":["Poisoned Stab+1","Dagger Spray"],"picked":"Calculated Gamble+1","floor":47},{"not_picked":["Tactician","Finisher"],"picked":"Acrobatics","floor":48},{"not_picked":["Skewer+1","Quick Slash"],"picked":"Concentrate","floor":54}],"player_experience":707108,"relics_obtained":[{"floor":6,"key":"Whetstone"},{"floor":8,"key":"Ancient Tea Set"},{"floor":9,"key":"PreservedInsect"},{"floor":11,"key":"Orichalcum"},{"floor":23,"key":"Bronze Scales"},{"floor":26,"key":"Matryoshka"},{"floor":31,"key":"Frozen Egg 2"},{"floor":40,"key":"Bag of Marbles"},{"floor":43,"key":"Vajra"},{"floor":46,"key":"Eternal Feather"},{"floor":48,"key":"Turnip"},{"floor":54,"key":"Mummified Hand"}],"event_choices":[{"damage_healed":0,"gold_gain":0,"player_choice":"Simplicity","damage_taken":0,"max_hp_gain":0,"max_hp_loss":0,"event_name":"Back to Basics","floor":21,"gold_loss":0,"cards_upgraded":["Strike_G","Strike_G","Strike_G","Defend_G","Defend_G","Defend_G","Defend_G","Defend_G"]},{"damage_healed":0,"gold_gain":0,"player_choice":"Obtained Relic","damage_taken":0,"relics_obtained":["Kunai"],"max_hp_gain":0,"max_hp_loss":0,"event_name":"Addict","floor":22,"gold_loss":85},{"damage_healed":0,"gold_gain":0,"player_choice":"Shed Blood","damage_taken":18,"max_hp_gain":5,"max_hp_loss":0,"event_name":"Forgotten Altar","floor":28,"gold_loss":0},{"damage_healed":0,"gold_gain":0,"player_choice":"Ignored","damage_taken":0,"max_hp_gain":0,"max_hp_loss":0,"event_name":"Tomb of Lord Red Mask","floor":38,"gold_loss":0},{"cards_removed":["Strike_G"],"damage_healed":0,"gold_gain":0,"player_choice":"Removed Attack","damage_taken":0,"max_hp_gain":0,"max_hp_loss":0,"event_name":"Falling","floor":44,"gold_loss":0},{"damage_healed":42,"gold_gain":0,"player_choice":"Heal","damage_taken":0,"max_hp_gain":0,"max_hp_loss":0,"event_name":"MindBloom","floor":45,"gold_loss":0,"cards_obtained":["Doubt"]}],"is_beta":false,"boss_relics":[{"not_picked":["Ring of the Serpent","Tiny House"],"picked":"Philosopher\u0027s Stone"},{"not_picked":["Empty Cage","Calling Bell"],"picked":"Runic Pyramid"}],"items_purged_floors":[10,27,41,53],"is_endless":false,"potions_floor_spawned":[2,3,5,8,12,20,23,25,39,46,47],"ascension_level":11}}