{"host":"zoyu9oa60f8m99tp","time":1612889442,"event":{"mods":["Act Like it!","BaseMod","Colored Map","Gensokyo","Luminous","Minty Spire (QoL Compilation)","Shop Mod","StSLib","Yakumo Yukari mod"],"gold_per_floor":[133,133,145,0,24,49,49,78,78,78,78,78],"floor_reached":11,"language":"ZHS","playtime":396,"items_purged":[],"score":104,"play_id":"625221fa-c891-4bcd-bf4e-da0d9967fd5f","local_time":"20210210005042","is_ascension_mode":false,"campfire_choices":[{"data":"ProofOfUnderstanding_purple","floor":7,"key":"SMITH"},{"data":"StretchesForeverDream_purple","floor":10,"key":"SMITH"}],"circlet_count":0,"master_deck":["AT_purpleEX","AT_purpleEX","AT_purpleEX","AT_purpleEX","Defend_purpleEX","Defend_purpleEX","Defend_purpleEX","Defend_purpleEX","Observe_purple_1","Observe_purple_2","Bait_Toxicbait_purple","SharpContractionReality_purple","ProofOfUnderstanding_purple+1","StretchesForeverDream_purple+1","PurpleNeedle_purple"],"relics":["Boundary_crack","Memoryfragments_purpleEX","NeowsBlessing","Ancient Tea Set","PreservedInsect","Potion Belt","White Beast Statue"],"acts_visited":["Exordium"],"potions_floor_usage":[8],"damage_taken":[{"damage":0,"enemies":"Gensokyo:2_Kodama","floor":1,"turns":1},{"damage":0,"enemies":"Gensokyo:Gryphon","floor":3,"turns":1},{"damage":21,"enemies":"Gensokyo:Cirno","floor":6,"turns":2},{"damage":21,"enemies":"Gensokyo:Aya","floor":8,"turns":5},{"damage":30,"enemies":"Gensokyo:Cirno","floor":11,"turns":8}],"seed_played":"1211811420905689957","potions_obtained":[{"floor":1,"key":"AttackPotion"},{"floor":8,"key":"BlessingOfTheForge"}],"is_trial":false,"path_per_floor":["M","?","M","$","T","E","R","E","T","R","E"],"character_chosen":"Youkari","items_purchased":["ProofOfUnderstanding_purple"],"campfire_rested":0,"item_purchase_floors":[4],"current_hp_per_floor":[70,70,70,70,70,50,50,30,30,30,0,0],"gold":78,"neow_bonus":"THREE_ENEMY_KILL","is_daily":false,"chose_seed":false,"campfire_upgraded":2,"win_rate":0.0,"timestamp":1612889442,"path_taken":["M","?","?","?","?","E","R","E","T","R","E"],"items_purchased_type":["Card"],"build_version":"2020-12-22","purchased_purges":0,"victory":false,"max_hp_per_floor":[70,70,70,70,70,70,70,70,70,70,70,70],"card_choices":[{"not_picked":["StateErode_purple","SfantasyHide_purple"],"picked":"Bait_Toxicbait_purple","floor":1},{"not_picked":["Worldmountain_purple","Boundary_DynamicStaticEquilibrium_purple"],"picked":"SharpContractionReality_purple","floor":3},{"not_picked":["Line_surface_state_purple","ProofOfUnderstanding_purple"],"picked":"StretchesForeverDream_purple","floor":6},{"not_picked":["Boundary_DynamicStaticEquilibrium_purple","MetroBOOM_purple"],"picked":"PurpleNeedle_purple","floor":8}],"player_experience":9794,"relics_obtained":[{"floor":5,"key":"Ancient Tea Set"},{"floor":6,"key":"PreservedInsect"},{"floor":8,"key":"Potion Belt"},{"floor":9,"key":"White Beast Statue"}],"event_choices":[],"is_beta":false,"boss_relics":[],"items_purged_floors":[],"is_endless":false,"potions_floor_spawned":[1,8],"killed_by":"Gensokyo:Cirno","ascension_level":0}}