{"host":"p1xsuo25udtrkbq2","time":1612860588,"event":{"mods":["BaseMod","Colored Map","Googly Eyes","Highlight Path","Minty Spire (QoL Compilation)","Quick Restart","Rare Cards Sparkle","Relic Stats","Slay the Relics Exporter","StSLib","everything is the same but u backflip on backflip"],"gold_per_floor":[110,11,186,206,29,59,59,85,134,149,149,149,159,186,186,290,290,307,163,188,188,200,229,229,262,262,262,273,273,273,288,288,391,391,410,422,472,482,482,516,75,88,112,112,144,95,108,126,126,126,126,126,48,79,79],"floor_reached":56,"language":"ENG","playtime":6723,"items_purged":["Doubt","Streamline"],"score":1772,"play_id":"adbd0723-3264-4edf-9037-9ea7c5144e24","local_time":"20210209034948","is_ascension_mode":true,"campfire_choices":[{"data":"Sweeping Beam","floor":7.0,"key":"SMITH"},{"data":"Consume","floor":15.0,"key":"SMITH"},{"data":"Electrodynamics","floor":24.0,"key":"SMITH"},{"floor":27.0,"key":"REST"},{"data":"Recycle","floor":30.0,"key":"SMITH"},{"data":"Conserve Battery","floor":32.0,"key":"SMITH"},{"data":"Thunder Strike","floor":44.0,"key":"SMITH"},{"floor":49,"key":"RECALL"},{"floor":52,"key":"REST"}],"circlet_count":0,"master_deck":["Zap","Dualcast","Coolheaded","Go for the Eyes","Melter","BootSequence","Sweeping Beam+1","Electrodynamics+1","Consume+1","Electrodynamics+1","Go for the Eyes","Auto Shields","Recycle+1","Thunder Strike+1","Amplify","Self Repair","Rip and Tear","Steam+1","Ball Lightning+1","Core Surge","Ball Lightning+1","Leap","Conserve Battery+1","BootSequence","Machine Learning","Steam+1","Cold Snap+1","Conserve Battery+1","Loop+1","Defragment+1","Hologram+1","Reboot","Stack+1"],"relics":["Cracked Core","NeowsBlessing","Nunchaku","Gambling Chip","Toy Ornithopter","Dream Catcher","Pandora\u0027s Box","Centennial Puzzle","Bronze Scales","Boot","Strawberry","Mango","Ginger","Inserter","FossilizedHelix","Pocketwatch","Incense Burner","Happy Flower","Orichalcum"],"acts_visited":["Exordium","TheCity","TheBeyond","TheEnding"],"potions_floor_usage":[47,48,50,54,54,55,55],"damage_taken":[{"damage":0.0,"enemies":"Small Slimes","floor":1.0,"turns":1.0},{"damage":0.0,"enemies":"Cultist","floor":4.0,"turns":1.0},{"damage":0.0,"enemies":"3 Sentries","floor":6.0,"turns":2.0},{"damage":21.0,"enemies":"Lagavulin","floor":8.0,"turns":6.0},{"damage":0.0,"enemies":"2 Louse","floor":10.0,"turns":1.0},{"damage":0.0,"enemies":"Exordium Thugs","floor":12.0,"turns":1.0},{"damage":2.0,"enemies":"Blue Slaver","floor":13.0,"turns":4.0},{"damage":0.0,"enemies":"3 Sentries","floor":14.0,"turns":3.0},{"damage":77.0,"enemies":"Hexaghost","floor":16.0,"turns":17.0},{"damage":27.0,"enemies":"2 Thieves","floor":18.0,"turns":4.0},{"damage":1.0,"enemies":"3 Byrds","floor":22.0,"turns":2.0},{"damage":24.0,"enemies":"Slavers","floor":23.0,"turns":2.0},{"damage":11.0,"enemies":"Gremlin Leader","floor":25.0,"turns":4.0},{"damage":7.0,"enemies":"Snecko","floor":28.0,"turns":3.0},{"damage":15.0,"enemies":"Snake Plant","floor":31.0,"turns":3.0},{"damage":40.0,"enemies":"Automaton","floor":33.0,"turns":5.0},{"damage":2.0,"enemies":"Orb Walker","floor":35.0,"turns":3.0},{"damage":1.0,"enemies":"3 Shapes","floor":36.0,"turns":2.0},{"damage":24.0,"enemies":"2 Orb Walkers","floor":37.0,"turns":4.0},{"damage":37.0,"enemies":"Transient","floor":38.0,"turns":5.0},{"damage":10.0,"enemies":"Giant Head","floor":40.0,"turns":8.0},{"damage":5.0,"enemies":"Spire Growth","floor":42.0,"turns":5.0},{"damage":0.0,"enemies":"Reptomancer","floor":45.0,"turns":4.0},{"damage":9,"enemies":"3 Darklings","floor":47,"turns":3},{"damage":20,"enemies":"Transient","floor":48,"turns":5},{"damage":15,"enemies":"Awakened One","floor":50,"turns":16},{"damage":58,"enemies":"Shield and Spear","floor":54,"turns":6},{"damage":71,"enemies":"The Heart","floor":55,"turns":11}],"seed_played":"-1728319678754887836","potions_obtained":[{"floor":6.0,"key":"FocusPotion"},{"floor":11.0,"key":"Fruit Juice"},{"floor":11.0,"key":"SmokeBomb"},{"floor":13.0,"key":"Strength Potion"},{"floor":14.0,"key":"FearPotion"},{"floor":22.0,"key":"FearPotion"},{"floor":28.0,"key":"PowerPotion"},{"floor":31.0,"key":"AttackPotion"},{"floor":33.0,"key":"Strength Potion"},{"floor":37.0,"key":"Block Potion"},{"floor":40.0,"key":"SpeedPotion"},{"floor":42.0,"key":"Explosive Potion"},{"floor":47,"key":"FocusPotion"},{"floor":48,"key":"BlessingOfTheForge"},{"floor":54,"key":"ColorlessPotion"}],"is_trial":false,"path_per_floor":["M","$","?","M","$","E","R","E","T","M","?","M","M","E","R","B",null,"M","$","T","?","M","E","R","E","T","R","M","?","R","M","R","B",null,"M","M","?","M","?","E","$","M","T","R","E","$","M","M","R","B",null,"R","$","E","B",null],"character_chosen":"DEFECT","items_purchased":["EntropicBrew","Melter","BootSequence","Centennial Puzzle","Incense Burner","PowerPotion","SkillPotion","Regen Potion"],"campfire_rested":2,"item_purchase_floors":[2,5,5,19,41,41,46,53],"current_hp_per_floor":[68,68,68,68,68,68,68,47,47,47,57,62,60,65,65,8,62,49,49,49,49,55,38,38,53,53,83,83,83,83,82,82,59,91,89,95,71,34,34,46,46,55,55,55,60,60,56,48,48,45,87,101,101,55,9],"gold":79,"neow_bonus":"THREE_ENEMY_KILL","is_daily":false,"chose_seed":false,"campfire_upgraded":6,"win_rate":0.0,"timestamp":1612860588,"path_taken":["M","$","?","M","$","E","R","E","T","M","?","M","M","E","R","BOSS","M","$","?","?","M","E","R","E","T","R","M","?","R","M","R","BOSS","M","M","?","M","?","E","$","M","T","R","E","?","M","M","R","BOSS","R","$","E","BOSS"],"items_purchased_type":["Potion","Card","Card","Relic","Relic","Potion","Potion","Potion"],"build_version":"2020-12-22","purchased_purges":2,"victory":true,"max_hp_per_floor":[75,75,75,75,75,75,75,75,75,75,80,80,80,80,80,80,80,80,80,80,80,80,87,87,101,101,101,101,101,101,101,101,101,101,101,101,101,101,101,101,101,101,101,101,101,101,101,101,101,101,101,101,101,101,101],"relic_stats":{"Inserter":[36],"Happy Flower":[13],"counters":[28,131],"Ginger":[6],"Orichalcum":[12],"Boot":[79],"Nunchaku":[16],"Dream Catcher":2,"Centennial Puzzle":[51],"Gambling Chip":[55],"Bronze Scales":[417],"Pandora\u0027s Box":["Go for the Eyes","Streamline","Auto Shields","Recycle","Thunder Strike","Amplify","Self Repair","Rip and Tear"],"obtain_stats":[{"Inserter":34,"NeowsBlessing":0,"Happy Flower":45,"Mango":25,"Incense Burner":41,"Ginger":26,"Orichalcum":54,"Boot":21,"Nunchaku":6,"Dream Catcher":14,"Centennial Puzzle":19,"Gambling Chip":8,"Bronze Scales":20,"Strawberry":23,"Pandora\u0027s Box":17,"Cracked Core":0,"Toy Ornithopter":9,"FossilizedHelix":37,"Pocketwatch":40},{"Inserter":16,"NeowsBlessing":0,"Happy Flower":23,"Mango":13,"Incense Burner":21,"Ginger":13,"Orichalcum":27,"Boot":10,"Nunchaku":3,"Dream Catcher":8,"Centennial Puzzle":10,"Gambling Chip":4,"Bronze Scales":10,"Strawberry":12,"Pandora\u0027s Box":9,"Cracked Core":0,"Toy Ornithopter":4,"FossilizedHelix":19,"Pocketwatch":21},{"Inserter":59,"NeowsBlessing":0,"Happy Flower":90,"Mango":48,"Incense Burner":81,"Ginger":48,"Orichalcum":120,"Boot":40,"Nunchaku":4,"Dream Catcher":19,"Centennial Puzzle":40,"Gambling Chip":10,"Bronze Scales":40,"Strawberry":44,"Pandora\u0027s Box":36,"Cracked Core":0,"Toy Ornithopter":10,"FossilizedHelix":68,"Pocketwatch":81}],"Toy Ornithopter":100,"Pocketwatch":[59]},"card_choices":[{"not_picked":["Steam","Turbo"],"picked":"Coolheaded","floor":1.0},{"not_picked":["Recycle","BootSequence"],"picked":"Go for the Eyes","floor":4.0},{"not_picked":["Gash","Conserve Battery"],"picked":"Sweeping Beam","floor":6.0},{"not_picked":["BootSequence","Sunder"],"picked":"Electrodynamics","floor":8.0},{"not_picked":["Rip and Tear","Streamline"],"picked":"Consume","floor":10.0},{"not_picked":["Blizzard","Gash","Stack"],"picked":"SKIP","floor":13.0},{"not_picked":["Hello World","Heatsinks"],"picked":"Amplify","floor":14.0},{"not_picked":["Core Surge","Reboot"],"picked":"Electrodynamics","floor":16.0},{"not_picked":["Darkness+1","Sweeping Beam+1"],"picked":"Steam+1","floor":18.0},{"not_picked":["Doom and Gloom","Steam"],"picked":"Ball Lightning+1","floor":22.0},{"not_picked":["Melter","Loop"],"picked":"Core Surge","floor":23.0},{"not_picked":["Cold Snap","Blizzard+1"],"picked":"Ball Lightning+1","floor":25.0},{"not_picked":["Fusion+1","Ball Lightning+1"],"picked":"Leap","floor":27.0},{"not_picked":["Leap","Beam Cell+1"],"picked":"Conserve Battery","floor":28.0},{"not_picked":["Gash","Go for the Eyes+1"],"picked":"BootSequence","floor":31.0},{"not_picked":["Reboot","Thunder Strike"],"picked":"Machine Learning","floor":33.0},{"not_picked":["Ball Lightning","Conserve Battery+1"],"picked":"Steam+1","floor":35.0},{"not_picked":["Genetic Algorithm+1","Steam+1"],"picked":"Cold Snap+1","floor":36.0},{"not_picked":["Coolheaded","Sweeping Beam"],"picked":"Conserve Battery+1","floor":38.0},{"not_picked":["Reinforced Body","Beam Cell"],"picked":"Loop+1","floor":40.0},{"not_picked":["Scrape+1","Gash","Recycle"],"picked":"SKIP","floor":42.0},{"not_picked":["Lockon","Rip and Tear"],"picked":"Defragment+1","floor":45.0},{"not_picked":["Hello World+1","Tempest"],"picked":"Hologram+1","floor":47},{"not_picked":["FTL","Coolheaded","Redo"],"picked":"SKIP","floor":48},{"not_picked":["Gash+1","Recycle"],"picked":"Reboot","floor":52},{"not_picked":["Conserve Battery","Coolheaded"],"picked":"Stack+1","floor":54}],"player_experience":1032550,"relics_obtained":[{"floor":6.0,"key":"Nunchaku"},{"floor":8.0,"key":"Gambling Chip"},{"floor":9.0,"key":"Toy Ornithopter"},{"floor":14.0,"key":"Dream Catcher"},{"floor":20.0,"key":"Bronze Scales"},{"floor":23.0,"key":"Strawberry"},{"floor":25.0,"key":"Mango"},{"floor":26.0,"key":"Ginger"},{"floor":37.0,"key":"FossilizedHelix"},{"floor":40.0,"key":"Pocketwatch"},{"floor":45.0,"key":"Happy Flower"},{"floor":54,"key":"Orichalcum"}],"event_choices":[{"damage_healed":0.0,"max_hp_gain":0.0,"max_hp_loss":0.0,"gold_gain":175.0,"event_name":"Liars Game","player_choice":"AGREE","floor":3.0,"gold_loss":0.0,"damage_taken":0.0,"cards_obtained":["Doubt"]},{"damage_healed":0.0,"max_hp_gain":0.0,"max_hp_loss":0.0,"gold_gain":0.0,"event_name":"Lab","player_choice":"Got Potions","floor":11.0,"gold_loss":0.0,"damage_taken":0.0},{"damage_healed":0.0,"max_hp_gain":0.0,"max_hp_loss":0.0,"gold_gain":0.0,"event_name":"The Mausoleum","player_choice":"Opened","floor":21.0,"gold_loss":0.0,"damage_taken":0.0,"relics_obtained":["Boot"]},{"damage_healed":0.0,"max_hp_gain":0.0,"max_hp_loss":0.0,"gold_gain":0.0,"event_name":"Upgrade Shrine","player_choice":"Upgraded","floor":29.0,"gold_loss":0.0,"damage_taken":0.0,"cards_upgraded":["Electrodynamics"]},{"damage_healed":0.0,"max_hp_gain":0.0,"max_hp_loss":0.0,"gold_gain":0.0,"event_name":"Mysterious Sphere","player_choice":"Fight","floor":37.0,"gold_loss":0.0,"damage_taken":0.0},{"cards_removed":["Amplify"],"damage_healed":0.0,"max_hp_gain":0.0,"max_hp_loss":0.0,"gold_gain":0.0,"event_name":"Falling","player_choice":"Removed Skill","floor":39.0,"gold_loss":0.0,"damage_taken":0.0}],"is_beta":false,"boss_relics":[{"not_picked":["Fusion Hammer","Runic Dome"],"picked":"Pandora\u0027s Box"},{"not_picked":["Black Star","Busted Crown"],"picked":"Inserter"}],"items_purged_floors":[5,41],"is_endless":false,"potions_floor_spawned":[6,12,13,14,22,28,31,33,37,40,42,47,48,54],"ascension_level":9}}