{"host":"BK","time":1612850710,"event":{"mods":["BaseMod","Highlight Path","Minty Spire (QoL Compilation)","StSLib"],"gold_per_floor":[114,130,130,55,55,55,90,90,90,100,100,127,127,142,142,219,219,236,266,277,327,377,377,60,60,60],"floor_reached":25,"language":"ENG","playtime":747,"items_purged":[],"score":414,"play_id":"50e89678-a5f7-4ad5-b01e-ca06e859a7ae","local_time":"20210208230510","is_ascension_mode":true,"campfire_choices":[{"data":"Reckless Charge","floor":6.0,"key":"SMITH"},{"floor":11.0,"key":"REST"},{"data":"Sever Soul","floor":13.0,"key":"SMITH"},{"floor":15.0,"key":"REST"},{"floor":23.0,"key":"REST"}],"circlet_count":0,"master_deck":["AscendersBane","Strike_R","Strike_R+1","Strike_R","Defend_R+1","Defend_R","Defend_R","Defend_R","Bash","Sword Boomerang","Reckless Charge+1","Sever Soul+1","Iron Wave","Shrug It Off","Spot Weakness","Offering","Burning Pact","Flame Barrier","Power Through"],"relics":["Cursed Key","Lantern","Juzu Bracelet","Torii","Black Star","Red Mask","CaptainsWheel"],"acts_visited":["Exordium","TheCity"],"potions_floor_usage":[25,25],"damage_taken":[{"damage":0.0,"enemies":"Cultist","floor":1.0,"turns":3.0},{"damage":7.0,"enemies":"Small Slimes","floor":2.0,"turns":4.0},{"damage":20.0,"enemies":"Lagavulin","floor":7.0,"turns":6.0},{"damage":0.0,"enemies":"2 Louse","floor":10.0,"turns":2.0},{"damage":8.0,"enemies":"Gremlin Nob","floor":12.0,"turns":3.0},{"damage":0.0,"enemies":"2 Fungi Beasts","floor":14.0,"turns":2.0},{"damage":13.0,"enemies":"Slime Boss","floor":16.0,"turns":6.0},{"damage":18.0,"enemies":"Spheric Guardian","floor":18.0,"turns":4.0},{"damage":19.0,"enemies":"Masked Bandits","floor":19.0,"turns":5.0},{"damage":7.0,"enemies":"Chosen","floor":20.0,"turns":5.0},{"damage":57,"enemies":"Gremlin Leader","floor":25,"turns":6}],"seed_played":"9049774339355717259","potions_obtained":[{"floor":7.0,"key":"FearPotion"},{"floor":10.0,"key":"DuplicationPotion"},{"floor":14.0,"key":"Dexterity Potion"},{"floor":16.0,"key":"BloodPotion"},{"floor":19.0,"key":"Weak Potion"}],"is_trial":false,"path_per_floor":["M","M","?","?","?","R","E","?","T","M","R","E","R","M","R","B",null,"M","?","M","?","?","R","$","E"],"character_chosen":"IRONCLAD","items_purchased":["CaptainsWheel"],"campfire_rested":3,"item_purchase_floors":[24],"current_hp_per_floor":[68,61,50,50,50,50,30,7,7,7,29,21,21,21,43,30,64,46,27,20,20,20,42,42,0,0],"gold":60,"neow_bonus":"BOSS_RELIC","is_daily":false,"chose_seed":false,"campfire_upgraded":2,"win_rate":0.0,"timestamp":1612850710,"path_taken":["M","M","?","?","?","R","E","?","T","M","R","E","R","M","R","BOSS","M","?","M","?","?","R","$","E"],"items_purchased_type":["Relic"],"build_version":"2020-12-18","purchased_purges":0,"victory":false,"max_hp_per_floor":[75,75,75,75,75,75,75,75,75,75,75,75,75,75,75,75,75,75,75,75,75,75,75,75,75,75],"card_choices":[{"not_picked":["Body Slam","Evolve"],"picked":"Sword Boomerang","floor":1.0},{"not_picked":["Searing Blow","Power Through"],"picked":"Reckless Charge","floor":2.0},{"not_picked":["Anger","Clothesline"],"picked":"Sever Soul","floor":7.0},{"not_picked":["Infernal Blade","Warcry"],"picked":"Iron Wave","floor":10.0},{"not_picked":["Sword Boomerang","Ghostly Armor"],"picked":"Shrug It Off","floor":12.0},{"not_picked":["Pummel","Dropkick"],"picked":"Spot Weakness","floor":14.0},{"not_picked":["Corruption","Berserk"],"picked":"Offering","floor":16.0},{"not_picked":["Perfected Strike","Blood for Blood"],"picked":"Burning Pact","floor":18.0},{"not_picked":["Shrug It Off","Combust"],"picked":"Flame Barrier","floor":19.0},{"not_picked":["Perfected Strike","Uppercut"],"picked":"Power Through","floor":20.0}],"player_experience":2537921,"relics_obtained":[{"floor":7.0,"key":"Juzu Bracelet"},{"floor":12.0,"key":"Torii"},{"floor":19.0,"key":"Red Mask"}],"event_choices":[{"damage_healed":0.0,"max_hp_gain":0.0,"max_hp_loss":0.0,"gold_gain":0.0,"event_name":"Scrap Ooze","player_choice":"Success","floor":3.0,"gold_loss":0.0,"damage_taken":11.0,"relics_obtained":["Lantern"]},{"cards_removed":["Strike_R"],"damage_healed":0.0,"max_hp_gain":0.0,"max_hp_loss":0.0,"gold_gain":0.0,"event_name":"The Cleric","player_choice":"Card Removal","floor":4.0,"gold_loss":75.0,"damage_taken":0.0},{"cards_removed":["Strike_R"],"damage_healed":0.0,"max_hp_gain":0.0,"max_hp_loss":0.0,"gold_gain":0.0,"event_name":"Bonfire Elementals","player_choice":"Offered Basic","floor":5.0,"gold_loss":0.0,"damage_taken":0.0},{"damage_healed":0.0,"max_hp_gain":0.0,"max_hp_loss":0.0,"gold_gain":0.0,"event_name":"Shining Light","player_choice":"Entered Light","floor":8.0,"gold_loss":0.0,"damage_taken":23.0,"cards_upgraded":["Defend_R","Strike_R"]},{"damage_healed":0.0,"max_hp_gain":0.0,"max_hp_loss":0.0,"gold_gain":0.0,"event_name":"Masked Bandits","player_choice":"Fought Bandits","floor":19.0,"gold_loss":0.0,"damage_taken":0.0},{"damage_healed":0.0,"max_hp_gain":0.0,"max_hp_loss":0.0,"gold_gain":50.0,"event_name":"Golden Shrine","player_choice":"Pray","floor":21.0,"gold_loss":0.0,"damage_taken":0.0},{"damage_healed":0.0,"max_hp_gain":0.0,"max_hp_loss":0.0,"gold_gain":50.0,"event_name":"Nest","player_choice":"Stole From Cult","floor":22.0,"gold_loss":0.0,"damage_taken":0.0}],"is_beta":true,"boss_relics":[{"not_picked":["SlaversCollar","Pandora\u0027s Box"],"picked":"Black Star"}],"items_purged_floors":[],"is_endless":false,"potions_floor_spawned":[7,10,14,16,19,20],"killed_by":"Gremlin Leader","ascension_level":20}}