{"host":"oehe2dxjvdgux73m","time":1612877474,"event":{"mods":["AchievementEnabler","BaseMod","Colored Map","Colored Powertips","DeckTracker","Keyboard Shortcuts","Minty Spire (QoL Compilation)","Permanent Neow","Quick Restart","StSLib","SuperFastMode"],"gold_per_floor":[111,111,36,136,149,149,183,199,199,217,249,249,269,294,294,294,294],"floor_reached":16,"language":"KOR","playtime":297,"items_purged":[],"score":268,"play_id":"e0f99faa-baa8-4971-b61c-23f1b2d75889","local_time":"20210209223114","is_ascension_mode":true,"campfire_choices":[{"data":"Entrench","floor":6.0,"key":"SMITH"},{"data":"Fiend Fire","floor":15.0,"key":"SMITH"}],"circlet_count":0,"master_deck":["AscendersBane","Strike_R","Strike_R","Strike_R","Defend_R","Defend_R","Defend_R","Defend_R","Bash","Cleave","Juggernaut","Entrench+1","Dark Embrace","Blood for Blood","Thunderclap","Pummel","Fiend Fire+1"],"relics":["Burning Blood","NeowsBlessing","The Courier","Darkstone Periapt","Champion Belt","Question Card"],"acts_visited":["Exordium"],"potions_floor_usage":[16],"damage_taken":[{"damage":0.0,"enemies":"Jaw Worm","floor":1.0,"turns":1.0},{"damage":0.0,"enemies":"2 Louse","floor":5.0,"turns":1.0},{"damage":0.0,"enemies":"Gremlin Nob","floor":7.0,"turns":1.0},{"damage":2.0,"enemies":"Cultist","floor":8.0,"turns":4.0},{"damage":24.0,"enemies":"Blue Slaver","floor":10.0,"turns":6.0},{"damage":35.0,"enemies":"Lagavulin","floor":11.0,"turns":8.0},{"damage":13.0,"enemies":"2 Fungi Beasts","floor":13.0,"turns":3.0},{"damage":12.0,"enemies":"Gremlin Nob","floor":14.0,"turns":3.0},{"damage":46,"enemies":"Slime Boss","floor":16,"turns":10}],"seed_played":"5636214341279821190","potions_obtained":[{"floor":5.0,"key":"PowerPotion"},{"floor":10.0,"key":"PowerPotion"},{"floor":13.0,"key":"SpeedPotion"}],"is_trial":false,"path_per_floor":["M","?","?","?","M","R","E","M","T","M","E","?","M","E","R","B"],"character_chosen":"IRONCLAD","items_purchased":[],"campfire_rested":0,"item_purchase_floors":[],"current_hp_per_floor":[74,74,74,74,75,75,75,75,75,57,28,53,46,40,40,0,0],"gold":294,"neow_bonus":"THREE_ENEMY_KILL","is_daily":false,"chose_seed":false,"campfire_upgraded":2,"win_rate":0.0,"timestamp":1612877474,"path_taken":["M","?","?","?","M","R","E","?","T","M","E","?","M","E","R","BOSS"],"items_purchased_type":[],"build_version":"2020-12-22","purchased_purges":0,"victory":false,"max_hp_per_floor":[75,75,75,75,75,75,75,75,75,75,75,75,75,75,75,75,75],"card_choices":[{"not_picked":["Perfected Strike","Inflame"],"picked":"Cleave","floor":1.0},{"not_picked":["Clothesline","Perfected Strike"],"picked":"Entrench","floor":5.0},{"not_picked":["Wild Strike","True Grit"],"picked":"Dark Embrace","floor":7.0},{"not_picked":["Havoc","Heavy Blade"],"picked":"Blood for Blood","floor":8.0},{"not_picked":["Dark Embrace","Inflame"],"picked":"Thunderclap","floor":10.0},{"not_picked":["Blood for Blood","Sentinel"],"picked":"Pummel","floor":11.0},{"not_picked":["Pommel Strike","Seeing Red"],"picked":"Fiend Fire","floor":13.0},{"not_picked":["Perfected Strike","Sword Boomerang","Heavy Blade"],"picked":"SKIP","floor":14.0}],"player_experience":434675,"relics_obtained":[{"floor":7.0,"key":"The Courier"},{"floor":9.0,"key":"Darkstone Periapt"},{"floor":11.0,"key":"Champion Belt"},{"floor":14.0,"key":"Question Card"}],"event_choices":[{"damage_healed":0.0,"max_hp_gain":0.0,"max_hp_loss":0.0,"gold_gain":0.0,"cards_transformed":["Strike_R"],"event_name":"Living Wall","player_choice":"Change","floor":2.0,"gold_loss":0.0,"damage_taken":0.0,"cards_obtained":["Juggernaut"]},{"cards_removed":["Strike_R"],"damage_healed":0.0,"max_hp_gain":0.0,"max_hp_loss":0.0,"gold_gain":0.0,"event_name":"The Cleric","player_choice":"Card Removal","floor":3.0,"gold_loss":75.0,"damage_taken":0.0},{"damage_healed":0.0,"max_hp_gain":0.0,"max_hp_loss":0.0,"gold_gain":100.0,"event_name":"Wheel of Change","player_choice":"Gold","floor":4.0,"gold_loss":0.0,"damage_taken":0.0},{"damage_healed":25.0,"max_hp_gain":0.0,"max_hp_loss":0.0,"gold_gain":0.0,"event_name":"Big Fish","player_choice":"Banana","floor":12.0,"gold_loss":0.0,"damage_taken":0.0}],"is_beta":false,"boss_relics":[],"items_purged_floors":[],"is_endless":false,"potions_floor_spawned":[5,10,13],"killed_by":"Slime Boss","ascension_level":17}}