{"host":"zxo0hh95ci93qotr","time":1612855892,"event":{"mods":["AchievementEnabler","BaseMod","Googly Eyes","Minty Spire (QoL Compilation)","StSLib"],"gold_per_floor":[117,132,23,23,33,68,68,93,93,93,93,13,28,57,57,57,57],"floor_reached":16,"language":"ENG","playtime":515,"items_purged":["Strike_B","Decay"],"score":136,"play_id":"deac7c1d-26ec-4812-85f6-40f19b9b8b59","local_time":"20210209013132","is_ascension_mode":true,"campfire_choices":[{"data":"Double Energy","floor":10,"key":"SMITH"},{"floor":15,"key":"REST"}],"circlet_count":0,"master_deck":["Strike_B","Strike_B","Strike_B","Defend_B","Defend_B","Defend_B","Defend_B","Zap","Dualcast","Double Energy+1","Leap","Doom and Gloom","Mind Blast","Zap","Go for the Eyes","Leap","Doom and Gloom","Streamline","Leap","Hologram"],"relics":["Cracked Core","NeowsBlessing","TungstenRod","The Courier","Unceasing Top","PreservedInsect"],"acts_visited":["Exordium"],"potions_floor_usage":[16],"damage_taken":[{"damage":0,"enemies":"Small Slimes","floor":1,"turns":1},{"damage":0,"enemies":"Cultist","floor":2,"turns":1},{"damage":0,"enemies":"Jaw Worm","floor":5,"turns":1},{"damage":26,"enemies":"Lagavulin","floor":6,"turns":8},{"damage":29,"enemies":"Gremlin Nob","floor":8,"turns":5},{"damage":8,"enemies":"Lots of Slimes","floor":13,"turns":3},{"damage":10,"enemies":"Lagavulin","floor":14,"turns":5},{"damage":28,"enemies":"Slime Boss","floor":16,"turns":6}],"seed_played":"-6456816703227083214","potions_obtained":[{"floor":1,"key":"FearPotion"},{"floor":13,"key":"Dexterity Potion"}],"is_trial":false,"path_per_floor":["M","M","$","?","M","E","$","E","T","R","?","$","M","E","R","B"],"character_chosen":"DEFECT","items_purchased":["Doom and Gloom"],"campfire_rested":1,"item_purchase_floors":[3],"current_hp_per_floor":[75,75,75,75,75,49,49,20,20,20,20,20,12,2,24,0,0],"gold":57,"neow_bonus":"THREE_ENEMY_KILL","is_daily":false,"chose_seed":false,"campfire_upgraded":1,"win_rate":0.0,"timestamp":1612855892,"path_taken":["M","M","$","?","?","E","?","E","T","R","?","$","?","E","R","BOSS"],"items_purchased_type":["Card"],"build_version":"2020-12-22","purchased_purges":2,"victory":false,"max_hp_per_floor":[75,75,75,75,75,75,75,75,75,75,75,75,75,75,75,75,75],"card_choices":[{"not_picked":["Conserve Battery","Rip and Tear"],"picked":"Double Energy","floor":1},{"not_picked":["Darkness","Cold Snap"],"picked":"Leap","floor":2},{"not_picked":["Gash","Rebound"],"picked":"Leap","floor":5},{"not_picked":["Recycle","Undo"],"picked":"Doom and Gloom","floor":6},{"not_picked":["Barrage","Blizzard"],"picked":"Streamline","floor":8},{"not_picked":["Gash","Cold Snap"],"picked":"Leap","floor":13},{"not_picked":["Conserve Battery","Compile Driver"],"picked":"Hologram","floor":14}],"player_experience":209777,"relics_obtained":[{"floor":6,"key":"TungstenRod"},{"floor":8,"key":"The Courier"},{"floor":9,"key":"Unceasing Top"},{"floor":14,"key":"PreservedInsect"}],"event_choices":[{"damage_healed":0,"gold_gain":0,"player_choice":"3 cards matched","damage_taken":0,"max_hp_gain":0,"max_hp_loss":0,"event_name":"Match and Keep!","floor":4,"gold_loss":0,"cards_obtained":["Mind Blast","Zap","Go for the Eyes"]},{"damage_healed":0,"gold_gain":0,"player_choice":"Cursed","damage_taken":0,"max_hp_gain":0,"max_hp_loss":0,"event_name":"Wheel of Change","floor":11,"gold_loss":0,"cards_obtained":["Decay"]}],"is_beta":false,"boss_relics":[],"items_purged_floors":[3,12],"is_endless":false,"potions_floor_spawned":[1,13],"killed_by":"Slime Boss","ascension_level":3}}