{"host":"u1ystlfkdtaqkn2r","time":1612851697,"event":{"mods":["ATMod(阿瑾Mod)","Act Like it!","Arknights","BaseMod","Colored Powertips","Friendly Minions","Gensokyo","GifTheSpireLib","Jedi Mod","Koishi","KomeijiMod","Luminous","Minty Spire (QoL Compilation)","Pale of the Ancients","Prisma Mod","Replay The Spire","RumiaBox-露米娅的神秘盒子","Spicy Shops","StSLib","SuperFastMode","UnlockEverythingMod","WarShipGirlsR/战舰少女R mod","Warlord Emblem","Yakumo Yukari mod","【遗物卡牌】REMEMod"],"gold_per_floor":[116,128,128,147,173,173,33,66,66,0,0,0,31,44,44,146,196,207,207,225,4,15,41,41,53,53,82,92,92,102,2,2,97,97,115,390,405,422,448,448,503,644,644,684,738,738,738,613,663,688,688,688,32,116,141],"floor_reached":56,"language":"ZHS","playtime":2731,"items_purged":["Luminous:Defend_Luminous","Luminous:Dark_Abyssal_Drop","Luminous:Defend_Luminous"],"score":1530,"play_id":"a3b583ce-bc06-401a-9962-36fa6a61f5fa","local_time":"20210209142137","is_ascension_mode":false,"campfire_choices":[{"data":"Luminous:Lunar_Tide_Luminous","floor":6.0,"key":"SMITH"},{"data":"Luminous:Light_Glare","floor":15.0,"key":"SMITH"},{"data":"Luminous:Light_Glare","floor":15.0,"key":"SMITH"},{"data":"Luminous:Arcane_Rage_Luminous","floor":24.0,"key":"SMITH"},{"data":"Luminous:Balance_Death_Scythe","floor":24.0,"key":"SMITH"},{"data":"Luminous:Dark_Pressure_Void","floor":32.0,"key":"SMITH"},{"data":"Luminous:Light_Glare","floor":32.0,"key":"SMITH"},{"data":"Luminous:Light_Sylvan_Lance","floor":40.0,"key":"SMITH"},{"data":"Luminous:Light_Disperse","floor":40.0,"key":"SMITH"},{"floor":47.0,"key":"RECALL"}],"circlet_count":0,"master_deck":["Luminous:Light_Flash_Shower+1","Luminous:Light_Flash_Shower+1","Luminous:Light_Flash_Shower+1","Luminous:Dark_Abyssal_Drop+1","Luminous:Dark_Abyssal_Drop+1","Luminous:Defend_Luminous+1","Luminous:Switch_Luminous+1","Luminous:Lunar_Tide_Luminous+1","Luminous:Light_Disperse+1","Luminous:Light_Glare+1","Luminous:Light_Glare+1","Luminous:Arcane_Rage_Luminous+1","Luminous:Light_Glare+1","Luminous:Balance_Death_Scythe+1","Luminous:Light_Wash_Luminous+1","Luminous:Lunar_Tide_Luminous+1","Luminous:Light_Glare+1","Luminous:Dark_Pressure_Void+1","Luminous:Mana_Overload_Luminous+1","Luminous:Light_Sylvan_Lance+1","Luminous:Dark_Pressure_Void+1","Luminous:Lunar_Tide_Luminous+1","ReplayTheSpireMod:Brewmster+1","Luminous:Arcane_Rage_Luminous+1","Luminous:Lunar_Tide_Luminous","REME_HeartOfCthun","REME_FirmDetermination","Midas Touch","Luminous:Light_Sylvan_Lance"],"relics":["Luminous:MirrorRelic","AT_ATBox","REME_ComplimentaryCards","Happy Flower","Omamori","Replay:Arrowhead","ReplayFunnel","Bronze Scales","Gensokyo:NagashiBinaDoll","jedi:Pinwheel","Tiny House","AT_BladeRuinedKing","Oddly Smooth Stone","Replay:Bottled Eggs","Tiny Chest","Coffee Dripper","AT_MibuBalloonWealth","LastBattle","Mango","Strawberry","SSSystem","jedi:kaleidoscope","ReplayTheSpireMod:ShopPack","Pen Nib"],"acts_visited":["Gensokyo:Gensokyo","TheCity","TheBeyond","TheEnding"],"potions_floor_usage":[49,49,49,49,49,49,49,49,55,55,55],"damage_taken":[{"damage":2.0,"enemies":"Gensokyo:Gryphon","floor":1.0,"turns":3.0},{"damage":0.0,"enemies":"Gensokyo:3_Fairies","floor":2.0,"turns":4.0},{"damage":4.0,"enemies":"Gensokyo:2_Kodama","floor":4.0,"turns":4.0},{"damage":56.0,"enemies":"Gensokyo:Mamizou","floor":8.0,"turns":11.0},{"damage":12.0,"enemies":"Gensokyo:Cirno","floor":13.0,"turns":7.0},{"damage":0.0,"enemies":"Gensokyo:Gryphon_and_Rabbit","floor":14.0,"turns":4.0},{"damage":2.0,"enemies":"Gensokyo:Kokoro","floor":16.0,"turns":12.0},{"damage":25.0,"enemies":"2 Thieves","floor":18.0,"turns":4.0},{"damage":7.0,"enemies":"Shell Parasite","floor":20.0,"turns":3.0},{"damage":12.0,"enemies":"3 Cultists","floor":22.0,"turns":5.0},{"damage":8.0,"enemies":"Book of Stabbing","floor":23.0,"turns":4.0},{"damage":15.0,"enemies":"Snake Plant","floor":25.0,"turns":2.0},{"damage":0.0,"enemies":"Replay:Snechameleon","floor":27.0,"turns":3.0},{"damage":0.0,"enemies":"Snecko","floor":28.0,"turns":4.0},{"damage":0.0,"enemies":"3 Cultists","floor":30.0,"turns":3.0},{"damage":0.0,"enemies":"Champ","floor":33.0,"turns":7.0},{"damage":5.0,"enemies":"3 Darklings","floor":35.0,"turns":3.0},{"damage":20.0,"enemies":"3 Shapes","floor":37.0,"turns":2.0},{"damage":0.0,"enemies":"Writhing Mass","floor":38.0,"turns":3.0},{"damage":0.0,"enemies":"Giant Head","floor":41.0,"turns":5.0},{"damage":1.0,"enemies":"3 Darklings","floor":42.0,"turns":4.0},{"damage":0.0,"enemies":"Maw","floor":44.0,"turns":4.0},{"damage":0.0,"enemies":"R_Hoarder","floor":45.0,"turns":5.0},{"damage":19,"enemies":"R_Hoarder","floor":49,"turns":14},{"damage":0,"enemies":"Time Eater","floor":50,"turns":8},{"damage":5,"enemies":"Shield and Spear","floor":54,"turns":3},{"damage":8,"enemies":"The Heart","floor":55,"turns":6}],"seed_played":"-4213907977629522466","potions_obtained":[{"floor":1.0,"key":"Milkshake"},{"floor":2.0,"key":"Energy Potion"},{"floor":13.0,"key":"Weak Potion"},{"floor":23.0,"key":"ColorlessPotion"},{"floor":25.0,"key":"Milkshake"},{"floor":27.0,"key":"REME_GoldPotion"},{"floor":37.0,"key":"Strength Potion"}],"is_trial":false,"path_per_floor":["M","M","?","M","T","R","?","E","T","?","?","COS","E","M","R","B",null,"M","?","M","$","M","E","R","M","T","E","M","T","M","$","R","B",null,"M","?","M","M","T","R","E","M","T","M","E","?","R","$","R","B",null,"R","$","E","B",null],"character_chosen":"LuminousClass","items_purchased":["AT_BladeRuinedKing","SSSystem","jedi:kaleidoscope","ReplayTheSpireMod:ShopPack","Luminous:Lunar_Tide_Luminous"],"campfire_rested":0,"item_purchase_floors":[21,53,53,53,53],"current_hp_per_floor":[80,80,80,76,76,76,76,20,20,53,53,53,41,41,41,39,87,62,62,55,55,43,35,35,20,20,20,20,20,20,20,20,20,87,82,82,62,62,62,62,62,61,75,75,82,82,82,82,103,103,103,103,103,98,90],"gold":141,"neow_bonus":"TEN_PERCENT_HP_BONUS","is_daily":false,"chose_seed":false,"campfire_upgraded":9,"win_rate":0.0,"timestamp":1612851697,"path_taken":["M","M","?","M","?","R","?","E","T","?","?","COS","E","?","R","BOSS","M","?","?","$","?","E","R","M","T","E","M","?","M","$","R","BOSS","M","?","?","?","?","R","E","M","T","?","E","?","R","$","R","BOSS","R","$","E","BOSS"],"items_purchased_type":["Relic","Relic","Relic","Relic","Card"],"build_version":"2020-12-22","purchased_purges":3,"victory":true,"max_hp_per_floor":[82,82,82,82,82,82,82,82,82,82,82,82,82,82,82,82,87,87,87,87,87,87,87,87,87,87,87,87,87,87,87,87,87,87,87,87,87,87,87,87,87,87,101,101,108,103,103,103,103,103,103,103,103,103,103],"card_choices":[{"not_picked":["Luminous:Mana_Overload_Luminous","Luminous:Hero_Will_Luminous"],"picked":"Luminous:Light_Glare","floor":1.0},{"not_picked":["Luminous:Dark_Apocalypse","Luminous:Light_Wash_Luminous"],"picked":"Luminous:Lunar_Tide_Luminous","floor":2.0},{"not_picked":["Luminous:Accumulation_Luminous","Luminous:Light_Sylvan_Lance","Luminous:Magic_Boost_Luminous"],"picked":"SKIP","floor":4.0},{"not_picked":["Luminous:Light_Gather","Luminous:Light_Spectral_Light"],"picked":"Luminous:Light_Disperse","floor":8.0},{"not_picked":["Luminous:Concentrate_Luminous","Luminous:Light_Disperse"],"picked":"Luminous:Light_Glare","floor":13.0},{"not_picked":["Luminous:Concentrate_Luminous","Luminous:Light_Gather"],"picked":"Luminous:Light_Glare","floor":14.0},{"not_picked":["Luminous:Freud_Wisdom1_Luminous","Luminous:Equalize_Luminous"],"picked":"Luminous:Arcane_Rage_Luminous","floor":16.0},{"not_picked":["Luminous:Concentrate_Luminous+1","Luminous:Dark_Dim_Erosion","Luminous:Blinding_Pillar_Luminous"],"picked":"SKIP","floor":18.0},{"not_picked":["Luminous:Dark_Raid+1","Luminous:Phantom_Treasure_Luminous"],"picked":"Luminous:Light_Glare","floor":20.0},{"not_picked":["Luminous:Light_Sylvan_Lance","Luminous:Dark_Crescendo_Luminous"],"picked":"Luminous:Balance_Death_Scythe","floor":22.0},{"not_picked":["Luminous:Dark_Apocalypse","Luminous:Light_Reflection"],"picked":"Luminous:Light_Wash_Luminous+1","floor":23.0},{"not_picked":["Luminous:Darkness_Mastery_Luminous","Luminous:Phantom_Treasure_Luminous"],"picked":"Luminous:Lunar_Tide_Luminous+1","floor":25.0},{"not_picked":["Luminous:Dusk_Guard_Luminous+1","Luminous:Light_Glare+1","Luminous:Light_Gather"],"picked":"SKIP","floor":27.0},{"not_picked":["Luminous:Dusk_Guard_Luminous+1","Luminous:Light_Gather"],"picked":"Luminous:Light_Glare+1","floor":27.0},{"not_picked":["Luminous:Mirror_Force_Luminous","Luminous:Light_Gather+1","Luminous:Dark_Pressure_Void"],"picked":"SKIP","floor":28.0},{"not_picked":["Luminous:Light_Disperse+1","Luminous:Dark_Raid"],"picked":"Luminous:Dark_Pressure_Void","floor":30.0},{"not_picked":["Luminous:Magic_Accelerate_Luminous+1","Luminous:Hero_Will_Luminous"],"picked":"Luminous:Mana_Overload_Luminous+1","floor":35.0},{"not_picked":["Luminous:Lights_Protection_Luminous+1","Luminous:Darks_Surge_Luminous","Luminous:Light_Gather+1"],"picked":"SKIP","floor":37.0},{"not_picked":["Luminous:Dark_Pressure_Void+1","Luminous:Light_Spectral_Light+1"],"picked":"Luminous:Light_Sylvan_Lance","floor":38.0},{"not_picked":["Luminous:Blinding_Pillar_Luminous+1","Luminous:Accumulation_Luminous"],"picked":"Luminous:Dark_Pressure_Void","floor":41.0},{"not_picked":["Luminous:Shadow_Shell_Luminous+1","Luminous:Light_Wash_Luminous","Luminous:Dark_Raid"],"picked":"SKIP","floor":42.0},{"not_picked":["Luminous:Dark_Pressure_Void","Luminous:Dark_Dim_Erosion+1"],"picked":"Luminous:Lunar_Tide_Luminous+1","floor":44.0},{"not_picked":["Luminous:Light_Disperse+1","Luminous:Darkness_Mastery_Luminous+1","Luminous:Concentrate_Luminous"],"picked":"SKIP","floor":45.0},{"not_picked":["Luminous:Light_Sylvan_Lance","Luminous:Concentrate_Luminous+1"],"picked":"Luminous:Arcane_Rage_Luminous","floor":49},{"not_picked":["AT_FamilyPortrait","Secret Technique"],"picked":"REME_HeartOfCthun","floor":53},{"not_picked":["Discovery","HandOfGreed"],"picked":"REME_FirmDetermination","floor":53},{"not_picked":["Magnetism","REME_ShortnessOfBreath"],"picked":"Midas Touch","floor":53},{"not_picked":["Luminous:Dusk_Guard_Luminous+1","Luminous:Chaos_Field_Luminous"],"picked":"Luminous:Light_Sylvan_Lance","floor":54}],"player_experience":198528,"relics_obtained":[{"floor":5.0,"key":"Omamori"},{"floor":8.0,"key":"ReplayFunnel"},{"floor":9.0,"key":"Bronze Scales"},{"floor":13.0,"key":"jedi:Pinwheel"},{"floor":23.0,"key":"Oddly Smooth Stone"},{"floor":27.0,"key":"Replay:Bottled Eggs"},{"floor":29.0,"key":"Tiny Chest"},{"floor":39.0,"key":"AT_MibuBalloonWealth"},{"floor":41.0,"key":"LastBattle"},{"floor":43.0,"key":"Mango"},{"floor":45.0,"key":"Strawberry"},{"floor":54,"key":"Pen Nib"}],"event_choices":[{"cards_removed":["Luminous:Defend_Luminous"],"damage_healed":0.0,"max_hp_gain":0.0,"max_hp_loss":0.0,"gold_gain":0.0,"event_name":"Purifier","player_choice":"Purged","floor":19.0,"gold_loss":0.0,"damage_taken":0.0},{"damage_healed":0.0,"max_hp_gain":0.0,"max_hp_loss":0.0,"gold_gain":275.0,"event_name":"Golden Shrine","player_choice":"Desecrate","floor":36.0,"gold_loss":0.0,"damage_taken":0.0,"cards_obtained":["Regret"]},{"damage_healed":0.0,"max_hp_gain":0.0,"max_hp_loss":5.0,"gold_gain":0.0,"event_name":"Winding Halls","player_choice":"Max HP","floor":46.0,"gold_loss":0.0,"damage_taken":0.0}],"is_beta":false,"boss_relics":[{"not_picked":["Painkiller Herb","Replay:Wanted Poster"],"picked":"Tiny House"},{"not_picked":["SoulBox","AddBug"],"picked":"Coffee Dripper"}],"items_purged_floors":[21,31,48],"is_endless":false,"potions_floor_spawned":[1,2,13,18,23,25,27,37,38,42,49],"ascension_level":0}}