{"host":"prxrhpgaxnj4om9r","time":1612843185,"event":{"mods":["AchievementEnabler","BaseMod","DeckTracker","Keyboard Shortcuts","Minty Spire (QoL Compilation)"],"gold_per_floor":[111,286,298,67,67,98,98,125,200,200,216,216,43,56,56,156,156,137,137,137,113,123,149,169,268,268,291,291,118,130,145,145,245,245,263,282,29,43,93,111,111,121,146,146,186,208,226,247,256,256,256],"floor_reached":50,"language":"KOR","playtime":3829,"items_purged":["Doubt"],"score":552,"play_id":"083cb5a0-0628-4bf7-8613-d7ba1fe523da","local_time":"20210209125945","is_ascension_mode":false,"campfire_choices":[{"floor":7,"key":"REST"},{"floor":12,"key":"REST"},{"data":"Scrawl","floor":15,"key":"SMITH"},{"floor":28,"key":"REST"},{"data":"Chrysalis","floor":32,"key":"SMITH"},{"floor":41,"key":"REST"},{"floor":44,"key":"REST"},{"floor":49,"key":"REST"}],"circlet_count":0,"master_deck":["Strike_B","Strike_B","Strike_B","Defend_B","Defend_B","Defend_B","Defend_B","Zap+1","Dualcast","Stack","Loop","Clash","Dodge and Roll","Sunder","Hologram","Scrawl+1","Chrysalis+1","Wallop+1","Redo","BowlingBash+1","Sweeping Beam","BowlingBash+1","Beam Cell+1","Chill+1","Slice","CrushJoints+1","Prepared+1","Infinite Blades","Shrug It Off+1","Quick Slash+1","Madness+1","Madness+1","Auto Shields+1","Reflex+1"],"relics":["Cracked Core","PrismaticShard","Orichalcum","Nunchaku","Singing Bowl","Regal Pillow","Busted Crown","Pantograph","Enchiridion","Anchor","Strawberry","Smiling Mask","Runic Capacitor","Black Star","Toxic Egg 2","Torii","Dream Catcher","Vajra","CeramicFish"],"acts_visited":["Exordium","TheCity","TheBeyond"],"potions_floor_usage":[8,16,23,24,30,39,40,48,50,50,50],"damage_taken":[{"damage":1,"enemies":"Jaw Worm","floor":1,"turns":3},{"damage":2,"enemies":"Small Slimes","floor":3,"turns":3},{"damage":42,"enemies":"Lagavulin","floor":6,"turns":7},{"damage":27,"enemies":"3 Sentries","floor":8,"turns":9},{"damage":0,"enemies":"2 Louse","floor":11,"turns":2},{"damage":0,"enemies":"Exordium Thugs","floor":14,"turns":4},{"damage":20,"enemies":"The Guardian","floor":16,"turns":10},{"damage":3,"enemies":"2 Thieves","floor":18,"turns":4},{"damage":2,"enemies":"Shell Parasite","floor":22,"turns":6},{"damage":36,"enemies":"Slavers","floor":23,"turns":5},{"damage":0,"enemies":"Centurion and Healer","floor":24,"turns":4},{"damage":5,"enemies":"3 Cultists","floor":30,"turns":5},{"damage":3,"enemies":"Shelled Parasite and Fungi","floor":31,"turns":4},{"damage":62,"enemies":"Champ","floor":33,"turns":12},{"damage":0,"enemies":"Orb Walker","floor":35,"turns":5},{"damage":1,"enemies":"3 Shapes","floor":36,"turns":4},{"damage":4,"enemies":"Jaw Worm Horde","floor":38,"turns":3},{"damage":53,"enemies":"Mind Bloom Boss Battle","floor":39,"turns":10},{"damage":9,"enemies":"Spire Growth","floor":40,"turns":6},{"damage":36,"enemies":"Maw","floor":42,"turns":8},{"damage":20,"enemies":"Nemesis","floor":45,"turns":9},{"damage":0,"enemies":"4 Shapes","floor":46,"turns":4},{"damage":0,"enemies":"3 Darklings","floor":48,"turns":4},{"damage":95,"enemies":"Donu and Deca","floor":50,"turns":9}],"seed_played":"559706546186650881","potions_obtained":[{"floor":6,"key":"SkillPotion"},{"floor":14,"key":"EssenceOfDarkness"},{"floor":22,"key":"Ancient Potion"},{"floor":23,"key":"Weak Potion"},{"floor":24,"key":"Explosive Potion"},{"floor":33,"key":"Strength Potion"},{"floor":39,"key":"PowerPotion"},{"floor":40,"key":"Block Potion"},{"floor":45,"key":"Fire Potion"},{"floor":46,"key":"Strength Potion"},{"floor":48,"key":"GamblersBrew"}],"is_trial":false,"path_per_floor":["M","?","M","$","?","E","R","E","T","?","M","R","$","M","R","B",null,"M","?","?","$","M","E","M","?","T","T","R","$","M","M","R","B",null,"M","M","$","M","?","M","R","M","T","R","E","M","?","M","R","B"],"character_chosen":"DEFECT","items_purchased":["PrismaticShard","Regal Pillow","Hologram","Redo","Runic Capacitor","Sweeping Beam","Toxic Egg 2"],"campfire_rested":6,"item_purchase_floors":[4,13,13,21,29,29,37],"current_hp_per_floor":[74,74,72,72,72,30,52,25,25,25,27,50,50,50,50,30,77,74,74,58,58,56,22,24,24,31,31,72,72,67,64,64,28,90,92,91,91,87,41,32,75,39,39,82,62,62,50,50,93,0,0],"gold":256,"neow_bonus":"UPGRADE_CARD","is_daily":false,"chose_seed":false,"campfire_upgraded":2,"win_rate":0.0,"timestamp":1612843185,"path_taken":["M","?","M","$","?","E","R","E","T","?","?","R","?","M","R","BOSS","M","?","?","$","M","E","M","?","T","?","R","$","M","M","R","BOSS","M","M","$","M","?","M","R","M","T","R","E","M","?","M","R","BOSS"],"items_purchased_type":["Relic","Relic","Card","Card","Relic","Card","Relic"],"build_version":"2020-12-22","purchased_purges":1,"victory":false,"max_hp_per_floor":[75,75,75,75,75,75,75,75,75,75,77,77,77,77,77,77,77,77,77,77,77,77,79,81,81,88,88,88,88,88,88,88,90,90,92,92,92,92,94,94,94,94,94,94,94,94,94,94,94,94,94],"card_choices":[{"not_picked":["Steam","Beam Cell"],"picked":"Stack","floor":1},{"not_picked":["Ball Lightning","Static Discharge"],"picked":"Loop","floor":3},{"not_picked":["FollowUp","Darkness"],"picked":"Clash","floor":6},{"not_picked":["Underhanded Strike","Hello World"],"picked":"Dodge and Roll","floor":8},{"not_picked":["Double Energy","Bane","LikeWater"],"picked":"Singing Bowl","floor":11},{"not_picked":["PiercingWail","Gash"],"picked":"Scrawl","floor":14},{"not_picked":["SpiritShield","Biased Cognition"],"picked":"Chrysalis","floor":16},{"not_picked":[],"picked":"Wallop+1","floor":18},{"not_picked":[],"picked":"BowlingBash+1","floor":22},{"not_picked":["Genetic Algorithm"],"picked":"Singing Bowl","floor":23},{"not_picked":["Battle Trance"],"picked":"Singing Bowl","floor":24},{"not_picked":[],"picked":"BowlingBash+1","floor":30},{"not_picked":[],"picked":"Beam Cell+1","floor":31},{"not_picked":["Fiend Fire"],"picked":"Singing Bowl","floor":33},{"not_picked":["Stack"],"picked":"Singing Bowl","floor":35},{"not_picked":[],"picked":"Chill+1","floor":36},{"not_picked":[],"picked":"Slice","floor":38},{"not_picked":["Capacitor+1"],"picked":"Singing Bowl","floor":39},{"not_picked":[],"picked":"CrushJoints+1","floor":40},{"not_picked":[],"picked":"Prepared+1","floor":42},{"not_picked":[],"picked":"Infinite Blades","floor":44},{"not_picked":[],"picked":"Shrug It Off+1","floor":45},{"not_picked":[],"picked":"Quick Slash+1","floor":46},{"not_picked":[],"picked":"Auto Shields+1","floor":48},{"not_picked":[],"picked":"Reflex+1","floor":49}],"player_experience":330346,"relics_obtained":[{"floor":6,"key":"Orichalcum"},{"floor":8,"key":"Nunchaku"},{"floor":9,"key":"Singing Bowl"},{"floor":20,"key":"Enchiridion"},{"floor":23,"key":"Anchor"},{"floor":26,"key":"Strawberry"},{"floor":27,"key":"Smiling Mask"},{"floor":39,"key":"Torii"},{"floor":43,"key":"Dream Catcher"},{"floor":45,"key":"Vajra"},{"floor":45,"key":"CeramicFish"}],"event_choices":[{"damage_healed":0,"gold_gain":175,"player_choice":"AGREE","damage_taken":0,"max_hp_gain":0,"max_hp_loss":0,"event_name":"Liars Game","floor":2,"gold_loss":0,"cards_obtained":["Doubt"]},{"damage_healed":0,"gold_gain":0,"player_choice":"Leave","damage_taken":0,"max_hp_gain":0,"max_hp_loss":0,"event_name":"The Cleric","floor":5,"gold_loss":0},{"damage_healed":0,"gold_gain":0,"cards_transformed":["Strike_B"],"player_choice":"Change","damage_taken":0,"max_hp_gain":0,"max_hp_loss":0,"event_name":"Living Wall","floor":10,"gold_loss":0,"cards_obtained":["Sunder"]},{"damage_healed":0,"gold_gain":0,"player_choice":"Opened","damage_taken":0,"relics_obtained":["Pantograph"],"max_hp_gain":0,"max_hp_loss":0,"event_name":"The Mausoleum","floor":19,"gold_loss":0},{"damage_healed":0,"gold_gain":0,"player_choice":"Obtained Book","damage_taken":16,"max_hp_gain":0,"max_hp_loss":0,"event_name":"Cursed Tome","floor":20,"gold_loss":0},{"damage_healed":0,"gold_gain":99,"player_choice":"Stole From Cult","damage_taken":0,"max_hp_gain":0,"max_hp_loss":0,"event_name":"Nest","floor":25,"gold_loss":0},{"damage_healed":0,"gold_gain":0,"player_choice":"Fight","damage_taken":0,"max_hp_gain":0,"max_hp_loss":0,"event_name":"MindBloom","floor":39,"gold_loss":0},{"damage_healed":0,"gold_gain":0,"player_choice":"Embrace Madness","damage_taken":12,"max_hp_gain":0,"max_hp_loss":0,"event_name":"Winding Halls","floor":47,"gold_loss":0,"cards_obtained":["Madness","Madness"]}],"is_beta":false,"boss_relics":[{"not_picked":["Sozu","SlaversCollar"],"picked":"Busted Crown"},{"not_picked":["Velvet Choker","Snecko Eye"],"picked":"Black Star"}],"items_purged_floors":[4],"is_endless":false,"potions_floor_spawned":[6,14,22,23,24,33,39,40,45,46,48],"killed_by":"Donu and Deca","ascension_level":0}}