{"host":"q0qnzbgdx8oqogg9","time":1612837046,"event":{"mods":["BaseMod","Minty Spire (QoL Compilation)","StSLib"],"gold_per_floor":[112,112,129,129,304,332,332,348,372,16,29,58,58,87,87,182,182,197,197,46,46,46,46,64,98,98,132,149,159,6,34,34,137,137,156,81,81,81],"floor_reached":39,"language":"ENG","playtime":1180,"items_purged":["Doubt"],"score":1155,"play_id":"2534a475-4bdf-43bf-9056-6afdb220f187","local_time":"20210208211726","is_ascension_mode":true,"campfire_choices":[{"data":"Lockon","floor":7.0,"key":"SMITH"},{"data":"Ball Lightning","floor":13.0,"key":"SMITH"},{"data":"Rip and Tear","floor":15.0,"key":"SMITH"},{"data":"Defragment","floor":23.0,"key":"SMITH"},{"floor":32,"key":"REST"}],"circlet_count":0,"master_deck":["AscendersBane","Strike_B+1","Strike_B+1","Strike_B+1","Defend_B+1","Defend_B+1","Defend_B+1","Defend_B+1","Zap","Dualcast+1","Cold Snap","Lockon+1","Reinforced Body","Tempest","Ball Lightning+1","Finesse","Auto Shields","FTL","Rip and Tear+1","Electrodynamics","Defragment+1","Biased Cognition","White Noise","Multi-Cast"],"relics":["FrozenCore","NeowsBlessing","Gambling Chip","MealTicket","Lantern","Shuriken","Art of War","War Paint","Velvet Choker","Ornamental Fan","DataDisk","Bronze Scales","Symbiotic Virus","Lizard Tail","Chemical X","Bag of Marbles"],"acts_visited":["Exordium","TheCity","TheBeyond"],"potions_floor_usage":[31,33,33],"damage_taken":[{"damage":0.0,"enemies":"2 Louse","floor":1.0,"turns":1.0},{"damage":0.0,"enemies":"Cultist","floor":3.0,"turns":1.0},{"damage":0.0,"enemies":"Lagavulin","floor":6.0,"turns":1.0},{"damage":0.0,"enemies":"Jaw Worm","floor":8.0,"turns":2.0},{"damage":14.0,"enemies":"Exordium Wildlife","floor":11.0,"turns":4.0},{"damage":4.0,"enemies":"Gremlin Nob","floor":12.0,"turns":3.0},{"damage":18.0,"enemies":"Lagavulin","floor":14.0,"turns":4.0},{"damage":24.0,"enemies":"Hexaghost","floor":16.0,"turns":8.0},{"damage":15.0,"enemies":"2 Thieves","floor":18.0,"turns":3.0},{"damage":0.0,"enemies":"Spheric Guardian","floor":24.0,"turns":3.0},{"damage":12.0,"enemies":"Slavers","floor":25.0,"turns":4.0},{"damage":8,"enemies":"Book of Stabbing","floor":27,"turns":4},{"damage":0,"enemies":"Chosen and Byrds","floor":28,"turns":3},{"damage":5,"enemies":"Snake Plant","floor":29,"turns":2},{"damage":24,"enemies":"Slavers","floor":31,"turns":2},{"damage":57,"enemies":"Automaton","floor":33,"turns":8},{"damage":0,"enemies":"Orb Walker","floor":35,"turns":3},{"damage":57,"enemies":"Time Eater","floor":38,"turns":14}],"seed_played":"-2092753449721526091","potions_obtained":[{"floor":3.0,"key":"PowerPotion"},{"floor":6.0,"key":"FocusPotion"},{"floor":12.0,"key":"DistilledChaos"},{"floor":31,"key":"SkillPotion"},{"floor":35,"key":"FairyPotion"}],"is_trial":false,"path_per_floor":["M","?","M","T","?","E","R","M","T","$","M","E","R","E","R","B",null,"M","?","$","?","$","R","M","E","T","E","M","M","$","E","R","B",null,"M","$","?","B",null],"character_chosen":"DEFECT","items_purchased":["Shuriken","Ball Lightning","Finesse","DataDisk","Chemical X"],"campfire_rested":1,"item_purchase_floors":[10,10,10,20,30],"current_hp_per_floor":[68,68,68,68,68,68,68,68,68,75,61,57,57,39,39,15,60,45,45,60,60,75,75,75,63,63,55,55,50,65,41,63,6,58,58,73,73,16],"gold":81,"neow_bonus":"THREE_ENEMY_KILL","is_daily":false,"chose_seed":false,"campfire_upgraded":4,"win_rate":0.0,"timestamp":1612837046,"path_taken":["M","?","?","?","?","E","R","M","T","$","M","E","R","E","R","BOSS","M","?","$","?","?","R","M","E","T","E","M","M","?","E","R","BOSS","M","$","?","BOSS"],"items_purchased_type":["Relic","Card","Card","Relic","Relic"],"build_version":"2020-12-22","purchased_purges":1,"victory":true,"max_hp_per_floor":[75,75,75,75,75,75,75,75,75,75,75,75,75,75,75,75,75,75,75,75,75,75,75,75,75,75,75,75,75,75,75,75,75,75,75,75,75,75],"card_choices":[{"not_picked":["Turbo","Barrage"],"picked":"Cold Snap","floor":1.0},{"not_picked":["Leap","Capacitor"],"picked":"Lockon","floor":3.0},{"not_picked":["Consume","Coolheaded"],"picked":"Reinforced Body","floor":6.0},{"not_picked":["Amplify","Go for the Eyes"],"picked":"Tempest","floor":8.0},{"not_picked":["Redo","Rebound"],"picked":"Auto Shields","floor":11.0},{"not_picked":["Compile Driver","Coolheaded"],"picked":"FTL","floor":12.0},{"not_picked":["White Noise","Storm"],"picked":"Rip and Tear","floor":14.0},{"not_picked":["Thunder Strike","Machine Learning"],"picked":"Electrodynamics","floor":16.0},{"not_picked":["Rebound","Sweeping Beam"],"picked":"Defragment","floor":18.0},{"not_picked":["Stack","Turbo","Gash"],"picked":"SKIP","floor":24.0},{"not_picked":["Chaos+1","Ball Lightning","Fusion"],"picked":"SKIP","floor":25},{"not_picked":["Compile Driver+1","Static Discharge"],"picked":"Biased Cognition","floor":27},{"not_picked":["Barrage","Cold Snap","Coolheaded"],"picked":"SKIP","floor":28},{"not_picked":["Coolheaded","Leap"],"picked":"White Noise","floor":29},{"not_picked":["Doom and Gloom","Beam Cell+1","White Noise"],"picked":"SKIP","floor":31},{"not_picked":["Seek","Hyperbeam"],"picked":"Multi-Cast","floor":33},{"not_picked":["Aggregate+1","Coolheaded","Beam Cell+1"],"picked":"SKIP","floor":35}],"player_experience":349525,"relics_obtained":[{"floor":4.0,"key":"Gambling Chip"},{"floor":6.0,"key":"MealTicket"},{"floor":9.0,"key":"Lantern"},{"floor":12.0,"key":"Art of War"},{"floor":14.0,"key":"War Paint"},{"floor":25,"key":"Bronze Scales"},{"floor":26,"key":"Symbiotic Virus"},{"floor":27,"key":"Lizard Tail"},{"floor":31,"key":"Bag of Marbles"}],"event_choices":[{"cards_removed":["Strike_B"],"damage_healed":0.0,"max_hp_gain":0.0,"max_hp_loss":0.0,"gold_gain":0.0,"event_name":"Bonfire Elementals","player_choice":"Offered Basic","floor":2.0,"gold_loss":0.0,"damage_taken":0.0},{"damage_healed":0.0,"max_hp_gain":0.0,"max_hp_loss":0.0,"gold_gain":175.0,"event_name":"Liars Game","player_choice":"AGREE","floor":5.0,"gold_loss":0.0,"damage_taken":0.0,"cards_obtained":["Doubt"]},{"damage_healed":0.0,"max_hp_gain":0.0,"max_hp_loss":0.0,"gold_gain":0.0,"event_name":"The Mausoleum","player_choice":"Opened","floor":19.0,"gold_loss":0.0,"damage_taken":0.0,"relics_obtained":["Ornamental Fan"]},{"damage_healed":0.0,"max_hp_gain":0.0,"max_hp_loss":0.0,"gold_gain":0.0,"event_name":"Back to Basics","player_choice":"Simplicity","floor":21.0,"gold_loss":0.0,"damage_taken":0.0,"cards_upgraded":["Strike_B","Strike_B","Strike_B","Defend_B","Defend_B","Defend_B"]},{"damage_healed":0,"gold_gain":0,"player_choice":"Took Portal","damage_taken":0,"max_hp_gain":0,"max_hp_loss":0,"event_name":"SecretPortal","floor":37,"gold_loss":0}],"is_beta":false,"boss_relics":[{"not_picked":["Calling Bell","Astrolabe"],"picked":"Velvet Choker"},{"not_picked":["SlaversCollar","SacredBark"],"picked":"FrozenCore"}],"items_purged_floors":[36],"is_endless":false,"potions_floor_spawned":[3,6,12,14,16,18,24,27,31,35],"ascension_level":12}}