{"host":"s41rn2jhghpwfrvz","time":1612897539,"event":{"mods":["BaseMod","Minty Spire (QoL Compilation)","Quick Restart","Relic Stats","SuperFastMode"],"gold_per_floor":[110,110,123,123,48,48,76,90,90,120,132,32,32,32,32,103,103,116,116,150,150,165,190,190,216,216,241,273,293,325,342,342,418,418,428,428,438,418,430,460,460,490,490,490,490],"floor_reached":44,"language":"ENG","playtime":1064,"items_purged":["Sweeping Beam","BootSequence"],"score":1444,"play_id":"2abf5abc-eba1-424f-a665-c958da6faebb","local_time":"20210209210539","daily_mods":["SealedDeck","Diverse","DeadlyEvents"],"is_ascension_mode":true,"campfire_choices":[{"data":"Blade Dance","floor":6.0,"key":"SMITH"},{"data":"Prostrate","floor":13.0,"key":"SMITH"},{"data":"Backflip","floor":15.0,"key":"SMITH"},{"data":"Body Slam","floor":24,"key":"SMITH"},{"data":"Barricade","floor":32,"key":"SMITH"},{"floor":41,"key":"REST"}],"circlet_count":0,"master_deck":["AscendersBane","Sanctity","Wallop+1","Blade Dance+1","Prostrate+1","Backflip+1","Prostrate+1","Body Slam+1","Barricade+1","Berserk+1","After Image+1"],"relics":["Burning Blood","Boot","Toy Ornithopter","Gremlin Horn","SacredBark","Akabeko","Frozen Egg 2","Whetstone","Eternal Feather","Orichalcum","Blood Vial","Shuriken","Black Star","Omamori","CeramicFish","Darkstone Periapt","Pantograph","Paper Frog"],"acts_visited":["Exordium","TheCity","TheBeyond"],"potions_floor_usage":[23],"damage_taken":[{"damage":0.0,"enemies":"2 Louse","floor":1.0,"turns":3.0},{"damage":0.0,"enemies":"Small Slimes","floor":3.0,"turns":2.0},{"damage":0.0,"enemies":"Gremlin Nob","floor":7.0,"turns":3.0},{"damage":0.0,"enemies":"Jaw Worm","floor":8.0,"turns":2.0},{"damage":7.0,"enemies":"3 Sentries","floor":10.0,"turns":6.0},{"damage":0.0,"enemies":"Gremlin Gang","floor":11.0,"turns":3.0},{"damage":0.0,"enemies":"Hexaghost","floor":16.0,"turns":3.0},{"damage":0.0,"enemies":"Chosen","floor":18.0,"turns":2.0},{"damage":0.0,"enemies":"Book of Stabbing","floor":20.0,"turns":2.0},{"damage":0.0,"enemies":"Spheric Guardian","floor":22.0,"turns":3.0},{"damage":23,"enemies":"Slavers","floor":23,"turns":7},{"damage":0,"enemies":"Gremlin Leader","floor":25,"turns":2},{"damage":10,"enemies":"Book of Stabbing","floor":28,"turns":3},{"damage":9,"enemies":"Shelled Parasite and Fungi","floor":29,"turns":2},{"damage":1,"enemies":"Gremlin Leader","floor":30,"turns":2},{"damage":0,"enemies":"Cultist and Chosen","floor":31,"turns":2},{"damage":10,"enemies":"Champ","floor":33,"turns":3},{"damage":0,"enemies":"3 Darklings","floor":35,"turns":3},{"damage":9,"enemies":"Orb Walker","floor":37,"turns":3},{"damage":13,"enemies":"4 Shapes","floor":39,"turns":3},{"damage":61,"enemies":"Nemesis","floor":40,"turns":7},{"damage":16,"enemies":"Reptomancer","floor":42,"turns":3},{"damage":36,"enemies":"Nemesis","floor":44,"turns":4}],"seed_played":"-46080298716543971","potions_obtained":[{"floor":8.0,"key":"SkillPotion"},{"floor":10.0,"key":"Weak Potion"},{"floor":16.0,"key":"HeartOfIron"},{"floor":22.0,"key":"ElixirPotion"},{"floor":28,"key":"Dexterity Potion"}],"is_trial":true,"path_per_floor":["M","?","M","?","$","R","E","M","T","E","M","$","R","T","R","B",null,"M","?","E","$","M","E","R","E","T","T","E","M","E","M","R","B",null,"M","?","M","?","M","E","R","E","T","E"],"character_chosen":"IRONCLAD","items_purchased":[],"campfire_rested":1,"item_purchase_floors":[],"current_hp_per_floor":[74,74,75,68,68,68,74,75,75,74,75,75,75,75,75,75,75,75,75,75,75,75,58,58,64,64,64,60,59,66,74,75,71,74,75,75,72,72,67,14,42,34,34,0,0],"gold":490,"neow_bonus":"","is_daily":false,"chose_seed":false,"campfire_upgraded":5,"win_rate":0.0,"timestamp":1612897539,"path_taken":["M","?","M","?","$","R","E","M","T","E","M","$","R","?","R","BOSS","M","?","?","$","?","E","R","E","T","?","E","M","E","M","R","BOSS","M","?","M","?","M","E","R","?","T","?"],"items_purchased_type":[],"build_version":"2020-12-22","purchased_purges":2,"victory":false,"max_hp_per_floor":[75,75,75,75,75,75,75,75,75,75,75,75,75,75,75,75,75,75,75,75,75,75,75,75,75,75,75,75,75,75,75,75,75,75,75,75,75,75,75,75,75,75,75,75,75],"relic_stats":{"Darkstone Periapt":0,"Gremlin Horn":[17,17],"counters":[23,73],"CeramicFish":0,"Eternal Feather":7,"Whetstone":["Wallop"],"Orichalcum":[0],"Boot":[108],"Burning Blood":87,"Blood Vial":15,"Shuriken":[18],"Pantograph":0,"Black Star":2,"obtain_stats":[{"Darkstone Periapt":42,"Gremlin Horn":14,"SacredBark":17,"CeramicFish":40,"Eternal Feather":26,"Omamori":40,"Whetstone":25,"Frozen Egg 2":23,"Orichalcum":27,"Boot":7,"Burning Blood":0,"Akabeko":20,"Blood Vial":28,"Shuriken":30,"Pantograph":42,"Black Star":34,"Toy Ornithopter":10,"Paper Frog":43},{"Darkstone Periapt":22,"Gremlin Horn":6,"SacredBark":7,"CeramicFish":21,"Eternal Feather":12,"Omamori":21,"Whetstone":12,"Frozen Egg 2":11,"Orichalcum":12,"Boot":3,"Burning Blood":0,"Akabeko":9,"Blood Vial":13,"Shuriken":15,"Pantograph":22,"Black Star":17,"Toy Ornithopter":5,"Paper Frog":22},{"Darkstone Periapt":69,"Gremlin Horn":19,"SacredBark":22,"CeramicFish":66,"Eternal Feather":38,"Omamori":66,"Whetstone":38,"Frozen Egg 2":36,"Orichalcum":38,"Boot":8,"Burning Blood":0,"Akabeko":26,"Blood Vial":41,"Shuriken":45,"Pantograph":69,"Black Star":50,"Toy Ornithopter":16,"Paper Frog":69}],"Toy Ornithopter":0},"card_choices":[{"not_picked":["Crippling Poison","Prepared","EmptyFist"],"picked":"SKIP","floor":1.0},{"not_picked":["Coolheaded","Evaluate","Prostrate"],"picked":"SKIP","floor":3.0},{"not_picked":["Crescendo","Chaos","Sucker Punch"],"picked":"SKIP","floor":7.0},{"not_picked":["Twin Strike","BootSequence","Backflip"],"picked":"SKIP","floor":8.0},{"not_picked":["Recycle","ClearTheMind","Ball Lightning"],"picked":"SKIP","floor":10.0},{"not_picked":["Catalyst","Disarm","Perfected Strike"],"picked":"SKIP","floor":11.0},{"not_picked":["Infernal Blade","Evaluate"],"picked":"Body Slam","floor":18.0},{"not_picked":["Reflex","Demon Form"],"picked":"Barricade","floor":20.0},{"not_picked":["Backflip+1","Havoc","Collect"],"picked":"SKIP","floor":22.0},{"not_picked":["Cleave+1","Sentinel","Steam"],"picked":"SKIP","floor":23},{"not_picked":["Underhanded Strike","SashWhip"],"picked":"Berserk+1","floor":25},{"not_picked":["Nirvana+1","Unload","Wallop"],"picked":"SKIP","floor":28},{"not_picked":["SandsOfTime+1","PathToVictory","Dropkick"],"picked":"SKIP","floor":29},{"not_picked":["WaveOfTheHand","Recycle","Ball Lightning+1"],"picked":"SKIP","floor":30},{"not_picked":["Static Discharge+1","Acrobatics","Infinite Blades+1"],"picked":"SKIP","floor":31},{"not_picked":["Blasphemy","Barricade+1"],"picked":"After Image+1","floor":33},{"not_picked":["Hello World+1","Hologram+1","Noxious Fumes+1"],"picked":"SKIP","floor":35},{"not_picked":["Defragment+1","Uppercut","Footwork+1"],"picked":"SKIP","floor":37},{"not_picked":["ClearTheMind","Weave+1","Static Discharge+1"],"picked":"SKIP","floor":39},{"not_picked":["Predator","Armaments","Battle Trance"],"picked":"SKIP","floor":40},{"not_picked":["Setup","Infinite Blades+1","Echo Form+1"],"picked":"SKIP","floor":42}],"player_experience":1907336,"relics_obtained":[{"floor":7.0,"key":"Boot"},{"floor":10.0,"key":"Toy Ornithopter"},{"floor":14.0,"key":"Gremlin Horn"},{"floor":20.0,"key":"Akabeko"},{"floor":23,"key":"Frozen Egg 2"},{"floor":25,"key":"Whetstone"},{"floor":26,"key":"Eternal Feather"},{"floor":27,"key":"Orichalcum"},{"floor":28,"key":"Blood Vial"},{"floor":30,"key":"Shuriken"},{"floor":40,"key":"Omamori"},{"floor":40,"key":"CeramicFish"},{"floor":42,"key":"Darkstone Periapt"},{"floor":42,"key":"Pantograph"},{"floor":43,"key":"Paper Frog"}],"event_choices":[{"damage_healed":0.0,"max_hp_gain":0.0,"max_hp_loss":0.0,"gold_gain":0.0,"event_name":"Living Wall","player_choice":"Grow","floor":2.0,"gold_loss":0.0,"damage_taken":0.0,"cards_upgraded":["Prostrate"]},{"cards_removed":["Hologram"],"damage_healed":0.0,"max_hp_gain":0.0,"max_hp_loss":0.0,"gold_gain":0.0,"event_name":"Golden Wing","player_choice":"Card Removal","floor":4.0,"gold_loss":0.0,"damage_taken":7.0},{"cards_removed":["Gash"],"damage_healed":5.0,"max_hp_gain":0.0,"max_hp_loss":0.0,"gold_gain":0.0,"event_name":"Bonfire Elementals","player_choice":"Offered Common","floor":19.0,"gold_loss":0.0,"damage_taken":0.0},{"cards_removed":["Gash"],"damage_healed":5.0,"max_hp_gain":0.0,"max_hp_loss":0.0,"gold_gain":0.0,"event_name":"Bonfire Elementals","player_choice":"Offered Special","floor":19.0,"gold_loss":0.0,"damage_taken":0.0},{"damage_healed":0,"gold_gain":0,"player_choice":"Ignored","damage_taken":0,"max_hp_gain":0,"max_hp_loss":0,"event_name":"Tomb of Lord Red Mask","floor":36,"gold_loss":0},{"damage_healed":0,"gold_gain":0,"player_choice":"Bought 1 Potion","damage_taken":0,"max_hp_gain":0,"max_hp_loss":0,"event_name":"The Woman in Blue","floor":38,"gold_loss":0}],"is_beta":false,"boss_relics":[{"not_picked":["Snecko Eye","Velvet Choker"],"picked":"SacredBark"},{"not_picked":["Calling Bell","Sozu"],"picked":"Black Star"}],"items_purged_floors":[5,12],"is_endless":false,"potions_floor_spawned":[8,10,16,22,28,30,33,40,42],"killed_by":"Nemesis","ascension_level":20}}