{"host":"vr9me2kif8p2xyyc","time":1612869686,"event":{"mods":["2.2 Compatiblity","A Magickal Journey","AchievementEnabler","Act Like it!","Arknights","Aspiration","Astrologer","Bard","Bartender","BaseMod","Beaked The Cultist","Better Match","Better Note","Better Skull","Better Third Choice","BetterRewards","Block Reminder","Booster Modes","CapriCore","Challenge The Spire","ChefMod","Clawfect","Colored Map","Colored Powertips","Conjunction","Conspire","Downfall","Elementarium","Energized Spire","Friendly Minions","GifTheSpireLib","Glutton Mod","Halation","Hallownest","Hermit","Hubris","Jorbs\u0027s Wanderer Trilogy","Kratos Character Expansion","Mad Scientist","Marisa????????","Minty Spire (QoL Compilation)","Pale of the Ancients","Permanent Neow","Potionbrewer","QueenMod","Quick Restart","Random Character Button","Rare Cards Sparkle","Relic Stats","Reliquary","Remilia??????","Replay The Spire","Reworked Bosses","Robot Space Explorer","SCP261 Mod","SIMod","Shade Mod","Shop Mod","Slumbering Mod","Spicy Shops","Spikes Relics","Spire Arcade","StSLib","Stuff the Spire","SuperFastMode","Td1madao Mod","The Alterego","The Animator","The Blackbeard","The Bladedancer","The Blue Laboratory","The Bug Knight","The Caster","The Clintock","The Construct","The Cursed","The Death Knight","The Disciple","The Dragon Tamer","The Druid","The Elementalist","The Exalted","The Extravagant","The Fake Hero","The Florist","The Forsaken","The Gatherer","The Hayseed","The Hierophant","The Immortal","The Judge","The Jungle","The Kombatant","The Marked","The Mystic","The Necromancer","The Poker Player","The Problem Sleuth","The Runesmith","The Sage","The Servant 0.9.4","The Spell Scribe","The Valiant","TheBandit","TheFirefly","TheVacant","TheWitcher","Wandering Minibosses","Weighted Paths","Yohane!","thorton"],"gold_per_floor":[114,130,130,145,110,145,145,163,163,163,194,212,242,242,242,339,339,356,356,375,11,22,54,68,68,91,104,18,18,44,56,56,160,160,175,192,208,34,34,34],"floor_reached":39,"language":"ENG","playtime":21808,"items_purged":["Regret","Pain","Regret"],"score":693,"play_id":"31b24d8a-6dc7-48b6-ba63-57ba5b2b9d40","local_time":"20210209052126","is_ascension_mode":false,"campfire_choices":[{"data":"Yohane:Little_Demon_Ruby","floor":15,"key":"SMITH"},{"floor":25,"key":"REST"},{"data":"Bandage Up","floor":29,"key":"SMITH"},{"floor":32,"key":"DIG"}],"circlet_count":0,"master_deck":["Yohane:Strike_Grey","Yohane:Strike_Grey","Yohane:Strike_Grey","Yohane:Strike_Grey","Yohane:Defend_Grey","Yohane:Defend_Grey","Yohane:Defend_Grey","Yohane:Little_Demon_Lily","Yohane:Well_Laid_Ambush","Bandage Up+1","Yohane:Scorn","Yohane:Little_Demon_Ruby+1","Yohane:One_Two","PokerPlayerMod:Club2","PokerPlayerMod:Club3","PokerPlayerMod:Club4","PokerPlayerMod:Club5","PokerPlayerMod:Club6","Yohane:Sloth","Yohane:Mijuku_Dreamer","Yohane:City_Of_Sin","Yohane:Introspection+1","Yohane:Schwarz_Sechs","Yohane:Retaliation","Yohane:Little_Demon_Ruby","Yohane:Little_Demon_Ruby+1","Yohane:One_Two+1","Yohane:Allure_of_Darkness+1","Yohane:Stealth_Mode","Yohane:Schwarz_Sechs+1"],"relics":["Yohane:AngelWings","RollingBoulder","betterThird:SlimedRelic","Replay:Wax Seal","StuffTheSpire:RedRose","Replay:Mystery Machine","reliquary:Boomerang","WarpedTongs","MerchantsRug","hubris:PeanutButter","aspiration:Lifesprig","Strange Spoon","Unceasing Top","conspire:Flyswatter","hubris:RunicObelisk","StuffTheSpire:PointBlank"],"acts_visited":["Exordium","TheCity","TheBeyond"],"potions_floor_usage":[8,12,16,27,33],"damage_taken":[{"damage":2,"enemies":"ats:Genji","floor":1,"turns":3},{"damage":0,"enemies":"theSlumbering:NewCultist","floor":2,"turns":4},{"damage":0,"enemies":"Jaw Worm","floor":4,"turns":4},{"damage":9,"enemies":"3 Sentries","floor":6,"turns":6},{"damage":2,"enemies":"Gremlin Gang","floor":8,"turns":5},{"damage":8,"enemies":"Replay:BlueRogue","floor":11,"turns":5},{"damage":3,"enemies":"theSlumbering:NewSlaver","floor":12,"turns":5},{"damage":27,"enemies":"3 Sentries","floor":13,"turns":6},{"damage":2,"enemies":"The Guardian","floor":16,"turns":9},{"damage":30,"enemies":"conspire:FuzzyDice","floor":18,"turns":6},{"damage":0,"enemies":"Spheric Guardian","floor":20,"turns":6},{"damage":33,"enemies":"3 Cultists","floor":22,"turns":6},{"damage":29,"enemies":"Slavers","floor":23,"turns":5},{"damage":31,"enemies":"Snake Plant","floor":24,"turns":6},{"damage":0,"enemies":"Snecko","floor":27,"turns":4},{"damage":0,"enemies":"Book of Stabbing","floor":30,"turns":5},{"damage":0,"enemies":"Dream Cultist and Chosen","floor":31,"turns":6},{"damage":0,"enemies":"bossMod:newCollector","floor":33,"turns":8},{"damage":49,"enemies":"3 Darklings","floor":35,"turns":8},{"damage":3,"enemies":"3 Shapes","floor":36,"turns":3},{"damage":6,"enemies":"Sphere and 2 Shapes","floor":37,"turns":5},{"damage":66,"enemies":"Transient","floor":39,"turns":5}],"seed_played":"-5840452179889351393","potions_obtained":[{"floor":1,"key":"Block Potion"},{"floor":4,"key":"Elixir"},{"floor":8,"key":"DistilledChaos"},{"floor":13,"key":"blueLaboratory:ArtificerPotion"},{"floor":16,"key":"potionbrewer:NoxiousPotion"},{"floor":18,"key":"potionbrewer:ToxicPotion"},{"floor":23,"key":"Venom Potion"},{"floor":24,"key":"Block Potion"},{"floor":27,"key":"SteroidPotion"},{"floor":31,"key":"BlessingOfTheForge"},{"floor":35,"key":"SCP261:DietGhostPotion"},{"floor":37,"key":"blueLaboratory:AbyssPotion"}],"is_trial":false,"path_per_floor":["M","M","?","M","?","E","?","M","T","?","E","M","E","?","R","B",null,"M","?","M","$","M","E","M","R","T","M","$","R","E","M","R_BF","B",null,"M","M","M","$","M"],"character_chosen":"FallenAngel","items_purchased":["RollingBoulder","Bandage Up","Replay:Baseball","MerchantsRug","halation:LostSnail","Strange Spoon","StuffTheSpire:PointBlank"],"campfire_rested":1,"item_purchase_floors":[0,0,21,21,21,28,38],"current_hp_per_floor":[60,60,53,57,46,41,41,43,43,43,39,40,27,27,27,39,60,44,44,50,50,33,18,1,19,19,23,23,23,33,39,39,55,60,11,14,24,24,0,0],"gold":34,"neow_bonus":"","is_daily":false,"chose_seed":false,"campfire_upgraded":2,"win_rate":0.0,"timestamp":1612869686,"path_taken":["M","M","?","M","?","E","?","M","T","?","E","M","E","?","R","BOSS","M","?","?","$","M","E","M","R","T","?","$","R","E","M","R_BF","BOSS","M","M","M","$","M"],"items_purchased_type":["Relic","Card","Relic","Relic","Relic","Relic","Relic"],"build_version":"2020-12-22","purchased_purges":3,"victory":false,"max_hp_per_floor":[60,60,60,60,60,60,60,60,60,60,60,60,60,60,60,60,60,60,60,60,60,60,60,60,60,60,60,60,60,60,60,60,60,60,60,60,60,60,60,60],"relic_stats":{"Strange Spoon":[12],"counters":[193,1012],"obtain_stats":[{"Conjunction:SoulLantern":46,"Whetstone":40,"Old Coin":38,"theForsaken:HumbleEgg":0,"Replay:Ringing Soul":29,"Archangels Feather":17,"MealTicket":24,"HollowMod:PaleOreRelic":20,"Replay:Wax Seal":3,"MerchantsRug":30,"theMarked:DemonDagger":9,"Runesmith:BrokenRuby":13,"Sneakers":0,"thethorton:BottledFunds":17,"aspiration:FrozenJewel":3,"Akabeko":12,"potionbrewer:Torch":12,"SlaversCollar":17,"sagemod:Creepy_Carousel":6,"Bromod:ArcaneEnergize":17,"theSlumbering:EnchantedHammer":17,"thethorton:CrushedCigarette":34,"Abe\u0027s Treasure":17,"Unceasing Top":30,"conspire:Flyswatter":32,"Regal Pillow":20,"aspiration:Lifesprig":26,"Torii":0,"reliquary:Aerogel":42,"halation:TrafficLight":0,"StuffTheSpire:GrapeVine":40,"sagemod:Blowpipe":6,"sagemod:The_Guidebook_Guide":48,"Ancient Tea Set":37,"Pet Ghost":9,"Replay:Rubber Ducky":13,"StuffTheSpire:OccultApparatus":22,"Bromod:ArcaneAwakening":25,"reliquary:TridentHead":11,"Matryoshka":26,"halation:Toothbrush":7,"StuffTheSpire:RedRose":14,"Replay:Bottled Eggs":9,"aspiration:FutureDiary":17,"hubris:GlazedTorus":47,"Golden Idol":3,"theSlumbering:SlimeShield":28,"Omamori":42,"hubris:Towel":7,"Frozen Egg 2":43,"halation:SelfBoilingWater":17,"Bromod:ArcaneMomentum":48,"theMarked:ArtifactOfAir":13,"halation:SwordOfLegend":9,"betterThird:SlimedRelic":5,"SpikesRelics:DaevaFist":38,"Garlic":10,"Runesmith:AutoHammer":50,"halation:LostSnail":21,"halation:PinkSoulGem":3,"Toy Ornithopter":9,"reliquary:FeatherDuster":26,"hermit:ClaspedLocket":34,"conspire:RoyalGoblet":34,"Gremlin Horn":32,"sagemod:Falmels_Amulet":4,"CeramicFish":10,"potionbrewer:AlchemistFlask":19,"conspire:SeveredTorchhead":17,"halation:PrussianBluePaint":9,"Strawberry":42,"Honey Jar":17,"halation:KoshaPiece":26,"Happy Flower":23,"wanderingMiniBosses:ThiefScarf":46,"aspiration:Nostalgia":0,"ReplayTheSpireMod:CursedCoin":13,"conspire:SlowCooker":17,"reliquary:TatteredRug":7,"BlackRope":0,"Bromod:ArcaneConsequence":10,"WarpedTongs":5,"Bottled Flame":26,"Replay:Baseball":21,"aspiration:EmptySkull":9,"ReplayTheSpireMod:Shallot":26,"Simple Rune":17,"Onion Ring":14,"Molten Egg 2":14,"hubris:PeanutButter":23,"Black Star":34,"StuffTheSpire:PointBlank":38,"hermit:Momento":0,"NlothsMask":21,"Meat on the Bone":0,"ReplayFunnel":11,"SnailShell":47,"halation:PapillonHeart":41,"reliquary:Boomerang":14,"BrokenLever":43,"theForsaken:Lifeblossom":0,"halation:WeightlessCrab":50,"Incense Burner":7,"Juzu Bracelet":9,"Yohane:AngelWings":28,"Replay:Mystery Machine":43,"hubris:RunicObelisk":34,"StuffTheSpire:Experiment12":36,"Winged Necklace":46,"Replay:Bandana":10,"Dream Catcher":10,"reliquary:HotPoker":24,"theForsaken:Kindling":25,"MiniBlackHole":14,"elementalistmod:YellowCirclet":4,"RollingBoulder":0,"astrologer:SkyMirror":0,"halation:LettersToHer":4,"KratosMod:chalice":4,"HollowMod:LifeEnderRelic":21,"Guide Book":42,"halation:IllGainedPizza":21,"Replay:WaspNest":8,"Orichalcum":9,"Calling Bell":17,"Strange Spoon":0,"CaptainsWheel":2,"wanderingMiniBosses:CarrionFlame":31,"halation:EternalFortune":39,"Snack Pack":9,"Bag of Marbles":5,"Membership Card":4,"reliquary:PurpleTingedLeaf":9,"TungstenRod":6,"Huge Egg":26,"ReplayTheSpireMod:ShopPack":28},{"Conjunction:SoulLantern":41,"Whetstone":60,"Old Coin":36,"theForsaken:HumbleEgg":88,"Replay:Ringing Soul":128,"Archangels Feather":95,"MealTicket":159,"HollowMod:PaleOreRelic":115,"Replay:Wax Seal":78,"MerchantsRug":14,"theMarked:DemonDagger":134,"Runesmith:BrokenRuby":152,"Sneakers":0,"thethorton:BottledFunds":154,"aspiration:FrozenJewel":108,"Akabeko":146,"potionbrewer:Torch":83,"SlaversCollar":49,"sagemod:Creepy_Carousel":110,"Bromod:ArcaneEnergize":114,"theSlumbering:EnchantedHammer":85,"thethorton:CrushedCigarette":56,"Abe\u0027s Treasure":9,"Unceasing Top":187,"conspire:Flyswatter":188,"Regal Pillow":126,"aspiration:Lifesprig":185,"Torii":65,"reliquary:Aerogel":167,"halation:TrafficLight":18,"StuffTheSpire:GrapeVine":166,"sagemod:Blowpipe":21,"sagemod:The_Guidebook_Guide":41,"Ancient Tea Set":164,"Pet Ghost":151,"Replay:Rubber Ducky":152,"StuffTheSpire:OccultApparatus":126,"Bromod:ArcaneAwakening":159,"reliquary:TridentHead":122,"Matryoshka":128,"halation:Toothbrush":102,"StuffTheSpire:RedRose":48,"Replay:Bottled Eggs":121,"aspiration:FutureDiary":180,"hubris:GlazedTorus":169,"Golden Idol":44,"theSlumbering:SlimeShield":14,"Omamori":167,"hubris:Towel":21,"Frozen Egg 2":61,"halation:SelfBoilingWater":95,"Bromod:ArcaneMomentum":41,"theMarked:ArtifactOfAir":122,"halation:SwordOfLegend":80,"betterThird:SlimedRelic":174,"SpikesRelics:DaevaFist":59,"Garlic":93,"Runesmith:AutoHammer":42,"halation:LostSnail":182,"halation:PinkSoulGem":2,"Toy Ornithopter":47,"reliquary:FeatherDuster":159,"hermit:ClaspedLocket":16,"conspire:RoyalGoblet":33,"Gremlin Horn":55,"sagemod:Falmels_Amulet":150,"CeramicFish":5,"potionbrewer:AlchemistFlask":27,"conspire:SeveredTorchhead":124,"halation:PrussianBluePaint":144,"Strawberry":39,"Honey Jar":26,"halation:KoshaPiece":30,"Happy Flower":29,"wanderingMiniBosses:ThiefScarf":41,"aspiration:Nostalgia":0,"ReplayTheSpireMod:CursedCoin":48,"conspire:SlowCooker":73,"reliquary:TatteredRug":133,"BlackRope":148,"Bromod:ArcaneConsequence":22,"WarpedTongs":101,"Bottled Flame":98,"Replay:Baseball":182,"aspiration:EmptySkull":5,"ReplayTheSpireMod:Shallot":53,"Simple Rune":95,"Onion Ring":106,"Molten Egg 2":147,"hubris:PeanutButter":184,"Black Star":162,"StuffTheSpire:PointBlank":192,"hermit:Momento":0,"NlothsMask":27,"Meat on the Bone":76,"ReplayFunnel":104,"SnailShell":41,"halation:PapillonHeart":166,"reliquary:Boomerang":179,"BrokenLever":39,"theForsaken:Lifeblossom":130,"halation:WeightlessCrab":42,"Incense Burner":91,"Juzu Bracelet":92,"Yohane:AngelWings":186,"Replay:Mystery Machine":167,"hubris:RunicObelisk":189,"StuffTheSpire:Experiment12":164,"Winged Necklace":41,"Replay:Bandana":70,"Dream Catcher":81,"reliquary:HotPoker":98,"theForsaken:Kindling":30,"MiniBlackHole":8,"elementalistmod:YellowCirclet":20,"RollingBoulder":171,"astrologer:SkyMirror":0,"halation:LettersToHer":101,"KratosMod:chalice":150,"HollowMod:LifeEnderRelic":115,"Guide Book":61,"halation:IllGainedPizza":115,"Replay:WaspNest":47,"Orichalcum":69,"Calling Bell":95,"Strange Spoon":65,"CaptainsWheel":120,"wanderingMiniBosses:CarrionFlame":161,"halation:EternalFortune":59,"Snack Pack":21,"Bag of Marbles":132,"Membership Card":67,"reliquary:PurpleTingedLeaf":111,"TungstenRod":151,"Huge Egg":12,"ReplayTheSpireMod:ShopPack":30},{"Conjunction:SoulLantern":257,"Whetstone":357,"Old Coin":213,"theForsaken:HumbleEgg":508,"Replay:Ringing Soul":709,"Archangels Feather":552,"MealTicket":839,"HollowMod:PaleOreRelic":645,"Replay:Wax Seal":442,"MerchantsRug":72,"theMarked:DemonDagger":732,"Runesmith:BrokenRuby":810,"Sneakers":0,"thethorton:BottledFunds":820,"aspiration:FrozenJewel":612,"Akabeko":786,"potionbrewer:Torch":476,"SlaversCollar":295,"sagemod:Creepy_Carousel":622,"Bromod:ArcaneEnergize":640,"theSlumbering:EnchantedHammer":493,"thethorton:CrushedCigarette":342,"Abe\u0027s Treasure":38,"Unceasing Top":977,"conspire:Flyswatter":983,"Regal Pillow":702,"aspiration:Lifesprig":968,"Torii":383,"reliquary:Aerogel":871,"halation:TrafficLight":109,"StuffTheSpire:GrapeVine":867,"sagemod:Blowpipe":117,"sagemod:The_Guidebook_Guide":257,"Ancient Tea Set":863,"Pet Ghost":808,"Replay:Rubber Ducky":810,"StuffTheSpire:OccultApparatus":702,"Bromod:ArcaneAwakening":839,"reliquary:TridentHead":674,"Matryoshka":709,"halation:Toothbrush":587,"StuffTheSpire:RedRose":289,"Replay:Bottled Eggs":670,"aspiration:FutureDiary":939,"hubris:GlazedTorus":879,"Golden Idol":274,"theSlumbering:SlimeShield":72,"Omamori":871,"hubris:Towel":117,"Frozen Egg 2":363,"halation:SelfBoilingWater":552,"Bromod:ArcaneMomentum":257,"theMarked:ArtifactOfAir":674,"halation:SwordOfLegend":452,"betterThird:SlimedRelic":903,"SpikesRelics:DaevaFist":352,"Garlic":535,"Runesmith:AutoHammer":263,"halation:LostSnail":951,"halation:PinkSoulGem":7,"Toy Ornithopter":285,"reliquary:FeatherDuster":839,"hermit:ClaspedLocket":98,"conspire:RoyalGoblet":194,"Gremlin Horn":335,"sagemod:Falmels_Amulet":803,"CeramicFish":16,"potionbrewer:AlchemistFlask":145,"conspire:SeveredTorchhead":692,"halation:PrussianBluePaint":778,"Strawberry":240,"Honey Jar":143,"halation:KoshaPiece":166,"Happy Flower":158,"wanderingMiniBosses:ThiefScarf":257,"aspiration:Nostalgia":0,"ReplayTheSpireMod:CursedCoin":289,"conspire:SlowCooker":422,"reliquary:TatteredRug":730,"BlackRope":794,"Bromod:ArcaneConsequence":124,"WarpedTongs":580,"Bottled Flame":571,"Replay:Baseball":951,"aspiration:EmptySkull":16,"ReplayTheSpireMod:Shallot":325,"Simple Rune":552,"Onion Ring":604,"Molten Egg 2":789,"hubris:PeanutButter":962,"Black Star":854,"StuffTheSpire:PointBlank":1007,"hermit:Momento":0,"NlothsMask":145,"Meat on the Bone":435,"ReplayFunnel":598,"SnailShell":257,"halation:PapillonHeart":867,"reliquary:Boomerang":930,"BrokenLever":240,"theForsaken:Lifeblossom":720,"halation:WeightlessCrab":263,"Incense Burner":517,"Juzu Bracelet":523,"Yohane:AngelWings":972,"Replay:Mystery Machine":871,"hubris:RunicObelisk":991,"StuffTheSpire:Experiment12":863,"Winged Necklace":257,"Replay:Bandana":402,"Dream Catcher":458,"reliquary:HotPoker":571,"theForsaken:Kindling":166,"MiniBlackHole":27,"elementalistmod:YellowCirclet":113,"RollingBoulder":892,"astrologer:SkyMirror":0,"halation:LettersToHer":580,"KratosMod:chalice":803,"HollowMod:LifeEnderRelic":645,"Guide Book":363,"halation:IllGainedPizza":645,"Replay:WaspNest":285,"Orichalcum":396,"Calling Bell":552,"Strange Spoon":383,"CaptainsWheel":668,"wanderingMiniBosses:CarrionFlame":846,"halation:EternalFortune":352,"Snack Pack":117,"Bag of Marbles":726,"Membership Card":388,"reliquary:PurpleTingedLeaf":625,"TungstenRod":808,"Huge Egg":57,"ReplayTheSpireMod:ShopPack":166}],"Unceasing Top":[22],"WarpedTongs":[67]},"card_choices":[{"not_picked":["Yohane:Academic_Prowess","Yohane:Inspiration"],"picked":"Yohane:Scorn","floor":1},{"not_picked":["Yohane:Misfortune","Yohane:Ice_Cream_Assault"],"picked":"Yohane:Little_Demon_Ruby","floor":2},{"not_picked":["Yohane:Inspiration","Yohane:Miracle_Wave","Yohane:Hell_Zone"],"picked":"SKIP","floor":4},{"not_picked":["Yohane:Dark_Rest","Yohane:Inspiration","Yohane:Hell_Zone"],"picked":"SKIP","floor":6},{"not_picked":["Yohane:Envious","Yohane:Grace_Under_Fire"],"picked":"Yohane:One_Two","floor":8},{"not_picked":["Yohane:Gluttony","Yohane:Ice_Cream_Assault","Yohane:Impressive_Display"],"picked":"SKIP","floor":11},{"not_picked":["Yohane:Blazing","Yohane:Energy_Change"],"picked":"Yohane:Sloth","floor":12},{"not_picked":["Yohane:Backfoot","Yohane:Introspection"],"picked":"Yohane:Mijuku_Dreamer","floor":13},{"not_picked":["Yohane:Snow_Halation","Yohane:Take_Flight"],"picked":"Yohane:City_Of_Sin","floor":16},{"not_picked":["Yohane:Blazing","Yohane:Guilty_Kiss"],"picked":"Yohane:Introspection+1","floor":18},{"not_picked":["Yohane:My_Mai_Tonight","Yohane:Reckless_Greed"],"picked":"Yohane:Schwarz_Sechs","floor":20},{"not_picked":["Yohane:Energy_Change+1","Yohane:Dark_Shield"],"picked":"Yohane:Retaliation","floor":22},{"not_picked":["Yohane:Dark_Rest","Yohane:Backfoot+1"],"picked":"Yohane:Little_Demon_Ruby","floor":23},{"not_picked":["Yohane:Livestream_Donation","Yohane:Kowareyasuki"],"picked":"Yohane:Little_Demon_Ruby+1","floor":24},{"not_picked":["Yohane:Energy_Change+1","Yohane:Miracle_Wave+1"],"picked":"Yohane:One_Two+1","floor":27},{"not_picked":["Yohane:Reckless_Greed+1","Yohane:Academic_Prowess","Yohane:Impressive_Display+1"],"picked":"SKIP","floor":30},{"not_picked":["Yohane:Academic_Prowess+1","Yohane:Lailapse"],"picked":"Yohane:Allure_of_Darkness+1","floor":31},{"not_picked":["Yohane:Awaken_The_Power","Yohane:Shadow_Gate"],"picked":"Yohane:Stealth_Mode","floor":33},{"not_picked":["Yohane:Soul_Peek","Yohane:Lailapse+1","Yohane:Lust"],"picked":"SKIP","floor":35},{"not_picked":["Yohane:Debut+1","Yohane:Livestream_Donation+1","Yohane:One_Two"],"picked":"SKIP","floor":36},{"not_picked":["Yohane:Excitement","Yohane:Impressive_Display"],"picked":"Yohane:Schwarz_Sechs+1","floor":37}],"player_experience":1239500,"relics_obtained":[{"floor":6,"key":"Replay:Wax Seal"},{"floor":9,"key":"Replay:Mystery Machine"},{"floor":11,"key":"Bag of Marbles"},{"floor":13,"key":"reliquary:TatteredRug"},{"floor":23,"key":"hubris:PeanutButter"},{"floor":26,"key":"aspiration:Lifesprig"},{"floor":30,"key":"Unceasing Top"},{"floor":32,"key":"conspire:Flyswatter"}],"event_choices":[{"cards_removed":["Yohane:Defend_Grey"],"damage_healed":0,"gold_gain":0,"player_choice":"Card Removal","damage_taken":7,"max_hp_gain":0,"max_hp_loss":0,"event_name":"Golden Wing","floor":3,"gold_loss":0},{"damage_healed":0,"gold_gain":0,"player_choice":"Slimed","damage_taken":11,"max_hp_gain":0,"max_hp_loss":0,"event_name":"betterThird:BetterGoop","floor":5,"gold_loss":35},{"damage_healed":0,"gold_gain":0,"player_choice":"Jackpot","damage_taken":0,"max_hp_gain":0,"max_hp_loss":0,"event_name":"PokerPlayerMod:ExordiumClub","floor":10,"gold_loss":0,"cards_obtained":["PokerPlayerMod:Club2","PokerPlayerMod:Club3","PokerPlayerMod:Club4","PokerPlayerMod:Club5","PokerPlayerMod:Club6"]},{"damage_healed":0,"gold_gain":0,"player_choice":"Jackpot","damage_taken":0,"max_hp_gain":0,"max_hp_loss":0,"event_name":"PokerPlayerMod:ExordiumClub","floor":10,"gold_loss":0,"cards_obtained":["PokerPlayerMod:Club2","PokerPlayerMod:Club3","PokerPlayerMod:Club4","PokerPlayerMod:Club5","PokerPlayerMod:Club6"]},{"damage_healed":0,"gold_gain":0,"player_choice":"Jackpot","damage_taken":0,"max_hp_gain":0,"max_hp_loss":0,"event_name":"PokerPlayerMod:ExordiumClub","floor":10,"gold_loss":0,"cards_obtained":["PokerPlayerMod:Club2","PokerPlayerMod:Club3","PokerPlayerMod:Club4","PokerPlayerMod:Club5","PokerPlayerMod:Club6"]},{"damage_healed":0,"gold_gain":0,"player_choice":"Jackpot","damage_taken":0,"max_hp_gain":0,"max_hp_loss":0,"event_name":"PokerPlayerMod:ExordiumClub","floor":10,"gold_loss":0,"cards_obtained":["PokerPlayerMod:Club2","PokerPlayerMod:Club3","PokerPlayerMod:Club4","PokerPlayerMod:Club5","PokerPlayerMod:Club6"]},{"damage_healed":0,"gold_gain":0,"player_choice":"Jackpot","damage_taken":0,"max_hp_gain":0,"max_hp_loss":0,"event_name":"PokerPlayerMod:ExordiumClub","floor":10,"gold_loss":0,"cards_obtained":["PokerPlayerMod:Club2","PokerPlayerMod:Club3","PokerPlayerMod:Club4","PokerPlayerMod:Club5","PokerPlayerMod:Club6"]},{"damage_healed":0,"gold_gain":0,"player_choice":"Box","damage_taken":0,"relics_obtained":["reliquary:Boomerang"],"max_hp_gain":0,"max_hp_loss":0,"event_name":"Big Fish","floor":14,"gold_loss":0,"cards_obtained":["Regret"]},{"damage_healed":0,"gold_gain":0,"player_choice":"Rummage","damage_taken":0,"relics_obtained":["WarpedTongs"],"max_hp_gain":0,"max_hp_loss":0,"event_name":"Accursed Blacksmith","floor":19,"gold_loss":0,"cards_obtained":["Pain"]}],"is_beta":false,"boss_relics":[{"not_picked":["reliquary:WritOfMandamus","conspire:RunicOctahedron"],"picked":"aspiration:FutureDiary"},{"not_picked":["ReplayTheSpireMod:DimensionalGlitch","Astrolabe"],"picked":"hubris:RunicObelisk"}],"items_purged_floors":[21,28,38],"is_endless":false,"potions_floor_spawned":[1,4,8,13,16,18,23,24,27,31,35,37],"killed_by":"Transient","ascension_level":0}}