{"host":"8by3m8mve9y2rhh4","time":1612849600,"event":{"mods":["BaseMod","Minty Spire (QoL Compilation)","Quick Restart"],"gold_per_floor":[110,124,49,63,82,82,109,109,109,125,154,154,166,195,195,292,292,306,74,90,102,117,152,165,165,190,222,321,353,368,113,113,212,212,223,235,245,27,47,72,72,105,105,30,30,30,45,80,80,80,80,80,6,36,36,36],"floor_reached":55,"language":"ENG","playtime":2457,"items_purged":["Strike_R","Decay","Strike_R","Pain"],"score":881,"play_id":"659899a7-d84a-4d56-8875-578b6147a620","local_time":"20210209054640","is_ascension_mode":true,"campfire_choices":[{"data":"Armaments","floor":6,"key":"SMITH"},{"data":"Demon Form","floor":8,"key":"SMITH"},{"floor":12,"key":"REST"},{"floor":15,"key":"RECALL"},{"floor":32,"key":"REST"},{"floor":41,"key":"REST"},{"data":"Seeing Red","floor":45,"key":"SMITH"},{"data":"Limit Break","floor":49,"key":"SMITH"},{"data":"Limit Break","floor":52,"key":"SMITH"}],"circlet_count":0,"master_deck":["Strike_R","Defend_R","Defend_R","Defend_R","Defend_R","Bash","Cleave","Armaments+1","Shrug It Off","Iron Wave","Demon Form+1","Battle Trance","Cleave","Demon Form","Thunderclap+1","Seeing Red+1","Inflame+1","Rage","Iron Wave+1","Rage+1","Feel No Pain","Shrug It Off","Limit Break+1","Limit Break+1","Sword Boomerang+1","Disarm+1","Parasite","Iron Wave+1"],"relics":["Burning Blood","Art of War","Vajra","Shuriken","Prayer Wheel","Cursed Key","Nunchaku","Mercury Hourglass","Centennial Puzzle","Oddly Smooth Stone","Calipers","MealTicket","DollysMirror","Empty Cage","Membership Card","Pantograph","Singing Bowl","Happy Flower","Bottled Tornado","Charon\u0027s Ashes"],"acts_visited":["Exordium","TheCity","TheBeyond","TheEnding"],"potions_floor_usage":[7,11,11,11,21,21,23,27,39,42,47,48,54,54,54,55,55,55],"damage_taken":[{"damage":1,"enemies":"Cultist","floor":1,"turns":3},{"damage":1,"enemies":"Jaw Worm","floor":2,"turns":3},{"damage":0,"enemies":"2 Louse","floor":4,"turns":2},{"damage":21,"enemies":"Exordium Wildlife","floor":5,"turns":5},{"damage":0,"enemies":"3 Sentries","floor":7,"turns":3},{"damage":1,"enemies":"Red Slaver","floor":10,"turns":3},{"damage":13,"enemies":"Lagavulin","floor":11,"turns":3},{"damage":2,"enemies":"Looter","floor":13,"turns":3},{"damage":21,"enemies":"3 Sentries","floor":14,"turns":5},{"damage":32,"enemies":"Hexaghost","floor":16,"turns":8},{"damage":7,"enemies":"Shell Parasite","floor":18,"turns":5},{"damage":15,"enemies":"Chosen","floor":20,"turns":4},{"damage":18,"enemies":"Centurion and Healer","floor":21,"turns":4},{"damage":17,"enemies":"Snecko","floor":22,"turns":5},{"damage":15,"enemies":"Book of Stabbing","floor":23,"turns":5},{"damage":19,"enemies":"Shelled Parasite and Fungi","floor":24,"turns":3},{"damage":16,"enemies":"Slavers","floor":27,"turns":4},{"damage":1,"enemies":"Gremlin Leader","floor":29,"turns":5},{"damage":0,"enemies":"Centurion and Healer","floor":30,"turns":3},{"damage":34,"enemies":"Champ","floor":33,"turns":6},{"damage":17,"enemies":"Orb Walker","floor":35,"turns":4},{"damage":18,"enemies":"3 Darklings","floor":36,"turns":6},{"damage":13,"enemies":"4 Shapes","floor":37,"turns":4},{"damage":6,"enemies":"Writhing Mass","floor":39,"turns":6},{"damage":37,"enemies":"Nemesis","floor":40,"turns":5},{"damage":13,"enemies":"Reptomancer","floor":42,"turns":4},{"damage":0,"enemies":"Transient","floor":47,"turns":5},{"damage":7,"enemies":"Giant Head","floor":48,"turns":6},{"damage":42,"enemies":"Time Eater","floor":50,"turns":8},{"damage":39,"enemies":"Shield and Spear","floor":54,"turns":6},{"damage":85,"enemies":"The Heart","floor":55,"turns":6}],"seed_played":"-5199834628318948716","potions_obtained":[{"floor":1,"key":"DuplicationPotion"},{"floor":5,"key":"AttackPotion"},{"floor":7,"key":"Strength Potion"},{"floor":10,"key":"SteroidPotion"},{"floor":16,"key":"GamblersBrew"},{"floor":20,"key":"Regen Potion"},{"floor":22,"key":"Swift Potion"},{"floor":24,"key":"EssenceOfSteel"},{"floor":33,"key":"ColorlessPotion"},{"floor":40,"key":"SkillPotion"},{"floor":42,"key":"Strength Potion"},{"floor":47,"key":"DistilledChaos"},{"floor":48,"key":"SpeedPotion"},{"floor":54,"key":"ColorlessPotion"}],"is_trial":false,"path_per_floor":["M","M","$","M","M","R","E","R","T","M","E","R","M","E","R","B",null,"M","$","M","M","M","E","M","?","T","E","?","E","M","$","R","B",null,"M","M","M","$","M","E","R","E","T","$","R","?","M","E","R","B",null,"R","$","E","B"],"character_chosen":"IRONCLAD","items_purchased":["Spot Weakness","Nunchaku","DollysMirror","Membership Card","EntropicBrew","BlessingOfTheForge"],"campfire_rested":3,"item_purchase_floors":[3,19,31,38,53,53],"current_hp_per_floor":[80,80,80,80,65,65,71,71,71,76,69,80,80,65,65,39,80,79,79,70,70,59,50,37,37,37,27,27,32,38,53,77,49,80,69,57,50,65,65,34,58,53,53,68,68,68,78,79,79,52,88,88,88,57,0,0],"gold":36,"neow_bonus":"RANDOM_COMMON_RELIC","is_daily":false,"chose_seed":false,"campfire_upgraded":5,"win_rate":0.0,"timestamp":1612849600,"path_taken":["M","M","$","M","M","R","E","R","T","M","E","R","M","E","R","BOSS","M","$","M","M","M","E","M","?","T","E","?","E","M","$","R","BOSS","M","M","M","$","M","E","R","E","T","$","R","?","M","E","R","BOSS","R","$","E","BOSS"],"items_purchased_type":["Card","Relic","Relic","Relic","Potion","Potion"],"build_version":"2020-12-22","purchased_purges":4,"victory":false,"max_hp_per_floor":[80,80,80,80,80,80,80,80,80,80,80,80,80,80,80,80,80,80,80,80,80,80,80,80,80,80,80,80,80,80,80,80,80,80,80,80,80,80,80,80,80,82,82,82,82,82,86,88,88,88,88,88,88,90,90,90],"card_choices":[{"not_picked":["Dual Wield","Headbutt"],"picked":"Cleave","floor":1},{"not_picked":["Intimidate","Pommel Strike"],"picked":"Armaments","floor":2},{"not_picked":["Anger","Flex"],"picked":"Shrug It Off","floor":4},{"not_picked":["Carnage","Evolve"],"picked":"Iron Wave","floor":5},{"not_picked":["Clash","Infernal Blade"],"picked":"Demon Form","floor":7},{"not_picked":["Thunderclap","Rampage","Wild Strike"],"picked":"SKIP","floor":10},{"not_picked":["Sentinel","Immolate"],"picked":"Battle Trance","floor":11},{"not_picked":["Pommel Strike","Thunderclap"],"picked":"Cleave","floor":13},{"not_picked":["Havoc","Flame Barrier","Clash"],"picked":"SKIP","floor":14},{"not_picked":["Corruption","Bludgeon"],"picked":"Demon Form","floor":16},{"not_picked":["Flex","Warcry"],"picked":"Thunderclap+1","floor":18},{"not_picked":["Iron Wave","Armaments+1"],"picked":"Seeing Red","floor":18},{"not_picked":["Offering","Cleave+1"],"picked":"Inflame+1","floor":20},{"not_picked":["Entrench","Clash+1"],"picked":"Rage","floor":20},{"not_picked":["Clothesline","Second Wind","Burning Pact+1"],"picked":"SKIP","floor":21},{"not_picked":["Shrug It Off","Wild Strike","Twin Strike"],"picked":"SKIP","floor":21},{"not_picked":["Shrug It Off","Uppercut"],"picked":"Iron Wave+1","floor":22},{"not_picked":["Havoc","Perfected Strike+1","Headbutt+1"],"picked":"SKIP","floor":22},{"not_picked":["Clothesline+1","Rage","Clash"],"picked":"SKIP","floor":23},{"not_picked":["Heavy Blade","Armaments"],"picked":"Rage+1","floor":24},{"not_picked":["Juggernaut","Burning Pact","Havoc"],"picked":"SKIP","floor":24},{"not_picked":["Rupture","Headbutt"],"picked":"Feel No Pain","floor":27},{"not_picked":["Cleave","Clothesline+1","Anger"],"picked":"SKIP","floor":29},{"not_picked":["Warcry","Burning Pact"],"picked":"Shrug It Off","floor":30},{"not_picked":["Limit Break","Pummel+1","Spot Weakness+1"],"picked":"SKIP","floor":30},{"not_picked":["Pummel+1","Spot Weakness+1"],"picked":"Limit Break","floor":30},{"not_picked":["Combust+1","Uppercut"],"picked":"Sword Boomerang+1","floor":35},{"not_picked":["Anger","Hemokinesis+1","Headbutt+1"],"picked":"SKIP","floor":35},{"not_picked":["Twin Strike+1","Power Through+1","Reckless Charge"],"picked":"SKIP","floor":36},{"not_picked":["Havoc","Body Slam","Headbutt"],"picked":"SKIP","floor":36},{"not_picked":["Pommel Strike+1","Dual Wield"],"picked":"Disarm+1","floor":37},{"not_picked":["Ghostly Armor","Perfected Strike","Reckless Charge+1"],"picked":"SKIP","floor":37},{"not_picked":["Power Through+1","True Grit+1"],"picked":"Iron Wave+1","floor":39},{"not_picked":["Inflame","Flex","Armaments+1"],"picked":"SKIP","floor":39},{"not_picked":["Havoc+1","Wild Strike+1","Sentinel+1"],"picked":"SKIP","floor":40},{"not_picked":["Shrug It Off+1","Corruption","Cleave"],"picked":"Singing Bowl","floor":42},{"not_picked":["Body Slam+1","Infernal Blade+1","Pommel Strike+1"],"picked":"Singing Bowl","floor":47},{"not_picked":["Havoc+1","Sentinel+1","Whirlwind"],"picked":"Singing Bowl","floor":47},{"not_picked":["Infernal Blade","Reaper","Inflame+1"],"picked":"Singing Bowl","floor":48},{"not_picked":["Disarm","Armaments+1","Spot Weakness+1"],"picked":"Singing Bowl","floor":54}],"player_experience":770176,"relics_obtained":[{"floor":7,"key":"Vajra"},{"floor":11,"key":"Shuriken"},{"floor":14,"key":"Prayer Wheel"},{"floor":23,"key":"Mercury Hourglass"},{"floor":26,"key":"Oddly Smooth Stone"},{"floor":27,"key":"Calipers"},{"floor":29,"key":"MealTicket"},{"floor":40,"key":"Pantograph"},{"floor":42,"key":"Singing Bowl"},{"floor":43,"key":"Happy Flower"},{"floor":48,"key":"Bottled Tornado"},{"floor":54,"key":"Charon\u0027s Ashes"}],"event_choices":[{"damage_healed":0,"gold_gain":0,"player_choice":"Opened","damage_taken":0,"relics_obtained":["Centennial Puzzle"],"max_hp_gain":0,"max_hp_loss":0,"event_name":"The Mausoleum","floor":25,"gold_loss":0},{"damage_healed":0,"gold_gain":99,"player_choice":"Stole From Cult","damage_taken":0,"max_hp_gain":0,"max_hp_loss":0,"event_name":"Nest","floor":28,"gold_loss":0},{"cards_removed":["Spot Weakness"],"damage_healed":0,"gold_gain":0,"player_choice":"Removed Skill","damage_taken":0,"max_hp_gain":0,"max_hp_loss":0,"event_name":"Falling","floor":46,"gold_loss":0}],"is_beta":false,"boss_relics":[{"not_picked":["SacredBark","Black Blood"],"picked":"Cursed Key"},{"not_picked":["Pandora\u0027s Box","Velvet Choker"],"picked":"Empty Cage"}],"items_purged_floors":[19,31,38,44],"is_endless":false,"potions_floor_spawned":[1,5,7,10,16,20,22,24,33,40,42,47,48,54],"killed_by":"The Heart","ascension_level":1}}