{"host":"sc0o2qwpf9j16a4i","time":1612864355,"event":{"mods":["AchievementEnabler","BaseMod","BetterRewards","Block Reminder","Colored Map","Colored Powertips","Custom Start","Highlight Path","Minty Spire (QoL Compilation)","Relic Stats"],"gold_per_floor":[115,125,137,137,154,154,179,179,179,454,467,479,39,70,70,172,172,182,196,214,214,214,214,234,234,257,287,212,242,242,242],"floor_reached":30,"language":"ENG","playtime":1227,"items_purged":[],"score":505,"play_id":"fd4f0ae2-09b5-4bc4-b685-4744e3cc5b4a","local_time":"20210209115235","daily_mods":["Insanity","ControlledChaos","Terminal"],"is_ascension_mode":false,"campfire_choices":[{"data":"Worship","floor":6,"key":"SMITH"},{"data":"BattleHymn","floor":8,"key":"SMITH"},{"data":"Omniscience","floor":15,"key":"SMITH"},{"data":"Study","floor":23,"key":"SMITH"},{"data":"Fasting2","floor":25,"key":"SMITH"},{"data":"1","floor":30,"key":"LIFT"}],"circlet_count":0,"master_deck":["BowlingBash","LikeWater","EmptyBody","Pray","ThirdEye","CutThroughFate","JustLucky","FlyingSleeves","MentalFortress","Worship+1","Consecrate","MentalFortress","Tantrum","FlurryOfBlows","FearNoEvil","Study","EmptyMind","CarveReality","CutThroughFate","JustLucky","Study","PathToVictory","Indignation","Protect","Wallop","ReachHeaven","CarveReality","Indignation","SandsOfTime","WindmillStrike","Pray","BattleHymn+1","Collect","SashWhip","Meditate","Study+1","SashWhip","JustLucky","Prostrate","FlyingSleeves","Crescendo","Evaluate","EmptyFist","Protect","Meditate","ClearTheMind","MentalFortress","Crescendo","BowlingBash","Meditate","BowlingBash","Evaluate","MentalFortress","Eruption","Omniscience+1","ThirdEye","Meditate","Consecrate","Protect","SashWhip","MasterReality","Sanctity","MentalFortress","Fasting2","Fasting2+1","EmptyBody","Evaluate","ThirdEye"],"relics":["PureWater","Frozen Eye","Bottled Flame","Yang","OrangePellets","Akabeko","Toy Ornithopter","Question Card","VioletLotus","Blood Vial","Girya","Ancient Tea Set"],"acts_visited":["Exordium","TheCity"],"potions_floor_usage":[7,14,16,20,27],"damage_taken":[{"damage":0,"enemies":"Cultist","floor":1,"turns":2},{"damage":0,"enemies":"2 Louse","floor":2,"turns":3},{"damage":0,"enemies":"Jaw Worm","floor":3,"turns":2},{"damage":3,"enemies":"Blue Slaver","floor":5,"turns":4},{"damage":0,"enemies":"Gremlin Nob","floor":7,"turns":3},{"damage":6,"enemies":"Large Slime","floor":11,"turns":2},{"damage":0,"enemies":"2 Fungi Beasts","floor":12,"turns":2},{"damage":0,"enemies":"3 Sentries","floor":14,"turns":4},{"damage":9,"enemies":"The Guardian","floor":16,"turns":8},{"damage":3,"enemies":"2 Thieves","floor":18,"turns":3},{"damage":3,"enemies":"3 Byrds","floor":19,"turns":3},{"damage":5,"enemies":"Shelled Parasite and Fungi","floor":20,"turns":5},{"damage":0,"enemies":"Cultist and Chosen","floor":24,"turns":5},{"damage":37,"enemies":"Slavers","floor":27,"turns":4},{"damage":0,"enemies":"Book of Stabbing","floor":29,"turns":5}],"seed_played":"-5561298110444017867","potions_obtained":[{"floor":2,"key":"SkillPotion"},{"floor":3,"key":"Weak Potion"},{"floor":5,"key":"SkillPotion"},{"floor":7,"key":"Weak Potion"},{"floor":12,"key":"AttackPotion"},{"floor":19,"key":"BlessingOfTheForge"},{"floor":20,"key":"BottledMiracle"},{"floor":27,"key":"GamblersBrew"}],"is_trial":true,"path_per_floor":["M","M","M","?","M","R","E","R","T","?","M","M","$","E","R","B",null,"M","M","M","?","?","R","M","R","T","E","?","E","R"],"character_chosen":"WATCHER","items_purchased":["OrangePellets","Akabeko","Toy Ornithopter"],"campfire_rested":0,"item_purchase_floors":[13,13,13],"current_hp_per_floor":[70,69,68,67,64,64,64,63,62,61,55,55,55,57,56,47,54,51,48,47,47,47,47,47,46,45,8,8,10,10,10],"gold":242,"neow_bonus":"","is_daily":false,"chose_seed":false,"campfire_upgraded":5,"win_rate":0.0,"timestamp":1612864355,"path_taken":["M","M","M","?","?","R","E","R","T","?","M","M","$","E","R","BOSS","M","M","?","?","?","R","M","R","T","E","?","E","R"],"items_purchased_type":["Relic","Relic","Relic"],"build_version":"2020-12-22","purchased_purges":0,"victory":false,"max_hp_per_floor":[70,69,68,67,66,65,64,63,62,61,60,59,58,57,56,55,54,53,52,51,50,49,48,47,46,45,44,43,42,42,42],"relic_stats":{"Blood Vial":2,"OrangePellets":[19],"counters":[15,55],"Yang":[95],"VioletLotus":[10],"Question Card":7,"obtain_stats":[{"Blood Vial":26,"Frozen Eye":0,"OrangePellets":13,"Girya":27,"Bottled Flame":7,"Yang":9,"VioletLotus":17,"PureWater":0,"Question Card":14,"Ancient Tea Set":29,"Akabeko":13,"Toy Ornithopter":13},{"Blood Vial":13,"Frozen Eye":0,"OrangePellets":7,"Girya":14,"Bottled Flame":5,"Yang":5,"VioletLotus":9,"PureWater":0,"Question Card":8,"Ancient Tea Set":15,"Akabeko":7,"Toy Ornithopter":7},{"Blood Vial":46,"Frozen Eye":0,"OrangePellets":18,"Girya":50,"Bottled Flame":14,"Yang":14,"VioletLotus":30,"PureWater":0,"Question Card":22,"Ancient Tea Set":55,"Akabeko":18,"Toy Ornithopter":18}],"Toy Ornithopter":7},"card_choices":[{"not_picked":["InnerPeace","EmptyFist"],"picked":"BowlingBash","floor":1},{"not_picked":["Collect","PathToVictory"],"picked":"Evaluate","floor":2},{"not_picked":["PathToVictory","Evaluate"],"picked":"MentalFortress","floor":3},{"not_picked":["PathToVictory","Halt"],"picked":"ThirdEye","floor":5},{"not_picked":["Halt","ThirdEye"],"picked":"Meditate","floor":7},{"not_picked":["InnerPeace","SpiritShield"],"picked":"Consecrate","floor":11},{"not_picked":["ClearTheMind","Crescendo"],"picked":"Protect","floor":12},{"not_picked":["CutThroughFate","Prostrate"],"picked":"SashWhip","floor":14},{"not_picked":["LessonLearned","Vault","SpiritShield"],"picked":"MasterReality","floor":16},{"not_picked":["PathToVictory+1","BattleHymn","Wireheading"],"picked":"Sanctity","floor":18},{"not_picked":["InnerPeace","Collect","DeceiveReality"],"picked":"MentalFortress","floor":19},{"not_picked":["Sanctity","CrushJoints","FollowUp+1"],"picked":"Fasting2","floor":20},{"not_picked":["Halt+1","Pray","BowlingBash"],"picked":"EmptyBody","floor":24},{"not_picked":["FlyingSleeves","Pray","JustLucky"],"picked":"Evaluate","floor":27},{"not_picked":["EmptyFist","SignatureMove","DevaForm"],"picked":"ThirdEye","floor":29}],"player_experience":1283420,"relics_obtained":[{"floor":7,"key":"Bottled Flame"},{"floor":9,"key":"Yang"},{"floor":14,"key":"Question Card"},{"floor":26,"key":"Blood Vial"},{"floor":27,"key":"Girya"},{"floor":29,"key":"Ancient Tea Set"}],"event_choices":[{"damage_healed":0,"gold_gain":0,"player_choice":"2 cards matched","damage_taken":0,"max_hp_gain":0,"max_hp_loss":0,"event_name":"Match and Keep!","floor":4,"gold_loss":0,"cards_obtained":["Eruption","Omniscience"]},{"damage_healed":0,"gold_gain":275,"player_choice":"Desecrate","damage_taken":0,"max_hp_gain":0,"max_hp_loss":0,"event_name":"Golden Shrine","floor":10,"gold_loss":0,"cards_obtained":["Regret"]},{"damage_healed":0,"gold_gain":0,"player_choice":"Read","damage_taken":0,"max_hp_gain":0,"max_hp_loss":0,"event_name":"The Library","floor":21,"gold_loss":0,"cards_obtained":["Fasting2"]},{"damage_healed":0,"gold_gain":0,"player_choice":"Ignored","damage_taken":0,"max_hp_gain":0,"max_hp_loss":0,"event_name":"Vampires","floor":22,"gold_loss":0},{"cards_removed":["Regret"],"damage_healed":0,"gold_gain":0,"player_choice":"Gave Gold","damage_taken":0,"max_hp_gain":0,"max_hp_loss":0,"event_name":"Beggar","floor":28,"gold_loss":75}],"is_beta":false,"boss_relics":[{"not_picked":["Sozu","Cursed Key"],"picked":"VioletLotus"}],"items_purged_floors":[],"is_endless":false,"potions_floor_spawned":[2,3,5,7,12,19,20,27],"ascension_level":0}}