{"host":"ydg0vn0pu4pubmdt","time":1612894857,"event":{"mods":["AchievementEnabler","BaseMod","Colored Map","Gold Saver","Minty Spire (QoL Compilation)","Quick Restart","SuperFastMode"],"gold_per_floor":[811,823,837,471,484,484,511,511,511,511,543,558,575,320,320,394,394,408,221,254,114,128,128,156,81,131,144,157,182,282,197,197,273,273,289,289,337,249,274,304,304,330,330,330,359,375,394,423,423,423],"floor_reached":51,"language":"KOR","playtime":1731,"items_purged":["Strike_P","Defend_P","Defend_P","EmptyFist","LessonLearned+1"],"score":2240,"play_id":"eec3da3f-a674-42d8-b060-fac2bcba6dde","local_time":"20210210032057","is_ascension_mode":true,"campfire_choices":[{"data":"Eruption","floor":6.0,"key":"SMITH"},{"data":"FlurryOfBlows","floor":8.0,"key":"SMITH"},{"data":"Scrawl","floor":15.0,"key":"SMITH"},{"data":"Vault","floor":23.0,"key":"SMITH"},{"floor":32,"key":"REST"},{"floor":41,"key":"REST"},{"floor":44,"key":"REST"},{"floor":49,"key":"RECALL"}],"circlet_count":0,"master_deck":["AscendersBane","Eruption+1","Vigilance+1","CrushJoints+1","FlurryOfBlows+1","TalkToTheHand+1","Tantrum+1","Scrawl+1","Adaptation+1","Adaptation+1","Vault+1","JustLucky+1","Halt+1","MentalFortress+1","InnerPeace+1","Scrawl+1"],"relics":["PureWater","Membership Card","Centennial Puzzle","Gremlin Horn","The Courier","Mummified Hand","DollysMirror","Toy Ornithopter","Astrolabe","Frozen Egg 2","Red Mask","ClockworkSouvenir","Singing Bowl","Juzu Bracelet","Bag of Preparation","TungstenRod","Matryoshka","MealTicket","Runic Pyramid","Lizard Tail","Torii","Boot","Mercury Hourglass","Eternal Feather","Unceasing Top","Pear","Bag of Marbles"],"acts_visited":["Exordium","TheCity","TheBeyond"],"potions_floor_usage":[],"damage_taken":[{"damage":0.0,"enemies":"Cultist","floor":1.0,"turns":3.0},{"damage":1.0,"enemies":"2 Louse","floor":2.0,"turns":4.0},{"damage":0.0,"enemies":"Small Slimes","floor":3.0,"turns":2.0},{"damage":12.0,"enemies":"3 Louse","floor":5.0,"turns":2.0},{"damage":5.0,"enemies":"Lagavulin","floor":7.0,"turns":4.0},{"damage":0.0,"enemies":"3 Sentries","floor":11.0,"turns":3.0},{"damage":0.0,"enemies":"Red Slaver","floor":12.0,"turns":2.0},{"damage":0.0,"enemies":"Large Slime","floor":13.0,"turns":3.0},{"damage":0.0,"enemies":"Slime Boss","floor":16.0,"turns":3.0},{"damage":0.0,"enemies":"3 Byrds","floor":18.0,"turns":3.0},{"damage":0.0,"enemies":"Masked Bandits","floor":20.0,"turns":2.0},{"damage":0.0,"enemies":"Chosen","floor":22.0,"turns":2.0},{"damage":0.0,"enemies":"Book of Stabbing","floor":24.0,"turns":4.0},{"damage":10.0,"enemies":"Centurion and Healer","floor":27.0,"turns":5.0},{"damage":0.0,"enemies":"Snecko","floor":28.0,"turns":2.0},{"damage":0,"enemies":"Slavers","floor":29,"turns":2},{"damage":0,"enemies":"Colosseum Slavers","floor":30,"turns":2},{"damage":0,"enemies":"Colosseum Nobs","floor":30,"turns":1},{"damage":0,"enemies":"Champ","floor":33,"turns":2},{"damage":0,"enemies":"Orb Walker","floor":35,"turns":2},{"damage":0,"enemies":"2 Orb Walkers","floor":37,"turns":1},{"damage":0,"enemies":"Mind Bloom Boss Battle","floor":39,"turns":2},{"damage":0,"enemies":"Reptomancer","floor":40,"turns":2},{"damage":0,"enemies":"Nemesis","floor":42,"turns":1},{"damage":0,"enemies":"Reptomancer","floor":45,"turns":2},{"damage":0,"enemies":"3 Darklings","floor":46,"turns":1},{"damage":0,"enemies":"Maw","floor":47,"turns":1},{"damage":0,"enemies":"Nemesis","floor":48,"turns":1},{"damage":0,"enemies":"Awakened One","floor":50,"turns":3}],"seed_played":"-8293587166376514380","potions_obtained":[{"floor":1.0,"key":"Dexterity Potion"},{"floor":2.0,"key":"SkillPotion"},{"floor":7.0,"key":"BottledMiracle"},{"floor":20.0,"key":"Swift Potion"},{"floor":24.0,"key":"LiquidBronze"}],"is_trial":false,"path_per_floor":["M","M","M","$","M","R","E","R","T","?","E","M","M","$","R","B",null,"M","$","?","$","M","R","E","?","T","M","M","E","?","?","R","B",null,"M","?","?","$","?","E","R","E","T","R","E","M","M","E","R","B",null],"character_chosen":"WATCHER","items_purchased":["Membership Card","TalkToTheHand","Centennial Puzzle","DistilledChaos","Adaptation","DollysMirror","Toy Ornithopter","Fruit Juice","Frozen Egg 2","MentalFortress+1","ClockworkSouvenir"],"campfire_rested":3,"item_purchase_floors":[4,4,4,4,14,14,14,14,19,19,21],"current_hp_per_floor":[61,60,60,60,48,48,43,43,43,43,43,43,43,43,43,43,57,57,57,67,67,67,67,69,69,69,61,63,63,65,65,75,77,77,79,79,81,81,83,85,85,87,87,87,99,101,103,105,105,105],"gold":423,"neow_bonus":"REMOVE_TWO","is_daily":false,"chose_seed":false,"campfire_upgraded":4,"win_rate":0.0,"timestamp":1612894857,"path_taken":["M","M","M","$","M","R","E","R","T","?","E","M","M","$","R","BOSS","M","$","?","$","M","R","E","?","T","M","M","E","?","?","R","BOSS","M","?","?","$","?","E","R","E","T","R","E","M","M","E","R","BOSS"],"items_purchased_type":["Relic","Card","Relic","Potion","Card","Relic","Relic","Potion","Relic","Card","Relic"],"build_version":"2020-12-22","purchased_purges":5,"victory":true,"max_hp_per_floor":[62,62,62,62,62,62,62,62,62,62,62,62,62,62,62,62,62,62,62,67,67,67,67,69,69,69,71,73,73,75,75,75,77,77,79,79,81,81,83,85,85,87,87,87,99,101,103,105,105,105],"card_choices":[{"not_picked":["ThirdEye","Weave"],"picked":"CrushJoints","floor":1.0},{"not_picked":["Fasting2","SashWhip","Prostrate"],"picked":"SKIP","floor":2.0},{"not_picked":["JustLucky","BowlingBash"],"picked":"FlurryOfBlows","floor":3.0},{"not_picked":["SashWhip","ReachHeaven"],"picked":"Tantrum","floor":5.0},{"not_picked":["FlurryOfBlows","Indignation"],"picked":"EmptyFist","floor":7.0},{"not_picked":["Halt","FollowUp","Evaluate"],"picked":"SKIP","floor":11.0},{"not_picked":["CrushJoints","Protect"],"picked":"EmptyBody","floor":12.0},{"not_picked":["WheelKick","CrushJoints"],"picked":"Scrawl","floor":13.0},{"not_picked":["Brilliance","Establishment"],"picked":"Vault","floor":16.0},{"not_picked":["Fasting2","EmptyFist+1","Meditate"],"picked":"SKIP","floor":18.0},{"not_picked":["FollowUp","Prostrate+1","JustLucky"],"picked":"SKIP","floor":22.0},{"not_picked":["Nirvana+1","BowlingBash+1","Pray"],"picked":"Singing Bowl","floor":24.0},{"not_picked":["Ragnarok","WindmillStrike","FlyingSleeves"],"picked":"Singing Bowl","floor":27.0},{"not_picked":["Wireheading+1","Crescendo","EmptyFist+1"],"picked":"Singing Bowl","floor":28.0},{"not_picked":["CarveReality","Conclude"],"picked":"InnerPeace","floor":29},{"not_picked":["Tantrum","FollowUp","PathToVictory"],"picked":"Singing Bowl","floor":30},{"not_picked":["MasterReality+1","Wish","Devotion+1"],"picked":"Singing Bowl","floor":33},{"not_picked":["FlyingSleeves+1","Vengeance","BattleHymn+1"],"picked":"Singing Bowl","floor":35},{"not_picked":["SashWhip","Prostrate","PathToVictory"],"picked":"Singing Bowl","floor":37},{"not_picked":["FlyingSleeves","Protect+1","WindmillStrike+1"],"picked":"Singing Bowl","floor":39},{"not_picked":["CutThroughFate","Vengeance","Adaptation+1"],"picked":"Singing Bowl","floor":40},{"not_picked":["JustLucky+1","Prostrate","WaveOfTheHand"],"picked":"Singing Bowl","floor":42},{"not_picked":["Protect","Indignation+1","CutThroughFate"],"picked":"Singing Bowl","floor":45},{"not_picked":["Pray","BowlingBash","EmptyBody"],"picked":"Singing Bowl","floor":46},{"not_picked":["FlyingSleeves+1","Brilliance","WaveOfTheHand"],"picked":"Singing Bowl","floor":47},{"not_picked":["ThirdEye","Judgement","CutThroughFate"],"picked":"Singing Bowl","floor":48}],"player_experience":529582,"relics_obtained":[{"floor":7.0,"key":"Gremlin Horn"},{"floor":9.0,"key":"The Courier"},{"floor":11.0,"key":"Mummified Hand"},{"floor":20.0,"key":"Red Mask"},{"floor":24.0,"key":"Singing Bowl"},{"floor":26.0,"key":"Juzu Bracelet"},{"floor":29,"key":"Bag of Preparation"},{"floor":30,"key":"TungstenRod"},{"floor":30,"key":"Matryoshka"},{"floor":37,"key":"Lizard Tail"},{"floor":39,"key":"Torii"},{"floor":40,"key":"Boot"},{"floor":42,"key":"Mercury Hourglass"},{"floor":43,"key":"Eternal Feather"},{"floor":43,"key":"Unceasing Top"},{"floor":45,"key":"Pear"},{"floor":48,"key":"Bag of Marbles"}],"event_choices":[{"damage_healed":0.0,"max_hp_gain":0.0,"max_hp_loss":0.0,"gold_gain":0.0,"event_name":"Upgrade Shrine","player_choice":"Upgraded","floor":10.0,"gold_loss":0.0,"damage_taken":0.0,"cards_upgraded":["TalkToTheHand"]},{"damage_healed":0.0,"max_hp_gain":0.0,"max_hp_loss":0.0,"gold_gain":0.0,"event_name":"Masked Bandits","player_choice":"Fought Bandits","floor":20.0,"gold_loss":0.0,"damage_taken":0.0},{"cards_removed":["EmptyBody"],"damage_healed":0.0,"max_hp_gain":0.0,"max_hp_loss":0.0,"gold_gain":0.0,"event_name":"Beggar","player_choice":"Gave Gold","floor":25.0,"gold_loss":75.0,"damage_taken":0.0},{"damage_healed":0,"gold_gain":0,"player_choice":"Fight","damage_taken":0,"max_hp_gain":0,"max_hp_loss":0,"event_name":"Colosseum","floor":30,"gold_loss":0},{"damage_healed":0,"gold_gain":0,"player_choice":"Fought Nobs","damage_taken":0,"max_hp_gain":0,"max_hp_loss":0,"event_name":"Colosseum","floor":30,"gold_loss":0},{"damage_healed":0,"gold_gain":0,"player_choice":"Obtained Relic","damage_taken":0,"relics_obtained":["MealTicket"],"max_hp_gain":0,"max_hp_loss":0,"event_name":"Addict","floor":31,"gold_loss":85},{"damage_healed":0,"gold_gain":0,"player_choice":"Copied","damage_taken":0,"max_hp_gain":0,"max_hp_loss":0,"event_name":"Duplicator","floor":36,"gold_loss":0,"cards_obtained":["Scrawl"]},{"damage_healed":0,"gold_gain":0,"player_choice":"Fight","damage_taken":0,"max_hp_gain":0,"max_hp_loss":0,"event_name":"Mysterious Sphere","floor":37,"gold_loss":0},{"damage_healed":0,"gold_gain":0,"player_choice":"Fight","damage_taken":0,"max_hp_gain":0,"max_hp_loss":0,"event_name":"MindBloom","floor":39,"gold_loss":0}],"is_beta":false,"boss_relics":[{"not_picked":["Cursed Key","Ectoplasm"],"picked":"Astrolabe"},{"not_picked":["Tiny House","Snecko Eye"],"picked":"Runic Pyramid"}],"items_purged_floors":[4,14,19,21,38],"is_endless":false,"potions_floor_spawned":[1,2,7,16,20,24,28,33,35,40,45,46],"ascension_level":16}}