{"host":"0qlrtuw7bw78ucw4","time":1612870314,"event":{"mods":["BaseMod","Downfall","Minty Spire (QoL Compilation)","StSLib"],"gold_per_floor":[0,14,31,31,31,44,114,128,153,228,28,40,67,82,95,169,169,169,188,203,113,123,142,142,27,27,47,47,47,47,61,79,157,157,157,174,274,286,297,330,330,330,363,488,499,349,249,263,276,276,276,308,133,133,133,133],"floor_reached":57,"language":"ENG","playtime":15773,"items_purged":["Regret","Slimebound:Strike_Slimebound","Slimebound:Strike_Slimebound","Slimebound:Strike_Slimebound","Slimebound:CorrosiveSpit"],"score":1958,"play_id":"ca426af3-9c84-4897-89b6-7272a6e54aff","local_time":"20210209223154","is_ascension_mode":true,"campfire_choices":[{"data":"Slimebound:DuplicatedForm","floor":1.0,"key":"SMITH"},{"data":"Slimebound:Prepare","floor":11.0,"key":"SMITH"},{"data":"Slimebound:RejuvenatingLick","floor":18.0,"key":"SMITH"},{"data":"Slimebound:Prepare","floor":26.0,"key":"SMITH"},{"data":"Slimebound:WasteNot","floor":30.0,"key":"SMITH"},{"floor":35.0,"key":"RECALL"},{"data":"Slimebound:TongueLash","floor":47.0,"key":"SMITH"},{"data":"Slimebound:GrowthPunch","floor":54,"key":"SMITH"}],"circlet_count":0,"master_deck":["AscendersBane","Slimebound:Tackle","Slimebound:Defend_Slimebound","Slimebound:Defend_Slimebound","Slimebound:Defend_Slimebound","Slimebound:Defend_Slimebound","Slimebound:Split","Slimebound:DuplicatedForm+1","Slimebound:GoopSpray","Slimebound:SpikyOuterGoop","Slimebound:SpikyOuterGoop","Slimebound:Prepare+1","Slimebound:Prepare+1","Slimebound:Recycling","Slimebound:RejuvenatingLick+1","Slimebound:WasteNot+1","Slimebound:SlimeSpikes","Slimebound:Grow+1","Slimebound:TongueLash+1","Slimebound:AcidTongue+1","Slimebound:SplitSpecialist","Slimebound:MegaLick+1","Slimebound:GrowthPunch+1","Slimebound:Gluttony+1","Slimebound:LeechLife","Slimebound:HauntingLick+1","Slimebound:Gluttony+1"],"relics":["Slimebound:AbsorbEndCombat","Mummified Hand","Turnip","downfall:HeartBlessingGreen","downfall:HeartBlessingBlue","Frozen Egg 2","Coffee Dripper","Ice Cream","Centennial Puzzle","Toy Ornithopter","Potion Belt","downfall:HeartBlessingRed"],"acts_visited":["Exordium","TheCity","TheBeyond","TheEnding"],"potions_floor_usage":[56,56,56],"damage_taken":[{"damage":11.0,"enemies":"2 Louse","floor":2.0,"turns":3.0},{"damage":9.0,"enemies":"Jaw Worm","floor":3.0,"turns":4.0},{"damage":17.0,"enemies":"Cultist","floor":6.0,"turns":4.0},{"damage":26.0,"enemies":"Large Slime","floor":8.0,"turns":6.0},{"damage":21.0,"enemies":"3 Sentries","floor":9.0,"turns":8.0},{"damage":9.0,"enemies":"Gremlin Gang","floor":12.0,"turns":4.0},{"damage":25.0,"enemies":"Lagavulin","floor":13.0,"turns":6.0},{"damage":23.0,"enemies":"Red Slaver","floor":14.0,"turns":4.0},{"damage":23.0,"enemies":"Large Slime","floor":15.0,"turns":4.0},{"damage":21.0,"enemies":"SI_SHIV_ARCHETYPE","floor":16.0,"turns":10.0},{"damage":16.0,"enemies":"3 Byrds","floor":19.0,"turns":5.0},{"damage":43.0,"enemies":"Chosen","floor":20.0,"turns":7.0},{"damage":25.0,"enemies":"downfall:FleeingMerchant","floor":21.0,"turns":4.0},{"damage":30.0,"enemies":"Snecko","floor":22.0,"turns":6.0},{"damage":16.0,"enemies":"Centurion and Healer","floor":23.0,"turns":5.0},{"damage":15.0,"enemies":"downfall:FleeingMerchant","floor":25.0,"turns":4.0},{"damage":15.0,"enemies":"3 Cultists","floor":27.0,"turns":5.0},{"damage":24.0,"enemies":"Snake Plant","floor":31.0,"turns":4.0},{"damage":22.0,"enemies":"Centurion and Healer","floor":32.0,"turns":5.0},{"damage":16.0,"enemies":"WA_ARCHETYPE_CALM","floor":33.0,"turns":9.0},{"damage":15.0,"enemies":"3 Shapes","floor":36.0,"turns":5.0},{"damage":53.0,"enemies":"3 Darklings","floor":38.0,"turns":5.0},{"damage":68.0,"enemies":"Jaw Worm Horde","floor":39.0,"turns":5.0},{"damage":41.0,"enemies":"Reptomancer","floor":40.0,"turns":5.0},{"damage":25.0,"enemies":"Giant Head","floor":43.0,"turns":7.0},{"damage":15.0,"enemies":"downfall:FleeingMerchant","floor":44.0,"turns":4.0},{"damage":25.0,"enemies":"4 Shapes","floor":45.0,"turns":5.0},{"damage":26.0,"enemies":"Maw","floor":48.0,"turns":6.0},{"damage":26.0,"enemies":"Spire Growth","floor":49.0,"turns":7.0},{"damage":35.0,"enemies":"DF_ARCHETYPE_ORBS","floor":50.0,"turns":10.0},{"damage":40.0,"enemies":"downfall:CharBossMerchant","floor":52.0,"turns":10.0},{"damage":19,"enemies":"downfall:NeowBoss","floor":55,"turns":17},{"damage":51,"enemies":"downfall:NeowBossFinal","floor":56,"turns":10}],"seed_played":"-7849789270456111306","potions_obtained":[{"floor":3.0,"key":"Explosive Potion"},{"floor":8.0,"key":"Energy Potion"},{"floor":10.0,"key":"downfall:CursedFountainPotion"},{"floor":23.0,"key":"FairyPotion"},{"floor":48.0,"key":"ColorlessPotion"},{"floor":49.0,"key":"BlessingOfTheForge"}],"is_trial":false,"path_per_floor":["R","M","M","?","?","M","T","M","E","?","R","M","E","M","M","B",null,"R","M","M","$","M","M","T","$","R","M","?","?","R","M","M","B",null,"R","M","?","M","M","E","T","?","E","$","M","$","R","M","M","B",null,"E","$","R","B","B",null],"character_chosen":"SLIMEBOUND","items_purchased":["Slimebound:Gluttony+1"],"campfire_rested":0,"item_purchase_floors":[44],"current_hp_per_floor":[59,50,47,47,47,49,49,46,48,48,58,57,55,51,49,51,69,69,75,53,47,38,45,45,53,53,61,61,45,45,44,45,52,69,69,75,75,75,75,71,71,85,85,85,85,85,85,85,85,69,81,82,82,82,82,76],"gold":133,"neow_bonus":"THREE_RARE_CARDS","is_daily":false,"chose_seed":false,"campfire_upgraded":7,"win_rate":0.0,"timestamp":1612870314,"path_taken":["R","M","M","?","?","?","T","M","E","?","R","M","E","M","M","BOSS","R","M","M","$","M","?","T","?","R","M","?","?","R","M","M","BOSS","R","M","?","?","M","E","T","?","E","$","M","$","R","M","M","BOSS","E","$","R","BOSS","BOSS"],"items_purchased_type":["Card"],"build_version":"2020-12-22","purchased_purges":5,"victory":true,"max_hp_per_floor":[65,65,65,65,65,65,65,65,65,65,75,75,75,75,75,75,75,75,75,75,75,75,75,75,75,75,75,75,75,75,75,75,75,75,75,75,75,75,75,75,75,85,85,85,85,85,85,85,85,85,85,85,85,85,85,85],"card_choices":[{"not_picked":["Slimebound:OneTwoCombo","Slimebound:LeechLife"],"picked":"Slimebound:DuplicatedForm","floor":0.0},{"not_picked":["Slimebound:SplitMire","Slimebound:SplitSpecialist"],"picked":"Slimebound:GoopSpray","floor":2.0},{"not_picked":["Slimebound:ItLooksTasty","Slimebound:LeechEnergy"],"picked":"Slimebound:SpikyOuterGoop","floor":3.0},{"not_picked":["Slimebound:LeechingTouch","Slimebound:ForwardTackle"],"picked":"Slimebound:Prepare","floor":6.0},{"not_picked":["Slimebound:HauntingLick","Slimebound:ViciousTackle"],"picked":"Slimebound:Prepare","floor":8.0},{"not_picked":["Slimebound:SplitLeeching","Slimebound:Chomp"],"picked":"Slimebound:Recycling","floor":9.0},{"not_picked":["Slimebound:Prepare","Slimebound:ItLooksTasty"],"picked":"Slimebound:RejuvenatingLick","floor":12.0},{"not_picked":["Slimebound:BestDefense+1","Slimebound:Schlurp"],"picked":"Slimebound:WasteNot","floor":13.0},{"not_picked":["Slimebound:FinishingTackle","Slimebound:SplitBruiser"],"picked":"Slimebound:SlimeSpikes","floor":14.0},{"not_picked":["Slimebound:HauntingLick","Slimebound:WasteNot"],"picked":"Slimebound:Grow+1","floor":15.0},{"not_picked":["Slimebound:WasteNot","Slimebound:CheckThePlaybook"],"picked":"Slimebound:OozeBath","floor":16.0},{"not_picked":["Slimebound:Nibble","Slimebound:ForwardTackle"],"picked":"Slimebound:TongueLash","floor":19.0},{"not_picked":["Slimebound:SplitLeeching","Slimebound:DisruptingSlam"],"picked":"Slimebound:AcidTongue+1","floor":20.0},{"not_picked":["Slimebound:Grow+1","Slimebound:RainOfGoop"],"picked":"Slimebound:SplitSpecialist","floor":21.0},{"not_picked":["Slimebound:LeechingTouch","Slimebound:ComboTackle"],"picked":"Slimebound:MegaLick+1","floor":22.0},{"not_picked":["Slimebound:RollThrough+1","Slimebound:SplitSpecialist"],"picked":"Slimebound:GrowthPunch","floor":23.0},{"not_picked":["Slimebound:SamplingLick","Slimebound:FinishingTackle","Slimebound:RainOfGoop"],"picked":"SKIP","floor":25.0},{"not_picked":["Slimebound:DisruptingSlam","Slimebound:SplitBruiser","Slimebound:LeechEnergy"],"picked":"SKIP","floor":27.0},{"not_picked":["Slimebound:SplitAcid","Slimebound:GoopSpray","Slimebound:Repurpose"],"picked":"SKIP","floor":31.0},{"not_picked":["Slimebound:LeechEnergy","Slimebound:DivideAndConquer"],"picked":"Slimebound:Gluttony+1","floor":32.0},{"not_picked":["Slimebound:FirmFortitude","Slimebound:Darklings"],"picked":"Slimebound:LeechLife","floor":33.0},{"not_picked":["Slimebound:HauntingLick","Slimebound:DisruptingSlam","Slimebound:PressTheAttack"],"picked":"SKIP","floor":36.0},{"not_picked":["Slimebound:DisruptingSlam","Slimebound:RejuvenatingLick","Slimebound:LeadByExample+1"],"picked":"SKIP","floor":38.0},{"not_picked":["Slimebound:Repurpose+1","Slimebound:ComboTackle+1","Slimebound:DivideAndConquer"],"picked":"SKIP","floor":39.0},{"not_picked":["Slimebound:SlimeSpikes+1","Slimebound:LeechEnergy","Slimebound:GoopTackle"],"picked":"SKIP","floor":40.0},{"not_picked":["Slimebound:LivingWall+1","Slimebound:SelfFormingGoo+1"],"picked":"Slimebound:HauntingLick+1","floor":43.0},{"not_picked":["Slimebound:LeechingTouch","Slimebound:PrepareCrush","Slimebound:GoopSpray"],"picked":"SKIP","floor":44.0},{"not_picked":["Slimebound:LeechEnergy","Slimebound:SplitMire","Slimebound:SlimeSpikes"],"picked":"SKIP","floor":45.0},{"not_picked":["Slimebound:FinishingTackle","Slimebound:LeechEnergy","Slimebound:Equalize+1"],"picked":"SKIP","floor":48.0},{"not_picked":["Slimebound:SamplingLick","Slimebound:Repurpose","Slimebound:PrepareCrush"],"picked":"SKIP","floor":49.0},{"not_picked":["Slimebound:LevelUp+1","Slimebound:GoopTackle","Slimebound:SelfFormingGoo+1"],"picked":"SKIP","floor":52}],"player_experience":957600,"relics_obtained":[{"floor":9.0,"key":"Turnip"},{"floor":13.0,"key":"Frozen Egg 2"},{"floor":24.0,"key":"Ice Cream"},{"floor":40.0,"key":"Centennial Puzzle"},{"floor":41.0,"key":"Toy Ornithopter"},{"floor":43.0,"key":"Potion Belt"}],"event_choices":[{"damage_healed":0.0,"max_hp_gain":0.0,"max_hp_loss":0.0,"gold_gain":0.0,"event_name":"Big Fish","player_choice":"Box","floor":4.0,"gold_loss":0.0,"damage_taken":0.0,"relics_obtained":["Mummified Hand"],"cards_obtained":["Regret"]},{"cards_removed":["Slimebound:OozeBath"],"damage_healed":4.0,"max_hp_gain":10.0,"max_hp_loss":0.0,"gold_gain":0.0,"event_name":"Bonfire Elementals","player_choice":"Offered Rare","floor":42.0,"gold_loss":0.0,"damage_taken":0.0}],"is_beta":false,"boss_relics":[{"not_picked":["Slimebound:AbsorbEndCombatUpgraded","Busted Crown"],"picked":"Coffee Dripper"},{"not_picked":["Snecko Eye","Runic Dome","Velvet Choker"]}],"items_purged_floors":[21,25,44,46,53],"is_endless":false,"potions_floor_spawned":[3,8,13,16,22,23,27,31,33,36,38,40,48,49,52],"ascension_level":13}}