{"host":"rs1c3lkx7vj3kohb","time":1612877646,"event":{"mods":["Act Like it!","BaseMod","BetterRewards","Chen","Colored Map","Colored Powertips","Downfall","Friendly Minions","Gensokyo","Gremlin Mod","Hermit","Hero for Fun","KinomotoSakuraMod(木之本樱)","Koishi","KomeijiMod","Luminous","Marisa（F雨　魔理沙）","Minty Spire (QoL Compilation)","Onozuka Komachi Mod","Prisma Mod","Quick Restart","Reimu（博丽灵梦）","Remilia（蕾米莉亚）","SOS（斯巴达之子）","Shop Mod","StSLib","The Administrix","The Alterego","The Cursed","The Senshi","The Servant 0.9.4","Waifu the Spire","WarShipGirlsR/战舰少女R mod","Yakumo Yukari mod","Yohane!","Youmu（魂魄妖梦）","Yuri Mod","Yuyuko"],"gold_per_floor":[117,117,132,155,155,190,208,224,224,224,267,287,2,27,27,156,156,170,185,185,110,110,110,126,126],"floor_reached":24,"language":"ZHS","playtime":1477,"items_purged":["rmod:defend","Injury"],"score":258,"play_id":"4443100a-233e-441b-b67d-5c903c4bedc1","local_time":"20210209213406","is_ascension_mode":false,"campfire_choices":[{"floor":10.0,"key":"REST"},{"data":"rmod:fuelsupply","floor":15.0,"key":"SMITH"},{"data":"rmod:secretscript","floor":23,"key":"SMITH"}],"circlet_count":0,"master_deck":["rmod:strick+1","rmod:strick+1","rmod:strick+1","rmod:strick+1","rmod:defend+1","rmod:defend+1","rmod:basicallowance","rmod:maingunfire","rmod:wolves","rmod:supportescort","rmod:windflower","rmod:supportaircraftcarrier","rmod:fuelsupply+1","rmod:guardianhero","rmod:wife","rmod:secretscript+1","rmod:chargemoney","rmod:supportescort+1"],"relics":["rmod:firstchargereward","RuthlessExorcism:ReiMu","Lantern","Peace Pipe","Golden Idol","War Paint","PreservedInsect","Mango","Strawberry","Philosopher\u0027s Stone"],"acts_visited":["Exordium","TheCity"],"potions_floor_usage":[24,24],"damage_taken":[{"damage":0.0,"enemies":"Small Slimes","floor":1.0,"turns":1.0},{"damage":0.0,"enemies":"Jaw Worm","floor":3.0,"turns":2.0},{"damage":0.0,"enemies":"2 Louse","floor":4.0,"turns":2.0},{"damage":8.0,"enemies":"Gremlin Nob","floor":6.0,"turns":4.0},{"damage":0.0,"enemies":"2 Fungi Beasts","floor":7.0,"turns":3.0},{"damage":0.0,"enemies":"3 Louse","floor":8.0,"turns":2.0},{"damage":0.0,"enemies":"3 Sentries","floor":11.0,"turns":3.0},{"damage":4.0,"enemies":"Exordium Thugs","floor":12.0,"turns":4.0},{"damage":0.0,"enemies":"Looter","floor":14.0,"turns":2.0},{"damage":10.0,"enemies":"Slime Boss","floor":16.0,"turns":12.0},{"damage":26.0,"enemies":"2 Thieves","floor":18.0,"turns":4.0},{"damage":19.0,"enemies":"3 Byrds","floor":19.0,"turns":6.0},{"damage":51,"enemies":"Gremlin Leader","floor":24,"turns":6}],"seed_played":"1526012754973833779","potions_obtained":[{"floor":4.0,"key":"Fire Potion"},{"floor":7.0,"key":"LiquidBronze"},{"floor":8.0,"key":"Swift Potion"},{"floor":11.0,"key":"Energy Potion"},{"floor":14.0,"key":"ColorlessPotion"}],"is_trial":false,"path_per_floor":["M","?","M","M","?","E","M","M","T","R","E","M","$","M","R","B",null,"M","M","?","?","?","R","E"],"character_chosen":"PRAEFECT","items_purchased":["rmod:chargemoney","RuthlessExorcism:ReiMu","Lantern","Strawberry","rmod:guardianhero"],"campfire_rested":1,"item_purchase_floors":[0,0,0,13,13],"current_hp_per_floor":[32,14,14,14,11,3,3,3,3,25,39,35,42,42,42,32,96,70,51,51,51,51,51,0,0],"gold":126,"neow_bonus":"","is_daily":false,"chose_seed":false,"campfire_upgraded":2,"win_rate":0.0,"timestamp":1612877646,"path_taken":["M","?","M","M","?","E","M","M","T","R","E","M","$","M","R","BOSS","M","M","?","?","?","R","E"],"items_purchased_type":["Card","Relic","Relic","Relic","Card"],"build_version":"2020-12-22","purchased_purges":2,"victory":false,"max_hp_per_floor":[75,75,75,75,75,75,75,75,75,75,89,89,96,96,96,96,96,96,96,96,96,96,96,96,96],"card_choices":[{"not_picked":["rmod:aviationdawn","rmod:luckystar"],"picked":"rmod:wolves","floor":1.0},{"not_picked":["rmod:unsinkable","rmod:launchingtorpedo"],"picked":"rmod:supportescort","floor":3.0},{"not_picked":["rmod:spoils","rmod:diaomin","rmod:tearstotiara"],"picked":"SKIP","floor":4.0},{"not_picked":["rmod:fletcherpendant","rmod:lonelyqueen"],"picked":"rmod:windflower","floor":6.0},{"not_picked":["rmod:supportescort","rmod:intelligenceanalysis","rmod:goodsister"],"picked":"SKIP","floor":7.0},{"not_picked":["rmod:bulid","rmod:supportaircraftcarrier","rmod:aviationdawn"],"picked":"SKIP","floor":8.0},{"not_picked":["rmod:bulid","rmod:aviationdawn"],"picked":"rmod:supportaircraftcarrier","floor":8.0},{"not_picked":["rmod:fuelsupply","rmod:selfconfidence","rmod:tearstotiara"],"picked":"SKIP","floor":11.0},{"not_picked":["rmod:tearstotiara","rmod:firesupport"],"picked":"rmod:fuelsupply","floor":12.0},{"not_picked":["rmod:tearstotiara","rmod:victimresponsibility"],"picked":"rmod:wife","floor":14.0},{"not_picked":["rmod:fletcher","rmod:windflower"],"picked":"rmod:secretscript","floor":16.0},{"not_picked":["rmod:fuelsupply+1","rmod:robin"],"picked":"rmod:chargemoney","floor":18.0},{"not_picked":["rmod:aviationdawn","rmod:intelligenceanalysis"],"picked":"rmod:supportescort+1","floor":19.0}],"player_experience":444282,"relics_obtained":[{"floor":6.0,"key":"PreservedInsect"},{"floor":11.0,"key":"Mango"}],"event_choices":[{"damage_healed":0.0,"max_hp_gain":0.0,"max_hp_loss":0.0,"gold_gain":0.0,"event_name":"Golden Idol","player_choice":"Take Damage","floor":2.0,"gold_loss":0.0,"damage_taken":18.0,"relics_obtained":["Golden Idol"]},{"damage_healed":0.0,"max_hp_gain":0.0,"max_hp_loss":0.0,"gold_gain":0.0,"event_name":"Scrap Ooze","player_choice":"Success","floor":5.0,"gold_loss":0.0,"damage_taken":3.0,"relics_obtained":["War Paint"]},{"damage_healed":0,"gold_gain":0,"player_choice":"Ignored","damage_taken":0,"max_hp_gain":0,"max_hp_loss":0,"event_name":"The Mausoleum","floor":20,"gold_loss":0},{"cards_removed":["rmod:defend"],"damage_healed":0,"gold_gain":0,"player_choice":"Gave Gold","damage_taken":0,"max_hp_gain":0,"max_hp_loss":0,"event_name":"Beggar","floor":21,"gold_loss":75},{"damage_healed":0,"gold_gain":0,"player_choice":"Simplicity","damage_taken":0,"max_hp_gain":0,"max_hp_loss":0,"event_name":"Back to Basics","floor":22,"gold_loss":0,"cards_upgraded":["rmod:strick","rmod:strick","rmod:strick","rmod:strick"]}],"is_beta":false,"boss_relics":[{"not_picked":["Runic Pyramid","Calling Bell"],"picked":"Philosopher\u0027s Stone"}],"items_purged_floors":[0,13],"is_endless":false,"potions_floor_spawned":[4,7,8,11,14,16,19],"killed_by":"Gremlin Leader","ascension_level":0}}