{"host":"jak4ncvfzor9mys0","time":1612841607,"event":{"mods":["2.2 Compatiblity","AchievementEnabler","BaseMod","Better Altar","Better Match","Better Note","Better Sensory Stone","Better Skull","Better Third Choice","BetterRewards","Block Reminder","Colored Map","Colored Powertips","Dark Map","Energized Spire","Gold Saver","Hubris","Infinite Spire","Key Reminder","Minty Spire (QoL Compilation)","Rare Cards Sparkle","Red Circlet Mod","Relic Sorter","Relic Stats","Replay The Spire","Retaliation","Spicy Shops","StSLib","SuperFastMode","The Blue Laboratory"],"gold_per_floor":[110,110,110,134,134,149,149,197,268,140,140,158,158,170,170,272,272,285,296,308,324,338,338,338,338],"floor_reached":24,"language":"ENG","playtime":850,"items_purged":["Strike_R"],"score":197,"play_id":"7518a76d-c35a-4244-9606-f12ecefe8180","local_time":"20210208193327","is_ascension_mode":true,"campfire_choices":[{"data":"ReplayTheSpireMod:Muscle Training","floor":7,"key":"SMITH"},{"data":"Bash","floor":11,"key":"SMITH"},{"data":"Perfected Strike","floor":13,"key":"SMITH"},{"data":"Shrug It Off","floor":15,"key":"SMITH"},{"floor":23,"key":"REST"}],"circlet_count":0,"master_deck":["Strike_R","Strike_R","Strike_R","Strike_R","Defend_R","Defend_R","Defend_R","Defend_R","Bash+1","ReplayTheSpireMod:Muscle Training+1","Body Slam+1","Shrug It Off+1","Perfected Strike+1","Body Slam+1"],"relics":["Burning Blood","MealTicket","ReplayFunnel","Replay:Bottled Eggs","Busted Crown"],"acts_visited":["Exordium","TheCity"],"potions_floor_usage":[16,24,24],"damage_taken":[{"damage":6,"enemies":"Cultist","floor":1,"turns":3},{"damage":8,"enemies":"Jaw Worm","floor":6,"turns":5},{"damage":7,"enemies":"infinitespire:Voidling","floor":12,"turns":4},{"damage":11,"enemies":"Large Slime","floor":14,"turns":7},{"damage":26,"enemies":"Slime Boss","floor":16,"turns":9},{"damage":16,"enemies":"Shell Parasite","floor":18,"turns":4},{"damage":1,"enemies":"Spheric Guardian","floor":19,"turns":3},{"damage":22,"enemies":"Chosen and Byrds","floor":20,"turns":7},{"damage":31,"enemies":"3 Cultists","floor":21,"turns":6},{"damage":23,"enemies":"Centurion and Healer","floor":22,"turns":8},{"damage":62,"enemies":"Gremlin Leader","floor":24,"turns":5}],"seed_played":"7979728385525399797","potions_obtained":[{"floor":8,"key":"ColorlessPotion"},{"floor":20,"key":"PowerPotion"},{"floor":21,"key":"Adrenaline Potion"}],"is_trial":false,"path_per_floor":["M","?","$","T","$","M","R","?","T","$","R","M","R","M","R","B",null,"M","M","M","M","M","R","E"],"character_chosen":"IRONCLAD","items_purchased":["Shrug It Off"],"campfire_rested":1,"item_purchase_floors":[10],"current_hp_per_floor":[88,88,88,88,88,86,86,51,51,66,66,72,72,67,67,47,88,78,83,67,42,25,51,0,0],"gold":338,"neow_bonus":"TEN_PERCENT_HP_BONUS","is_daily":false,"chose_seed":false,"campfire_upgraded":4,"win_rate":0.0,"timestamp":1612841607,"path_taken":["M","?","$","?","$","M","R","?","T","$","R","?","R","M","R","BOSS","M","M","M","M","M","R","E"],"items_purchased_type":["Card"],"build_version":"2020-12-22","purchased_purges":1,"victory":false,"max_hp_per_floor":[88,88,88,88,88,88,88,88,88,88,88,88,88,88,88,88,88,88,88,88,88,88,88,88,88],"relic_stats":{"Busted Crown":10,"counters":[11,61],"MealTicket":15,"obtain_stats":[{"ReplayFunnel":8,"Busted Crown":17,"MealTicket":4,"Replay:Bottled Eggs":9,"Burning Blood":0},{"ReplayFunnel":2,"Busted Crown":5,"MealTicket":1,"Replay:Bottled Eggs":2,"Burning Blood":0},{"ReplayFunnel":8,"Busted Crown":28,"MealTicket":3,"Replay:Bottled Eggs":8,"Burning Blood":0}],"Burning Blood":60},"card_choices":[{"not_picked":["DDmod:PokeAttack","Sword Boomerang"],"picked":"ReplayTheSpireMod:Muscle Training","floor":1},{"not_picked":["Havoc","Hemokinesis","Heavy Blade"],"picked":"SKIP","floor":6},{"not_picked":["Rampage","Spot Weakness"],"picked":"Body Slam","floor":8},{"not_picked":["Cleave","Sword Boomerang"],"picked":"Perfected Strike","floor":12},{"not_picked":["Thunderclap","DDmod:SpikeMailSkill"],"picked":"Body Slam","floor":14},{"not_picked":["Cleave"],"picked":"SKIP","floor":18},{"not_picked":["Disarm+1"],"picked":"SKIP","floor":19},{"not_picked":["Clash+1"],"picked":"SKIP","floor":20},{"not_picked":["Run Through"],"picked":"SKIP","floor":21},{"not_picked":["Uppercut"],"picked":"SKIP","floor":22}],"player_experience":2813325,"relics_obtained":[{"floor":4,"key":"MealTicket"},{"floor":8,"key":"ReplayFunnel"},{"floor":9,"key":"Replay:Bottled Eggs"}],"event_choices":[{"damage_healed":0,"gold_gain":0,"player_choice":"Ignored","damage_taken":0,"max_hp_gain":0,"max_hp_loss":0,"event_name":"Transmorgrifier","floor":2,"gold_loss":0}],"is_beta":false,"boss_relics":[{"not_picked":["energizedSpire:NeverEndingSparkler","energizedSpire:TabascoSauce"],"picked":"Busted Crown"}],"items_purged_floors":[10],"is_endless":false,"potions_floor_spawned":[6,20,21],"killed_by":"Gremlin Leader","ascension_level":1}}