{"host":"April","time":1612855156,"event":{"mods":["BaseMod","Minty Spire (QoL Compilation)"],"gold_per_floor":[110,110,128,0,10,42,42,58,58,69,100,100,134,149,149,251,251,264,18,46,46,46,46,58,58,84,84,113,128,138,138,138,234,234,250,472,487,51,61,61,73,102,102,23,50,50,0,31,31,31,31],"floor_reached":50,"language":"ENG","playtime":3370,"items_purged":[],"score":646,"play_id":"f7b846ce-11cf-4ffe-af14-d43fad5450b4","local_time":"20210208231916","is_ascension_mode":true,"campfire_choices":[{"floor":7.0,"key":"REST"},{"floor":15.0,"key":"REST"},{"data":"Capacitor","floor":23.0,"key":"SMITH"},{"data":"Turbo","floor":25.0,"key":"SMITH"},{"data":"Darkness","floor":27.0,"key":"SMITH"},{"data":"Ghostly","floor":32.0,"key":"SMITH"},{"data":"Ghostly","floor":40.0,"key":"SMITH"},{"data":"Ghostly","floor":49,"key":"SMITH"}],"circlet_count":0,"master_deck":["Strike_B+1","Defend_B","Defend_B","Defend_B","Defend_B+1","Zap","Dualcast+1","Sweeping Beam","Ball Lightning","Capacitor+1","Barrage","Glacier","Consume+1","Darkness+1","Melter","Redo","Chill","Static Discharge","Electrodynamics","Turbo+1","Compile Driver","Self Repair+1","Thunder Strike","White Noise","Self Repair+1","Glacier","Ghostly+1","Ghostly+1","Ghostly+1","Ghostly","Ghostly","Amplify","Chaos","Steam+1","Storm+1","Ball Lightning+1","Genetic Algorithm","Reboot","Heatsinks+1","BootSequence+1","Master of Strategy","Panache+1","Enlightenment","Fusion"],"relics":["Cracked Core","TungstenRod","InkBottle","Bottled Lightning","War Paint","Ancient Tea Set","Sozu","Frozen Egg 2","Red Mask","Strawberry","Lantern","Empty Cage","Strange Spoon","Meat on the Bone","Dream Catcher","FossilizedHelix","Orichalcum","Toy Ornithopter","Pen Nib"],"acts_visited":["Exordium","TheCity","TheBeyond"],"potions_floor_usage":[],"damage_taken":[{"damage":0.0,"enemies":"2 Louse","floor":1.0,"turns":2.0},{"damage":6.0,"enemies":"Small Slimes","floor":3.0,"turns":2.0},{"damage":5.0,"enemies":"Cultist","floor":5.0,"turns":3.0},{"damage":19.0,"enemies":"Lagavulin","floor":6.0,"turns":6.0},{"damage":3.0,"enemies":"2 Fungi Beasts","floor":8.0,"turns":3.0},{"damage":1.0,"enemies":"Blue Slaver","floor":10.0,"turns":4.0},{"damage":10.0,"enemies":"3 Sentries","floor":11.0,"turns":6.0},{"damage":22.0,"enemies":"Gremlin Nob","floor":13.0,"turns":4.0},{"damage":6.0,"enemies":"Looter","floor":14.0,"turns":3.0},{"damage":3.0,"enemies":"Hexaghost","floor":16.0,"turns":10.0},{"damage":9.0,"enemies":"Shell Parasite","floor":18.0,"turns":4.0},{"damage":18.0,"enemies":"Masked Bandits","floor":20.0,"turns":3.0},{"damage":9.0,"enemies":"3 Byrds","floor":24.0,"turns":4.0},{"damage":12.0,"enemies":"Slavers","floor":28.0,"turns":3.0},{"damage":3.0,"enemies":"Snecko","floor":29.0,"turns":5.0},{"damage":15.0,"enemies":"Centurion and Healer","floor":30.0,"turns":5.0},{"damage":12.0,"enemies":"Champ","floor":33.0,"turns":11.0},{"damage":5.0,"enemies":"3 Shapes","floor":35.0,"turns":2.0},{"damage":0.0,"enemies":"Orb Walker","floor":37.0,"turns":6.0},{"damage":11.0,"enemies":"Transient","floor":39.0,"turns":5.0},{"damage":16.0,"enemies":"3 Darklings","floor":41.0,"turns":4.0},{"damage":12.0,"enemies":"Giant Head","floor":42.0,"turns":11.0},{"damage":4,"enemies":"Reptomancer","floor":45,"turns":6},{"damage":10,"enemies":"Giant Head","floor":48,"turns":10},{"damage":54,"enemies":"Time Eater","floor":50,"turns":11}],"seed_played":"-55625655699839308","potions_obtained":[{"floor":3.0,"key":"DuplicationPotion"},{"floor":10.0,"key":"Fruit Juice"},{"floor":13.0,"key":"Weak Potion"},{"floor":14.0,"key":"GamblersBrew"},{"floor":16.0,"key":"ColorlessPotion"}],"is_trial":false,"path_per_floor":["M","?","M","$","M","E","R","M","T","M","E","?","E","M","R","B",null,"M","$","?","?","?","R","M","R","T","R","E","M","M","?","R","B",null,"M","?","M","$","M","R","M","E","T","$","E","?","?","E","R","B"],"character_chosen":"DEFECT","items_purchased":["Capacitor","Barrage","Frozen Egg 2","Strange Spoon","Meat on the Bone","Storm+1","Heatsinks+1"],"campfire_rested":2,"item_purchase_floors":[4,4,19,38,38,38,44],"current_hp_per_floor":[75,61,55,55,50,31,53,50,50,49,44,44,22,16,40,37,80,71,71,53,53,53,53,54,54,61,61,49,56,61,43,43,43,43,38,38,43,43,43,43,43,43,43,43,39,30,30,43,43,0,0],"gold":31,"neow_bonus":"ONE_RARE_RELIC","is_daily":false,"chose_seed":false,"campfire_upgraded":6,"win_rate":0.0,"timestamp":1612855156,"path_taken":["M","?","M","$","M","E","R","M","T","M","E","?","E","M","R","BOSS","M","$","?","?","?","R","?","R","T","R","E","M","M","?","R","BOSS","M","?","M","$","M","R","M","E","T","$","E","?","?","E","R","BOSS"],"items_purchased_type":["Card","Card","Relic","Relic","Relic","Card","Card"],"build_version":"2020-12-18","purchased_purges":0,"victory":false,"max_hp_per_floor":[75,75,75,75,75,75,75,75,75,75,80,80,80,80,80,80,80,80,80,80,80,80,80,80,80,87,87,87,87,87,43,43,43,43,43,43,43,43,43,43,43,43,43,43,43,43,43,43,43,43,43],"card_choices":[{"not_picked":["Auto Shields","Go for the Eyes"],"picked":"Sweeping Beam","floor":1.0},{"not_picked":["Recycle","Reinforced Body"],"picked":"Ball Lightning","floor":3.0},{"not_picked":["Hologram","Blizzard"],"picked":"Glacier","floor":5.0},{"not_picked":["Stack","Melter"],"picked":"Consume","floor":6.0},{"not_picked":["Leap","Barrage"],"picked":"Darkness","floor":8.0},{"not_picked":["Skim","Go for the Eyes"],"picked":"Melter","floor":10.0},{"not_picked":["Ball Lightning","Tempest"],"picked":"Redo","floor":11.0},{"not_picked":["FTL","Sweeping Beam"],"picked":"Chill","floor":13.0},{"not_picked":["Storm","Ball Lightning"],"picked":"Static Discharge","floor":14.0},{"not_picked":["Thunder Strike","All For One"],"picked":"Electrodynamics","floor":16.0},{"not_picked":["Coolheaded","Conserve Battery"],"picked":"Turbo","floor":18.0},{"not_picked":["Thunder Strike","Consume"],"picked":"Compile Driver","floor":20.0},{"not_picked":["Ball Lightning","Barrage"],"picked":"White Noise","floor":24.0},{"not_picked":["Streamline","Gash"],"picked":"Self Repair+1","floor":28.0},{"not_picked":["Ball Lightning","Leap"],"picked":"Glacier","floor":29.0},{"not_picked":["Self Repair+1","Scrape"],"picked":"Redo","floor":30.0},{"not_picked":["Core Surge","Seek"],"picked":"Amplify","floor":33.0},{"not_picked":["Self Repair+1","Beam Cell"],"picked":"Chaos","floor":35.0},{"not_picked":["Go for the Eyes+1","Barrage+1"],"picked":"Steam+1","floor":37.0},{"not_picked":["Gash+1","Steam+1"],"picked":"Ball Lightning+1","floor":39.0},{"not_picked":["Stack","Recycle+1"],"picked":"Genetic Algorithm","floor":41.0},{"not_picked":["Seek","Leap"],"picked":"Reboot","floor":42.0},{"not_picked":["Tempest","Go for the Eyes"],"picked":"BootSequence+1","floor":45},{"not_picked":["Blind","Enlightenment"],"picked":"Master of Strategy","floor":46},{"not_picked":["Master of Strategy","Purity"],"picked":"Panache+1","floor":46},{"not_picked":["Purity","Mayhem+1"],"picked":"Enlightenment","floor":46},{"not_picked":["Gash+1","Steam"],"picked":"Fusion","floor":48}],"player_experience":2646957,"relics_obtained":[{"floor":6.0,"key":"InkBottle"},{"floor":9.0,"key":"Bottled Lightning"},{"floor":11.0,"key":"War Paint"},{"floor":13.0,"key":"Ancient Tea Set"},{"floor":20.0,"key":"Red Mask"},{"floor":26.0,"key":"Strawberry"},{"floor":28.0,"key":"Lantern"},{"floor":42.0,"key":"Dream Catcher"},{"floor":43.0,"key":"FossilizedHelix"},{"floor":45,"key":"Orichalcum"},{"floor":48,"key":"Pen Nib"}],"event_choices":[{"damage_healed":0.0,"max_hp_gain":0.0,"max_hp_loss":0.0,"gold_gain":0.0,"event_name":"Shining Light","player_choice":"Entered Light","floor":2.0,"gold_loss":0.0,"damage_taken":15.0,"cards_upgraded":["Dualcast","Strike_B"]},{"damage_healed":0.0,"max_hp_gain":0.0,"max_hp_loss":0.0,"gold_gain":0.0,"event_name":"The Cleric","player_choice":"Leave","floor":12.0,"gold_loss":0.0,"damage_taken":0.0},{"damage_healed":0.0,"max_hp_gain":0.0,"max_hp_loss":0.0,"gold_gain":0.0,"event_name":"Masked Bandits","player_choice":"Fought Bandits","floor":20.0,"gold_loss":0.0,"damage_taken":0.0},{"damage_healed":0.0,"max_hp_gain":0.0,"max_hp_loss":0.0,"gold_gain":0.0,"cards_transformed":["Strike_B","Strike_B"],"event_name":"Drug Dealer","player_choice":"Became Test Subject","floor":21.0,"gold_loss":0.0,"damage_taken":0.0,"cards_obtained":["Self Repair","Thunder Strike"]},{"cards_removed":["Doubt"],"damage_healed":0.0,"max_hp_gain":0.0,"max_hp_loss":0.0,"gold_gain":0.0,"event_name":"Fountain of Cleansing","player_choice":"Removed Curses","floor":22.0,"gold_loss":0.0,"damage_taken":0.0},{"damage_healed":0.0,"max_hp_gain":0.0,"max_hp_loss":44.0,"gold_gain":0.0,"event_name":"Ghosts","player_choice":"Became a Ghost","floor":31.0,"gold_loss":0.0,"damage_taken":0.0,"cards_obtained":["Ghostly","Ghostly","Ghostly","Ghostly","Ghostly"]},{"damage_healed":0.0,"max_hp_gain":0.0,"max_hp_loss":0.0,"gold_gain":222.0,"event_name":"Tomb of Lord Red Mask","player_choice":"Wore Mask","floor":36.0,"gold_loss":0.0,"damage_taken":0.0},{"damage_healed":0,"gold_gain":0,"player_choice":"Memory 3","damage_taken":10,"max_hp_gain":0,"max_hp_loss":0,"event_name":"SensoryStone","floor":46,"gold_loss":0},{"damage_healed":0,"gold_gain":0,"player_choice":"Paid Gold","damage_taken":0,"relics_obtained":["Toy Ornithopter"],"max_hp_gain":0,"max_hp_loss":0,"event_name":"WeMeetAgain","floor":47,"gold_loss":50}],"is_beta":true,"boss_relics":[{"not_picked":["FrozenCore","SlaversCollar"],"picked":"Sozu"},{"not_picked":["Runic Dome","Velvet Choker"],"picked":"Empty Cage"}],"items_purged_floors":[],"is_endless":false,"potions_floor_spawned":[3,10,13,14,16,24,28,30,37,42],"killed_by":"Time Eater","ascension_level":1}}