{"host":"1y3caoxlf2txzqg0","time":1612900527,"event":{"mods":["Alarm Clock","BaseMod","Colored Map","DeckTracker","Downfall","GifTheSpireLib","Minty Spire (QoL Compilation)","Rare Cards Sparkle","Relic Stats","Spire Birthday Party","StSLib"],"gold_per_floor":[99,114,214,225,225,8,8,22,56,41,59,59,59,72,88,193,193,93,105,105,205,4,24,24,59,59,86,32,46,46,64,74,170,170,70,80,98,98,113,139,164,164,175,188,221,221,247,259,273,273,273,273],"floor_reached":50,"language":"DEU","playtime":10690,"items_purged":[],"score":711,"play_id":"0f77e90f-34b7-4a1a-97bd-652fe63872bd","local_time":"20210209205527","is_ascension_mode":true,"campfire_choices":[{"floor":1.0,"key":"RECALL"},{"floor":12.0,"key":"REST"},{"data":"Slimebound:Split","floor":18.0,"key":"SMITH"},{"floor":30.0,"key":"REST"},{"data":"Slimebound:LevelUp","floor":35.0,"key":"SMITH"}],"circlet_count":0,"master_deck":["Slimebound:Strike_Slimebound","Slimebound:Strike_Slimebound","Slimebound:Strike_Slimebound+1","Slimebound:Tackle","Slimebound:Defend_Slimebound","Slimebound:Defend_Slimebound","Slimebound:Defend_Slimebound","Slimebound:Split+1","Slimebound:CorrosiveSpit","Slimebound:HauntingLick","Slimebound:LivingWall","Slimebound:SplitLeeching+1","Slimebound:LeadByExample","Slimebound:Nibble","Slimebound:SplitBruiser","Slimebound:Recollect+1","Slimebound:SlimeTap","Slimebound:SplitBruiser","downfall:Malfunctioning","Slimebound:SplitMire","Slimebound:SplitBruiser","Slimebound:Recycling","Slimebound:SlimeSpikes+1","Slimebound:GoopTackle+1","Slimebound:RollThrough+1","Slimebound:LevelUp","Slimebound:SamplingLick+1","Slimebound:CheckThePlaybook","Slimebound:LevelUp+1","Slimebound:Repurpose","Slimebound:LeechEnergy+1","Slimebound:GrowthPunch+1","Slimebound:LivingWall+1","Slimebound:LeechEnergy+1","Slimebound:Overexert","Slimebound:ComboTackle+1","Slimebound:RollThrough+1","Slimebound:DivideAndConquer+1","Slimebound:HauntingLick","Slimebound:GoopSpray","Slimebound:SlimeSpikes","Slimebound:SplitSpecialist+1","Slimebound:AcidTongue+1","Slimebound:Nibble+1","Slimebound:RollThrough+1","Slimebound:ServeAndProtect+1"],"relics":["Slimebound:AbsorbEndCombat","downfall:ShatteredFragment","CaptainsWheel","Lantern","SlaversCollar","downfall:HeartBlessingGreen","Turnip","Molten Egg 2","Lee\u0027s Waffle","Slimebound:PotencyRelic","White Beast Statue","Art of War","Darkstone Periapt","Philosopher\u0027s Stone","downfall:HeartBlessingRed","Orichalcum","MealTicket","Eternal Feather"],"acts_visited":["Exordium","TheCity","TheBeyond"],"potions_floor_usage":[45,45,46,48,50,50],"damage_taken":[{"damage":1.0,"enemies":"Small Slimes","floor":2.0,"turns":3.0},{"damage":1.0,"enemies":"2 Louse","floor":4.0,"turns":3.0},{"damage":13.0,"enemies":"downfall:FleeingMerchant","floor":6.0,"turns":4.0},{"damage":3.0,"enemies":"Jaw Worm","floor":8.0,"turns":3.0},{"damage":17.0,"enemies":"Gremlin Nob","floor":9.0,"turns":3.0},{"damage":18.0,"enemies":"downfall:FleeingMerchant","floor":10.0,"turns":4.0},{"damage":0.0,"enemies":"2 Fungi Beasts","floor":11.0,"turns":2.0},{"damage":0.0,"enemies":"3 Louse","floor":14.0,"turns":2.0},{"damage":0.0,"enemies":"Red Slaver","floor":15.0,"turns":2.0},{"damage":24.0,"enemies":"DF_ARCHETYPE_STREAMLINE","floor":16.0,"turns":7.0},{"damage":14.0,"enemies":"Spheric Guardian","floor":19.0,"turns":3.0},{"damage":15.0,"enemies":"Colosseum Nobs","floor":21.0,"turns":3.0},{"damage":10.0,"enemies":"downfall:FleeingMerchant","floor":22.0,"turns":4.0},{"damage":0.0,"enemies":"Shell Parasite","floor":23.0,"turns":2.0},{"damage":6.0,"enemies":"Book of Stabbing","floor":25.0,"turns":4.0},{"damage":31.0,"enemies":"Slavers","floor":27.0,"turns":4.0},{"damage":0.0,"enemies":"downfall:FleeingMerchant","floor":28.0,"turns":1.0},{"damage":16.0,"enemies":"Centurion and Healer","floor":29.0,"turns":3.0},{"damage":8.0,"enemies":"Chosen and Byrds","floor":31.0,"turns":4.0},{"damage":3.0,"enemies":"3 Cultists","floor":32.0,"turns":4.0},{"damage":26.0,"enemies":"SI_MIRROR_ARCHETYPE","floor":33.0,"turns":6.0},{"damage":0.0,"enemies":"Orb Walker","floor":36.0,"turns":3.0},{"damage":0.0,"enemies":"3 Shapes","floor":37.0,"turns":3.0},{"damage":0.0,"enemies":"Sphere and 2 Shapes","floor":39.0,"turns":3.0},{"damage":54.0,"enemies":"Nemesis","floor":40.0,"turns":3.0},{"damage":15.0,"enemies":"Maw","floor":43.0,"turns":6.0},{"damage":10,"enemies":"4 Shapes","floor":44,"turns":5},{"damage":26,"enemies":"Giant Head","floor":45,"turns":7},{"damage":0,"enemies":"3 Darklings","floor":46,"turns":1},{"damage":6,"enemies":"Reptomancer","floor":47,"turns":4},{"damage":6,"enemies":"Spire Growth","floor":48,"turns":4},{"damage":0,"enemies":"Transient","floor":49,"turns":5},{"damage":35,"enemies":"WA_ARCHETYPE_DIVINITY","floor":50,"turns":5}],"seed_played":"7267735286720805917","potions_obtained":[{"floor":0.0,"key":"Fire Potion"},{"floor":0.0,"key":"SneckoOil"},{"floor":0.0,"key":"Fire Potion"},{"floor":8.0,"key":"SpeedPotion"},{"floor":9.0,"key":"champ:CounterPotion"},{"floor":11.0,"key":"Fire Potion"},{"floor":14.0,"key":"Explosive Potion"},{"floor":16.0,"key":"SneckoOil"},{"floor":23.0,"key":"LiquidMemories"},{"floor":25.0,"key":"Fruit Juice"},{"floor":27.0,"key":"ColorlessPotion"},{"floor":29.0,"key":"FearPotion"},{"floor":36.0,"key":"SkillPotion"},{"floor":37.0,"key":"Swift Potion"},{"floor":40.0,"key":"sneckomod:MuddlingPotion"},{"floor":43.0,"key":"SteroidPotion"},{"floor":44,"key":"Block Potion"},{"floor":45,"key":"SmokeBomb"},{"floor":47,"key":"Guardian:BlockOnCardUsePotion"},{"floor":48,"key":"Slimebound:SlimyTonguePotion"},{"floor":49,"key":"Explosive Potion"}],"is_trial":false,"path_per_floor":["R","M","?","M","?","$","T","M","E","$","M","R","?","M","M","B",null,"R","M","?","?","$","M","T","E","?","E","$","M","R","M","M","B",null,"R","M","M","?","M","E","T","?","M","M","E","M","E","M","M","B"],"character_chosen":"SLIMEBOUND","items_purchased":["Slimebound:LeadByExample","Slimebound:Nibble","Fruit Juice","Lee\u0027s Waffle","Slimebound:ProtectTheBoss","Darkstone Periapt","Slimebound:LeechEnergy+1","Fruit Juice"],"campfire_rested":2,"item_purchase_floors":[6,6,6,22,22,28,28,28],"current_hp_per_floor":[65,65,65,65,47,47,47,48,33,21,21,42,42,46,48,32,70,70,56,56,49,77,77,77,77,51,33,40,30,56,56,61,43,87,87,87,87,87,87,37,37,37,30,28,10,10,12,14,22,0,0,0],"gold":273,"neow_bonus":"THREE_SMALL_POTIONS","is_daily":false,"chose_seed":false,"campfire_upgraded":2,"win_rate":0.0,"timestamp":1612900527,"path_taken":["R","M","?","M","?","$","T","M","E","$","M","R","?","M","M","BOSS","R","M","?","?","$","M","T","E","?","E","$","M","R","M","M","BOSS","R","M","M","?","M","E","T","?","?","M","E","M","E","M","M","BOSS"],"items_purchased_type":["Card","Card","Potion","Relic","Card","Relic","Card","Potion"],"build_version":"2020-12-22","purchased_purges":0,"victory":false,"max_hp_per_floor":[65,65,65,65,65,70,70,70,70,70,70,70,70,70,70,70,70,70,70,70,70,77,77,77,77,77,82,87,87,87,87,87,87,87,87,87,87,87,87,87,87,87,87,87,87,87,87,87,87,87,87,87],"relic_stats":{"Darkstone Periapt":0,"Lee\u0027s Waffle":30,"counters":[33,114],"MealTicket":0,"Eternal Feather":0,"Turnip":[8],"Art of War":[0],"Orichalcum":[18],"obtain_stats":[{"Darkstone Periapt":28,"Lantern":9,"Lee\u0027s Waffle":22,"downfall:ShatteredFragment":5,"downfall:HeartBlessingRed":35,"downfall:HeartBlessingGreen":18,"Eternal Feather":47,"Orichalcum":40,"White Beast Statue":25,"Slimebound:PotencyRelic":24,"SlaversCollar":17,"CaptainsWheel":7,"Molten Egg 2":21,"Philosopher\u0027s Stone":34,"MealTicket":45,"Turnip":21,"Slimebound:AbsorbEndCombat":0,"Art of War":27},{"Darkstone Periapt":17,"Lantern":5,"Lee\u0027s Waffle":13,"downfall:ShatteredFragment":2,"downfall:HeartBlessingRed":21,"downfall:HeartBlessingGreen":10,"Eternal Feather":30,"Orichalcum":25,"White Beast Statue":15,"Slimebound:PotencyRelic":14,"SlaversCollar":10,"CaptainsWheel":3,"Molten Egg 2":12,"Philosopher\u0027s Stone":21,"MealTicket":28,"Turnip":12,"Slimebound:AbsorbEndCombat":0,"Art of War":16},{"Darkstone Periapt":51,"Lantern":16,"Lee\u0027s Waffle":41,"downfall:ShatteredFragment":6,"downfall:HeartBlessingRed":67,"downfall:HeartBlessingGreen":32,"Eternal Feather":100,"Orichalcum":79,"White Beast Statue":47,"Slimebound:PotencyRelic":43,"SlaversCollar":32,"CaptainsWheel":10,"Molten Egg 2":37,"Philosopher\u0027s Stone":67,"MealTicket":95,"Turnip":37,"Slimebound:AbsorbEndCombat":0,"Art of War":50}]},"card_choices":[{"not_picked":["Slimebound:Grow","Slimebound:PressTheAttack"],"picked":"Slimebound:HauntingLick","floor":2.0},{"not_picked":["Slimebound:SamplingLick","Slimebound:GoopTackle"],"picked":"Slimebound:LivingWall","floor":4.0},{"not_picked":["Slimebound:SlimeSpikes","Slimebound:FormOfPuddle"],"picked":"Slimebound:SplitLeeching","floor":6.0},{"not_picked":["Slimebound:BestDefense","Slimebound:HauntingLick"],"picked":"Slimebound:SplitBruiser","floor":8.0},{"not_picked":["Slimebound:FlameTackle","Slimebound:PrepareCrush"],"picked":"Slimebound:Recollect","floor":9.0},{"not_picked":["Slimebound:Replication","Slimebound:PressTheAttack"],"picked":"Slimebound:SlimeTap","floor":10.0},{"not_picked":["Slimebound:RainOfGoop","Slimebound:ComboTackle"],"picked":"Slimebound:SplitBruiser","floor":11.0},{"not_picked":["Slimebound:RejuvenatingLick","Slimebound:Dissolve"],"picked":"Slimebound:SplitMire","floor":14.0},{"not_picked":["Slimebound:ForwardTackle","Slimebound:LeechingTouch"],"picked":"Slimebound:SplitBruiser","floor":15.0},{"not_picked":["Slimebound:PrepareCrush","Slimebound:DouseInSlime"],"picked":"Slimebound:Recycling","floor":16.0},{"not_picked":["Slimebound:FinishingTackle","Slimebound:SplitLeeching"],"picked":"Slimebound:SlimeSpikes+1","floor":19.0},{"not_picked":["Slimebound:Nibble+1","Slimebound:FormOfPuddle"],"picked":"Slimebound:GoopTackle+1","floor":21.0},{"not_picked":["Slimebound:SamplingLick+1","Slimebound:DisruptingSlam+1"],"picked":"Slimebound:RollThrough+1","floor":22.0},{"not_picked":["Slimebound:SplitAcid","Slimebound:HungryTackle+1"],"picked":"Slimebound:LevelUp","floor":23.0},{"not_picked":["Slimebound:FormOfPuddle+1","Slimebound:BestDefense"],"picked":"Slimebound:SamplingLick+1","floor":25.0},{"not_picked":["Slimebound:SamplingLick","Slimebound:ProtectTheBoss"],"picked":"Slimebound:LevelUp","floor":27.0},{"not_picked":["Slimebound:LeechingTouch+1","Slimebound:SlimeSlap+1"],"picked":"Slimebound:Repurpose","floor":28.0},{"not_picked":["Slimebound:SpikyOuterGoop","Slimebound:SplitBruiser+1"],"picked":"Slimebound:GrowthPunch+1","floor":29.0},{"not_picked":["Slimebound:SlimeSpikes","Slimebound:SplitBruiser+1"],"picked":"Slimebound:LivingWall+1","floor":31.0},{"not_picked":["Slimebound:Grow+1","Slimebound:SlimeSpikes+1"],"picked":"Slimebound:LeechEnergy+1","floor":32.0},{"not_picked":["Slimebound:Teamwork","Slimebound:DuplicatedForm"],"picked":"Slimebound:Overexert","floor":33.0},{"not_picked":["Slimebound:GoopTackle+1","Slimebound:MegaLick"],"picked":"Slimebound:ComboTackle+1","floor":36.0},{"not_picked":["Slimebound:SlimeSpikes","Slimebound:SplitLeeching+1"],"picked":"Slimebound:RollThrough+1","floor":37.0},{"not_picked":["Slimebound:ViciousTackle+1","Slimebound:RejuvenatingLick+1"],"picked":"Slimebound:DivideAndConquer+1","floor":39.0},{"not_picked":["Slimebound:FinishingTackle+1","Slimebound:ItLooksTasty+1"],"picked":"Slimebound:HauntingLick","floor":40.0},{"not_picked":["Slimebound:LeechEnergy+1","Slimebound:Schlurp"],"picked":"Slimebound:SlimeSpikes","floor":43.0},{"not_picked":["Slimebound:HungryTackle+1","Slimebound:Schlurp+1"],"picked":"Slimebound:SplitSpecialist+1","floor":44},{"not_picked":["Slimebound:DuplicatedForm","Slimebound:HungryTackle+1"],"picked":"Slimebound:AcidTongue+1","floor":45},{"not_picked":["Slimebound:LeadByExample","Slimebound:Chomp+1"],"picked":"Slimebound:Nibble+1","floor":47},{"not_picked":["Slimebound:GoopTackle+1","Slimebound:Schlurp+1"],"picked":"Slimebound:RollThrough+1","floor":48},{"not_picked":["Slimebound:ItLooksTasty+1","Slimebound:HauntingLick"],"picked":"Slimebound:ServeAndProtect+1","floor":49}],"player_experience":960358,"relics_obtained":[{"floor":7.0,"key":"CaptainsWheel"},{"floor":9.0,"key":"Lantern"},{"floor":21.0,"key":"Turnip"},{"floor":21.0,"key":"Molten Egg 2"},{"floor":24.0,"key":"Slimebound:PotencyRelic"},{"floor":25.0,"key":"White Beast Statue"},{"floor":27.0,"key":"Art of War"},{"floor":40.0,"key":"Orichalcum"},{"floor":45,"key":"MealTicket"},{"floor":47,"key":"Eternal Feather"}],"event_choices":[{"damage_healed":0.0,"max_hp_gain":0.0,"max_hp_loss":0.0,"gold_gain":0.0,"event_name":"Vampires","player_choice":"Ignored","floor":20.0,"gold_loss":0.0,"damage_taken":0.0},{"cards_removed":["Slimebound:Defend_Slimebound"],"damage_healed":0.0,"max_hp_gain":0.0,"max_hp_loss":0.0,"gold_gain":0.0,"event_name":"Falling","player_choice":"Removed Skill","floor":38.0,"gold_loss":0.0,"damage_taken":0.0}],"is_beta":false,"boss_relics":[{"not_picked":["Slimebound:TarBlob","Slimebound:AbsorbEndCombatUpgraded"],"picked":"SlaversCollar"},{"not_picked":["SacredBark","Velvet Choker"],"picked":"Philosopher\u0027s Stone"}],"items_purged_floors":[],"is_endless":false,"potions_floor_spawned":[8,9,11,14,16,23,25,27,28,29,31,32,33,36,37,39,40,43,44,45,46,47,48,49],"killed_by":"WA_ARCHETYPE_DIVINITY","ascension_level":2}}