{"host":"szp1d6dso4pv7ddl","time":1612851852,"event":{"mods":["AchievementEnabler","Alarm Clock","BaseMod","Bestiary","Block Reminder","Colored Map","Colored Powertips","Curses Come First","Dark Map","Displayed Cursed Tome","Highlight Path","Minty Spire (QoL Compilation)","Permanent Neow","Quick Restart","Relic Sorter","Relic Stats","StSLib","Synergy Search"],"gold_per_floor":[110,126,141,0,10,10,10,10],"floor_reached":7,"language":"ENG","playtime":351,"items_purged":[],"score":82,"play_id":"54fe9447-9fc3-4e88-b583-b4b6c2b99470","local_time":"20210208222412","is_ascension_mode":true,"campfire_choices":[{"floor":6,"key":"REST"}],"circlet_count":0,"master_deck":["AscendersBane","Strike_G","Strike_G","Strike_G","Strike_G","Strike_G","Defend_G","Defend_G","Defend_G","Defend_G","Defend_G","Survivor","Neutralize","Dagger Spray","Dagger Spray","Escape Plan","Acrobatics","Doppelganger"],"relics":["SlaversCollar"],"acts_visited":["Exordium"],"potions_floor_usage":[7,7],"damage_taken":[{"damage":10,"enemies":"Cultist","floor":1,"turns":6},{"damage":7,"enemies":"Small Slimes","floor":2,"turns":3},{"damage":4,"enemies":"Jaw Worm","floor":3,"turns":4},{"damage":16,"enemies":"3 Louse","floor":5,"turns":4},{"damage":45,"enemies":"Lagavulin","floor":7,"turns":7}],"seed_played":"6498080087902738942","potions_obtained":[{"floor":1,"key":"Explosive Potion"},{"floor":5,"key":"ColorlessPotion"}],"is_trial":false,"path_per_floor":["M","M","M","$","M","R","E"],"character_chosen":"THE_SILENT","items_purchased":["Escape Plan","Acrobatics"],"campfire_rested":1,"item_purchase_floors":[4,4],"current_hp_per_floor":[49,42,38,38,22,41,0,0],"gold":10,"neow_bonus":"BOSS_RELIC","is_daily":false,"chose_seed":false,"campfire_upgraded":0,"win_rate":0.0,"timestamp":1612851852,"path_taken":["M","M","M","?","M","R","E"],"items_purchased_type":["Card","Card"],"build_version":"2020-12-22","purchased_purges":0,"victory":false,"max_hp_per_floor":[66,66,66,66,66,66,66,66],"relic_stats":{"counters":[5,24],"obtain_stats":[{"SlaversCollar":0,"Ring of the Snake":0},{"SlaversCollar":0,"Ring of the Snake":0},{"SlaversCollar":0,"Ring of the Snake":0}]},"card_choices":[{"not_picked":["Accuracy","Bane"],"picked":"Dagger Spray","floor":1},{"not_picked":["Poisoned Stab","Tactician"],"picked":"Dagger Spray","floor":2},{"not_picked":["Accuracy","Sucker Punch","Underhanded Strike"],"picked":"SKIP","floor":3},{"not_picked":["Sucker Punch","Poisoned Stab"],"picked":"Doppelganger","floor":5}],"player_experience":1410557,"relics_obtained":[],"event_choices":[],"is_beta":false,"boss_relics":[],"items_purged_floors":[],"is_endless":false,"potions_floor_spawned":[1,5],"killed_by":"Lagavulin","ascension_level":18}}