{"host":"zsf7u5n6ehqeseos","time":1612889792,"event":{"mods":["AchievementEnabler","BaseMod","Colored Map","Colored Powertips","Googly Eyes","Minty Spire (QoL Compilation)"],"gold_per_floor":[109,109,284,300,314,314,346,346,421,439,439,483,172,172,172,293,293,311,289,289,289,305,305,305,305],"floor_reached":24,"language":"ENG","playtime":1080,"items_purged":["Doubt"],"score":355,"play_id":"dc21ed24-0f5b-46d3-9eea-e92f41707f22","local_time":"20210209175632","is_ascension_mode":true,"campfire_choices":[{"data":"Zap","floor":6.0,"key":"SMITH"},{"floor":8.0,"key":"REST"},{"floor":15,"key":"REST"},{"floor":23,"key":"REST"}],"circlet_count":0,"master_deck":["AscendersBane","Strike_B","Strike_B","Strike_B","Defend_B+1","Defend_B+1","Defend_B","Zap+1","Dualcast","Reboot","Steam","Sweeping Beam","Rebound","Doom and Gloom","Glacier","Conserve Battery","Turbo","White Noise","Regret","Creative AI","CurseOfTheBell","Stack+1","Ball Lightning+1","Compile Driver+1"],"relics":["Cracked Core","Tiny Chest","Mercury Hourglass","Golden Idol","Pen Nib","Chemical X","Centennial Puzzle","Calling Bell","Toy Ornithopter","Symbiotic Virus","Torii","Mummified Hand"],"acts_visited":["Exordium","TheCity"],"potions_floor_usage":[12,12,16,18],"damage_taken":[{"damage":0.0,"enemies":"Small Slimes","floor":1.0,"turns":2.0},{"damage":6.0,"enemies":"Jaw Worm","floor":4.0,"turns":4.0},{"damage":6.0,"enemies":"Cultist","floor":5.0,"turns":3.0},{"damage":34.0,"enemies":"Gremlin Nob","floor":7.0,"turns":4.0},{"damage":0,"enemies":"Looter","floor":10,"turns":2},{"damage":0,"enemies":"Lagavulin","floor":12,"turns":4},{"damage":36,"enemies":"Slime Boss","floor":16,"turns":8},{"damage":17,"enemies":"Shell Parasite","floor":18,"turns":4},{"damage":9,"enemies":"2 Thieves","floor":19,"turns":5},{"damage":22,"enemies":"3 Cultists","floor":22,"turns":5},{"damage":26,"enemies":"Gremlin Leader","floor":24,"turns":7}],"seed_played":"2365223019282878164","potions_obtained":[{"floor":1.0,"key":"SneckoOil"},{"floor":5.0,"key":"Dexterity Potion"},{"floor":12,"key":"SneckoOil"},{"floor":16,"key":"Block Potion"}],"is_trial":false,"path_per_floor":["M","?","?","M","M","R","E","R","T","M","?","E","$","?","R","B",null,"M","M","?","T","M","R","E"],"character_chosen":"DEFECT","items_purchased":["Chemical X","White Noise"],"campfire_rested":3,"item_purchase_floors":[13,13],"current_hp_per_floor":[68,54,54,48,42,42,8,28,28,28,28,28,28,28,46,10,50,38,29,29,29,7,25,0,0],"gold":305,"neow_bonus":"TRANSFORM_TWO_CARDS","is_daily":false,"chose_seed":false,"campfire_upgraded":1,"win_rate":0.0,"timestamp":1612889792,"path_taken":["M","?","?","M","M","R","E","R","T","M","?","E","$","?","R","BOSS","M","M","?","?","M","R","E"],"items_purchased_type":["Relic","Card"],"build_version":"2020-12-22","purchased_purges":1,"victory":false,"max_hp_per_floor":[68,68,68,68,68,68,68,68,68,68,63,63,63,63,63,63,63,63,63,63,63,63,63,63,63],"card_choices":[{"not_picked":["Hello World","Gash"],"picked":"Sweeping Beam","floor":1.0},{"not_picked":["Recycle","Go for the Eyes"],"picked":"Rebound","floor":4.0},{"not_picked":["Barrage","Ball Lightning"],"picked":"Doom and Gloom","floor":5.0},{"not_picked":["Cold Snap","Go for the Eyes"],"picked":"Glacier","floor":7.0},{"not_picked":["Hologram","Stack"],"picked":"Conserve Battery","floor":10},{"not_picked":["Streamline","Recycle"],"picked":"Turbo","floor":12},{"not_picked":["Biased Cognition","Thunder Strike"],"picked":"Creative AI","floor":16},{"not_picked":["Conserve Battery","Capacitor"],"picked":"Stack+1","floor":18},{"not_picked":["Steam Power+1","Go for the Eyes"],"picked":"Ball Lightning+1","floor":19},{"not_picked":["Ball Lightning","Streamline"],"picked":"Compile Driver+1","floor":22}],"player_experience":224386,"relics_obtained":[{"floor":7.0,"key":"Tiny Chest"},{"floor":9.0,"key":"Mercury Hourglass"},{"floor":12,"key":"Pen Nib"},{"floor":17,"key":"Toy Ornithopter"},{"floor":17,"key":"Symbiotic Virus"},{"floor":17,"key":"Torii"},{"floor":21,"key":"Mummified Hand"}],"event_choices":[{"damage_healed":0.0,"max_hp_gain":0.0,"max_hp_loss":0.0,"gold_gain":0.0,"event_name":"Shining Light","player_choice":"Entered Light","floor":2.0,"gold_loss":0.0,"damage_taken":14.0,"cards_upgraded":["Defend_B","Defend_B"]},{"damage_healed":0.0,"max_hp_gain":0.0,"max_hp_loss":0.0,"gold_gain":175.0,"event_name":"Liars Game","player_choice":"AGREE","floor":3.0,"gold_loss":0.0,"damage_taken":0.0,"cards_obtained":["Doubt"]},{"damage_healed":0,"gold_gain":0,"player_choice":"Lose Max HP","damage_taken":0,"relics_obtained":["Golden Idol"],"max_hp_gain":0,"max_hp_loss":5,"event_name":"Golden Idol","floor":11,"gold_loss":0},{"damage_healed":0,"gold_gain":0,"player_choice":"Box","damage_taken":0,"relics_obtained":["Centennial Puzzle"],"max_hp_gain":0,"max_hp_loss":0,"event_name":"Big Fish","floor":14,"gold_loss":0,"cards_obtained":["Regret"]},{"damage_healed":0,"gold_gain":0,"player_choice":"Ignored","damage_taken":0,"max_hp_gain":0,"max_hp_loss":0,"event_name":"N\u0027loth","floor":20,"gold_loss":0}],"is_beta":false,"boss_relics":[{"not_picked":["Inserter","Black Star"],"picked":"Calling Bell"}],"items_purged_floors":[13],"is_endless":false,"potions_floor_spawned":[1,5,12,16],"killed_by":"Gremlin Leader","ascension_level":11}}