{"host":"nwtxriuk34b069je","time":1612840375,"event":{"mods":["AchievementEnabler","BaseMod","Better Skull","Colored Map","Colored Powertips","Hermit","Minty Spire (QoL Compilation)","Relic Stats","StSLib"],"gold_per_floor":[113,113,39,39,53,53,68,84,111,61,87,87,12,12,12,142,142,162,181,181,280,355,355,380,89,389,125,150,171,189,189,189,309,309,324,324,324,117,135,135,155,155,155],"floor_reached":42,"language":"ENG","playtime":1489,"items_purged":["Strike_G"],"score":596,"play_id":"611e003c-d06a-400b-9f87-2286c310bbb4","local_time":"20210208211255","is_ascension_mode":false,"campfire_choices":[{"data":"Neutralize","floor":6,"key":"SMITH"},{"floor":15,"key":"REST"},{"data":"Storm of Steel","floor":23,"key":"SMITH"},{"floor":32,"key":"REST"},{"floor":40,"key":"REST"}],"circlet_count":0,"master_deck":["Strike_G","Strike_G","Strike_G+1","Defend_G","Defend_G+1","Survivor+1","Neutralize+1","Noxious Fumes+1","Poisoned Stab","Backstab","Neutralize","After Image","CurseOfTheBell","Deadly Poison","Noxious Fumes+1","Noxious Fumes","Storm of Steel+1","All Out Attack+1","Dash+1","Footwork","Footwork","Backstab+1","Leg Sweep+1","Blade Dance","Caltrops","Crippling Poison","Terror","Accuracy","Bullet Time","Dagger Spray+1","Venomology"],"relics":["Ring of the Snake","Art of War","Vajra","Golden Idol","Calling Bell","Snake Skull","Molten Egg 2","CaptainsWheel","ClockworkSouvenir","Old Coin","Membership Card","Oddly Smooth Stone","War Paint","PreservedInsect","Orrery"],"acts_visited":["Exordium","TheCity","TheBeyond"],"potions_floor_usage":[19,28,30,30,33,41],"damage_taken":[{"damage":0,"enemies":"Small Slimes","floor":1,"turns":3},{"damage":0,"enemies":"2 Louse","floor":5,"turns":2},{"damage":3,"enemies":"Jaw Worm","floor":7,"turns":4},{"damage":10,"enemies":"2 Fungi Beasts","floor":8,"turns":4},{"damage":19,"enemies":"3 Sentries","floor":11,"turns":6},{"damage":20,"enemies":"Hexaghost","floor":16,"turns":9},{"damage":0,"enemies":"Spheric Guardian","floor":18,"turns":5},{"damage":9,"enemies":"3 Byrds","floor":19,"turns":5},{"damage":28,"enemies":"Snake Plant","floor":24,"turns":4},{"damage":6,"enemies":"Shelled Parasite and Fungi","floor":28,"turns":5},{"damage":12,"enemies":"3 Cultists","floor":29,"turns":4},{"damage":0,"enemies":"Sentry and Sphere","floor":30,"turns":5},{"damage":3,"enemies":"Champ","floor":33,"turns":11},{"damage":11,"enemies":"Orb Walker","floor":35,"turns":4},{"damage":27,"enemies":"3 Darklings","floor":39,"turns":5},{"damage":47,"enemies":"Jaw Worm Horde","floor":41,"turns":5},{"damage":9,"enemies":"Sphere and 2 Shapes","floor":42,"turns":2}],"seed_played":"3837920979135555422","potions_obtained":[{"floor":5,"key":"Weak Potion"},{"floor":16,"key":"EssenceOfSteel"},{"floor":24,"key":"PowerPotion"},{"floor":29,"key":"Swift Potion"},{"floor":30,"key":"Dexterity Potion"}],"is_trial":true,"path_per_floor":["M","?","$","?","M","R","M","M","T","?","E","?","$","?","R","B",null,"M","M","?","?","?","R","M","$","T","$","M","M","M","T","R","B",null,"M","?","?","$","M","R","M","M"],"character_chosen":"THE_SILENT","items_purchased":["Noxious Fumes","Dash+1","Footwork","ClockworkSouvenir","Membership Card","Oddly Smooth Stone","Footwork","PreservedInsect","Crippling Poison","Terror","Orrery"],"campfire_rested":3,"item_purchase_floors":[3,25,25,25,27,27,27,38,38,38,38],"current_hp_per_floor":[70,75,75,60,60,60,57,47,47,47,28,28,28,28,48,28,69,69,60,60,60,54,54,26,26,26,26,20,8,8,8,28,25,69,58,58,58,58,31,51,4,0,0],"gold":155,"neow_bonus":"","is_daily":false,"chose_seed":false,"campfire_upgraded":2,"win_rate":0.0,"timestamp":1612840375,"path_taken":["M","?","$","?","M","R","M","?","T","?","E","?","?","?","R","BOSS","M","?","?","?","?","R","M","$","T","$","M","?","M","?","R","BOSS","M","?","?","$","M","R","M","?"],"items_purchased_type":["Card","Card","Card","Relic","Relic","Relic","Card","Relic","Card","Card","Relic"],"build_version":"2020-12-22","purchased_purges":1,"victory":false,"max_hp_per_floor":[70,75,75,75,75,75,75,75,75,75,75,69,69,69,69,69,69,69,69,69,69,69,69,69,69,69,69,69,69,69,69,69,69,69,69,69,69,69,69,69,69,69,69],"relic_stats":{"counters":[17,83],"Golden Idol":87,"Snake Skull":[76],"PreservedInsect":0,"Art of War":[4],"War Paint":["Defend_G","Survivor"],"obtain_stats":[{"Golden Idol":12,"Vajra":11,"Oddly Smooth Stone":27,"Snake Skull":17,"PreservedInsect":38,"War Paint":31,"ClockworkSouvenir":25,"Old Coin":26,"Calling Bell":17,"CaptainsWheel":17,"Orrery":38,"Molten Egg 2":17,"Art of War":9,"Membership Card":27,"Ring of the Snake":0},{"Golden Idol":5,"Vajra":5,"Oddly Smooth Stone":9,"Snake Skull":6,"PreservedInsect":14,"War Paint":12,"ClockworkSouvenir":9,"Old Coin":9,"Calling Bell":6,"CaptainsWheel":6,"Orrery":14,"Molten Egg 2":6,"Art of War":4,"Membership Card":9,"Ring of the Snake":0},{"Golden Idol":19,"Vajra":19,"Oddly Smooth Stone":42,"Snake Skull":28,"PreservedInsect":71,"War Paint":56,"ClockworkSouvenir":42,"Old Coin":42,"Calling Bell":28,"CaptainsWheel":28,"Orrery":71,"Molten Egg 2":28,"Art of War":13,"Membership Card":42,"Ring of the Snake":0}],"Ring of the Snake":[34]},"card_choices":[{"not_picked":["Dagger Throw","Sucker Punch","Distraction"],"picked":"SKIP","floor":1},{"not_picked":["Underhanded Strike","Bane","Backflip"],"picked":"SKIP","floor":5},{"not_picked":["Underhanded Strike","Escape Plan","Heel Hook"],"picked":"SKIP","floor":7},{"not_picked":["Sucker Punch","Escape Plan"],"picked":"Poisoned Stab","floor":8},{"not_picked":["Setup","Accuracy"],"picked":"Backstab","floor":11},{"not_picked":["Storm of Steel","Night Terror"],"picked":"After Image","floor":16},{"not_picked":["Backflip","Noxious Fumes"],"picked":"Deadly Poison","floor":18},{"not_picked":["Well Laid Plans+1","Dodge and Roll"],"picked":"Noxious Fumes+1","floor":19},{"not_picked":["Wraith Form v2","Acrobatics"],"picked":"All Out Attack+1","floor":24},{"not_picked":["Deadly Poison","Slice+1"],"picked":"Backstab+1","floor":28},{"not_picked":["Accuracy","Backflip"],"picked":"Leg Sweep+1","floor":29},{"not_picked":["Outmaneuver","PiercingWail+1"],"picked":"Blade Dance","floor":30},{"not_picked":["Deadly Poison","Reflex+1","Dagger Throw+1"],"picked":"SKIP","floor":35},{"not_picked":["Backflip+1","Slice+1"],"picked":"Accuracy","floor":38},{"not_picked":["Sucker Punch+1","Eviscerate+1"],"picked":"Bullet Time","floor":38},{"not_picked":["Deflect","Quick Slash+1"],"picked":"Dagger Spray+1","floor":38},{"not_picked":["Quick Slash+1","Dodge and Roll+1"],"picked":"Venomology","floor":38},{"not_picked":["Reflex+1","Footwork","PiercingWail+1"],"picked":"SKIP","floor":39},{"not_picked":["Accuracy+1","PiercingWail","Bane+1"],"picked":"SKIP","floor":41}],"player_experience":530997,"relics_obtained":[{"floor":9,"key":"Art of War"},{"floor":11,"key":"Vajra"},{"floor":17,"key":"Snake Skull"},{"floor":17,"key":"Molten Egg 2"},{"floor":17,"key":"CaptainsWheel"},{"floor":26,"key":"Old Coin"},{"floor":31,"key":"War Paint"}],"event_choices":[{"damage_healed":0,"gold_gain":0,"player_choice":"Donut","damage_taken":0,"max_hp_gain":5,"max_hp_loss":0,"event_name":"Big Fish","floor":2,"gold_loss":0},{"damage_healed":0,"gold_gain":0,"player_choice":"Entered Light","damage_taken":15,"max_hp_gain":0,"max_hp_loss":0,"event_name":"Shining Light","floor":4,"gold_loss":0,"cards_upgraded":["Strike_G","Noxious Fumes"]},{"cards_removed":["Defend_G"],"damage_healed":0,"gold_gain":0,"player_choice":"Card Removal","damage_taken":0,"max_hp_gain":0,"max_hp_loss":0,"event_name":"The Cleric","floor":10,"gold_loss":50},{"damage_healed":0,"gold_gain":0,"player_choice":"Lose Max HP","damage_taken":0,"relics_obtained":["Golden Idol"],"max_hp_gain":0,"max_hp_loss":6,"event_name":"Golden Idol","floor":12,"gold_loss":0},{"cards_removed":["Strike_G"],"damage_healed":0,"gold_gain":0,"player_choice":"Took Card","damage_taken":0,"max_hp_gain":0,"max_hp_loss":0,"event_name":"NoteForYourself","floor":14,"gold_loss":0,"cards_obtained":["Neutralize"]},{"damage_healed":0,"gold_gain":0,"cards_transformed":["Defend_G","Defend_G"],"player_choice":"Became Test Subject","damage_taken":0,"max_hp_gain":0,"max_hp_loss":0,"event_name":"Drug Dealer","floor":20,"gold_loss":0,"cards_obtained":["Noxious Fumes","Storm of Steel"]},{"damage_healed":0,"gold_gain":99,"player_choice":"Stole From Cult","damage_taken":0,"max_hp_gain":0,"max_hp_loss":0,"event_name":"Nest","floor":21,"gold_loss":0},{"damage_healed":0,"gold_gain":75,"player_choice":"Touch","damage_taken":6,"max_hp_gain":0,"max_hp_loss":0,"event_name":"FaceTrader","floor":22,"gold_loss":0},{"damage_healed":0,"gold_gain":0,"player_choice":"Ignored","damage_taken":0,"max_hp_gain":0,"max_hp_loss":0,"event_name":"Tomb of Lord Red Mask","floor":36,"gold_loss":0},{"damage_healed":0,"gold_gain":0,"player_choice":"1 cards matched","damage_taken":0,"max_hp_gain":0,"max_hp_loss":0,"event_name":"Match and Keep!","floor":37,"gold_loss":0,"cards_obtained":["Caltrops"]}],"is_beta":false,"boss_relics":[{"not_picked":["Tiny House","Velvet Choker"],"picked":"Calling Bell"},{"not_picked":["Cursed Key","Runic Pyramid","Runic Dome"]}],"items_purged_floors":[13],"is_endless":true,"potions_floor_spawned":[5,16,24,29,30,39],"killed_by":"Sphere and 2 Shapes","ascension_level":0}}