{"host":"w8xisjf5mgmfjvmt","time":1612848484,"event":{"mods":["ATMod(°¢èªMod)","BaseMod","BetterRewards","Challenge The Spire","Conspire","Energized Spire","Filter the Spire","Minty Spire (QoL Compilation)","Quarter Circle Forward PUNCH!","Quick Restart","Relic Filter Mod","Relic Stats","Reliquary","Replay The Spire","Shop Mod","Spicy Shops","StSLib","Thieving Mod","¡¾ÒÅÎï¿¨ÅÆ¡¿REMEMod","óô»ðÖ¸ÄÏ"],"gold_per_floor":[118,118,88,102,102,128,128,128,128,163,1,1,1,1,1],"floor_reached":14,"language":"ZHS","playtime":316,"items_purged":[],"score":188,"play_id":"484c71fd-ed34-44d5-8a4d-3bb4b3ac2949","local_time":"20210209132804","is_ascension_mode":true,"campfire_choices":[{"floor":8.0,"key":"REST"},{"data":"AT_ArcaneSupremacy","floor":12.0,"key":"SMITH"}],"circlet_count":0,"master_deck":["AscendersBane","Strike_G","Strike_G","Strike_G","Strike_G","Defend_G","Defend_G","Defend_G","Defend_G","Defend_G","Survivor","Neutralize","AT_FamilyPortrait+1","Core Surge+1","conspire:DoublingDagger","AT_ArcaneSupremacy+1","Predator","Calculated Gamble"],"relics":["Ring of the Snake","REME_ComplimentaryCards","AT_ATBox","Du-Vu Doll","AT_DeathDance","Replay:Rubber Ducky","reliquary:TridentHead","Guide Book"],"acts_visited":["Exordium"],"potions_floor_usage":[],"damage_taken":[{"damage":0.0,"enemies":"Cultist","floor":1.0,"turns":2.0},{"damage":0.0,"enemies":"Small Slimes","floor":4.0,"turns":3.0},{"damage":32.0,"enemies":"3 Sentries","floor":6.0,"turns":8.0},{"damage":3.0,"enemies":"Gremlin Nob","floor":10.0,"turns":3.0},{"damage":17,"enemies":"3 Sentries","floor":14,"turns":4}],"seed_played":"4630690803904372242","potions_obtained":[{"floor":3.0,"key":"SteroidPotion"},{"floor":3.0,"key":"BlessingOfTheForge"},{"floor":10.0,"key":"Ancient Potion"}],"is_trial":false,"path_per_floor":["M","?","?","M","?","E","?","R","T","E","$","R","?","E"],"character_chosen":"THE_SILENT","items_purchased":["Guide Book"],"campfire_rested":1,"item_purchase_floors":[11],"current_hp_per_floor":[44,37,37,37,37,5,1,20,20,17,17,17,17,0,0],"gold":1,"neow_bonus":"ONE_RARE_RELIC","is_daily":false,"chose_seed":false,"campfire_upgraded":1,"win_rate":0.0,"timestamp":1612848484,"path_taken":["M","?","?","?","?","E","?","R","T","E","$","R","?","E"],"items_purchased_type":["Relic"],"build_version":"2020-12-22","purchased_purges":0,"victory":false,"max_hp_per_floor":[66,66,66,66,66,66,66,66,66,66,66,66,66,66,66],"relic_stats":{"counters":[5,20],"obtain_stats":[{"Du-Vu Doll":0,"reliquary:TridentHead":10,"AT_ATBox":0,"Guide Book":11,"AT_DeathDance":6,"Ring of the Snake":0,"REME_ComplimentaryCards":0,"Replay:Rubber Ducky":9},{"Du-Vu Doll":0,"reliquary:TridentHead":4,"AT_ATBox":0,"Guide Book":4,"AT_DeathDance":3,"Ring of the Snake":0,"REME_ComplimentaryCards":0,"Replay:Rubber Ducky":3},{"Du-Vu Doll":0,"reliquary:TridentHead":16,"AT_ATBox":0,"Guide Book":16,"AT_DeathDance":13,"Ring of the Snake":0,"REME_ComplimentaryCards":0,"Replay:Rubber Ducky":13}],"Ring of the Snake":[10]},"card_choices":[{"not_picked":["Deflect","Deadly Poison"],"picked":"conspire:DoublingDagger","floor":1.0},{"not_picked":["Bouncing Flask","Draining Mist"],"picked":"AT_ArcaneSupremacy","floor":4.0},{"not_picked":["Tactician","Poisoned Stab"],"picked":"Predator","floor":6.0},{"not_picked":["Poison Darts","Draining Mist"],"picked":"Calculated Gamble","floor":10.0}],"player_experience":1322628,"relics_obtained":[{"floor":6.0,"key":"AT_DeathDance"},{"floor":9.0,"key":"Replay:Rubber Ducky"},{"floor":10.0,"key":"reliquary:TridentHead"}],"event_choices":[{"cards_removed":["Strike_G"],"damage_healed":0.0,"max_hp_gain":0.0,"max_hp_loss":0.0,"gold_gain":0.0,"event_name":"Golden Wing","player_choice":"Card Removal","floor":2.0,"gold_loss":0.0,"damage_taken":7.0},{"damage_healed":0.0,"max_hp_gain":0.0,"max_hp_loss":0.0,"gold_gain":0.0,"event_name":"The Woman in Blue","player_choice":"Bought 2 Potions","floor":3.0,"gold_loss":0.0,"damage_taken":0.0},{"damage_healed":0.0,"max_hp_gain":0.0,"max_hp_loss":0.0,"gold_gain":0.0,"event_name":"Shining Light","player_choice":"Ignored","floor":5.0,"gold_loss":0.0,"damage_taken":0.0},{"damage_healed":0.0,"max_hp_gain":0.0,"max_hp_loss":0.0,"gold_gain":0.0,"event_name":"conspire:Investor","player_choice":"Leave","floor":7.0,"gold_loss":0.0,"damage_taken":0.0}],"is_beta":false,"boss_relics":[],"items_purged_floors":[],"is_endless":false,"potions_floor_spawned":[4,10],"killed_by":"3 Sentries","ascension_level":20}}