{"host":"oehe2dxjvdgux73m","time":1612890834,"event":{"mods":["AchievementEnabler","BaseMod","Colored Map","Colored Powertips","DeckTracker","Keyboard Shortcuts","Minty Spire (QoL Compilation)","Permanent Neow","Quick Restart","StSLib","SuperFastMode"],"gold_per_floor":[117,132,149,161,173,173,173],"floor_reached":6,"language":"KOR","playtime":185,"items_purged":[],"score":80,"play_id":"8acc59d5-b627-4fb6-bf79-e371f8eebbc9","local_time":"20210210021354","is_ascension_mode":true,"campfire_choices":[],"circlet_count":0,"master_deck":["AscendersBane","Strike_G","Strike_G","Strike_G","Strike_G","Strike_G","Defend_G","Defend_G","Defend_G","Defend_G","Defend_G","Survivor","Neutralize","Deep Breath","Poisoned Stab","Bane","Dash","Poisoned Stab"],"relics":["Ring of the Snake"],"acts_visited":["Exordium"],"potions_floor_usage":[5],"damage_taken":[{"damage":5.0,"enemies":"Cultist","floor":1.0,"turns":5.0},{"damage":4.0,"enemies":"Small Slimes","floor":2.0,"turns":5.0},{"damage":6.0,"enemies":"Jaw Worm","floor":3.0,"turns":5.0},{"damage":8.0,"enemies":"Red Slaver","floor":4.0,"turns":5.0},{"damage":3,"enemies":"Gremlin Gang","floor":5,"turns":4},{"damage":37,"enemies":"Lagavulin","floor":6,"turns":6}],"seed_played":"4643176469197385112","potions_obtained":[{"floor":2.0,"key":"SkillPotion"}],"is_trial":false,"path_per_floor":["M","M","M","M","M","E"],"character_chosen":"THE_SILENT","items_purchased":[],"campfire_rested":0,"item_purchase_floors":[],"current_hp_per_floor":[54,50,44,36,33,0,0],"gold":173,"neow_bonus":"RANDOM_COLORLESS","is_daily":false,"chose_seed":false,"campfire_upgraded":0,"win_rate":0.0,"timestamp":1612890834,"path_taken":["M","M","M","M","?","E"],"items_purchased_type":[],"build_version":"2020-12-22","purchased_purges":0,"victory":false,"max_hp_per_floor":[66,66,66,66,66,66,66],"card_choices":[{"not_picked":["Forethought","Discovery"],"picked":"Deep Breath","floor":0.0},{"not_picked":["Acrobatics","Backflip"],"picked":"Poisoned Stab","floor":1.0},{"not_picked":["Infinite Blades","Underhanded Strike"],"picked":"Bane","floor":2.0},{"not_picked":["Footwork","Underhanded Strike"],"picked":"Dash","floor":3.0},{"not_picked":["Sucker Punch","Prepared","Deflect"],"picked":"SKIP","floor":4.0},{"not_picked":["Distraction","Flying Knee"],"picked":"Poisoned Stab","floor":5}],"player_experience":446086,"relics_obtained":[],"event_choices":[],"is_beta":false,"boss_relics":[],"items_purged_floors":[],"is_endless":false,"potions_floor_spawned":[2],"killed_by":"Lagavulin","ascension_level":20}}