{"host":"xo0glkmxta74xh34","time":1612907863,"event":{"mods":["BaseMod","Downfall","Minty Spire (QoL Compilation)","Replay The Spire","StSLib"],"gold_per_floor":[99,99,99,99,99,110,133,133,150,162,172,172,182,197,212,307,307,307,323,333,353,353,387,387,387,387,387],"floor_reached":25,"language":"ENG","playtime":970,"items_purged":[],"score":226,"play_id":"a57cea27-60f2-49eb-8350-473c37f7be9e","local_time":"20210209155743","is_ascension_mode":true,"campfire_choices":[{"data":"bronze:Replicate","floor":1,"key":"SMITH"},{"data":"bronze:Repair","floor":8,"key":"SMITH"},{"data":"bronze:DelayedSlice","floor":12,"key":"SMITH"},{"data":"bronze:ChosenStrike","floor":18,"key":"SMITH"}],"circlet_count":0,"master_deck":["bronze:Replicate+1","bronze:Goto","bronze:Iterate","bronze:BronzeArmor","bronze:Repair+1","bronze:WhirlingStrike","bronze:DelayedSlice+1","bronze:WhirlingStrike","bronze:WhirlingStrike","bronze:ChosenStrike+1","bronze:TinkerersToolbox","bronze:DarkDash","bronze:HardenedForm","bronze:CloningBeam","bronze:Turbo","bronze:BitShift","bronze:Deprecate","bronze:ThunderWave","bronze:ForceShield","bronze:ShipIt"],"relics":["bronze:BronzeCore","downfall:HeartsMalice","Centennial Puzzle","Pandora\u0027s Box","Nloth\u0027s Gift","Oddly Smooth Stone","Chameleon Ring"],"acts_visited":["Exordium","TheCity"],"potions_floor_usage":[16,16,16],"damage_taken":[{"damage":0,"enemies":"2 Louse","floor":2,"turns":1},{"damage":0,"enemies":"Cultist","floor":3,"turns":1},{"damage":0,"enemies":"Small Slimes","floor":4,"turns":1},{"damage":5,"enemies":"2 Fungi Beasts","floor":6,"turns":5},{"damage":12,"enemies":"Red Slaver","floor":9,"turns":3},{"damage":18,"enemies":"Gremlin Gang","floor":10,"turns":3},{"damage":7,"enemies":"Blue Slaver","floor":11,"turns":3},{"damage":5,"enemies":"Lots of Slimes","floor":13,"turns":2},{"damage":2,"enemies":"3 Louse","floor":14,"turns":2},{"damage":3,"enemies":"Blue Slaver","floor":15,"turns":3},{"damage":13,"enemies":"WA_ARCHETYPE_RETAIN","floor":16,"turns":4},{"damage":18,"enemies":"Shell Parasite","floor":19,"turns":3},{"damage":10,"enemies":"Cultist and Chosen","floor":20,"turns":4},{"damage":20,"enemies":"Centurion and Healer","floor":21,"turns":6},{"damage":37,"enemies":"Slavers","floor":23,"turns":4},{"damage":18,"enemies":"Book of Stabbing","floor":25,"turns":1}],"seed_played":"7262339820645538220","potions_obtained":[{"floor":6,"key":"Strength Potion"},{"floor":9,"key":"hexamod:SoulburnPotion"},{"floor":11,"key":"Adrenaline Potion"},{"floor":19,"key":"Energy Potion"}],"is_trial":false,"path_per_floor":["R","M","M","M","?","M","T","R","M","M","M","R","M","M","M","B",null,"R","M","M","M","?","E","T","E"],"character_chosen":"THE_AUTOMATON","items_purchased":[],"campfire_rested":0,"item_purchase_floors":[],"current_hp_per_floor":[70,70,70,70,70,65,65,65,63,55,58,58,63,70,70,67,70,70,62,62,50,50,13,13,0,0,0],"gold":387,"neow_bonus":"THREE_ENEMY_KILL","is_daily":false,"chose_seed":false,"campfire_upgraded":4,"win_rate":0.0,"timestamp":1612907863,"path_taken":["R","M","M","M","?","M","T","R","M","M","?","R","?","?","M","BOSS","R","M","M","M","?","E","T","E"],"items_purchased_type":[],"build_version":"2020-12-22","purchased_purges":0,"victory":false,"max_hp_per_floor":[70,70,70,70,70,70,70,70,70,70,70,70,70,70,70,70,70,70,70,70,70,70,70,70,70,70,70],"card_choices":[{"not_picked":["bronze:ForceShield","bronze:CutThrough"],"picked":"bronze:Iterate","floor":2},{"not_picked":["bronze:Constructor","bronze:WildBeam"],"picked":"bronze:BronzeArmor","floor":3},{"not_picked":["bronze:CutThrough","bronze:Shell"],"picked":"bronze:Repair","floor":4},{"not_picked":["bronze:Return","bronze:Shield"],"picked":"bronze:WhirlingStrike","floor":6},{"not_picked":["bronze:Shield","bronze:DelayedGuard","bronze:Invalidate"],"picked":"SKIP","floor":9},{"not_picked":["bronze:DelayedSlice","bronze:ForceShield","bronze:Frontload"],"picked":"SKIP","floor":10},{"not_picked":["bronze:NullPointer","bronze:DigitalCarnage"],"picked":"bronze:DelayedSlice","floor":11},{"not_picked":["bronze:Separator","bronze:Overload"],"picked":"bronze:WhirlingStrike","floor":13},{"not_picked":["bronze:Shell","bronze:BitShift"],"picked":"bronze:WhirlingStrike","floor":14},{"not_picked":["bronze:Iterate","bronze:Shield"],"picked":"bronze:ChosenStrike","floor":15},{"not_picked":["bronze:Assembly","bronze:AlphaBuild"],"picked":"bronze:TinkerersToolbox","floor":16},{"not_picked":["bronze:ItsAFeature","bronze:WildBeam","bronze:BronzeArmor"],"picked":"SKIP","floor":19},{"not_picked":["bronze:Shield+1","bronze:CutThrough+1","bronze:Return+1"],"picked":"SKIP","floor":20},{"not_picked":["bronze:Repulsor","bronze:Frontload","bronze:DigitalCarnage"],"picked":"SKIP","floor":21},{"not_picked":["bronze:NullPointer","bronze:Terminator"],"picked":"bronze:ShipIt","floor":23}],"player_experience":452406,"relics_obtained":[{"floor":7,"key":"Centennial Puzzle"},{"floor":23,"key":"Oddly Smooth Stone"},{"floor":24,"key":"Chameleon Ring"}],"event_choices":[{"damage_healed":0,"gold_gain":0,"player_choice":"Trade","damage_taken":0,"relics_obtained":["CultistMask"],"max_hp_gain":0,"max_hp_loss":0,"event_name":"FaceTrader","floor":5,"gold_loss":0}],"is_beta":false,"boss_relics":[{"not_picked":["ChewingGum","Sozu"],"picked":"Pandora\u0027s Box"}],"items_purged_floors":[],"is_endless":false,"potions_floor_spawned":[6,9,11,13,15,19],"killed_by":"Book of Stabbing","ascension_level":1}}