{"host":"am551fa6890rb9vo","time":1612867264,"event":{"mods":["BaseMod","DeckTracker","Minty Spire (QoL Compilation)","Morshu Shopkeeper - ENHANCED","Rare Cards Sparkle","Relic Stats","Smile Girya","StSLib","The IronCluck","everything is the same but u backflip on backflip","slay the spire mod where everything is the same but ironclad has a cowboy hat"],"gold_per_floor":[109,122,122,47,63,63,98,124,201,201,201,235,245,278,278,379,379,391,391,422,422,440,440,466,466,514,539,557,591,601,616,616,712,712,730,277,297,315,329,329,379,379,403,99,133,152,183,183,183,183],"floor_reached":51,"language":"ENG","playtime":4300,"items_purged":["Defend_P","Strike_P"],"score":833,"play_id":"b270873d-85da-4f94-9b66-e0dcf5763f85","local_time":"20210209104104","is_ascension_mode":false,"campfire_choices":[{"data":"FlurryOfBlows","floor":6,"key":"SMITH"},{"floor":10,"key":"REST"},{"floor":15,"key":"REST"},{"data":"CrushJoints","floor":23,"key":"SMITH"},{"data":"Alpha","floor":25,"key":"PURGE"},{"data":"Indignation","floor":32,"key":"SMITH"},{"data":"Parasite","floor":40,"key":"PURGE"},{"data":"Adaptation","floor":42,"key":"SMITH"},{"floor":49,"key":"REST"}],"circlet_count":0,"master_deck":["Strike_P","Defend_P+1","Defend_P","Eruption","Vigilance+1","Consecrate","FlurryOfBlows+1","Consecrate+1","CrushJoints+1","ClearTheMind","Indignation+1","Wallop+1","Vault","CurseOfTheBell","Necronomicurse","FlurryOfBlows+1","EmptyBody+1","LessonLearned","MentalFortress+1","Conclude","Scrawl","Adaptation+1","Wallop","Crescendo","CrushJoints+1","FlurryOfBlows+1","Judgement","BowlingBash+1","WaveOfTheHand+1"],"relics":["PureWater","Bronze Scales","Ancient Tea Set","Darkstone Periapt","GoldenEye","Peace Pipe","Calling Bell","Oddly Smooth Stone","Ornamental Fan","CaptainsWheel","Necronomicon","Red Mask","Anchor","Girya","Lantern","Whetstone","Regal Pillow","Sozu","Pen Nib","Pocketwatch","MealTicket","DollysMirror","Centennial Puzzle","Strawberry","Question Card"],"acts_visited":["Exordium","TheCity","TheBeyond"],"potions_floor_usage":[14,16,20,24,34,37,39,50],"damage_taken":[{"damage":0,"enemies":"2 Louse","floor":1,"turns":2},{"damage":0,"enemies":"Cultist","floor":2,"turns":5},{"damage":0,"enemies":"Jaw Worm","floor":5,"turns":1},{"damage":55,"enemies":"Gremlin Nob","floor":7,"turns":6},{"damage":4,"enemies":"3 Sentries","floor":12,"turns":4},{"damage":12,"enemies":"Large Slime","floor":13,"turns":3},{"damage":14,"enemies":"Gremlin Nob","floor":14,"turns":3},{"damage":22,"enemies":"Slime Boss","floor":16,"turns":6},{"damage":0,"enemies":"Spheric Guardian","floor":18,"turns":3},{"damage":0,"enemies":"Masked Bandits","floor":20,"turns":2},{"damage":0,"enemies":"Chosen","floor":22,"turns":3},{"damage":16,"enemies":"Slavers","floor":24,"turns":5},{"damage":8,"enemies":"Book of Stabbing","floor":27,"turns":4},{"damage":12,"enemies":"Snake Plant","floor":28,"turns":3},{"damage":0,"enemies":"Slavers","floor":29,"turns":6},{"damage":0,"enemies":"Snecko","floor":30,"turns":4},{"damage":0,"enemies":"Centurion and Healer","floor":31,"turns":3},{"damage":2,"enemies":"Champ","floor":33,"turns":9},{"damage":0,"enemies":"Orb Walker","floor":35,"turns":3},{"damage":0,"enemies":"3 Darklings","floor":37,"turns":5},{"damage":0,"enemies":"Transient","floor":38,"turns":5},{"damage":0,"enemies":"Writhing Mass","floor":39,"turns":4},{"damage":0,"enemies":"Mind Bloom Boss Battle","floor":41,"turns":5},{"damage":52,"enemies":"Reptomancer","floor":45,"turns":3},{"damage":0,"enemies":"4 Shapes","floor":46,"turns":3},{"damage":4,"enemies":"Giant Head","floor":47,"turns":6},{"damage":78,"enemies":"Awakened One","floor":50,"turns":13}],"seed_played":"-6382667861115647820","potions_obtained":[{"floor":2,"key":"Ancient Potion"},{"floor":5,"key":"Swift Potion"},{"floor":13,"key":"Strength Potion"},{"floor":16,"key":"Swift Potion"},{"floor":20,"key":"Dexterity Potion"},{"floor":27,"key":"EntropicBrew"},{"floor":31,"key":"Fire Potion"}],"is_trial":false,"path_per_floor":["M","M","?","$","M","R","E","T","T","R","?","E","M","E","R","B",null,"M","?","?","?","M","R","E","R","T","E","M","E","M","M","R","B",null,"M","$","M","M","M","R","?","R","T","$","E","M","E","?","R","B",null],"character_chosen":"WATCHER","items_purchased":["Adaptation","Wallop","Pen Nib","Crescendo","DollysMirror","Centennial Puzzle"],"campfire_rested":3,"item_purchase_floors":[36,36,36,36,44,44],"current_hp_per_floor":[79,79,79,79,79,79,24,24,24,47,47,43,31,17,40,18,85,85,75,75,75,75,75,59,59,59,51,39,39,39,39,39,37,91,91,91,91,91,97,94,94,94,94,94,49,49,45,45,90,12],"gold":183,"neow_bonus":"TEN_PERCENT_HP_BONUS","is_daily":false,"chose_seed":false,"campfire_upgraded":4,"win_rate":0.0,"timestamp":1612867264,"path_taken":["M","M","?","?","M","R","E","?","T","R","?","E","?","E","R","BOSS","M","?","?","?","?","R","E","R","T","E","M","E","M","M","R","BOSS","M","$","M","M","M","R","?","R","T","$","E","M","E","?","R","BOSS"],"items_purchased_type":["Card","Card","Relic","Card","Relic","Relic"],"build_version":"2020-12-22","purchased_purges":2,"victory":true,"max_hp_per_floor":[79,79,79,79,79,79,79,79,79,79,79,79,79,79,79,79,85,85,91,91,91,91,91,91,91,91,91,91,91,91,91,91,91,91,91,91,91,91,97,94,94,94,94,94,101,101,101,101,101,101],"relic_stats":{"Darkstone Periapt":18,"Regal Pillow":15,"counters":[27,119],"Pen Nib":[15],"Whetstone":["Consecrate","Wallop"],"GoldenEye":[0],"Question Card":0,"Peace Pipe":2,"Sozu":4,"Centennial Puzzle":[9],"Ornamental Fan":[228],"Bronze Scales":[243],"MealTicket":0,"Necronomicon":[41],"obtain_stats":[{"Darkstone Periapt":9,"Lantern":26,"Regal Pillow":29,"Whetstone":27,"Ancient Tea Set":8,"Sozu":34,"Centennial Puzzle":44,"DollysMirror":44,"Strawberry":45,"MealTicket":43,"Necronomicon":19,"Red Mask":20,"Girya":24,"Oddly Smooth Stone":17,"Pen Nib":36,"GoldenEye":12,"Question Card":47,"Peace Pipe":14,"Calling Bell":17,"CaptainsWheel":17,"Anchor":21,"Ornamental Fan":17,"Bronze Scales":7,"PureWater":0,"Pocketwatch":41},{"Darkstone Periapt":4,"Lantern":12,"Regal Pillow":15,"Whetstone":13,"Ancient Tea Set":4,"Sozu":18,"Centennial Puzzle":23,"DollysMirror":23,"Strawberry":24,"MealTicket":23,"Necronomicon":9,"Red Mask":10,"Girya":12,"Oddly Smooth Stone":8,"Pen Nib":19,"GoldenEye":5,"Question Card":26,"Peace Pipe":7,"Calling Bell":8,"CaptainsWheel":8,"Anchor":10,"Ornamental Fan":8,"Bronze Scales":4,"PureWater":0,"Pocketwatch":23},{"Darkstone Periapt":14,"Lantern":43,"Regal Pillow":56,"Whetstone":47,"Ancient Tea Set":14,"Sozu":72,"Centennial Puzzle":94,"DollysMirror":94,"Strawberry":97,"MealTicket":94,"Necronomicon":33,"Red Mask":35,"Girya":43,"Oddly Smooth Stone":30,"Pen Nib":75,"GoldenEye":18,"Question Card":106,"Peace Pipe":24,"Calling Bell":30,"CaptainsWheel":30,"Anchor":35,"Ornamental Fan":30,"Bronze Scales":14,"PureWater":0,"Pocketwatch":94}],"Pocketwatch":[17]},"card_choices":[{"not_picked":["Protect","InnerPeace"],"picked":"Consecrate","floor":1},{"not_picked":["ClearTheMind","WreathOfFlame"],"picked":"FlurryOfBlows","floor":2},{"not_picked":["Halt","FollowUp"],"picked":"CrushJoints","floor":5},{"not_picked":["Evaluate","ThirdEye"],"picked":"ClearTheMind","floor":7},{"not_picked":["Consecrate","CrushJoints"],"picked":"Alpha","floor":12},{"not_picked":["FollowUp","CutThroughFate"],"picked":"Indignation","floor":13},{"not_picked":["MasterReality","Protect"],"picked":"Wallop","floor":14},{"not_picked":["Alpha","Judgement"],"picked":"Vault","floor":16},{"not_picked":["WindmillStrike+1","WaveOfTheHand","Swivel+1"],"picked":"SKIP","floor":18},{"not_picked":["SignatureMove","Swivel"],"picked":"FlurryOfBlows","floor":20},{"not_picked":["FollowUp","ThirdEye+1"],"picked":"EmptyBody+1","floor":22},{"not_picked":["BowlingBash+1","Consecrate"],"picked":"LessonLearned","floor":24},{"not_picked":["SashWhip","Vengeance+1","LikeWater+1"],"picked":"SKIP","floor":27},{"not_picked":["WaveOfTheHand","Halt"],"picked":"MentalFortress+1","floor":28},{"not_picked":["EmptyBody","CutThroughFate"],"picked":"Conclude","floor":29},{"not_picked":["EmptyFist","Evaluate","Swivel"],"picked":"SKIP","floor":30},{"not_picked":["EmptyBody+1","SignatureMove","ClearTheMind"],"picked":"SKIP","floor":31},{"not_picked":["ConjureBlade","Establishment"],"picked":"Scrawl","floor":33},{"not_picked":["ClearTheMind+1","Prostrate+1","SandsOfTime"],"picked":"SKIP","floor":35},{"not_picked":["EmptyFist+1","ClearTheMind"],"picked":"CrushJoints+1","floor":37},{"not_picked":["SashWhip+1","Study+1","Evaluate+1"],"picked":"SKIP","floor":38},{"not_picked":["SandsOfTime+1","JustLucky+1","Vengeance+1"],"picked":"SKIP","floor":39},{"not_picked":["Protect","ThirdEye"],"picked":"Judgement","floor":45},{"not_picked":["Protect","FollowUp+1"],"picked":"BowlingBash+1","floor":46},{"not_picked":["SashWhip","Evaluate+1"],"picked":"WaveOfTheHand+1","floor":47}],"player_experience":47090,"relics_obtained":[{"floor":7,"key":"Bronze Scales"},{"floor":8,"key":"Ancient Tea Set"},{"floor":9,"key":"Darkstone Periapt"},{"floor":12,"key":"GoldenEye"},{"floor":14,"key":"Peace Pipe"},{"floor":17,"key":"Oddly Smooth Stone"},{"floor":17,"key":"Ornamental Fan"},{"floor":17,"key":"CaptainsWheel"},{"floor":19,"key":"Necronomicon"},{"floor":20,"key":"Red Mask"},{"floor":24,"key":"Girya"},{"floor":26,"key":"Lantern"},{"floor":27,"key":"Whetstone"},{"floor":29,"key":"Regal Pillow"},{"floor":41,"key":"Pocketwatch"},{"floor":43,"key":"MealTicket"},{"floor":45,"key":"Strawberry"},{"floor":47,"key":"Question Card"}],"event_choices":[{"damage_healed":0,"gold_gain":0,"cards_transformed":["Strike_P"],"player_choice":"Transformed","damage_taken":0,"max_hp_gain":0,"max_hp_loss":0,"event_name":"Transmorgrifier","floor":3,"gold_loss":0,"cards_obtained":["Consecrate"]},{"cards_removed":["Strike_P"],"damage_healed":0,"gold_gain":0,"player_choice":"Forget","damage_taken":0,"max_hp_gain":0,"max_hp_loss":0,"event_name":"Living Wall","floor":11,"gold_loss":0},{"damage_healed":0,"gold_gain":0,"player_choice":"Obtained Book","damage_taken":16,"max_hp_gain":0,"max_hp_loss":0,"event_name":"Cursed Tome","floor":19,"gold_loss":0},{"damage_healed":0,"gold_gain":0,"player_choice":"Fought Bandits","damage_taken":0,"max_hp_gain":0,"max_hp_loss":0,"event_name":"Masked Bandits","floor":20,"gold_loss":0},{"damage_healed":0,"gold_gain":0,"player_choice":"Opened","damage_taken":0,"relics_obtained":["Anchor"],"max_hp_gain":0,"max_hp_loss":0,"event_name":"The Mausoleum","floor":21,"gold_loss":0},{"damage_healed":0,"gold_gain":0,"player_choice":"Fight","damage_taken":0,"max_hp_gain":0,"max_hp_loss":0,"event_name":"MindBloom","floor":41,"gold_loss":0},{"cards_removed":["Defend_P"],"damage_healed":0,"gold_gain":0,"player_choice":"Removed Skill","damage_taken":0,"max_hp_gain":0,"max_hp_loss":0,"event_name":"Falling","floor":48,"gold_loss":0}],"is_beta":false,"boss_relics":[{"not_picked":["Empty Cage","Runic Dome"],"picked":"Calling Bell"},{"not_picked":["Astrolabe","Busted Crown"],"picked":"Sozu"}],"items_purged_floors":[4,36],"is_endless":false,"potions_floor_spawned":[2,5,13,16,20,27,31,35,38,45,47],"ascension_level":0}}