{"host":"e5u7qs1emxzejr12","time":1612862013,"event":{"mods":["100% Spire Juice","2.2 Compatiblity","Act Like it!","Arknights","Ascension Unlocker","BaseMod","CapriCore","Card Forge","Colored Powertips","Custom Start","GifTheSpireLib","Highlight Path","Lobotomy","LobotomyExtend","Minty Spire (QoL Compilation)","Monster B Gone","MostiFishMod","Quick Restart","Relic Filter Mod","Reliquary","Replay The Spire","StSLib","SuperFastMode","The Blackbeard","WarShipGirlsR/战舰少女R mod","篝火指南"],"gold_per_floor":[118,118,131,202,212,240,258,287,287,287,8,8,8,21,21,93,93,109,124,124,124],"floor_reached":20,"language":"ZHS","playtime":941,"items_purged":[],"score":368,"play_id":"59237305-9c7c-48e7-8ae1-5a5403914941","local_time":"20210209171333","is_ascension_mode":true,"campfire_choices":[{"floor":10.0,"key":"REST"},{"floor":15.0,"key":"RECALL"}],"circlet_count":0,"master_deck":["AscendersBane","Strike_B+1","Strike_B+1","Defend_B+1","Defend_B+1","Zap+1","Dualcast+1","Storm+1","BasicCrystalCard+1","BasicCrystalCard+1","FIFO Queue+1","MostiFishMod:GatherIntelligence+1","Self Repair+1","MostiFishMod:StarOceanB+1","Biased Cognition+1","Reboot+1"],"relics":["Cracked Core","Hammer of Thor","Seething Fire","Anvil of the Gods","DaveBox","CogitoBucket","ThornShield","SynthV:TestCard","LetterFromLob","Onion Ring","reliquary:QuartzCube","Potion Belt","Quantum Egg","Mummified Hand","Replay:Ancient Bell","Orichalcum","Gremlin Horn","Counterbalance","LaetitiaHeart"],"acts_visited":["Exordium","TheCity"],"potions_floor_usage":[],"damage_taken":[{"damage":14.0,"enemies":"2 Louse","floor":1.0,"turns":2.0},{"damage":4.0,"enemies":"Jaw Worm","floor":3.0,"turns":2.0},{"damage":0.0,"enemies":"Cultist","floor":5.0,"turns":2.0},{"damage":12.0,"enemies":"Gremlin Nob","floor":6.0,"turns":3.0},{"damage":14.0,"enemies":"Exordium Thugs","floor":7.0,"turns":3.0},{"damage":2.0,"enemies":"3 Sentries","floor":8.0,"turns":6.0},{"damage":12.0,"enemies":"Blue Slaver","floor":14.0,"turns":5.0},{"damage":34.0,"enemies":"Fading Forest","floor":16.0,"turns":13.0},{"damage":19.0,"enemies":"Shell Parasite","floor":18.0,"turns":3.0},{"damage":0.0,"enemies":"3 Byrds","floor":19.0,"turns":3.0},{"damage":2,"enemies":"3 Byrds","floor":20,"turns":2},{"damage":2,"enemies":"3 Byrds","floor":20,"turns":2}],"seed_played":"-8103991143358510697","potions_obtained":[{"floor":3.0,"key":"EssenceOfDarkness"},{"floor":7.0,"key":"Cursed Concoction"},{"floor":8.0,"key":"Flashbang"},{"floor":14.0,"key":"ColorlessPotion"}],"is_trial":false,"path_per_floor":["M","?","M","T","M","E","M","E","T","R","$","$","$","M","R","B",null,"M","M","?"],"character_chosen":"DEFECT","items_purchased":["Mummified Hand"],"campfire_rested":1,"item_purchase_floors":[11],"current_hp_per_floor":[50,40,36,36,36,24,10,8,8,29,29,29,29,27,27,11,56,47,57,0,0],"gold":124,"neow_bonus":"","is_daily":false,"chose_seed":false,"campfire_upgraded":0,"win_rate":0.0,"timestamp":1612862013,"path_taken":["M","?","?","?","M","E","?","E","T","R","$","?","$","M","R","BOSS","M","M","?"],"items_purchased_type":["Relic"],"build_version":"2020-12-22","purchased_purges":0,"victory":false,"max_hp_per_floor":[71,71,71,71,71,71,71,71,71,71,71,71,71,71,71,71,71,71,71,71,71],"card_choices":[{"not_picked":["Conserve Battery","MostiFishMod:PushDownKick"],"picked":"Storm","floor":1.0},{"not_picked":["Leap","Panic Button","Go for the Eyes","Conserve Battery"],"picked":"BasicCrystalCard","floor":3.0},{"not_picked":["Redo","Conserve Battery","Barrage","Hologram"],"picked":"BasicCrystalCard","floor":5.0},{"not_picked":["ReplaySort","MostiFishMod:Impulse","MostiFishMod:FluxCapactior","Rebound"],"picked":"FIFO Queue","floor":6.0},{"not_picked":["Turbo","Steam Power","Tempest","Go for the Eyes"],"picked":"MostiFishMod:GatherIntelligence","floor":7.0},{"not_picked":["Redo","Coolheaded","Go for the Eyes","ReplayTheSpireMod:GoodbyeWorld"],"picked":"Self Repair","floor":8.0},{"not_picked":["Reprogram","Streamline","Sunder","MostiFishMod:LinkProtocol"],"picked":"MostiFishMod:StarOceanB","floor":14.0},{"not_picked":["Multi-Cast","Rainbow","MostiFishMod:Culaccino","MostiFishMod:DeathFromBelow"],"picked":"Biased Cognition","floor":16.0},{"not_picked":["Languid","ReplayTheSpireMod:IOU","Pain","Shame"],"picked":"Normality","floor":17.0},{"not_picked":["Clumsy","ReplayTheSpireMod:IOU","Overencumbered","Spreading Infection"],"picked":"Amnesia","floor":17.0},{"not_picked":["Writhe","Parasite","Voices","CurseOfTheBell"],"picked":"Amnesia","floor":17.0},{"not_picked":["BasicCrystalCard","MostiFishMod:PushDownKick","Steam","Leap","Auto Shields"],"picked":"SKIP","floor":18.0},{"not_picked":["Compile Driver","Panic Button","Beam Cell","Sweeping Beam"],"picked":"Reboot","floor":19.0}],"player_experience":94764,"relics_obtained":[{"floor":1.0,"key":"SynthV:TestCard"},{"floor":1.0,"key":"LetterFromLob"},{"floor":4.0,"key":"Onion Ring"},{"floor":6.0,"key":"reliquary:QuartzCube"},{"floor":8.0,"key":"Potion Belt"},{"floor":9.0,"key":"Quantum Egg"}],"event_choices":[{"damage_healed":0.0,"max_hp_gain":0.0,"max_hp_loss":0.0,"gold_gain":0.0,"event_name":"Wheel of Change","player_choice":"Damaged","floor":2.0,"gold_loss":0.0,"damage_taken":10.0}],"is_beta":false,"boss_relics":[{"not_picked":["SacredBark","reliquary:RedCape"],"picked":"Replay:Ancient Bell"},{"not_picked":["War Paint","ReplayTheSpireMod:Lightbulb"],"picked":"Orichalcum"},{"not_picked":["reliquary:Firecrackers","Molten Egg 2"],"picked":"Gremlin Horn"},{"not_picked":["Replay:Arrowhead","CaptainsWheel"],"picked":"Counterbalance"}],"items_purged_floors":[],"is_endless":false,"potions_floor_spawned":[3,7,8,14,20],"killed_by":"3 Byrds","ascension_level":20}}