{"host":"am551fa6890rb9vo","time":1612886905,"event":{"mods":["BaseMod","DeckTracker","Minty Spire (QoL Compilation)","Morshu Shopkeeper - ENHANCED","Rare Cards Sparkle","Relic Stats","Smile Girya","StSLib","The IronCluck","everything is the same but u backflip on backflip","slay the spire mod where everything is the same but ironclad has a cowboy hat"],"gold_per_floor":[160,180,193,118,134,166,166,198,198,217,246,258,258,433,433,536,536,556,400,415,172,172,203,203,223,223,243,263,283,309,325,325,325,325],"floor_reached":33,"language":"ENG","playtime":2594,"items_purged":["Strike_G","Strike_G"],"score":327,"play_id":"9c40beae-e14b-44d4-ae4a-e5d611d7eb20","local_time":"20210209160825","is_ascension_mode":true,"campfire_choices":[{"data":"Footwork","floor":7,"key":"SMITH"},{"data":"Calculated Gamble","floor":13,"key":"SMITH"},{"floor":15,"key":"REST"},{"data":"After Image","floor":24,"key":"SMITH"},{"floor":32,"key":"REST"}],"circlet_count":0,"master_deck":["Strike_G","Strike_G","Strike_G","Defend_G+1","Defend_G","Defend_G","Defend_G","Defend_G","Survivor","Neutralize+1","Endless Agony","Riddle With Holes","Dash","Footwork+1","Calculated Gamble+1","After Image+1","Dagger Spray","Doubt","After Image","Blur","Blade Dance+1","Footwork+1","RitualDagger","Blade Dance"],"relics":["Tiny House","Boot","Pantograph","White Beast Statue","Sundial","Busted Crown","Orrery","Centennial Puzzle","Bottled Flame","Prayer Wheel","War Paint"],"acts_visited":["Exordium","TheCity"],"potions_floor_usage":[6,10,16,23,25,30,30,31],"damage_taken":[{"damage":1,"enemies":"Cultist","floor":1,"turns":4},{"damage":0,"enemies":"Jaw Worm","floor":2,"turns":4},{"damage":0,"enemies":"2 Louse","floor":3,"turns":4},{"damage":5,"enemies":"Looter","floor":5,"turns":3},{"damage":16,"enemies":"Lagavulin","floor":6,"turns":7},{"damage":15,"enemies":"Gremlin Nob","floor":8,"turns":5},{"damage":2,"enemies":"Blue Slaver","floor":10,"turns":2},{"damage":4,"enemies":"3 Sentries","floor":11,"turns":9},{"damage":0,"enemies":"Exordium Wildlife","floor":12,"turns":3},{"damage":23,"enemies":"Slime Boss","floor":16,"turns":14},{"damage":2,"enemies":"Chosen","floor":18,"turns":6},{"damage":0,"enemies":"3 Byrds","floor":20,"turns":3},{"damage":34,"enemies":"Slavers","floor":23,"turns":10},{"damage":11,"enemies":"Centurion and Healer","floor":25,"turns":9},{"damage":0,"enemies":"Shelled Parasite and Fungi","floor":27,"turns":9},{"damage":6,"enemies":"Cultist and Chosen","floor":28,"turns":8},{"damage":8,"enemies":"Snake Plant","floor":29,"turns":6},{"damage":13,"enemies":"Gremlin Leader","floor":30,"turns":8},{"damage":0,"enemies":"Chosen and Byrds","floor":31,"turns":7},{"damage":69,"enemies":"Champ","floor":33,"turns":23}],"seed_played":"-3386974869033873512","potions_obtained":[{"floor":0,"key":"PowerPotion"},{"floor":1,"key":"PowerPotion"},{"floor":3,"key":"Poison Potion"},{"floor":6,"key":"Ancient Potion"},{"floor":10,"key":"Ancient Potion"},{"floor":11,"key":"Strength Potion"},{"floor":16,"key":"CunningPotion"},{"floor":18,"key":"GhostInAJar"},{"floor":20,"key":"Energy Potion"},{"floor":23,"key":"Regen Potion"},{"floor":25,"key":"Dexterity Potion"},{"floor":29,"key":"GhostInAJar"},{"floor":30,"key":"GamblersBrew"},{"floor":31,"key":"Ancient Potion"}],"is_trial":false,"path_per_floor":["M","M","M","$","M","E","R","E","T","M","E","M","R","?","R","B",null,"M","$","M","$","?","E","R","M","T","M","M","M","E","M","R","B"],"character_chosen":"THE_SILENT","items_purchased":["Orrery","Centennial Puzzle"],"campfire_rested":2,"item_purchase_floors":[19,21],"current_hp_per_floor":[74,74,74,74,69,53,53,38,38,36,32,32,32,32,54,52,75,73,73,73,73,67,33,33,37,37,37,31,23,10,10,32,0,0],"gold":325,"neow_bonus":"BOSS_RELIC","is_daily":false,"chose_seed":false,"campfire_upgraded":3,"win_rate":0.0,"timestamp":1612886905,"path_taken":["M","M","M","$","?","E","R","E","T","M","E","M","R","?","R","BOSS","M","$","M","$","?","E","R","M","T","M","M","M","E","M","R","BOSS"],"items_purchased_type":["Relic","Relic"],"build_version":"2020-12-22","purchased_purges":2,"victory":false,"max_hp_per_floor":[75,75,75,75,75,75,75,75,75,75,75,75,75,75,75,75,75,75,75,75,75,75,75,75,75,75,75,75,75,75,75,75,75,75],"relic_stats":{"Centennial Puzzle":[19],"Busted Crown":36,"counters":[20,144],"Sundial":[14],"Pantograph":46,"Prayer Wheel":4,"War Paint":["Blade Dance","Defend_G"],"Boot":[589],"obtain_stats":[{"Centennial Puzzle":21,"Bottled Flame":23,"Tiny House":0,"Busted Crown":17,"Sundial":11,"Pantograph":8,"Orrery":19,"Prayer Wheel":26,"War Paint":30,"Boot":6,"White Beast Statue":9,"Ring of the Snake":0},{"Centennial Puzzle":12,"Bottled Flame":13,"Tiny House":0,"Busted Crown":10,"Sundial":8,"Pantograph":6,"Orrery":11,"Prayer Wheel":14,"War Paint":18,"Boot":5,"White Beast Statue":6,"Ring of the Snake":0},{"Centennial Puzzle":64,"Bottled Flame":74,"Tiny House":0,"Busted Crown":55,"Sundial":38,"Pantograph":27,"Orrery":61,"Prayer Wheel":83,"War Paint":114,"Boot":22,"White Beast Statue":27,"Ring of the Snake":0}]},"card_choices":[{"not_picked":["Underhanded Strike","Expertise"],"picked":"Endless Agony","floor":0},{"not_picked":["Flechettes","Flying Knee"],"picked":"Riddle With Holes","floor":1},{"not_picked":["Underhanded Strike","Flechettes","Masterful Stab"],"picked":"SKIP","floor":2},{"not_picked":["Quick Slash","Cloak And Dagger"],"picked":"Dash","floor":3},{"not_picked":["Masterful Stab","Cloak And Dagger","Bane"],"picked":"SKIP","floor":5},{"not_picked":["Doppelganger","Blur"],"picked":"Footwork","floor":6},{"not_picked":["All Out Attack","Dash"],"picked":"Calculated Gamble","floor":8},{"not_picked":["Escape Plan","Expertise","Flying Knee"],"picked":"SKIP","floor":10},{"not_picked":["Flying Knee","Deadly Poison"],"picked":"After Image","floor":11},{"not_picked":["Cloak And Dagger","Dodge and Roll"],"picked":"Dagger Spray","floor":12},{"not_picked":["Doppelganger","Unload"],"picked":"After Image","floor":16},{"not_picked":["Backflip"],"picked":"SKIP","floor":18},{"not_picked":[],"picked":"Blur","floor":19},{"not_picked":[],"picked":"Blade Dance","floor":19},{"not_picked":[],"picked":"Footwork+1","floor":20},{"not_picked":["Footwork"],"picked":"SKIP","floor":23},{"not_picked":["Footwork"],"picked":"SKIP","floor":23},{"not_picked":["Deflect"],"picked":"SKIP","floor":25},{"not_picked":[],"picked":"Blade Dance","floor":27},{"not_picked":["PiercingWail"],"picked":"SKIP","floor":27},{"not_picked":["Flying Knee+1"],"picked":"SKIP","floor":28},{"not_picked":["Distraction"],"picked":"SKIP","floor":28},{"not_picked":["Outmaneuver+1"],"picked":"SKIP","floor":29},{"not_picked":["Outmaneuver+1"],"picked":"SKIP","floor":29},{"not_picked":["Slice"],"picked":"SKIP","floor":30},{"not_picked":["Expertise+1"],"picked":"SKIP","floor":31},{"not_picked":["Bane"],"picked":"SKIP","floor":31}],"player_experience":61785,"relics_obtained":[{"floor":6,"key":"Boot"},{"floor":8,"key":"Pantograph"},{"floor":9,"key":"White Beast Statue"},{"floor":11,"key":"Sundial"},{"floor":23,"key":"Bottled Flame"},{"floor":26,"key":"Prayer Wheel"},{"floor":30,"key":"War Paint"}],"event_choices":[{"damage_healed":0,"gold_gain":175,"player_choice":"AGREE","damage_taken":0,"max_hp_gain":0,"max_hp_loss":0,"event_name":"Liars Game","floor":14,"gold_loss":0,"cards_obtained":["Doubt"]},{"damage_healed":0,"gold_gain":0,"player_choice":"Joined the Cult","damage_taken":6,"max_hp_gain":0,"max_hp_loss":0,"event_name":"Nest","floor":22,"gold_loss":0,"cards_obtained":["RitualDagger"]}],"is_beta":false,"boss_relics":[{"not_picked":["Velvet Choker","Cursed Key"],"picked":"Busted Crown"}],"items_purged_floors":[4,21],"is_endless":false,"potions_floor_spawned":[1,3,6,10,11,12,16,18,20,23,25,27,28,29,30,31],"killed_by":"Champ","ascension_level":1}}