{"host":"szp1d6dso4pv7ddl","time":1612851499,"event":{"mods":["AchievementEnabler","Alarm Clock","BaseMod","Bestiary","Block Reminder","Colored Map","Colored Powertips","Curses Come First","Dark Map","Displayed Cursed Tome","Highlight Path","Minty Spire (QoL Compilation)","Permanent Neow","Quick Restart","Relic Sorter","Relic Stats","StSLib","Synergy Search"],"gold_per_floor":[117,137,155,155,170,170,183,183,210,210,245,265,265,265],"floor_reached":13,"language":"ENG","playtime":544,"items_purged":[],"score":165,"play_id":"dd96ee7f-9b39-4232-a2f0-3214c6e011b8","local_time":"20210208221819","is_ascension_mode":true,"campfire_choices":[{"data":"Blade Dance","floor":6.0,"key":"SMITH"},{"data":"Catalyst","floor":8.0,"key":"SMITH"},{"data":"Bouncing Flask","floor":10.0,"key":"SMITH"}],"circlet_count":0,"master_deck":["AscendersBane","Strike_G","Strike_G","Strike_G","Strike_G","Strike_G","Defend_G","Defend_G","Defend_G","Defend_G","Defend_G","Survivor","Neutralize","Catalyst+1","Dodge and Roll","Dash","Blade Dance+1","Bouncing Flask+1","Well Laid Plans","PiercingWail"],"relics":["Sozu","Happy Flower","Dream Catcher"],"acts_visited":["Exordium"],"potions_floor_usage":[],"damage_taken":[{"damage":0.0,"enemies":"Cultist","floor":1.0,"turns":4.0},{"damage":4.0,"enemies":"Small Slimes","floor":2.0,"turns":4.0},{"damage":5.0,"enemies":"2 Louse","floor":3.0,"turns":6.0},{"damage":1.0,"enemies":"2 Fungi Beasts","floor":5.0,"turns":4.0},{"damage":0.0,"enemies":"Blue Slaver","floor":7.0,"turns":3.0},{"damage":26.0,"enemies":"Gremlin Nob","floor":11.0,"turns":4.0},{"damage":17,"enemies":"Gremlin Gang","floor":12,"turns":4},{"damage":10,"enemies":"3 Sentries","floor":13,"turns":2}],"seed_played":"9152171829459208177","potions_obtained":[],"is_trial":false,"path_per_floor":["M","M","M","$","M","R","M","R","T","R","E","M","E"],"character_chosen":"THE_SILENT","items_purchased":[],"campfire_rested":0,"item_purchase_floors":[],"current_hp_per_floor":[59,55,50,50,49,49,49,49,49,49,23,6,0,0],"gold":265,"neow_bonus":"BOSS_RELIC","is_daily":false,"chose_seed":false,"campfire_upgraded":3,"win_rate":0.0,"timestamp":1612851499,"path_taken":["M","M","M","$","M","R","M","R","T","R","E","M","E"],"items_purchased_type":[],"build_version":"2020-12-22","purchased_purges":0,"victory":false,"max_hp_per_floor":[66,66,66,66,66,66,66,66,66,66,66,66,66,66],"relic_stats":{"Sozu":2,"Dream Catcher":0,"Happy Flower":[3],"counters":[8,31],"obtain_stats":[{"Sozu":0,"Dream Catcher":11,"Happy Flower":9,"Ring of the Snake":0},{"Sozu":0,"Dream Catcher":6,"Happy Flower":5,"Ring of the Snake":0},{"Sozu":0,"Dream Catcher":25,"Happy Flower":21,"Ring of the Snake":0}]},"card_choices":[{"not_picked":["Slice","Underhanded Strike"],"picked":"Catalyst","floor":1.0},{"not_picked":["Choke","Slice"],"picked":"Dodge and Roll","floor":2.0},{"not_picked":["Outmaneuver","Slice"],"picked":"Dash","floor":3.0},{"not_picked":["Quick Slash","Bane"],"picked":"Blade Dance","floor":5.0},{"not_picked":["Deadly Poison","Underhanded Strike"],"picked":"Bouncing Flask","floor":7.0},{"not_picked":["Underhanded Strike","Bouncing Flask"],"picked":"Well Laid Plans","floor":11.0},{"not_picked":["Heel Hook","Flying Knee"],"picked":"PiercingWail","floor":12}],"player_experience":1410557,"relics_obtained":[{"floor":9.0,"key":"Happy Flower"},{"floor":11.0,"key":"Dream Catcher"}],"event_choices":[],"is_beta":false,"boss_relics":[],"items_purged_floors":[],"is_endless":false,"potions_floor_spawned":[3,5],"killed_by":"3 Sentries","ascension_level":18}}