{"host":"41vgbr386mrj4p17","time":1612879693,"event":{"mods":["AchievementEnabler","AlwaysNeverKeys","BaseMod","Bestiary","Better Altar","Better Match","Better Note","Better Sensory Stone","Better Skull","Better Third Choice","Colored Map","Curses Come First","Downfall","Googly Eyes","Hermit","Highlight Path","Minty Spire (QoL Compilation)","Shade Mod","StSLib","The Cursed"],"gold_per_floor":[110,110,126,51,66,82,82,118,143,163,163,163],"floor_reached":11,"language":"ENG","playtime":743,"items_purged":["TheCursedMod:Defend_TheCursed"],"score":105,"play_id":"5d34ea4d-c587-441a-8853-9bc3c29c2268","local_time":"20210209090813","is_ascension_mode":true,"campfire_choices":[{"data":"TheCursedMod:CleanUpWorkshop","floor":7,"key":"SMITH"}],"circlet_count":0,"master_deck":["TheCursedMod:Strike_TheCursed","TheCursedMod:Strike_TheCursed","TheCursedMod:Strike_TheCursed","TheCursedMod:Defend_TheCursed","TheCursedMod:Defend_TheCursed","TheCursedMod:CursedWand","TheCursedMod:CleanUpWorkshop+1","TheCursedMod:Dregs","TheCursedMod:CursedSpellbook","Injury","TheCursedMod:CircleOfBlood","TheCursedMod:SurpriseAttack","TheCursedMod:SurpriseAttack","TheCursedMod:SoulReap"],"relics":["TheCursedMod:BlackMagic101","Golden Idol","Nunchaku","Ancient Tea Set"],"acts_visited":["Exordium"],"potions_floor_usage":[8,11],"damage_taken":[{"damage":2,"enemies":"Small Slimes","floor":1,"turns":4},{"damage":0,"enemies":"2 Louse","floor":3,"turns":3},{"damage":2,"enemies":"Jaw Worm","floor":5,"turns":4},{"damage":23,"enemies":"Large Slime","floor":6,"turns":9},{"damage":32,"enemies":"3 Sentries","floor":8,"turns":12},{"damage":2,"enemies":"Looter","floor":10,"turns":2},{"damage":34,"enemies":"Lagavulin","floor":11,"turns":5}],"seed_played":"7496801201624418536","potions_obtained":[{"floor":5,"key":"Block Potion"},{"floor":6,"key":"Block Potion"},{"floor":10,"key":"LiquidBronze"}],"is_trial":false,"path_per_floor":["M","?","M","$","M","M","R","E","T","M","E"],"character_chosen":"THE_CURSED","items_purchased":[],"campfire_rested":0,"item_purchase_floors":[],"current_hp_per_floor":[48,48,48,48,50,33,33,3,3,7,0,0],"gold":163,"neow_bonus":"REMOVE_TWO","is_daily":false,"chose_seed":false,"campfire_upgraded":1,"win_rate":0.0,"timestamp":1612879693,"path_taken":["M","?","M","$","M","M","R","E","T","M","E"],"items_purchased_type":[],"build_version":"2020-12-22","purchased_purges":1,"victory":false,"max_hp_per_floor":[75,75,75,75,75,75,75,75,75,75,75,75],"card_choices":[{"not_picked":["TheCursedMod:Torture","TheCursedMod:CursedArmor"],"picked":"TheCursedMod:CursedSpellbook","floor":1},{"not_picked":["TheCursedMod:Wield","TheCursedMod:CursedShiv"],"picked":"TheCursedMod:CircleOfBlood","floor":3},{"not_picked":["TheCursedMod:CursedAmulet","TheCursedMod:CursedSpellbook","TheCursedMod:Evocation"],"picked":"SKIP","floor":5},{"not_picked":["TheCursedMod:AbyssShockwave","TheCursedMod:SmokeScreen"],"picked":"TheCursedMod:SurpriseAttack","floor":6},{"not_picked":["TheCursedMod:Torture","TheCursedMod:CircleOfFlame"],"picked":"TheCursedMod:SurpriseAttack","floor":8},{"not_picked":["TheCursedMod:AbyssShockwave","TheCursedMod:SurpriseAttack"],"picked":"TheCursedMod:SoulReap","floor":10}],"player_experience":1064623,"relics_obtained":[{"floor":8,"key":"Nunchaku"},{"floor":9,"key":"Ancient Tea Set"}],"event_choices":[{"damage_healed":0,"gold_gain":0,"player_choice":"Take Wound","damage_taken":0,"relics_obtained":["Golden Idol"],"max_hp_gain":0,"max_hp_loss":0,"event_name":"Golden Idol","floor":2,"gold_loss":0,"cards_obtained":["Injury"]}],"is_beta":false,"boss_relics":[],"items_purged_floors":[4],"is_endless":false,"potions_floor_spawned":[5,6,10],"killed_by":"Lagavulin","ascension_level":8}}