{"host":"kx62hxkutszy5nb0","time":1612869509,"event":{"mods":["2.2 Compatiblity","AchievementEnabler","Aspiration","BaseMod","Better Altar","Better Match","Better Note","Better Sensory Stone","Better Skull","Better Third Choice","Better Vampires","CCEM2","Colored Map","Colored Powertips","Conspire","Custom Start","Dark Map","Defuse TimeMaze Blight","Displayed Cursed Tome","Downfall","Fiend Mod","Hermit","Hubris","Infinite Spire","Jorbs\u0027s Wanderer Trilogy","Koishi","Marked Mod","Minty Spire (QoL Compilation)","Prisma Mod","Relic Sorter","Relic Stats","Replay The Spire","Shade Mod","Shop Mod","Spikes Relics","StSLib","Td1madao Mod","The Alterego","The Construct","The Cursed","The Exalted","The Forsaken","The Judge","The Jungle","The Marked","TheSwordswoman","TheVacant","Uncapped","Virulent Crown","Yuri Mod","everything is the same but u backflip on backflip"],"gold_per_floor":[109,109,127,144,144,69,86,117,164,164,164,180,180,214,214,317,317,317,317],"floor_reached":18,"language":"ENG","playtime":766,"items_purged":["Sickly"],"score":170,"play_id":"711bf4e3-522e-4942-8805-b5fdb540e3d3","local_time":"20210209211829","is_ascension_mode":false,"campfire_choices":[{"floor":13,"key":"REST"},{"floor":15,"key":"RECALL"}],"circlet_count":0,"master_deck":["Strike_P","Strike_P","Strike_P","Strike_P","Defend_P","Defend_P","Defend_P","Defend_P","Eruption","Vigilance","MarkedMod:PinPointDefense","PathToVictory","MarkedMod:Acupuncture","ThirdEye","LikeWater","InnerPeace","LikeWater","ConjureBlade"],"relics":["PureWater","NeowsBlessing","Ring of Searing","Letter Opener","CCEMRelics:PorcelainBowl","Bromod:ArcaneConsequence","Eternal Feather","CCEMRelics:TransientCore"],"acts_visited":["Exordium","TheCity"],"potions_floor_usage":[8],"damage_taken":[{"damage":0,"enemies":"Jaw Worm","floor":1,"turns":1},{"damage":0,"enemies":"Small Slimes","floor":3,"turns":1},{"damage":0,"enemies":"conspire:RoseBush","floor":4,"turns":1},{"damage":18,"enemies":"Exordium Wildlife","floor":7,"turns":5},{"damage":14,"enemies":"3 Sentries","floor":8,"turns":9},{"damage":7,"enemies":"3 Louse","floor":12,"turns":3},{"damage":2,"enemies":"Replay:BlueRogue","floor":14,"turns":5},{"damage":37,"enemies":"Fading Forest","floor":16,"turns":11},{"damage":0,"enemies":"conspire:FuzzyDice","floor":18,"turns":1}],"seed_played":"2612170684802907644","potions_obtained":[{"floor":3,"key":"AttackPotion"},{"floor":16,"key":"BlessingOfTheForge"}],"is_trial":false,"path_per_floor":["M","?","M","M","?","$","M","E","T","?","$","M","R","E","R","B",null,"M"],"character_chosen":"WATCHER","items_purchased":[],"campfire_rested":1,"item_purchase_floors":[],"current_hp_per_floor":[72,72,72,72,72,72,54,40,40,40,40,33,54,52,61,34,72,78,78],"gold":317,"neow_bonus":"THREE_ENEMY_KILL","is_daily":false,"chose_seed":false,"campfire_upgraded":0,"win_rate":0.0,"timestamp":1612869509,"path_taken":["M","?","M","M","?","$","M","E","T","?","$","M","R","E","R","BOSS","M"],"items_purchased_type":[],"build_version":"2020-12-22","purchased_purges":1,"victory":false,"max_hp_per_floor":[72,72,72,72,72,72,72,72,72,72,72,72,72,72,72,72,72,78,78],"relic_stats":{"counters":[9,37],"Eternal Feather":9,"Letter Opener":[59],"obtain_stats":[{"CCEMRelics:TransientCore":17,"CCEMRelics:PorcelainBowl":9,"NeowsBlessing":0,"Eternal Feather":14,"Letter Opener":8,"PureWater":0,"Bromod:ArcaneConsequence":10,"Ring of Searing":2},{"CCEMRelics:TransientCore":8,"CCEMRelics:PorcelainBowl":5,"NeowsBlessing":0,"Eternal Feather":7,"Letter Opener":5,"PureWater":0,"Bromod:ArcaneConsequence":5,"Ring of Searing":1},{"CCEMRelics:TransientCore":36,"CCEMRelics:PorcelainBowl":17,"NeowsBlessing":0,"Eternal Feather":25,"Letter Opener":17,"PureWater":0,"Bromod:ArcaneConsequence":17,"Ring of Searing":1}]},"card_choices":[{"not_picked":["ClearTheMind","Worship"],"picked":"MarkedMod:PinPointDefense","floor":1},{"not_picked":["CarveReality","Collect"],"picked":"PathToVictory","floor":3},{"not_picked":["EmptyFist","LikeWater"],"picked":"MarkedMod:Acupuncture","floor":4},{"not_picked":["Replay:ManipulateFuture","CutThroughFate"],"picked":"ThirdEye","floor":7},{"not_picked":["BowlingBash","SignatureMove"],"picked":"LikeWater","floor":8},{"not_picked":["JustLucky","CutThroughFate"],"picked":"InnerPeace","floor":12},{"not_picked":["Crescendo","Evaluate"],"picked":"LikeWater","floor":14},{"not_picked":["Vault","LessonLearned"],"picked":"ConjureBlade","floor":16}],"player_experience":743449,"relics_obtained":[{"floor":2,"key":"Ring of Searing"},{"floor":8,"key":"Letter Opener"},{"floor":9,"key":"CCEMRelics:PorcelainBowl"},{"floor":14,"key":"Eternal Feather"}],"event_choices":[{"damage_healed":0,"gold_gain":0,"player_choice":"Searched \u00272\u0027 times","damage_taken":0,"relics_obtained":["Bromod:ArcaneConsequence"],"max_hp_gain":0,"max_hp_loss":0,"event_name":"Dead Adventurer","floor":10,"gold_loss":0}],"is_beta":false,"boss_relics":[{"not_picked":["hubris:CrackedHourglass","Runic Dome"],"picked":"CCEMRelics:TransientCore"}],"items_purged_floors":[6],"is_endless":false,"potions_floor_spawned":[3,16],"killed_by":"conspire:FuzzyDice","ascension_level":0}}