{"host":"tner83jrcdd0m6a5","time":1612883633,"event":{"mods":["AchievementEnabler","BaseMod","Bestiary","Colored Map","Colored Powertips","DeckTracker","Highlight Path","Keyboard Shortcuts","Minty Spire (QoL Compilation)","Quick Restart","Rare Cards Sparkle","Relic Stats","Slay-I","SuperFastMode"],"gold_per_floor":[118,129,54,73,73,73,83,83,106,106,121,132,56,73,73,177,177,192,203,218,218,218],"floor_reached":21,"language":"ENG","playtime":810,"items_purged":["Strike_G"],"score":201,"play_id":"a9fb246d-59e4-497a-92c7-6051b832be7f","local_time":"20210209151353","is_ascension_mode":true,"campfire_choices":[{"data":"Backstab","floor":6.0,"key":"SMITH"},{"data":"Defend_G","floor":8.0,"key":"SMITH"},{"data":"Defend_G","floor":10.0,"key":"SMITH"},{"data":"Cloak And Dagger","floor":15.0,"key":"SMITH"}],"circlet_count":0,"master_deck":["Strike_G","Strike_G","Defend_G","Defend_G","Defend_G+1","Defend_G+1","Defend_G+1","Survivor+1","Neutralize+1","Backstab+1","Cloak And Dagger+1","Finisher","Storm of Steel","Cloak And Dagger","Infinite Blades"],"relics":["Ring of the Snake","War Paint","MealTicket","Empty Cage"],"acts_visited":["TheCity"],"potions_floor_usage":[18],"damage_taken":[{"damage":0.0,"enemies":"Jaw Worm","floor":1.0,"turns":5.0},{"damage":0.0,"enemies":"Cultist","floor":2.0,"turns":3.0},{"damage":0.0,"enemies":"Small Slimes","floor":4.0,"turns":3.0},{"damage":0.0,"enemies":"Looter","floor":7.0,"turns":3.0},{"damage":0.0,"enemies":"2 Fungi Beasts","floor":11.0,"turns":3.0},{"damage":0.0,"enemies":"Lots of Slimes","floor":12.0,"turns":5.0},{"damage":0.0,"enemies":"Looter","floor":14.0,"turns":3.0},{"damage":30.0,"enemies":"The Guardian","floor":16.0,"turns":20.0},{"damage":19,"enemies":"2 Thieves","floor":18,"turns":3},{"damage":9,"enemies":"Shell Parasite","floor":19,"turns":7},{"damage":27,"enemies":"Snecko","floor":20,"turns":7},{"damage":20,"enemies":"3 Cultists","floor":21,"turns":4}],"seed_played":"2537837682966168230","potions_obtained":[{"floor":1.0,"key":"GamblersBrew"},{"floor":7.0,"key":"SkillPotion"},{"floor":11.0,"key":"GamblersBrew"},{"floor":16.0,"key":"DuplicationPotion"},{"floor":20,"key":"PowerPotion"}],"is_trial":false,"path_per_floor":["M","M","$","M","?","R","M","R","T","R","M","M","$","M","R","B",null,"M","M","M","M"],"character_chosen":"THE_SILENT","items_purchased":["Finisher"],"campfire_rested":0,"item_purchase_floors":[13],"current_hp_per_floor":[70,70,70,70,70,70,70,70,70,70,70,70,70,70,70,40,70,51,42,15,0,0],"gold":218,"neow_bonus":"UPGRADE_CARD","is_daily":false,"chose_seed":false,"campfire_upgraded":4,"win_rate":0.0,"timestamp":1612883633,"path_taken":["M","M","$","M","?","R","M","R","T","R","M","M","$","M","R","BOSS","M","M","?","M"],"items_purchased_type":["Card"],"build_version":"2020-12-22","purchased_purges":1,"victory":false,"max_hp_per_floor":[70,70,70,70,70,70,70,70,70,70,70,70,70,70,70,70,70,70,70,70,70,70],"relic_stats":{"counters":[12,66],"MealTicket":0,"War Paint":["Defend_G","Survivor"],"obtain_stats":[{"MealTicket":9,"War Paint":5,"Empty Cage":17,"Ring of the Snake":0},{"MealTicket":4,"War Paint":3,"Empty Cage":8,"Ring of the Snake":0},{"MealTicket":14,"War Paint":11,"Empty Cage":45,"Ring of the Snake":0}],"Ring of the Snake":[24]},"card_choices":[{"not_picked":["Deflect","All Out Attack"],"picked":"Backstab","floor":1.0},{"not_picked":["Deadly Poison","Choke","Eviscerate"],"picked":"SKIP","floor":2.0},{"not_picked":["Bane","Dodge and Roll","Deadly Poison"],"picked":"SKIP","floor":4.0},{"not_picked":["Sucker Punch","Bane","Flying Knee"],"picked":"SKIP","floor":7.0},{"not_picked":["Blade Dance","Dodge and Roll"],"picked":"Cloak And Dagger","floor":11.0},{"not_picked":["Deadly Poison","Sucker Punch","PiercingWail"],"picked":"SKIP","floor":12.0},{"not_picked":["Caltrops","Deflect","Quick Slash"],"picked":"SKIP","floor":14.0},{"not_picked":["Doppelganger","Grand Finale"],"picked":"Storm of Steel","floor":16.0},{"not_picked":["PiercingWail+1","Accuracy"],"picked":"Cloak And Dagger","floor":18},{"not_picked":["Eviscerate","Dagger Spray"],"picked":"Infinite Blades","floor":19},{"not_picked":["Riddle With Holes","Reflex+1","Dodge and Roll"],"picked":"SKIP","floor":20}],"player_experience":371381,"relics_obtained":[{"floor":9.0,"key":"MealTicket"}],"event_choices":[{"damage_healed":0.0,"max_hp_gain":0.0,"max_hp_loss":0.0,"gold_gain":0.0,"event_name":"WeMeetAgain","player_choice":"Gave Potion","floor":5.0,"gold_loss":0.0,"damage_taken":0.0,"relics_obtained":["War Paint"]}],"is_beta":false,"boss_relics":[{"not_picked":["Tiny House","SlaversCollar"],"picked":"Empty Cage"}],"items_purged_floors":[3],"is_endless":false,"potions_floor_spawned":[1,7,11,16,20],"killed_by":"3 Cultists","ascension_level":3}}