{"host":"3y2rtlgteqp2nuo3","time":1612877672,"event":{"mods":["2.2 Compatiblity","AchievementEnabler","BaseMod","Colored Map","DeckTracker","Highlight Path","Keyboard Shortcuts","Minty Spire (QoL Compilation)","Permanent Neow","Quick Restart","StSLib","SuperFastMode","everything is the same but u backflip on backflip"],"gold_per_floor":[116,116,96,115,40,84,108,108,108,123,123,142,142,182,182,280,280,293,266,266,1,1,1,1,1],"floor_reached":24,"language":"KOR","playtime":380,"items_purged":["Strike_G","Strike_G+1"],"score":424,"play_id":"414f30a4-ae01-4be0-981e-4f13ad02b9d7","local_time":"20210209223432","is_ascension_mode":true,"campfire_choices":[{"data":"Blade Dance","floor":8.0,"key":"SMITH"},{"data":"Deadly Poison","floor":11.0,"key":"SMITH"},{"data":"Bouncing Flask","floor":13.0,"key":"SMITH"},{"floor":15.0,"key":"REST"},{"data":"Neutralize","floor":23,"key":"SMITH"}],"circlet_count":0,"master_deck":["AscendersBane","Defend_G","Defend_G","Defend_G","Defend_G","Survivor","Neutralize+1","Cloak And Dagger","Deadly Poison+1","Blade Dance+1","Bouncing Flask+1","Noxious Fumes","Burst+1","Deadly Poison+1","Blur+1","Burst+1","Choke"],"relics":["Ring of the Snake","NeowsBlessing","Bloody Idol","Shuriken","Whetstone","Toxic Egg 2","Empty Cage","Snake Skull"],"acts_visited":["Exordium","TheCity"],"potions_floor_usage":[],"damage_taken":[{"damage":0.0,"enemies":"Jaw Worm","floor":1.0,"turns":1.0},{"damage":0.0,"enemies":"2 Louse","floor":4.0,"turns":1.0},{"damage":0.0,"enemies":"Gremlin Nob","floor":6.0,"turns":1.0},{"damage":0.0,"enemies":"Cultist","floor":7.0,"turns":3.0},{"damage":2.0,"enemies":"Blue Slaver","floor":10.0,"turns":4.0},{"damage":0.0,"enemies":"Large Slime","floor":12.0,"turns":4.0},{"damage":20.0,"enemies":"Lagavulin","floor":14.0,"turns":5.0},{"damage":26.0,"enemies":"Slime Boss","floor":16.0,"turns":6.0},{"damage":0.0,"enemies":"Chosen","floor":18.0,"turns":4.0},{"damage":10.0,"enemies":"2 Thieves","floor":19.0,"turns":4.0},{"damage":48,"enemies":"Chosen and Byrds","floor":24,"turns":3}],"seed_played":"4023666311522924787","potions_obtained":[{"floor":3.0,"key":"CultistPotion"},{"floor":4.0,"key":"EssenceOfSteel"},{"floor":14.0,"key":"Poison Potion"}],"is_trial":false,"path_per_floor":["M","?","?","M","$","E","M","R","T","M","R","M","R","E","R","B",null,"M","M","?","$","?","R","M"],"character_chosen":"THE_SILENT","items_purchased":["Snake Skull"],"campfire_rested":1,"item_purchase_floors":[21],"current_hp_per_floor":[59,36,36,36,36,36,36,36,36,34,34,34,34,14,33,7,51,51,41,41,41,41,41,0,0],"gold":1,"neow_bonus":"THREE_ENEMY_KILL","is_daily":false,"chose_seed":false,"campfire_upgraded":4,"win_rate":0.0,"timestamp":1612877672,"path_taken":["M","?","?","?","$","E","M","R","T","M","R","M","R","E","R","BOSS","M","M","?","$","?","R","M"],"items_purchased_type":["Relic"],"build_version":"2020-12-22","purchased_purges":2,"victory":false,"max_hp_per_floor":[66,66,66,66,66,66,66,66,66,66,66,66,66,66,66,66,66,66,66,66,66,66,66,66,66],"card_choices":[{"not_picked":["Acrobatics","Reflex"],"picked":"Cloak And Dagger","floor":1.0},{"not_picked":["Masterful Stab","Sucker Punch"],"picked":"Deadly Poison","floor":4.0},{"not_picked":["PiercingWail","Choke"],"picked":"Blade Dance","floor":6.0},{"not_picked":["Riddle With Holes","Choke","Quick Slash"],"picked":"SKIP","floor":7.0},{"not_picked":["Footwork","Bane"],"picked":"Bouncing Flask","floor":10.0},{"not_picked":["Bane","Deflect","Dagger Spray"],"picked":"SKIP","floor":12.0},{"not_picked":["Flechettes","Sucker Punch"],"picked":"Noxious Fumes","floor":14.0},{"not_picked":["Venomology+1","Phantasmal Killer+1"],"picked":"Burst+1","floor":16.0},{"not_picked":["Slice","Acrobatics+1"],"picked":"Deadly Poison+1","floor":18.0},{"not_picked":["Outmaneuver+1","Prepared+1"],"picked":"Blur+1","floor":19}],"player_experience":775468,"relics_obtained":[{"floor":6.0,"key":"Shuriken"},{"floor":9.0,"key":"Whetstone"},{"floor":14.0,"key":"Toxic Egg 2"}],"event_choices":[{"damage_healed":0.0,"max_hp_gain":0.0,"max_hp_loss":0.0,"gold_gain":0.0,"event_name":"Golden Idol","player_choice":"Take Damage","floor":2.0,"gold_loss":0.0,"damage_taken":23.0,"relics_obtained":["Golden Idol"]},{"damage_healed":0.0,"max_hp_gain":0.0,"max_hp_loss":0.0,"gold_gain":0.0,"event_name":"The Woman in Blue","player_choice":"Bought 1 Potion","floor":3.0,"gold_loss":0.0,"damage_taken":0.0},{"damage_healed":0,"gold_gain":0,"player_choice":"Gave Idol","damage_taken":0,"relics_obtained":["Bloody Idol"],"max_hp_gain":0,"max_hp_loss":0,"event_name":"Forgotten Altar","floor":20,"relics_lost":["Golden Idol"],"gold_loss":0},{"damage_healed":0,"gold_gain":0,"cards_transformed":["Strike_G","Defend_G"],"player_choice":"Became Test Subject","damage_taken":0,"max_hp_gain":0,"max_hp_loss":0,"event_name":"Drug Dealer","floor":22,"gold_loss":0,"cards_obtained":["Burst","Choke"]}],"is_beta":false,"boss_relics":[{"not_picked":["Philosopher\u0027s Stone","Calling Bell"],"picked":"Empty Cage"}],"items_purged_floors":[5,21],"is_endless":false,"potions_floor_spawned":[4,10,14],"killed_by":"Chosen and Byrds","ascension_level":17}}