{"host":"8is2j71l4wmybkoi","time":1612874879,"event":{"mods":["AchievementEnabler","BaseMod","Colored Map","Minty Spire (QoL Compilation)","Rare Cards Sparkle","StSLib","SuperFastMode"],"gold_per_floor":[115,132,148,148,148,148,173,173,200,231,12,25,52,66,66,141,141,153,166,11,27,62,88,88,98,98,128,128,128,146,171,171,244,244,262,262,282,293,308,308,341,341,341,374,399,226,226,31,31,31,31,31,31,64,64,64],"floor_reached":55,"language":"KOR","playtime":2102,"items_purged":["Strike_R","Strike_R","Strike_R"],"score":1475,"play_id":"3a03330f-2f6b-4836-988b-d33fd460749e","local_time":"20210209214759","is_ascension_mode":true,"campfire_choices":[{"data":"Bloodletting","floor":6.0,"key":"SMITH"},{"floor":8.0,"key":"REST"},{"data":"Limit Break","floor":15.0,"key":"SMITH"},{"data":"Pommel Strike","floor":24.0,"key":"SMITH"},{"data":"Barricade","floor":28.0,"key":"SMITH"},{"floor":32.0,"key":"REST"},{"data":"Battle Trance","floor":40.0,"key":"SMITH"},{"data":"Heavy Blade","floor":42.0,"key":"SMITH"},{"floor":49,"key":"RECALL"},{"data":"Shockwave","floor":52,"key":"SMITH"}],"circlet_count":0,"master_deck":["AscendersBane","Defend_R","Defend_R","Defend_R","Defend_R","Bash+1","Power Through","Battle Trance+1","Bloodletting+1","Pommel Strike+1","Limit Break+1","Shockwave+1","Inflame","Offering","Entrench+1","Heavy Blade+1","Barricade+1","Shrug It Off","Second Wind","Sentinel+1","Injury","Dark Embrace","Feel No Pain"],"relics":["Burning Blood","NeowsBlessing","Lantern","Red Skull","Pen Nib","Medical Kit","Runic Cube","Vajra","Red Mask","InkBottle","Shuriken","Ancient Tea Set","Regal Pillow","Cursed Key","Anchor","Bottled Lightning","Nunchaku","Torii","Whetstone"],"acts_visited":["Exordium","TheCity","TheBeyond","TheEnding"],"potions_floor_usage":[54],"damage_taken":[{"damage":0.0,"enemies":"Cultist","floor":1.0,"turns":1.0},{"damage":0.0,"enemies":"Small Slimes","floor":2.0,"turns":1.0},{"damage":0.0,"enemies":"2 Louse","floor":3.0,"turns":1.0},{"damage":48.0,"enemies":"3 Sentries","floor":7.0,"turns":14.0},{"damage":16.0,"enemies":"Lagavulin","floor":10.0,"turns":6.0},{"damage":8.0,"enemies":"Blue Slaver","floor":12.0,"turns":2.0},{"damage":6.0,"enemies":"Gremlin Gang","floor":14.0,"turns":4.0},{"damage":22.0,"enemies":"Hexaghost","floor":16.0,"turns":6.0},{"damage":9.0,"enemies":"Chosen","floor":18.0,"turns":4.0},{"damage":10.0,"enemies":"Spheric Guardian","floor":19.0,"turns":3.0},{"damage":13.0,"enemies":"Centurion and Healer","floor":21.0,"turns":5.0},{"damage":18.0,"enemies":"Masked Bandits","floor":22.0,"turns":5.0},{"damage":15.0,"enemies":"Gremlin Leader","floor":23.0,"turns":3.0},{"damage":12.0,"enemies":"Shelled Parasite and Fungi","floor":25.0,"turns":3.0},{"damage":17.0,"enemies":"Book of Stabbing","floor":27.0,"turns":2.0},{"damage":6.0,"enemies":"Snake Plant","floor":30.0,"turns":2.0},{"damage":10.0,"enemies":"Gremlin Leader","floor":31.0,"turns":3.0},{"damage":21.0,"enemies":"Champ","floor":33.0,"turns":6.0},{"damage":9.0,"enemies":"3 Shapes","floor":35.0,"turns":5.0},{"damage":9.0,"enemies":"Orb Walker","floor":37.0,"turns":2.0},{"damage":12.0,"enemies":"Spire Growth","floor":38.0,"turns":4.0},{"damage":12.0,"enemies":"Jaw Worm Horde","floor":39.0,"turns":4.0},{"damage":24.0,"enemies":"Reptomancer","floor":41.0,"turns":6.0},{"damage":15.0,"enemies":"Giant Head","floor":44.0,"turns":6.0},{"damage":9.0,"enemies":"Mind Bloom Boss Battle","floor":45.0,"turns":3.0},{"damage":12,"enemies":"Donu and Deca","floor":50,"turns":5},{"damage":53,"enemies":"Shield and Spear","floor":54,"turns":5},{"damage":10,"enemies":"The Heart","floor":55,"turns":2}],"seed_played":"-6787772154254490710","potions_obtained":[{"floor":1.0,"key":"EssenceOfSteel"},{"floor":7.0,"key":"Fire Potion"},{"floor":10.0,"key":"AttackPotion"},{"floor":19.0,"key":"SteroidPotion"},{"floor":25.0,"key":"BloodPotion"},{"floor":27.0,"key":"SpeedPotion"},{"floor":31.0,"key":"SkillPotion"},{"floor":38.0,"key":"SkillPotion"}],"is_trial":false,"path_per_floor":["M","M","M","?","?","R","E","R","T","E","$","M","T","M","R","B",null,"M","M","$","M","?","E","R","M","T","E","R","?","M","E","R","B",null,"M","?","M","M","M","R","E","R","T","E","?","$","?","$","R","B",null,"R","$","E","B"],"character_chosen":"IRONCLAD","items_purchased":["Medical Kit","Vajra","Dark Embrace","Feel No Pain"],"campfire_rested":2,"item_purchase_floors":[11,20,46,48],"current_hp_per_floor":[74,75,75,75,68,68,26,48,48,38,38,36,36,36,36,20,61,58,54,54,47,35,26,26,20,20,24,24,24,24,20,57,42,67,64,64,61,55,49,49,31,31,31,22,19,19,19,19,19,13,57,57,57,10,0,0],"gold":64,"neow_bonus":"THREE_ENEMY_KILL","is_daily":false,"chose_seed":false,"campfire_upgraded":7,"win_rate":0.0,"timestamp":1612874879,"path_taken":["M","M","?","?","?","R","E","R","T","E","$","M","?","M","R","BOSS","M","M","$","?","?","E","R","M","T","E","R","?","M","E","R","BOSS","M","?","M","M","M","R","E","R","T","E","?","?","?","$","R","BOSS","R","$","E","BOSS"],"items_purchased_type":["Relic","Relic","Card","Card"],"build_version":"2020-12-22","purchased_purges":3,"victory":false,"max_hp_per_floor":[75,75,75,75,75,75,75,75,75,75,75,75,75,75,75,75,75,75,75,75,75,75,75,75,75,75,75,75,75,75,75,75,75,75,75,71,71,71,71,71,71,71,71,71,71,71,71,71,71,71,71,71,71,71,71,71],"card_choices":[{"not_picked":["Clothesline","Wild Strike"],"picked":"Power Through","floor":1.0},{"not_picked":["Dropkick","Sentinel"],"picked":"Battle Trance","floor":2.0},{"not_picked":["True Grit","Feel No Pain"],"picked":"Bloodletting","floor":3.0},{"not_picked":["Warcry","Rage"],"picked":"Pommel Strike","floor":7.0},{"not_picked":["Power Through","Flame Barrier"],"picked":"Limit Break","floor":10.0},{"not_picked":["Shrug It Off","Ghostly Armor"],"picked":"Shockwave","floor":12.0},{"not_picked":["Dark Embrace","Carnage"],"picked":"Inflame","floor":14.0},{"not_picked":["Impervious","Brutality"],"picked":"Offering","floor":16.0},{"not_picked":["Cleave","Shrug It Off"],"picked":"Entrench+1","floor":18.0},{"not_picked":["Pommel Strike","Twin Strike","Rampage"],"picked":"SKIP","floor":19.0},{"not_picked":["Pommel Strike","Twin Strike","Rampage"],"picked":"SKIP","floor":19.0},{"not_picked":["Headbutt","Reckless Charge","Body Slam"],"picked":"SKIP","floor":21.0},{"not_picked":["Reckless Charge","Anger","Warcry"],"picked":"SKIP","floor":23.0},{"not_picked":["Perfected Strike","Spot Weakness"],"picked":"Heavy Blade","floor":25.0},{"not_picked":["Cleave","Thunderclap"],"picked":"Barricade","floor":27.0},{"not_picked":["Iron Wave","Clothesline","Carnage+1"],"picked":"SKIP","floor":30.0},{"not_picked":["Exhume","Warcry","Pummel"],"picked":"SKIP","floor":31.0},{"not_picked":["Battle Trance","Sever Soul","Clash"],"picked":"SKIP","floor":35.0},{"not_picked":["Battle Trance","Sever Soul","Clash"],"picked":"SKIP","floor":35.0},{"not_picked":["Armaments","Headbutt"],"picked":"Shrug It Off","floor":37.0},{"not_picked":["Uppercut","Rampage","Twin Strike"],"picked":"SKIP","floor":38.0},{"not_picked":["Pummel","Hemokinesis+1"],"picked":"Second Wind","floor":39.0},{"not_picked":["Thunderclap","Sword Boomerang"],"picked":"Sentinel+1","floor":41.0},{"not_picked":["Clash","Juggernaut","Fire Breathing"],"picked":"SKIP","floor":44.0},{"not_picked":["Combust","Clothesline+1","Rampage+1"],"picked":"SKIP","floor":54}],"player_experience":1089103,"relics_obtained":[{"floor":7.0,"key":"Lantern"},{"floor":9.0,"key":"Red Skull"},{"floor":10.0,"key":"Pen Nib"},{"floor":22.0,"key":"Red Mask"},{"floor":23.0,"key":"InkBottle"},{"floor":26.0,"key":"Shuriken"},{"floor":27.0,"key":"Ancient Tea Set"},{"floor":31.0,"key":"Regal Pillow"},{"floor":41.0,"key":"Anchor"},{"floor":43.0,"key":"Bottled Lightning"},{"floor":44.0,"key":"Nunchaku"},{"floor":45.0,"key":"Torii"},{"floor":54,"key":"Whetstone"}],"event_choices":[{"damage_healed":0.0,"max_hp_gain":0.0,"max_hp_loss":0.0,"gold_gain":0.0,"event_name":"Liars Game","player_choice":"Ignored","floor":4.0,"gold_loss":0.0,"damage_taken":0.0},{"cards_removed":["Strike_R"],"damage_healed":0.0,"max_hp_gain":0.0,"max_hp_loss":0.0,"gold_gain":0.0,"event_name":"Golden Wing","player_choice":"Card Removal","floor":5.0,"gold_loss":0.0,"damage_taken":7.0},{"damage_healed":0.0,"max_hp_gain":0.0,"max_hp_loss":0.0,"gold_gain":0.0,"event_name":"Masked Bandits","player_choice":"Fought Bandits","floor":22.0,"gold_loss":0.0,"damage_taken":0.0},{"cards_removed":["Strike_R"],"damage_healed":0.0,"max_hp_gain":0.0,"max_hp_loss":0.0,"gold_gain":0.0,"event_name":"Back to Basics","player_choice":"Elegance","floor":29.0,"gold_loss":0.0,"damage_taken":0.0},{"damage_healed":0.0,"max_hp_gain":0.0,"max_hp_loss":4.0,"gold_gain":0.0,"event_name":"Winding Halls","player_choice":"Max HP","floor":36.0,"gold_loss":0.0,"damage_taken":0.0},{"damage_healed":0.0,"max_hp_gain":0.0,"max_hp_loss":0.0,"gold_gain":0.0,"event_name":"MindBloom","player_choice":"Fight","floor":45.0,"gold_loss":0.0,"damage_taken":0.0},{"damage_healed":0,"gold_gain":0,"player_choice":"Ignored","damage_taken":0,"max_hp_gain":0,"max_hp_loss":0,"event_name":"The Moai Head","floor":47,"gold_loss":0}],"is_beta":false,"boss_relics":[{"not_picked":["Tiny House","Runic Pyramid"],"picked":"Runic Cube"},{"not_picked":["Black Blood","Black Star"],"picked":"Cursed Key"}],"items_purged_floors":[11,46,48],"is_endless":false,"potions_floor_spawned":[1,7,10,19,25,27,31,35,38,39],"killed_by":"The Heart","ascension_level":15}}