{"host":"08yfhu6uhosdn245","time":1612841060,"event":{"mods":["2.2 Compatiblity","BaseMod","Bestiary","Colored Map","Colored Powertips","Curses Come First","Highlight Path","Minty Spire (QoL Compilation)","Quick Restart","Relic Stats","StSLib"],"gold_per_floor":[368,31,50,63,76,110,110,130,130,163,163,163,89,100,100,201,201,216,216,228,241,261,261,291,307,307,307,307],"floor_reached":27,"language":"ENG","playtime":1627,"items_purged":["Strike_P"],"score":333,"play_id":"942915f8-688b-4a6c-be22-43dbe122a0c8","local_time":"20210208222420","is_ascension_mode":true,"campfire_choices":[{"data":"FollowUp","floor":7.0,"key":"SMITH"},{"data":"Eruption","floor":11.0,"key":"SMITH"},{"floor":15.0,"key":"REST"},{"floor":23,"key":"REST"}],"circlet_count":0,"master_deck":["Strike_P","Strike_P","Defend_P","Defend_P","Defend_P","Defend_P","Eruption+1","Vigilance","FearNoEvil","EmptyFist","BattleHymn+1","FollowUp+1","Fasting2+1","Adaptation+1","FlyingSleeves","MentalFortress+1","JustLucky","DevaForm+1","EmptyBody","FollowUp","Crescendo","InnerPeace+1","LikeWater+1","Evaluate","FearNoEvil+1"],"relics":["PureWater","Frozen Egg 2","Gremlin Horn","InkBottle","Kunai","Regal Pillow","VioletLotus","Bottled Flame","Pantograph"],"acts_visited":["Exordium","TheCity"],"potions_floor_usage":[24,25,27],"damage_taken":[{"damage":0.0,"enemies":"Cultist","floor":1.0,"turns":2.0},{"damage":7.0,"enemies":"Small Slimes","floor":3.0,"turns":3.0},{"damage":4.0,"enemies":"Jaw Worm","floor":4.0,"turns":2.0},{"damage":3.0,"enemies":"Lots of Slimes","floor":5.0,"turns":3.0},{"damage":17.0,"enemies":"3 Sentries","floor":6.0,"turns":5.0},{"damage":2.0,"enemies":"3 Louse","floor":8.0,"turns":3.0},{"damage":6.0,"enemies":"Lagavulin","floor":10.0,"turns":6.0},{"damage":13.0,"enemies":"Looter","floor":14.0,"turns":3.0},{"damage":8.0,"enemies":"Slime Boss","floor":16.0,"turns":6.0},{"damage":5,"enemies":"Spheric Guardian","floor":18,"turns":3},{"damage":31,"enemies":"Chosen","floor":20,"turns":6},{"damage":14,"enemies":"Snecko","floor":21,"turns":4},{"damage":0,"enemies":"Centurion and Healer","floor":22,"turns":5},{"damage":33,"enemies":"Gremlin Leader","floor":24,"turns":8},{"damage":14,"enemies":"Cultist and Chosen","floor":25,"turns":8},{"damage":31,"enemies":"Book of Stabbing","floor":27,"turns":4}],"seed_played":"-1479465003999349429","potions_obtained":[{"floor":4.0,"key":"AttackPotion"},{"floor":5.0,"key":"PowerPotion"},{"floor":6.0,"key":"FairyPotion"},{"floor":10.0,"key":"CultistPotion"},{"floor":14.0,"key":"PowerPotion"},{"floor":18,"key":"DuplicationPotion"},{"floor":21,"key":"BottledMiracle"},{"floor":24,"key":"Ancient Potion"},{"floor":25,"key":"Swift Potion"}],"is_trial":false,"path_per_floor":["M","$","M","M","M","E","R","M","T","E","R","T","$","M","R","B",null,"M","?","M","M","M","R","E","M","T","E"],"character_chosen":"WATCHER","items_purchased":["Frozen Egg 2","MentalFortress+1"],"campfire_rested":2,"item_purchase_floors":[2,13],"current_hp_per_floor":[65,65,58,54,51,34,34,32,32,26,26,26,26,13,47,39,59,54,54,23,9,9,43,10,19,19,0,0],"gold":307,"neow_bonus":"TWO_FIFTY_GOLD","is_daily":false,"chose_seed":false,"campfire_upgraded":2,"win_rate":0.0,"timestamp":1612841060,"path_taken":["M","$","M","?","M","E","R","?","T","E","R","?","$","M","R","BOSS","M","?","M","M","M","R","E","M","T","E"],"items_purchased_type":["Relic","Card"],"build_version":"2020-12-22","purchased_purges":1,"victory":false,"max_hp_per_floor":[65,65,65,65,65,65,65,65,65,65,65,65,65,65,65,65,65,65,65,65,65,65,65,65,65,65,65,65],"relic_stats":{"Regal Pillow":30,"Gremlin Horn":[10,10],"counters":[16,71],"Pantograph":0,"VioletLotus":[15],"Kunai":[20],"obtain_stats":[{"Regal Pillow":12,"Bottled Flame":24,"Gremlin Horn":6,"Pantograph":26,"VioletLotus":17,"Kunai":10,"PureWater":0,"Frozen Egg 2":2,"InkBottle":9},{"Regal Pillow":7,"Bottled Flame":14,"Gremlin Horn":5,"Pantograph":15,"VioletLotus":9,"Kunai":7,"PureWater":0,"Frozen Egg 2":1,"InkBottle":6},{"Regal Pillow":24,"Bottled Flame":59,"Gremlin Horn":15,"Pantograph":67,"VioletLotus":33,"Kunai":24,"PureWater":0,"Frozen Egg 2":2,"InkBottle":18}],"InkBottle":[22]},"card_choices":[{"not_picked":["PathToVictory","Prostrate"],"picked":"FearNoEvil","floor":1.0},{"not_picked":["Crescendo","Prostrate"],"picked":"EmptyFist","floor":3.0},{"not_picked":["JustLucky","Consecrate"],"picked":"BattleHymn+1","floor":4.0},{"not_picked":["CutThroughFate","Halt"],"picked":"FollowUp","floor":5.0},{"not_picked":["Vengeance","SashWhip"],"picked":"Fasting2+1","floor":6.0},{"not_picked":["Weave","Halt"],"picked":"Adaptation+1","floor":8.0},{"not_picked":["Swivel","ThirdEye"],"picked":"FlyingSleeves","floor":10.0},{"not_picked":["CarveReality","CutThroughFate"],"picked":"JustLucky","floor":14.0},{"not_picked":["Alpha","Wish"],"picked":"DevaForm+1","floor":16.0},{"not_picked":["SashWhip","ThirdEye+1"],"picked":"EmptyBody","floor":18},{"not_picked":["Worship+1","SignatureMove"],"picked":"Crescendo","floor":20},{"not_picked":["SashWhip","Weave"],"picked":"InnerPeace+1","floor":21},{"not_picked":["CrushJoints","Evaluate"],"picked":"LikeWater+1","floor":22},{"not_picked":["Vengeance","JustLucky"],"picked":"Evaluate","floor":24},{"not_picked":["SashWhip","CrushJoints"],"picked":"FearNoEvil+1","floor":25}],"player_experience":375626,"relics_obtained":[{"floor":6.0,"key":"Gremlin Horn"},{"floor":9.0,"key":"InkBottle"},{"floor":10.0,"key":"Kunai"},{"floor":12.0,"key":"Regal Pillow"},{"floor":24,"key":"Bottled Flame"},{"floor":26,"key":"Pantograph"}],"event_choices":[{"damage_healed":0,"gold_gain":0,"cards_transformed":["Strike_P"],"player_choice":"Transformed","damage_taken":0,"max_hp_gain":0,"max_hp_loss":0,"event_name":"Transmorgrifier","floor":19,"gold_loss":0,"cards_obtained":["FollowUp"]}],"is_beta":false,"boss_relics":[{"not_picked":["Philosopher\u0027s Stone","Coffee Dripper"],"picked":"VioletLotus"}],"items_purged_floors":[2],"is_endless":false,"potions_floor_spawned":[4,5,6,10,14,18,21,24,25],"killed_by":"Book of Stabbing","ascension_level":7}}