{"host":"zp68vqn57s53e67f","time":1612865507,"event":{"mods":["Act Like it!","BaseMod","Downfall","Hallownest","Hermit","Minty Spire (QoL Compilation)","Replay The Spire","Shop Mod","StSLib","The Cursed","The Servant 0.9.4"],"gold_per_floor":[118,118,133,133,150,150,161,175,175,191,191,41,41,216,216,316,316,328,342,342,383,394,394,413,413,413],"floor_reached":25,"language":"ENG","playtime":1868,"items_purged":[],"score":220,"play_id":"64701b1f-1ba3-4169-adb8-e14e316e4089","local_time":"20210209021147","is_ascension_mode":false,"campfire_choices":[{"data":"Zap","floor":11,"key":"SMITH"},{"data":"Capacitor","floor":15,"key":"SMITH"},{"data":"ReplayTheSpireMod:Fabricate Wheel","floor":23,"key":"SMITH"}],"circlet_count":0,"master_deck":["Defend_B","Defend_B","Defend_B","Zap+1","Dualcast","Seek","Cold Snap","Beam Cell","Amplify","Redo","BootSequence","Sunder","Capacitor+1","Core Surge","Doubt","ReplayTheSpireMod:Fabricate Wheel+1","Conserve Battery","White Noise","Bite","Bite","Bite","Bite","Bite","Conserve Battery+1","Tempest","FTL+1","Beam Cell"],"relics":["Cracked Core","Ring of Shattering","Replay:Towering Pillar of Hats","ChewingGum","Replay:Accelerometer"],"acts_visited":["Exordium","TheCity"],"potions_floor_usage":[7,16,16,19,25],"damage_taken":[{"damage":1,"enemies":"Cultist","floor":1,"turns":3},{"damage":2,"enemies":"Small Slimes","floor":3,"turns":2},{"damage":0,"enemies":"2 Louse","floor":5,"turns":1},{"damage":0,"enemies":"Exordium Thugs","floor":7,"turns":2},{"damage":13,"enemies":"3 Louse","floor":8,"turns":2},{"damage":3,"enemies":"Large Slime","floor":10,"turns":6},{"damage":12,"enemies":"Fading Forest","floor":16,"turns":11},{"damage":5,"enemies":"Shell Parasite","floor":18,"turns":3},{"damage":20,"enemies":"Spheric Guardian","floor":19,"turns":4},{"damage":32,"enemies":"Shelled Parasite and Fungi","floor":22,"turns":5},{"damage":18,"enemies":"Sentry and Sphere","floor":24,"turns":5},{"damage":0,"enemies":"Snecko","floor":25,"turns":2}],"seed_played":"8443245303888216335","potions_obtained":[{"floor":1,"key":"Adrenaline Potion"},{"floor":6,"key":"Fire Potion"},{"floor":6,"key":"champ:CounterPotion"},{"floor":7,"key":"Languid Potion"},{"floor":10,"key":"champ:CounterPotion"},{"floor":18,"key":"Weak Potion"},{"floor":22,"key":"Dexterity Potion"},{"floor":24,"key":"SkillPotion"}],"is_trial":false,"path_per_floor":["M","?","M","?","M","?","M","M","T","M","R","$","?","?","R","B",null,"M","M","?","?","M","R","M","M"],"character_chosen":"DEFECT","items_purchased":["Capacitor","Core Surge"],"campfire_rested":0,"item_purchase_floors":[12,12],"current_hp_per_floor":[74,74,72,65,65,65,65,52,52,49,49,49,49,49,49,57,75,70,50,50,37,15,15,5,7,7],"gold":413,"neow_bonus":"ONE_RANDOM_RARE_CARD","is_daily":false,"chose_seed":false,"campfire_upgraded":3,"win_rate":0.0,"timestamp":1612865507,"path_taken":["M","?","M","?","M","?","?","M","T","M","R","$","?","?","R","BOSS","M","M","?","?","?","R","M","M"],"items_purchased_type":["Card","Card"],"build_version":"2020-12-22","purchased_purges":0,"victory":false,"max_hp_per_floor":[75,75,75,75,75,75,75,75,75,75,75,75,75,75,75,75,75,75,75,52,52,52,52,52,52,52],"card_choices":[{"not_picked":["ReplayTheSpireMod:GoodbyeWorld","Fusion"],"picked":"Cold Snap","floor":1},{"not_picked":["Crystallizer","Turbo"],"picked":"Beam Cell","floor":3},{"not_picked":["Compile Driver","ReplayTheSpireMod:Repulse"],"picked":"Amplify","floor":5},{"not_picked":["Rebound","Genetic Algorithm"],"picked":"Redo","floor":7},{"not_picked":["Glacier","Beam Cell"],"picked":"BootSequence","floor":8},{"not_picked":["Stack","Barrage"],"picked":"Sunder","floor":10},{"not_picked":["Seek","Reboot"],"picked":"ReplayTheSpireMod:Fabricate Wheel","floor":16},{"not_picked":["Turbo+1","Panic Button"],"picked":"Conserve Battery","floor":18},{"not_picked":["Coolheaded","Glacier"],"picked":"White Noise","floor":19},{"not_picked":["Coolheaded","ReplayTheSpireMod:Reroute Power+1"],"picked":"Conserve Battery+1","floor":21},{"not_picked":["Panic Button+1","Leap+1"],"picked":"Tempest","floor":21},{"not_picked":["Barrage","Aggregate"],"picked":"FTL+1","floor":22},{"not_picked":["Sweeping Beam","Stack"],"picked":"Beam Cell","floor":24}],"player_experience":149668,"relics_obtained":[{"floor":2,"key":"Ring of Shattering"},{"floor":9,"key":"Replay:Towering Pillar of Hats"},{"floor":21,"key":"Replay:Accelerometer"}],"event_choices":[{"cards_removed":["Defend_B"],"damage_healed":0,"gold_gain":0,"player_choice":"Card Removal","damage_taken":7,"max_hp_gain":0,"max_hp_loss":0,"event_name":"Golden Wing","floor":4,"gold_loss":0},{"damage_healed":0,"gold_gain":0,"player_choice":"Got Potions","damage_taken":0,"max_hp_gain":0,"max_hp_loss":0,"event_name":"Lab","floor":6,"gold_loss":0},{"damage_healed":0,"gold_gain":0,"player_choice":"Leave","damage_taken":0,"max_hp_gain":0,"max_hp_loss":0,"event_name":"The Cleric","floor":13,"gold_loss":0},{"damage_healed":0,"gold_gain":175,"player_choice":"AGREE","damage_taken":0,"max_hp_gain":0,"max_hp_loss":0,"event_name":"Liars Game","floor":14,"gold_loss":0,"cards_obtained":["Doubt"]},{"damage_healed":0,"gold_gain":0,"player_choice":"Became a vampire","damage_taken":0,"max_hp_gain":0,"max_hp_loss":23,"event_name":"Vampires","floor":20,"gold_loss":0,"cards_obtained":["Bite","Bite","Bite","Bite","Bite"]}],"is_beta":false,"boss_relics":[{"not_picked":["Replay:Ancient Bell","Philosopher\u0027s Stone"],"picked":"ChewingGum"}],"items_purged_floors":[],"is_endless":false,"potions_floor_spawned":[1,7,10,18,22,24],"killed_by":"Snecko","ascension_level":0}}