{"host":"1bvadgc0hovl67h4","time":1612841116,"event":{"mods":["BaseMod","Colored Map","Downfall","Hermit","Minty Spire (QoL Compilation)","Morshu Shopkeeper","Morshu Shopkeeper - ENHANCED","StSLib","The Cursed"],"gold_per_floor":[99,99,99,99,99,115,115,290,308,308,321,335,235,261,275,275,275,275],"floor_reached":16,"language":"ENG","playtime":763,"items_purged":[],"score":100,"play_id":"68a0a691-b644-401b-af92-eea97ae67584","local_time":"20210208192516","is_ascension_mode":false,"campfire_choices":[{"floor":1,"key":"RECALL"},{"data":"champ:Taunt","floor":13,"key":"SMITH"}],"circlet_count":0,"master_deck":["champ:Strike","champ:Strike","champ:Strike","champ:Defend","champ:Defend","champ:Defend","champ:Defend","champ:Execute","champ:Taunt+1","champ:EnGarde","champ:StrikeOfGenius","champ:CrownThrow","champ:AdrenalArmor","champ:Haymaker","Doubt","champ:StanceDance","champ:ShieldSigil","champ:EnragedBash","champ:Shatter"],"relics":["champ:ChampionCrown","downfall:HeartsMalice","Ginger","champ:LiftRelic","downfall:HeartBlessingRed","MealTicket"],"acts_visited":["Exordium"],"potions_floor_usage":[14,14,15,16],"damage_taken":[{"damage":0,"enemies":"Cultist","floor":2,"turns":1},{"damage":0,"enemies":"Jaw Worm","floor":4,"turns":1},{"damage":0,"enemies":"2 Louse","floor":5,"turns":1},{"damage":31,"enemies":"Large Slime","floor":6,"turns":5},{"damage":19,"enemies":"Blue Slaver","floor":9,"turns":4},{"damage":25,"enemies":"Lots of Slimes","floor":11,"turns":3},{"damage":23,"enemies":"3 Louse","floor":12,"turns":3},{"damage":46,"enemies":"Lagavulin","floor":14,"turns":4},{"damage":33,"enemies":"Exordium Thugs","floor":15,"turns":3},{"damage":75,"enemies":"DF_ARCHETYPE_STREAMLINE","floor":16,"turns":6}],"seed_played":"1631789068945181292","potions_obtained":[{"floor":6,"key":"Weak Potion"},{"floor":9,"key":"DistilledChaos"},{"floor":12,"key":"Swift Potion"},{"floor":14,"key":"ColorlessPotion"}],"is_trial":false,"path_per_floor":["R","M","?","M","M","M","T","?","M","?","M","M","R","E","M","B"],"character_chosen":"THE_CHAMP","items_purchased":[],"campfire_rested":0,"item_purchase_floors":[],"current_hp_per_floor":[90,90,90,90,90,84,84,84,75,75,70,62,62,46,43,0,0,0],"gold":275,"neow_bonus":"THREE_ENEMY_KILL","is_daily":false,"chose_seed":false,"campfire_upgraded":1,"win_rate":0.0,"timestamp":1612841116,"path_taken":["R","M","?","?","M","M","T","?","M","?","M","M","R","E","M","BOSS"],"items_purchased_type":[],"build_version":"2020-12-22","purchased_purges":0,"victory":false,"max_hp_per_floor":[90,90,90,90,90,90,90,90,90,90,90,90,90,90,90,90,90,90],"card_choices":[{"not_picked":["champ:FancyFootwork","champ:FocusedDefense"],"picked":"champ:EnGarde","floor":2},{"not_picked":["champ:Parry","champ:CrookedStrike"],"picked":"champ:CrownThrow","floor":4},{"not_picked":["champ:ShieldSlam","champ:DefensiveShout"],"picked":"champ:AdrenalArmor","floor":5},{"not_picked":["champ:Circumvent","champ:FocusedBerserking"],"picked":"champ:Haymaker","floor":6},{"not_picked":["champ:Lariat","champ:BerserkersShout"],"picked":"champ:StanceDance","floor":9},{"not_picked":["champ:Circumvent","champ:PerfectedStrike","champ:BladeFlurry"],"picked":"SKIP","floor":11},{"not_picked":["champ:CrookedStrike","champ:BladeFlurry"],"picked":"champ:ShieldSigil","floor":12},{"not_picked":["champ:Lariat","champ:GutPunch"],"picked":"champ:EnragedBash","floor":14},{"not_picked":["champ:BerserkersShout","champ:FlashCut"],"picked":"champ:Shatter","floor":15}],"player_experience":262084,"relics_obtained":[{"floor":7,"key":"Ginger"},{"floor":14,"key":"MealTicket"}],"event_choices":[],"is_beta":false,"boss_relics":[],"items_purged_floors":[],"is_endless":false,"potions_floor_spawned":[6,9,12,14],"killed_by":"DF_ARCHETYPE_STREAMLINE","ascension_level":0}}