{"host":"8fuipfsvjht9cgcs","time":1612911251,"event":{"mods":["AchievementEnabler","BaseMod","Colored Map","Colored Powertips","DeckTracker","Friendly Minions","Kiyohime£¨?ýï£©","Marisa£¨Ùöéë¡¡Øª×âÞÞ£©","Minty Spire (QoL Compilation)","Prisma Mod","StSLib","SuperFastMode","The Cursed","The Gatherer"],"gold_per_floor":[109,121,140,151,76,76,88,88,142,142,142,142,162,175,175,248,248,259,459,479,492,502,502,515,527,579,579,579],"floor_reached":27,"language":"KOR","playtime":1258,"items_purged":["Strike_R"],"score":369,"play_id":"c75bb1e9-a4fd-4611-9793-484ba511852a","local_time":"20210210115411","is_ascension_mode":true,"campfire_choices":[{"data":"Apotheosis","floor":6.0,"key":"SMITH"},{"data":"Evolve","floor":8.0,"key":"SMITH"},{"data":"Pommel Strike","floor":15.0,"key":"SMITH"},{"floor":23,"key":"REST"}],"circlet_count":0,"master_deck":["AscendersBane","Strike_R","Strike_R","Strike_R","Strike_R","Defend_R","Defend_R","Defend_R","Defend_R","Bash","Apotheosis+1","Evolve+1","Body Slam","Thunderclap","True Grit","Pommel Strike+1","Double Tap","Pommel Strike","Entrench+1","Fiend Fire","Sentinel","Intimidate+1"],"relics":["Burning Blood","Anchor","Self Forming Clay","Fusion Hammer","Red Skull"],"acts_visited":["Exordium","TheCity"],"potions_floor_usage":[27],"damage_taken":[{"damage":7.0,"enemies":"Small Slimes","floor":1.0,"turns":4.0},{"damage":13.0,"enemies":"2 Louse","floor":2.0,"turns":4.0},{"damage":2.0,"enemies":"Cultist","floor":3.0,"turns":4.0},{"damage":13.0,"enemies":"Looter","floor":4.0,"turns":4.0},{"damage":29.0,"enemies":"Exordium Thugs","floor":7.0,"turns":8.0},{"damage":1.0,"enemies":"2 Fungi Beasts","floor":13.0,"turns":3.0},{"damage":0.0,"enemies":"Gremlin Gang","floor":14.0,"turns":4.0},{"damage":22,"enemies":"Slime Boss","floor":16,"turns":9},{"damage":0,"enemies":"Chosen","floor":18,"turns":5},{"damage":2,"enemies":"3 Byrds","floor":20,"turns":5},{"damage":24,"enemies":"Centurion and Healer","floor":21,"turns":6},{"damage":8,"enemies":"Cultist and Chosen","floor":22,"turns":5},{"damage":28,"enemies":"Shelled Parasite and Fungi","floor":24,"turns":4},{"damage":11,"enemies":"Centurion and Healer","floor":25,"turns":5},{"damage":34,"enemies":"Book of Stabbing","floor":27,"turns":5}],"seed_played":"7690648328237154237","potions_obtained":[{"floor":1.0,"key":"Ancient Potion"},{"floor":2.0,"key":"DistilledChaos"}],"is_trial":false,"path_per_floor":["M","M","M","M","$","R","M","R","T","?","?","?","M","M","R","B",null,"M","?","M","M","M","R","M","M","T","E"],"character_chosen":"IRONCLAD","items_purchased":[],"campfire_rested":1,"item_purchase_floors":[],"current_hp_per_floor":[67,60,64,57,57,57,34,34,34,8,25,18,23,29,29,13,52,58,58,62,44,42,61,39,34,34,0,0],"gold":579,"neow_bonus":"RANDOM_COLORLESS_2","is_daily":false,"chose_seed":false,"campfire_upgraded":3,"win_rate":0.0,"timestamp":1612911251,"path_taken":["M","M","M","M","$","R","M","R","T","?","?","?","M","M","R","BOSS","M","?","M","M","?","R","M","M","T","E"],"items_purchased_type":[],"build_version":"2020-12-22","purchased_purges":1,"victory":false,"max_hp_per_floor":[68,68,68,68,68,68,68,68,68,68,68,65,65,65,65,65,65,65,65,65,65,65,65,65,65,65,65,65],"card_choices":[{"not_picked":["HandOfGreed","Mayhem"],"picked":"Apotheosis","floor":0.0},{"not_picked":["True Grit","Clash"],"picked":"Evolve","floor":1.0},{"not_picked":["Flame Barrier","Heavy Blade"],"picked":"Body Slam","floor":2.0},{"not_picked":["Warcry","Flex"],"picked":"Thunderclap","floor":3.0},{"not_picked":["Wild Strike","Havoc"],"picked":"True Grit","floor":4.0},{"not_picked":["Wild Strike","Perfected Strike","Twin Strike"],"picked":"SKIP","floor":7.0},{"not_picked":["Flex","Heavy Blade","Wild Strike"],"picked":"SKIP","floor":13.0},{"not_picked":["Feel No Pain","Wild Strike"],"picked":"Pommel Strike","floor":14.0},{"not_picked":["Bludgeon","Feed"],"picked":"Double Tap","floor":16},{"not_picked":["Wild Strike+1","Body Slam+1"],"picked":"Pommel Strike","floor":18},{"not_picked":["Seeing Red","Warcry"],"picked":"Entrench+1","floor":20},{"not_picked":["Clothesline","Havoc"],"picked":"Fiend Fire","floor":21},{"not_picked":["Heavy Blade","Clash+1","Flex"],"picked":"SKIP","floor":22},{"not_picked":["Clothesline","Havoc"],"picked":"Sentinel","floor":24},{"not_picked":["Clash+1","True Grit"],"picked":"Intimidate+1","floor":25}],"player_experience":481039,"relics_obtained":[{"floor":9.0,"key":"Anchor"},{"floor":26,"key":"Red Skull"}],"event_choices":[{"damage_healed":0.0,"max_hp_gain":0.0,"max_hp_loss":0.0,"gold_gain":0.0,"event_name":"Scrap Ooze","player_choice":"Success","floor":10.0,"gold_loss":0.0,"damage_taken":26.0,"relics_obtained":["Self Forming Clay"]},{"damage_healed":17.0,"max_hp_gain":0.0,"max_hp_loss":0.0,"gold_gain":0.0,"event_name":"Mushrooms","player_choice":"Healed and dodged fight","floor":11.0,"gold_loss":0.0,"damage_taken":0.0,"cards_obtained":["Parasite"]},{"cards_removed":["Parasite"],"damage_healed":0.0,"max_hp_gain":0.0,"max_hp_loss":0.0,"gold_gain":0.0,"event_name":"Golden Wing","player_choice":"Card Removal","floor":12.0,"gold_loss":0.0,"damage_taken":7.0},{"damage_healed":0,"gold_gain":250,"player_choice":"Bet on Owner","damage_taken":0,"max_hp_gain":0,"max_hp_loss":0,"event_name":"The Joust","floor":19,"gold_loss":50}],"is_beta":false,"boss_relics":[{"not_picked":["Velvet Choker","Busted Crown"],"picked":"Fusion Hammer"}],"items_purged_floors":[5],"is_endless":false,"potions_floor_spawned":[1,2,14,18,25],"killed_by":"Book of Stabbing","ascension_level":15}}