{"host":"mi0eibewekhugwl1","time":1612855487,"event":{"mods":["AchievementEnabler","BaseMod","Colored Map","Colored Powertips","DeckTracker","Keyboard Shortcuts","Minty Spire (QoL Compilation)","Quick Restart","Rare Cards Sparkle","Relic Stats","StSLib","SuperFastMode","everything is the same but u backflip on backflip"],"gold_per_floor":[111,128,128,142,19,19,19,48,74,113,136,160,185,14,14,97,124,149,25,25,25,46,46,46,46,46,71,145,145,145],"floor_reached":29,"language":"KOR","playtime":517,"items_purged":["Strike_G"],"score":466,"play_id":"63727a3d-2b45-4190-a1b0-1abfceee0595","local_time":"20210209162447","is_ascension_mode":true,"campfire_choices":[{"data":"Terror","floor":6.0,"key":"SMITH"},{"data":"Envenom","floor":15,"key":"SMITH"},{"data":"Tactician","floor":23,"key":"SMITH"},{"data":"Acrobatics","floor":25,"key":"SMITH"}],"circlet_count":0,"master_deck":["AscendersBane","Defend_G","Defend_G","Defend_G+1","Defend_G","Survivor","Neutralize","Quick Slash","Masterful Stab+1","Dagger Throw","Infinite Blades","Terror+1","Blade Dance","Envenom+1","Blade Dance","Dash","Endless Agony","Phantasmal Killer","Noxious Fumes+1","Footwork+1","After Image+1","Cloak And Dagger","Acrobatics+1","Tactician+1","PiercingWail"],"relics":["Ring of the Snake","NeowsBlessing","Tiny Chest","Pen Nib","CeramicFish","Medical Kit","Astrolabe","Ninja Scroll","Eternal Feather"],"acts_visited":["Exordium","TheCity"],"potions_floor_usage":[27],"damage_taken":[{"damage":0.0,"enemies":"Small Slimes","floor":1.0,"turns":1.0},{"damage":0.0,"enemies":"2 Louse","floor":2.0,"turns":1.0},{"damage":0.0,"enemies":"Cultist","floor":4.0,"turns":1.0},{"damage":6.0,"enemies":"Gremlin Nob","floor":8.0,"turns":3.0},{"damage":12,"enemies":"Lagavulin","floor":10,"turns":5},{"damage":0,"enemies":"2 Fungi Beasts","floor":11,"turns":2},{"damage":8,"enemies":"3 Louse","floor":12,"turns":3},{"damage":8,"enemies":"Gremlin Gang","floor":13,"turns":5},{"damage":11,"enemies":"Slime Boss","floor":16,"turns":7},{"damage":6,"enemies":"Chosen","floor":18,"turns":5},{"damage":12,"enemies":"Spheric Guardian","floor":22,"turns":5},{"damage":26,"enemies":"Cultist and Chosen","floor":27,"turns":5},{"damage":12,"enemies":"Gremlin Leader","floor":29,"turns":1}],"seed_played":"392008455574625552","potions_obtained":[{"floor":2.0,"key":"FairyPotion"},{"floor":4.0,"key":"ColorlessPotion"},{"floor":10,"key":"SpeedPotion"}],"is_trial":false,"path_per_floor":["M","M","?","M","$","R","?","E","T","E","M","M","M","$","R","B",null,"M","$","?","?","M","R","?","R","T","M","T","E"],"character_chosen":"THE_SILENT","items_purchased":["Infinite Blades","Terror","Medical Kit","Acrobatics"],"campfire_rested":0,"item_purchase_floors":[5,5,14,19],"current_hp_per_floor":[59,59,39,39,39,39,39,33,33,21,21,13,5,5,5,19,54,48,48,48,48,36,36,36,36,36,10,10,0,0],"gold":145,"neow_bonus":"THREE_ENEMY_KILL","is_daily":false,"chose_seed":false,"campfire_upgraded":4,"win_rate":0.0,"timestamp":1612855487,"path_taken":["M","M","?","M","$","R","?","E","T","E","M","M","M","$","R","BOSS","M","$","?","?","M","R","?","R","T","M","?","E"],"items_purchased_type":["Card","Card","Relic","Card"],"build_version":"2020-12-22","purchased_purges":1,"victory":false,"max_hp_per_floor":[66,66,66,66,66,66,66,66,66,66,66,66,66,66,66,66,66,66,66,66,66,66,66,66,66,66,66,66,66,66],"relic_stats":{"counters":[13,44],"CeramicFish":108,"Astrolabe":["Noxious Fumes","Footwork","After Image"],"Tiny Chest":1,"Eternal Feather":0,"Pen Nib":[11],"Medical Kit":[12],"obtain_stats":[{"NeowsBlessing":0,"Ninja Scroll":26,"CeramicFish":10,"Astrolabe":17,"Tiny Chest":8,"Eternal Feather":28,"Pen Nib":9,"Medical Kit":14,"Ring of the Snake":0},{"NeowsBlessing":0,"Ninja Scroll":11,"CeramicFish":5,"Astrolabe":9,"Tiny Chest":4,"Eternal Feather":12,"Pen Nib":4,"Medical Kit":8,"Ring of the Snake":0},{"NeowsBlessing":0,"Ninja Scroll":38,"CeramicFish":11,"Astrolabe":28,"Tiny Chest":6,"Eternal Feather":43,"Pen Nib":6,"Medical Kit":21,"Ring of the Snake":0}],"Ring of the Snake":[26]},"card_choices":[{"not_picked":["Backflip","Distraction"],"picked":"Quick Slash","floor":1.0},{"not_picked":["Sucker Punch","Underhanded Strike"],"picked":"Masterful Stab","floor":2.0},{"not_picked":["Bane","Setup"],"picked":"Dagger Throw","floor":4.0},{"not_picked":["Quick Slash","Dash"],"picked":"Blade Dance","floor":8.0},{"not_picked":["Backflip","Setup"],"picked":"Envenom","floor":10},{"not_picked":["PiercingWail","Dagger Throw"],"picked":"Blade Dance","floor":11},{"not_picked":["Infinite Blades","Flying Knee"],"picked":"Dash","floor":12},{"not_picked":["Bane","Slice"],"picked":"Endless Agony","floor":13},{"not_picked":["Glass Knife","Malaise"],"picked":"Phantasmal Killer","floor":16},{"not_picked":["Blade Dance+1","Flying Knee"],"picked":"Cloak And Dagger","floor":18},{"not_picked":["Choke","Deflect+1"],"picked":"Tactician","floor":22},{"not_picked":["Dagger Throw","Slice"],"picked":"PiercingWail","floor":27}],"player_experience":1787408,"relics_obtained":[{"floor":8.0,"key":"Tiny Chest"},{"floor":9.0,"key":"Pen Nib"},{"floor":10,"key":"CeramicFish"},{"floor":26,"key":"Ninja Scroll"},{"floor":28,"key":"Eternal Feather"}],"event_choices":[{"damage_healed":0.0,"max_hp_gain":0.0,"max_hp_loss":0.0,"gold_gain":0.0,"event_name":"Shining Light","player_choice":"Entered Light","floor":3.0,"gold_loss":0.0,"damage_taken":20.0,"cards_upgraded":["Strike_G","Defend_G"]},{"damage_healed":0.0,"max_hp_gain":0.0,"max_hp_loss":0.0,"gold_gain":0.0,"event_name":"Upgrade Shrine","player_choice":"Upgraded","floor":7.0,"gold_loss":0.0,"damage_taken":0.0,"cards_upgraded":["Masterful Stab"]},{"cards_removed":["Defend_G"],"damage_healed":0,"gold_gain":0,"player_choice":"Elegance","damage_taken":0,"max_hp_gain":0,"max_hp_loss":0,"event_name":"Back to Basics","floor":20,"gold_loss":0},{"damage_healed":0,"gold_gain":0,"player_choice":"Ignored","damage_taken":0,"max_hp_gain":0,"max_hp_loss":0,"event_name":"The Mausoleum","floor":21,"gold_loss":0},{"cards_removed":["Strike_G"],"damage_healed":0,"gold_gain":0,"player_choice":"Purged","damage_taken":0,"max_hp_gain":0,"max_hp_loss":0,"event_name":"Purifier","floor":24,"gold_loss":0}],"is_beta":false,"boss_relics":[{"not_picked":["Empty Cage","Coffee Dripper"],"picked":"Astrolabe"}],"items_purged_floors":[19],"is_endless":false,"potions_floor_spawned":[2,4,10,11],"killed_by":"Gremlin Leader","ascension_level":20}}