{"host":"51mqhfpmwwd4kxyt","time":1612869187,"event":{"mods":["BaseMod","Colored Powertips","Downfall","Hermit","Highlight Path","Jorbs\u0027s Wanderer Trilogy","Minty Spire (QoL Compilation)","READ ME - Guardian Mod","Remilia??????","StSLib","The Animator","The Bug Knight","The Cursed","The Jungle","The Servant 0.9.4"],"gold_per_floor":[19,19,32,32,52,52,70,70,97,49,68,68,80,99,99,202,202,214,129,168,209,250,301,313,354,391,424,471,505,517,548,560,677,689,730,763,130,0,0,38,38,48,75,150,169,169,195,221,221,221],"floor_reached":51,"language":"ENG","playtime":3147,"items_purged":["Strike_G"],"score":1009,"play_id":"c39e3bb4-2279-460f-b08f-429a997a7234","local_time":"20210209061307","is_ascension_mode":true,"campfire_choices":[{"data":"Neutralize","floor":6,"key":"SMITH"},{"floor":15,"key":"REST"},{"floor":30,"key":"REST"},{"floor":32,"key":"REST"},{"floor":41,"key":"REST"},{"data":"Noxious Fumes","floor":49,"key":"SMITH"}],"circlet_count":0,"master_deck":["Strike_G+1","Strike_G+1","Strike_G+1","Defend_G+1","Defend_G+1","Defend_G+1","Defend_G+1","Defend_G+1","Survivor+1","Neutralize+1","Noxious Fumes+1","Bouncing Flask+1","Acrobatics+1","Infinite Blades+1","Backflip+1","Blur+1","Corpse Explosion+1","PiercingWail+1","Dash+1","Backflip+1","Prepared+1","PiercingWail+1","Backflip+1","Bullet Time+1","Acrobatics+1","Escape Plan+1","Catalyst+1","Noxious Fumes+1","Thinking Ahead+1","Catalyst+1","Noxious Fumes+1","Blur+1"],"relics":["Ring of the Snake","Lizard Tail","Mummified Hand","InkBottle","Tiny Chest","HoveringKite","MawBank","CeramicFish","Happy Flower","Lantern","Snake Skull","PreservedInsect","Runic Pyramid","The Specimen","Red Mask","Gambling Chip","Orichalcum","Sundial","Mark of the Bloom"],"acts_visited":["Exordium","TheCity","TheBeyond"],"potions_floor_usage":[16,23,24,28,31,50,50,50],"damage_taken":[{"damage":0,"enemies":"2 Louse","floor":1,"turns":3},{"damage":1,"enemies":"Cultist","floor":3,"turns":5},{"damage":3,"enemies":"Jaw Worm","floor":5,"turns":6},{"damage":3,"enemies":"Exordium Wildlife","floor":7,"turns":5},{"damage":4,"enemies":"2 Fungi Beasts","floor":11,"turns":3},{"damage":4,"enemies":"Looter","floor":13,"turns":5},{"damage":7,"enemies":"3 Louse","floor":14,"turns":4},{"damage":20,"enemies":"Slime Boss","floor":16,"turns":10},{"damage":15,"enemies":"3 Byrds","floor":18,"turns":4},{"damage":9,"enemies":"Shell Parasite","floor":21,"turns":6},{"damage":18,"enemies":"Snake Plant","floor":22,"turns":6},{"damage":2,"enemies":"Gremlin Leader","floor":23,"turns":9},{"damage":2,"enemies":"Shelled Parasite and Fungi","floor":24,"turns":3},{"damage":19,"enemies":"HollowMod:Nosk","floor":25,"turns":8},{"damage":7,"enemies":"Centurion and Healer","floor":27,"turns":5},{"damage":2,"enemies":"Gremlin Leader","floor":28,"turns":5},{"damage":0,"enemies":"Snecko","floor":29,"turns":4},{"damage":0,"enemies":"3 Cultists","floor":31,"turns":2},{"damage":53,"enemies":"Champ","floor":33,"turns":12},{"damage":0,"enemies":"3 Darklings","floor":35,"turns":4},{"damage":0,"enemies":"Orb Walker","floor":36,"turns":3},{"damage":21,"enemies":"Giant Head","floor":40,"turns":7},{"damage":5,"enemies":"3 Darklings","floor":42,"turns":4},{"damage":0,"enemies":"Transient","floor":45,"turns":5},{"damage":0,"enemies":"Jaw Worm Horde","floor":47,"turns":1},{"damage":0,"enemies":"Writhing Mass","floor":48,"turns":2},{"damage":15,"enemies":"Awakened One","floor":50,"turns":8}],"seed_played":"864694959481341737","potions_obtained":[{"floor":1,"key":"Ancient Potion"},{"floor":5,"key":"ColorlessPotion"},{"floor":13,"key":"SmokeBomb"},{"floor":14,"key":"SpeedPotion"},{"floor":18,"key":"PowerPotion"},{"floor":22,"key":"Dexterity Potion"},{"floor":28,"key":"AttackPotion"},{"floor":29,"key":"SneckoOil"},{"floor":33,"key":"SmokeBomb"},{"floor":35,"key":"Weak Potion"},{"floor":39,"key":"EntropicBrew"},{"floor":39,"key":"EntropicBrew"},{"floor":47,"key":"PowerPotion"}],"is_trial":false,"path_per_floor":["M","?","M","?","M","R","M","T","T","$","M","?","M","M","R","B",null,"M","?","T","M","M","E","M","E","T","M","E","M","R","M","R","B",null,"M","M","$","?","?","E","R","M","T","T","M","?","M","M","R","B",null],"character_chosen":"THE_SILENT","items_purchased":["Acrobatics","The Specimen","Catalyst","Noxious Fumes","Thinking Ahead"],"campfire_rested":4,"item_purchase_floors":[10,37,37,37,37],"current_hp_per_floor":[63,63,62,55,52,52,49,49,49,49,45,31,27,20,41,21,58,43,43,43,34,16,14,12,30,30,23,21,21,42,42,63,10,55,55,55,55,55,55,34,55,50,50,50,50,50,50,50,50,35],"gold":221,"neow_bonus":"ONE_RARE_RELIC","is_daily":false,"chose_seed":false,"campfire_upgraded":2,"win_rate":0.0,"timestamp":1612869187,"path_taken":["M","?","?","?","M","R","M","?","T","?","M","?","M","M","R","BOSS","M","?","?","M","M","E","M","E","T","M","E","M","R","M","R","BOSS","M","M","$","?","?","E","R","?","T","?","M","?","M","M","R","BOSS"],"items_purchased_type":["Card","Relic","Card","Card","Card"],"build_version":"2020-12-22","purchased_purges":1,"victory":true,"max_hp_per_floor":[70,70,70,70,70,70,70,70,70,70,70,70,70,70,70,70,70,70,70,70,70,70,70,70,70,70,70,70,70,70,70,70,70,70,70,70,70,70,70,70,70,70,70,70,70,70,70,70,70,70],"card_choices":[{"not_picked":["Dash","Reflex"],"picked":"Noxious Fumes","floor":1},{"not_picked":["Sucker Punch","Flechettes","Concentrate"],"picked":"SKIP","floor":3},{"not_picked":["Deadly Poison","Riddle With Holes"],"picked":"Bouncing Flask","floor":5},{"not_picked":["Infinite Blades","Skewer","Masterful Stab"],"picked":"SKIP","floor":7},{"not_picked":["Slice","Bane"],"picked":"Infinite Blades","floor":11},{"not_picked":["Prepared","Acrobatics"],"picked":"Backflip","floor":13},{"not_picked":["Underhanded Strike","Skewer"],"picked":"Blur","floor":14},{"not_picked":["Die Die Die","Grand Finale"],"picked":"Corpse Explosion","floor":16},{"not_picked":["Blade Dance","Masterful Stab","Poisoned Stab"],"picked":"SKIP","floor":18},{"not_picked":["Crippling Poison","Dagger Throw"],"picked":"PiercingWail+1","floor":21},{"not_picked":["Skewer","Underhanded Strike"],"picked":"Dash+1","floor":22},{"not_picked":["Eviscerate+1","Bane"],"picked":"Backflip","floor":23},{"not_picked":["Backflip","Dagger Spray","Phantasmal Killer"],"picked":"SKIP","floor":25},{"not_picked":["Finisher","Slice"],"picked":"Prepared","floor":27},{"not_picked":["Deflect","Deadly Poison","Sucker Punch"],"picked":"SKIP","floor":28},{"not_picked":["Acrobatics","Prepared"],"picked":"PiercingWail+1","floor":29},{"not_picked":["Endless Agony","PiercingWail","Backflip"],"picked":"SKIP","floor":31},{"not_picked":["Endless Agony","PiercingWail"],"picked":"Backflip","floor":31},{"not_picked":["Burst","Glass Knife"],"picked":"Bullet Time","floor":33},{"not_picked":["Well Laid Plans","Slice"],"picked":"Acrobatics","floor":35},{"not_picked":["Acrobatics","Backflip"],"picked":"Escape Plan+1","floor":36},{"not_picked":["Flying Knee","Blade Dance"],"picked":"Catalyst+1","floor":40},{"not_picked":["Dagger Throw","Masterful Stab","Sucker Punch+1"],"picked":"SKIP","floor":42},{"not_picked":["Quick Slash+1","Expertise+1","Bane"],"picked":"SKIP","floor":45},{"not_picked":["Grand Finale","Deflect"],"picked":"Noxious Fumes","floor":47},{"not_picked":["Poisoned Stab+1","Quick Slash+1"],"picked":"Blur+1","floor":48}],"player_experience":421552,"relics_obtained":[{"floor":8,"key":"InkBottle"},{"floor":9,"key":"Tiny Chest"},{"floor":20,"key":"CeramicFish"},{"floor":23,"key":"Happy Flower"},{"floor":25,"key":"Lantern"},{"floor":26,"key":"Snake Skull"},{"floor":28,"key":"PreservedInsect"},{"floor":40,"key":"Gambling Chip"},{"floor":43,"key":"Orichalcum"},{"floor":44,"key":"Sundial"}],"event_choices":[{"damage_healed":0,"gold_gain":0,"player_choice":"Gave Potion","damage_taken":0,"relics_obtained":["Mummified Hand"],"max_hp_gain":0,"max_hp_loss":0,"event_name":"WeMeetAgain","floor":2,"gold_loss":0},{"cards_removed":["Strike_G"],"damage_healed":0,"gold_gain":0,"player_choice":"Card Removal","damage_taken":7,"max_hp_gain":0,"max_hp_loss":0,"event_name":"Golden Wing","floor":4,"gold_loss":0},{"damage_healed":0,"gold_gain":0,"player_choice":"Entered Light","damage_taken":14,"max_hp_gain":0,"max_hp_loss":0,"event_name":"Shining Light","floor":12,"gold_loss":0,"cards_upgraded":["Strike_G","Bouncing Flask"]},{"damage_healed":0,"gold_gain":0,"player_choice":"Obtained Relic","damage_taken":0,"relics_obtained":["MawBank"],"max_hp_gain":0,"max_hp_loss":0,"event_name":"Addict","floor":19,"gold_loss":85},{"damage_healed":0,"gold_gain":0,"player_choice":"Paid","damage_taken":0,"relics_obtained":["Red Mask"],"max_hp_gain":0,"max_hp_loss":0,"event_name":"Tomb of Lord Red Mask","floor":38,"gold_loss":130},{"damage_healed":0,"gold_gain":0,"player_choice":"Got Potions","damage_taken":0,"max_hp_gain":0,"max_hp_loss":0,"event_name":"Lab","floor":39,"gold_loss":0},{"damage_healed":0,"gold_gain":0,"player_choice":"Upgrade","damage_taken":0,"relics_obtained":["Mark of the Bloom"],"max_hp_gain":0,"max_hp_loss":0,"event_name":"MindBloom","floor":46,"gold_loss":0,"cards_upgraded":["Strike_G","Strike_G","Defend_G","Defend_G","Defend_G","Defend_G","Defend_G","Survivor","Noxious Fumes","Acrobatics","Infinite Blades","Backflip","Blur","Corpse Explosion","Backflip","Prepared","Backflip","Bullet Time","Acrobatics","Catalyst","Noxious Fumes","Thinking Ahead"]}],"is_beta":false,"boss_relics":[{"not_picked":["SacredBark","Astrolabe"],"picked":"HoveringKite"},{"not_picked":["Sozu","Tiny House"],"picked":"Runic Pyramid"}],"items_purged_floors":[37],"is_endless":false,"potions_floor_spawned":[1,5,13,14,18,22,28,29,33,35,45,47],"ascension_level":7}}