{"host":"djoj10dqzzvtkauc","time":1612862108,"event":{"mods":["2.2 Compatiblity","BaseMod","Colored Map","DeckTracker","Highlight Path","Keyboard Shortcuts","Marisa£¨Ùöéë¡¡Øª×âÞÞ£©","Minty Spire (QoL Compilation)","Permanent Neow","Quick Restart","Random Character Button","StSLib","SuperFastMode","everything is the same but u backflip on backflip"],"gold_per_floor":[118,133,8,27,27,27,45,45,45,61,61,75,103,103,103,103,103],"floor_reached":16,"language":"KOR","playtime":409,"items_purged":[],"score":148,"play_id":"b4ffaf21-344c-4d80-a4b6-9f7beec65f6e","local_time":"20210209181508","is_ascension_mode":true,"campfire_choices":[{"data":"Shrug It Off","floor":6,"key":"SMITH"},{"data":"Shockwave","floor":8,"key":"SMITH"},{"data":"Havoc","floor":11,"key":"SMITH"},{"data":"Armaments","floor":15,"key":"SMITH"}],"circlet_count":0,"master_deck":["Strike_R","Strike_R","Strike_R","Strike_R","Defend_R","Defend_R","Defend_R","Defend_R","Bash","Havoc+1","Shrug It Off+1","Shockwave+1","Clothesline","Pommel Strike","Offering","Cleave","Armaments+1","Power Through"],"relics":["Burning Blood","Champion Belt","Mango","HornCleat"],"acts_visited":["Exordium"],"potions_floor_usage":[13,16,16],"damage_taken":[{"damage":3.0,"enemies":"2 Louse","floor":1.0,"turns":4.0},{"damage":9,"enemies":"Jaw Worm","floor":2,"turns":5},{"damage":7,"enemies":"Small Slimes","floor":4,"turns":4},{"damage":18,"enemies":"Exordium Wildlife","floor":7,"turns":5},{"damage":5,"enemies":"Red Slaver","floor":10,"turns":5},{"damage":7,"enemies":"Exordium Thugs","floor":12,"turns":4},{"damage":15,"enemies":"3 Sentries","floor":13,"turns":5},{"damage":46,"enemies":"Slime Boss","floor":16,"turns":8}],"seed_played":"-3269167294993836402","potions_obtained":[{"floor":0.0,"key":"Ancient Potion"},{"floor":0.0,"key":"CultistPotion"},{"floor":0.0,"key":"SmokeBomb"},{"floor":7,"key":"Block Potion"},{"floor":10,"key":"LiquidMemories"}],"is_trial":false,"path_per_floor":["M","M","$","M","?","R","M","R","T","M","R","M","E","?","R","B"],"character_chosen":"IRONCLAD","items_purchased":["Shockwave","Clothesline"],"campfire_rested":0,"item_purchase_floors":[3,3],"current_hp_per_floor":[75,72,72,71,64,64,52,52,66,67,67,66,57,50,50,4,4],"gold":103,"neow_bonus":"THREE_SMALL_POTIONS","is_daily":false,"chose_seed":false,"campfire_upgraded":4,"win_rate":0.0,"timestamp":1612862108,"path_taken":["M","M","$","M","?","R","M","R","T","M","R","M","E","?","R","BOSS"],"items_purchased_type":["Card","Card"],"build_version":"2020-12-22","purchased_purges":0,"victory":false,"max_hp_per_floor":[80,80,80,80,80,80,80,80,94,94,94,94,94,94,94,94,94],"card_choices":[{"not_picked":["Warcry","Anger"],"picked":"Havoc","floor":1.0},{"not_picked":["True Grit","Ghostly Armor"],"picked":"Shrug It Off","floor":2},{"not_picked":["Dark Embrace","Clash"],"picked":"Pommel Strike","floor":4},{"not_picked":["True Grit","Thunderclap"],"picked":"Offering","floor":7},{"not_picked":["Sword Boomerang","Combust"],"picked":"Cleave","floor":10},{"not_picked":["Perfected Strike","Cleave"],"picked":"Armaments","floor":12},{"not_picked":["True Grit","Searing Blow"],"picked":"Power Through","floor":13}],"player_experience":204873,"relics_obtained":[{"floor":9,"key":"Mango"},{"floor":13,"key":"HornCleat"}],"event_choices":[{"damage_healed":0,"gold_gain":0,"player_choice":"Success","damage_taken":7,"relics_obtained":["Champion Belt"],"max_hp_gain":0,"max_hp_loss":0,"event_name":"Scrap Ooze","floor":5,"gold_loss":0},{"cards_removed":["Strike_R"],"damage_healed":0,"gold_gain":0,"player_choice":"Card Removal","damage_taken":7,"max_hp_gain":0,"max_hp_loss":0,"event_name":"Golden Wing","floor":14,"gold_loss":0}],"is_beta":false,"boss_relics":[],"items_purged_floors":[],"is_endless":false,"potions_floor_spawned":[7,10,12],"killed_by":"Slime Boss","ascension_level":9}}