{"host":"FirstDane","time":1612842952,"event":{"mods":["BaseMod","Bestiary","Highlight Path","Minty Spire (QoL Compilation)","Relic Stats","Slay the Relics Exporter","StSLib"],"gold_per_floor":[116,130,146,146,167,167,37,76,103,103,131,175,175,216,216,216,216],"floor_reached":16,"language":"ENG","playtime":1027,"items_purged":["Strike_G"],"score":336,"play_id":"13bb6f1b-5877-4fe3-b4e9-788fcdaecbc1","local_time":"20210208215552","is_ascension_mode":true,"campfire_choices":[{"data":"Noxious Fumes","floor":6,"key":"SMITH"},{"data":"Wraith Form v2","floor":10,"key":"SMITH"},{"floor":15,"key":"REST"}],"circlet_count":0,"master_deck":["AscendersBane","Strike_G","Strike_G","Strike_G","Defend_G","Defend_G","Defend_G","Defend_G","Survivor","Neutralize","Footwork","Wraith Form v2+1","Dagger Throw","Deadly Poison","Noxious Fumes+1","Dagger Throw","Skewer","All Out Attack","Leg Sweep"],"relics":["Ring of the Snake","Golden Idol","Lantern","Ancient Tea Set","Odd Mushroom","Omamori","Boot","Orichalcum"],"acts_visited":["Exordium"],"potions_floor_usage":[7,8,12],"damage_taken":[{"damage":2,"enemies":"2 Louse","floor":1,"turns":5},{"damage":2,"enemies":"Jaw Worm","floor":2,"turns":4},{"damage":0,"enemies":"Cultist","floor":3,"turns":3},{"damage":9,"enemies":"Exordium Wildlife","floor":5,"turns":6},{"damage":18,"enemies":"3 Sentries","floor":8,"turns":7},{"damage":7,"enemies":"The Mushroom Lair","floor":11,"turns":5},{"damage":0,"enemies":"Gremlin Nob","floor":12,"turns":5},{"damage":0,"enemies":"Lagavulin","floor":14,"turns":8},{"damage":52,"enemies":"Slime Boss","floor":16,"turns":6}],"seed_played":"-4044293880222988546","potions_obtained":[{"floor":2,"key":"DuplicationPotion"},{"floor":3,"key":"PowerPotion"},{"floor":5,"key":"Fruit Juice"},{"floor":14,"key":"SpeedPotion"}],"is_trial":false,"path_per_floor":["M","M","M","?","M","R","$","E","T","R","?","E","?","E","R","B"],"character_chosen":"THE_SILENT","items_purchased":["BlessingOfTheForge"],"campfire_rested":1,"item_purchase_floors":[7],"current_hp_per_floor":[57,55,55,54,45,45,50,32,32,32,25,25,25,25,42,0,0],"gold":216,"neow_bonus":"TRANSFORM_TWO_CARDS","is_daily":false,"chose_seed":false,"campfire_upgraded":2,"win_rate":0.0,"timestamp":1612842952,"path_taken":["M","M","M","?","M","R","$","E","T","R","?","E","?","E","R","BOSS"],"items_purchased_type":["Potion"],"build_version":"2020-12-18","purchased_purges":1,"victory":false,"max_hp_per_floor":[60,60,60,54,54,54,59,59,59,59,59,59,59,59,59,59,59],"relic_stats":{"counters":[9,49],"Golden Idol":35,"Orichalcum":[30],"Boot":[12],"obtain_stats":[{"Lantern":8,"Golden Idol":4,"Omamori":12,"Odd Mushroom":11,"Orichalcum":14,"Ancient Tea Set":9,"Boot":13,"Ring of the Snake":0},{"Lantern":5,"Golden Idol":3,"Omamori":7,"Odd Mushroom":6,"Orichalcum":8,"Ancient Tea Set":5,"Boot":7,"Ring of the Snake":0},{"Lantern":25,"Golden Idol":12,"Omamori":35,"Odd Mushroom":30,"Orichalcum":43,"Ancient Tea Set":25,"Boot":35,"Ring of the Snake":0}],"Ring of the Snake":[18]},"card_choices":[{"not_picked":["Bane","Outmaneuver"],"picked":"Dagger Throw","floor":1},{"not_picked":["Finisher","Catalyst"],"picked":"Deadly Poison","floor":2},{"not_picked":["Deadly Poison","Slice"],"picked":"Noxious Fumes","floor":3},{"not_picked":["Footwork","Backflip"],"picked":"Dagger Throw","floor":5},{"not_picked":["Flying Knee","Choke","Bullet Time"],"picked":"SKIP","floor":8},{"not_picked":["Deflect","Infinite Blades"],"picked":"Skewer","floor":11},{"not_picked":["All Out Attack","Dagger Spray","Setup"],"picked":"SKIP","floor":12},{"not_picked":["Dagger Spray","Setup"],"picked":"All Out Attack","floor":12},{"not_picked":["Riddle With Holes","Sucker Punch"],"picked":"Leg Sweep","floor":14}],"player_experience":4079453,"relics_obtained":[{"floor":8,"key":"Lantern"},{"floor":9,"key":"Ancient Tea Set"},{"floor":11,"key":"Odd Mushroom"},{"floor":12,"key":"Omamori"},{"floor":14,"key":"Orichalcum"}],"event_choices":[{"damage_healed":0,"gold_gain":0,"player_choice":"Lose Max HP","damage_taken":0,"relics_obtained":["Golden Idol"],"max_hp_gain":0,"max_hp_loss":6,"event_name":"Golden Idol","floor":4,"gold_loss":0},{"damage_healed":0,"gold_gain":0,"player_choice":"Fought Mushrooms","damage_taken":0,"max_hp_gain":0,"max_hp_loss":0,"event_name":"Mushrooms","floor":11,"gold_loss":0},{"damage_healed":0,"gold_gain":0,"player_choice":"Box","damage_taken":0,"relics_obtained":["Boot"],"max_hp_gain":0,"max_hp_loss":0,"event_name":"Big Fish","floor":13,"gold_loss":0,"cards_obtained":["Regret"]}],"is_beta":true,"boss_relics":[],"items_purged_floors":[7],"is_endless":false,"potions_floor_spawned":[2,3,5,14],"killed_by":"Slime Boss","ascension_level":20}}