{"host":"newqdrzxfhh2im9e","time":1612913842,"event":{"mods":["AchievementEnabler","BaseMod","Block Reminder","Colored Map","Minty Spire (QoL Compilation)","Rare Cards Sparkle","Shop Mod","StSLib"],"gold_per_floor":[118,5,21,33,43,43,101,101,101,101,121,86,115,126,126,126,126],"floor_reached":16,"language":"ENG","playtime":774,"items_purged":[],"score":102,"play_id":"c9898368-594b-47b6-934c-e673dfb7a7c6","local_time":"20210209153722","is_ascension_mode":false,"campfire_choices":[{"floor":6,"key":"REST"},{"floor":8,"key":"RECALL"},{"data":"Envenom","floor":10,"key":"SMITH"},{"data":"Calculated Gamble","floor":15,"key":"SMITH"}],"circlet_count":0,"master_deck":["Strike_G","Strike_G","Strike_G","Strike_G","Strike_G","Defend_G","Defend_G","Defend_G","Defend_G","Defend_G","Survivor","Neutralize","Envenom+1","Accuracy","Noxious Fumes","Calculated Gamble+1","Flying Knee","Well Laid Plans","Backstab","Dodge and Roll","Masterful Stab","Wraith Form v2"],"relics":["Ring of the Snake","Torii","Pear","Toy Ornithopter"],"acts_visited":["Exordium"],"potions_floor_usage":[7,7,13,16],"damage_taken":[{"damage":12,"enemies":"Jaw Worm","floor":1,"turns":5},{"damage":3,"enemies":"2 Louse","floor":3,"turns":4},{"damage":0,"enemies":"Small Slimes","floor":4,"turns":3},{"damage":24,"enemies":"Red Slaver","floor":5,"turns":5},{"damage":10,"enemies":"Lagavulin Event","floor":7,"turns":5},{"damage":0,"enemies":"Exordium Thugs","floor":11,"turns":5},{"damage":18,"enemies":"3 Sentries","floor":13,"turns":9},{"damage":3,"enemies":"Blue Slaver","floor":14,"turns":4},{"damage":57,"enemies":"Slime Boss","floor":16,"turns":12}],"seed_played":"-4151442612295189807","potions_obtained":[{"floor":1,"key":"Poison Potion"},{"floor":3,"key":"BlessingOfTheForge"},{"floor":11,"key":"EssenceOfSteel"},{"floor":14,"key":"LiquidMemories"}],"is_trial":false,"path_per_floor":["M","$","M","M","M","R","?","R","T","R","M","?","E","M","R","B"],"character_chosen":"THE_SILENT","items_purchased":["Noxious Fumes","Calculated Gamble"],"campfire_rested":1,"item_purchase_floors":[2,2],"current_hp_per_floor":[58,58,55,55,31,52,42,42,52,52,52,72,54,51,51,0,0],"gold":126,"neow_bonus":"ONE_RANDOM_RARE_CARD","is_daily":false,"chose_seed":false,"campfire_upgraded":2,"win_rate":0.0,"timestamp":1612913842,"path_taken":["M","$","M","M","M","R","?","R","T","R","M","?","E","M","R","BOSS"],"items_purchased_type":["Card","Card"],"build_version":"2020-12-22","purchased_purges":0,"victory":false,"max_hp_per_floor":[70,70,70,70,70,70,70,70,80,80,80,80,80,80,80,80,80],"card_choices":[{"not_picked":["Outmaneuver","Backflip"],"picked":"Accuracy","floor":1},{"not_picked":["Underhanded Strike","Cloak And Dagger"],"picked":"Flying Knee","floor":3},{"not_picked":["Bane","Prepared"],"picked":"Well Laid Plans","floor":4},{"not_picked":["Tactician","Cloak And Dagger"],"picked":"Backstab","floor":5},{"not_picked":["Outmaneuver","Quick Slash"],"picked":"Dodge and Roll","floor":7},{"not_picked":["Prepared","Blade Dance"],"picked":"Masterful Stab","floor":11},{"not_picked":["Deadly Poison","Backflip"],"picked":"Wraith Form v2","floor":13},{"not_picked":["Backflip","Acrobatics","Sucker Punch"],"picked":"SKIP","floor":14}],"player_experience":769254,"relics_obtained":[{"floor":9,"key":"Pear"},{"floor":13,"key":"Toy Ornithopter"}],"event_choices":[{"damage_healed":0,"gold_gain":0,"player_choice":"Searched \u00272\u0027 times","damage_taken":0,"relics_obtained":["Torii"],"max_hp_gain":0,"max_hp_loss":0,"event_name":"Dead Adventurer","floor":7,"gold_loss":0},{"damage_healed":20,"gold_gain":0,"player_choice":"Healed","damage_taken":0,"max_hp_gain":0,"max_hp_loss":0,"event_name":"The Cleric","floor":12,"gold_loss":35}],"is_beta":false,"boss_relics":[],"items_purged_floors":[],"is_endless":false,"potions_floor_spawned":[1,3,11,14],"killed_by":"Slime Boss","ascension_level":0}}