{"host":"7cp3z5w0tcrrm8ys","time":1612858891,"event":{"mods":["AchievementEnabler","BaseMod","DeckTracker","Minty Spire (QoL Compilation)","StSLib","SuperFastMode"],"gold_per_floor":[110,110,32,42,42,70,90,90,113,113,138,158,177,224,224,295,295,308,308,318,345,345,345,371,389,389,404,423,423,15,49,49,128,128,142,142,142,152,152,152,187,187,234,234,7,38,52,65,65,65,65,65,65,15,47,47,47],"floor_reached":56,"language":"KOR","playtime":1567,"items_purged":["Strike_R","Combust+1"],"score":2085,"play_id":"43cdfbd6-c253-4182-84be-b7610e415413","local_time":"20210209172131","is_ascension_mode":true,"campfire_choices":[{"data":"Fire Breathing","floor":8.0,"key":"SMITH"},{"data":"Body Slam","floor":15.0,"key":"SMITH"},{"floor":23.0,"key":"REST"},{"floor":29.0,"key":"REST"},{"floor":32.0,"key":"REST"},{"floor":40.0,"key":"REST"},{"floor":42.0,"key":"RECALL"},{"floor":44.0,"key":"REST"},{"floor":49.0,"key":"REST"},{"floor":53.0,"key":"REST"}],"circlet_count":0,"master_deck":["AscendersBane","Defend_R","Defend_R","Defend_R","Defend_R","Bash","Perfected Strike","Fire Breathing+1","Twin Strike","Fire Breathing+1","Power Through","Body Slam+1","Wild Strike","Flame Barrier+1","Dark Embrace+1","Intimidate+1","Metallicize+1","Evolve+1","Shockwave+1","Impervious+1","Impervious+1","Dual Wield+1","Panacea+1","Purity+1","Rage+1","Bloodletting+1","PanicButton+1","Second Wind+1"],"relics":["Burning Blood","NeowsBlessing","Potion Belt","Frozen Egg 2","Red Skull","Question Card","Anchor","Fusion Hammer","Red Mask","Pocketwatch","Darkstone Periapt","Bag of Marbles","Medical Kit","Boot","Astrolabe","Toxic Egg 2","Smiling Mask","War Paint","Meat on the Bone","Akabeko"],"acts_visited":["Exordium","TheCity","TheBeyond","TheEnding"],"potions_floor_usage":[],"damage_taken":[{"damage":0.0,"enemies":"2 Louse","floor":1.0,"turns":1.0},{"damage":0.0,"enemies":"Small Slimes","floor":4.0,"turns":1.0},{"damage":0.0,"enemies":"Gremlin Nob","floor":6.0,"turns":1.0},{"damage":1.0,"enemies":"Cultist","floor":7.0,"turns":3.0},{"damage":0.0,"enemies":"Gremlin Gang","floor":10.0,"turns":1.0},{"damage":44.0,"enemies":"Lagavulin","floor":11.0,"turns":7.0},{"damage":21.0,"enemies":"Exordium Thugs","floor":12.0,"turns":4.0},{"damage":8.0,"enemies":"Blue Slaver","floor":13.0,"turns":5.0},{"damage":13.0,"enemies":"Slime Boss","floor":16.0,"turns":6.0},{"damage":20.0,"enemies":"Spheric Guardian","floor":18.0,"turns":5.0},{"damage":15.0,"enemies":"Shell Parasite","floor":20.0,"turns":5.0},{"damage":32.0,"enemies":"Masked Bandits","floor":21.0,"turns":5.0},{"damage":43.0,"enemies":"Book of Stabbing","floor":24.0,"turns":5.0},{"damage":12.0,"enemies":"Snake Plant","floor":25.0,"turns":4.0},{"damage":10.0,"enemies":"Snecko","floor":27.0,"turns":6.0},{"damage":13.0,"enemies":"Shelled Parasite and Fungi","floor":28.0,"turns":6.0},{"damage":48.0,"enemies":"Slavers","floor":31.0,"turns":4.0},{"damage":19.0,"enemies":"Champ","floor":33.0,"turns":8.0},{"damage":0.0,"enemies":"Orb Walker","floor":35.0,"turns":4.0},{"damage":0.0,"enemies":"3 Shapes","floor":38.0,"turns":3.0},{"damage":26.0,"enemies":"Nemesis","floor":41.0,"turns":7.0},{"damage":0.0,"enemies":"Reptomancer","floor":46.0,"turns":1.0},{"damage":24.0,"enemies":"Jaw Worm Horde","floor":47.0,"turns":4.0},{"damage":28.0,"enemies":"3 Darklings","floor":48.0,"turns":5.0},{"damage":51.0,"enemies":"Donu and Deca","floor":50.0,"turns":5.0},{"damage":27.0,"enemies":"Time Eater","floor":51.0,"turns":9.0},{"damage":82.0,"enemies":"Shield and Spear","floor":55.0,"turns":7.0},{"damage":51,"enemies":"The Heart","floor":56,"turns":8}],"seed_played":"-7764258970631498866","potions_obtained":[{"floor":1.0,"key":"Block Potion"},{"floor":7.0,"key":"SmokeBomb"},{"floor":11.0,"key":"LiquidBronze"},{"floor":12.0,"key":"Strength Potion"},{"floor":13.0,"key":"Weak Potion"},{"floor":20.0,"key":"Ancient Potion"},{"floor":21.0,"key":"GamblersBrew"},{"floor":31.0,"key":"FearPotion"},{"floor":33.0,"key":"FearPotion"},{"floor":38.0,"key":"Ancient Potion"},{"floor":47.0,"key":"AttackPotion"}],"is_trial":false,"path_per_floor":["M","?","$","M","?","E","M","R","T","M","E","M","M","T","R","B",null,"M","?","M","?","?","R","E","M","T","M","M","R","$","E","R","B",null,"M","T","T","M","?","R","E","R","T","R","$","E","M","M","R","B","B",null,"R","$","E","B"],"character_chosen":"IRONCLAD","items_purchased":["Fire Breathing","Evolve+1","Bag of Marbles","Medical Kit","Bloodletting+1","PanicButton+1"],"campfire_rested":7,"item_purchase_floors":[3,30,30,30,45,45],"current_hp_per_floor":[74,79,79,80,80,80,80,80,80,80,42,27,25,25,25,18,65,51,90,81,55,55,82,45,39,39,35,28,55,55,13,40,27,74,80,80,80,86,76,90,70,70,70,90,90,90,72,62,89,56,47,79,90,90,26,0,0],"gold":47,"neow_bonus":"THREE_ENEMY_KILL","is_daily":false,"chose_seed":false,"campfire_upgraded":2,"win_rate":0.0,"timestamp":1612858891,"path_taken":["M","?","$","M","?","E","M","R","T","?","E","M","?","?","R","BOSS","M","?","?","?","?","R","E","M","T","?","M","R","?","E","R","BOSS","M","?","?","?","?","R","E","R","T","R","$","E","M","M","R","BOSS","BOSS","R","$","E","BOSS"],"items_purchased_type":["Card","Card","Relic","Relic","Card","Card"],"build_version":"2020-12-22","purchased_purges":2,"victory":false,"max_hp_per_floor":[75,80,80,80,80,80,80,80,80,80,80,80,80,80,80,80,80,80,90,90,90,90,90,90,90,90,90,90,90,90,90,90,90,90,90,90,90,90,90,90,90,90,90,90,90,90,90,90,90,90,90,90,90,90,90,90,90],"card_choices":[{"not_picked":["Entrench","True Grit"],"picked":"Perfected Strike","floor":1.0},{"not_picked":["Wild Strike","Cleave"],"picked":"Twin Strike","floor":4.0},{"not_picked":["Iron Wave","Body Slam","Flex"],"picked":"SKIP","floor":6.0},{"not_picked":["Wild Strike","Power Through"],"picked":"Fire Breathing+1","floor":7.0},{"not_picked":["Shrug It Off","Feed"],"picked":"Power Through","floor":11.0},{"not_picked":["Cleave","Sword Boomerang","Armaments"],"picked":"Body Slam","floor":12.0},{"not_picked":["Dual Wield","Twin Strike","Clothesline"],"picked":"Wild Strike","floor":13.0},{"not_picked":["Limit Break","Double Tap","Exhume"],"picked":"Fiend Fire","floor":16.0},{"not_picked":["Headbutt","Anger","Heavy Blade"],"picked":"Flame Barrier","floor":18.0},{"not_picked":["Twin Strike+1","Bloodletting","Infernal Blade"],"picked":"Dark Embrace+1","floor":20.0},{"not_picked":["Intimidate","Twin Strike","Cleave","Reaper"],"picked":"SKIP","floor":24.0},{"not_picked":["Sword Boomerang","Warcry","Perfected Strike"],"picked":"Intimidate+1","floor":25.0},{"not_picked":["Body Slam","Twin Strike+1","Havoc+1"],"picked":"Metallicize+1","floor":27.0},{"not_picked":["Whirlwind","Wild Strike","Rupture+1","Blood for Blood"],"picked":"SKIP","floor":28.0},{"not_picked":["Body Slam","Pommel Strike","Wild Strike"],"picked":"Shockwave+1","floor":31.0},{"not_picked":["Brutality+1","Exhume","Feed"],"picked":"Impervious","floor":33.0},{"not_picked":["Iron Wave","Armaments+1","Headbutt","Anger"],"picked":"SKIP","floor":35.0},{"not_picked":["Clash","Blood for Blood","Sever Soul","Whirlwind"],"picked":"SKIP","floor":38.0},{"not_picked":["Enlightenment+1","Chrysalis+1","Forethought+1"],"picked":"Panacea+1","floor":39.0},{"not_picked":["Blind+1","Panache+1","Secret Technique+1"],"picked":"Purity+1","floor":39.0},{"not_picked":["Disarm+1","Wild Strike","Combust+1"],"picked":"Rage+1","floor":41.0},{"not_picked":["Heavy Blade+1","Metallicize+1","Battle Trance+1","Wild Strike"],"picked":"SKIP","floor":46.0},{"not_picked":["Wild Strike","Feed","Spot Weakness+1","Clothesline"],"picked":"SKIP","floor":47.0},{"not_picked":["Sword Boomerang+1","Headbutt+1","Clothesline","Havoc+1"],"picked":"SKIP","floor":48.0},{"not_picked":["Shrug It Off+1","Sword Boomerang","Perfected Strike"],"picked":"Second Wind+1","floor":55.0}],"player_experience":810686,"relics_obtained":[{"floor":6.0,"key":"Frozen Egg 2"},{"floor":9.0,"key":"Red Skull"},{"floor":11.0,"key":"Question Card"},{"floor":14.0,"key":"Anchor"},{"floor":21.0,"key":"Red Mask"},{"floor":24.0,"key":"Pocketwatch"},{"floor":26.0,"key":"Darkstone Periapt"},{"floor":31.0,"key":"Boot"},{"floor":36.0,"key":"Toxic Egg 2"},{"floor":37.0,"key":"Smiling Mask"},{"floor":41.0,"key":"War Paint"},{"floor":46.0,"key":"Meat on the Bone"},{"floor":55.0,"key":"Akabeko"}],"event_choices":[{"damage_healed":0.0,"max_hp_gain":5.0,"max_hp_loss":0.0,"gold_gain":0.0,"event_name":"Big Fish","player_choice":"Donut","floor":2.0,"gold_loss":0.0,"damage_taken":0.0},{"damage_healed":0.0,"max_hp_gain":0.0,"max_hp_loss":0.0,"gold_gain":0.0,"event_name":"WeMeetAgain","player_choice":"Gave Potion","floor":5.0,"gold_loss":0.0,"damage_taken":0.0,"relics_obtained":["Potion Belt"]},{"cards_removed":["Fiend Fire"],"damage_healed":29.0,"max_hp_gain":10.0,"max_hp_loss":0.0,"gold_gain":0.0,"event_name":"Bonfire Elementals","player_choice":"Offered Rare","floor":19.0,"gold_loss":0.0,"damage_taken":0.0},{"damage_healed":0.0,"max_hp_gain":0.0,"max_hp_loss":0.0,"gold_gain":0.0,"event_name":"Masked Bandits","player_choice":"Fought Bandits","floor":21.0,"gold_loss":0.0,"damage_taken":0.0},{"cards_removed":["Strike_R"],"damage_healed":0.0,"max_hp_gain":0.0,"max_hp_loss":0.0,"gold_gain":0.0,"event_name":"Purifier","player_choice":"Purged","floor":22.0,"gold_loss":0.0,"damage_taken":0.0},{"damage_healed":0.0,"max_hp_gain":0.0,"max_hp_loss":0.0,"gold_gain":0.0,"event_name":"SensoryStone","player_choice":"Memory 3","floor":39.0,"gold_loss":0.0,"damage_taken":10.0}],"is_beta":false,"boss_relics":[{"not_picked":["Tiny House","Runic Cube"],"picked":"Fusion Hammer"},{"not_picked":["Runic Pyramid","Black Star"],"picked":"Astrolabe"}],"items_purged_floors":[45,54],"is_endless":false,"potions_floor_spawned":[1,7,11,12,13,20,21,31,33,38,47],"killed_by":"The Heart","ascension_level":20}}