{"host":"5ob2rl967gmq8n3v","time":1612868348,"event":{"mods":["BaseMod","Downfall","Minty Spire (QoL Compilation)","StSLib"],"gold_per_floor":[99,113,52,52,52,63,109,136,182,82,82,82,82,67,81,185,185,85,95,108,122,138,138,138,149,184,184,194,229,129,156,184,301,313,325,12,12,242,254,273,273,307,307,327,347,347,373,408,433,433,433,433,433,433],"floor_reached":52,"language":"ENG","playtime":4111,"items_purged":["bronze:Optimize"],"score":802,"play_id":"18bf1d1a-8af6-4faf-ab60-ef03bec72dd3","local_time":"20210209205908","is_ascension_mode":false,"campfire_choices":[{"floor":1.0,"key":"RECALL"},{"data":"bronze:SpaghettiCode","floor":10.0,"key":"SMITH"},{"data":"bronze:Replicate","floor":12.0,"key":"SMITH"},{"data":"bronze:Repair","floor":18.0,"key":"SMITH"},{"data":"bronze:Mutator","floor":23.0,"key":"SMITH"},{"data":"bronze:Repulsor","floor":30.0,"key":"SMITH"},{"data":"bronze:FineTuning","floor":35.0,"key":"SMITH"},{"data":"bronze:FineTuning","floor":43,"key":"SMITH"},{"data":"bronze:Goto","floor":46,"key":"SMITH"}],"circlet_count":0,"master_deck":["bronze:Strike+1","bronze:Defend","bronze:Defend","bronze:Defend","bronze:Defend","bronze:Replicate+1","bronze:Goto","bronze:WildBeam","bronze:Branch+1","bronze:FineTuning","bronze:Goto+1","bronze:FineTuning+1","bronze:SpaghettiCode+1","bronze:Mutator+1","bronze:Repulsor+1","bronze:Repair+1","bronze:Repair+1","bronze:Branch+1","bronze:DelayedSlice+1","bronze:Iterate+1","bronze:OilSpill+1","bronze:ShipIt+1","bronze:CleanCode","bronze:FineTuning+1","bronze:DigitalCarnage+1","bronze:BugBarrage+1","bronze:FindAndReplace","bronze:BugBarrage+1","bronze:Philosophize+1","bronze:Repair+1","bronze:FineTuning"],"relics":["bronze:BronzeCore","Whetstone","Molten Egg 2","MealTicket","downfall:HeartBlessingRed","SlaversCollar","downfall:HeartBlessingGreen","Blue Candle","Red Mask","downfall:HeartBlessingBlue","MawBank","bronze:MakeshiftBattery","Membership Card","Bag of Preparation","Guardian:PocketSentry","Sling","StrikeDummy","CeramicFish","Pen Nib"],"acts_visited":["Exordium","TheCity","TheBeyond","TheEnding"],"potions_floor_usage":[42,50,52],"damage_taken":[{"damage":1.0,"enemies":"Jaw Worm","floor":2.0,"turns":5.0},{"damage":0.0,"enemies":"downfall:FleeingMerchant","floor":3.0,"turns":4.0},{"damage":0.0,"enemies":"2 Louse","floor":6.0,"turns":2.0},{"damage":24.0,"enemies":"3 Sentries","floor":8.0,"turns":8.0},{"damage":0.0,"enemies":"Cultist","floor":13.0,"turns":1.0},{"damage":3.0,"enemies":"downfall:FleeingMerchant","floor":14.0,"turns":4.0},{"damage":0.0,"enemies":"2 Fungi Beasts","floor":15.0,"turns":3.0},{"damage":64.0,"enemies":"DF_ARCHETYPE_STREAMLINE","floor":16.0,"turns":12.0},{"damage":6.0,"enemies":"Shell Parasite","floor":19.0,"turns":6.0},{"damage":0.0,"enemies":"Chosen","floor":20.0,"turns":4.0},{"damage":18.0,"enemies":"Centurion and Healer","floor":21.0,"turns":9.0},{"damage":42.0,"enemies":"Cultist and Chosen","floor":22.0,"turns":9.0},{"damage":13.0,"enemies":"Snecko","floor":25.0,"turns":5.0},{"damage":29.0,"enemies":"Gremlin Leader","floor":26.0,"turns":5.0},{"damage":15.0,"enemies":"3 Cultists","floor":28.0,"turns":5.0},{"damage":17.0,"enemies":"Masked Bandits","floor":29.0,"turns":4.0},{"damage":0.0,"enemies":"Slavers","floor":31.0,"turns":4.0},{"damage":21.0,"enemies":"Chosen and Byrds","floor":32.0,"turns":6.0},{"damage":39.0,"enemies":"SI_MIRROR_ARCHETYPE","floor":33.0,"turns":8.0},{"damage":2.0,"enemies":"downfall:FleeingMerchant","floor":36.0,"turns":4.0},{"damage":0.0,"enemies":"downfall:FleeingMerchant","floor":38.0,"turns":1.0},{"damage":0,"enemies":"Orb Walker","floor":39,"turns":1},{"damage":0,"enemies":"3 Shapes","floor":40,"turns":4},{"damage":22,"enemies":"Reptomancer","floor":42,"turns":6},{"damage":6,"enemies":"Sphere and 2 Shapes","floor":44,"turns":4},{"damage":4,"enemies":"3 Darklings","floor":45,"turns":5},{"damage":21,"enemies":"Maw","floor":47,"turns":7},{"damage":3,"enemies":"Giant Head","floor":48,"turns":6},{"damage":0,"enemies":"Jaw Worm Horde","floor":49,"turns":3},{"damage":29,"enemies":"IC_BLOCK_ARCHETYPE","floor":50,"turns":7},{"damage":118,"enemies":"downfall:CharBossMerchant","floor":52,"turns":6}],"seed_played":"6095754216280944813","potions_obtained":[{"floor":2.0,"key":"PowerPotion"},{"floor":8.0,"key":"DuplicationPotion"},{"floor":20.0,"key":"Dexterity Potion"},{"floor":25.0,"key":"FearPotion"},{"floor":26.0,"key":"bronze:BuildAFunctionPotion"},{"floor":31.0,"key":"DistilledChaos"},{"floor":32.0,"key":"Block Potion"},{"floor":33.0,"key":"GamblersBrew"},{"floor":39,"key":"PowerPotion"},{"floor":45,"key":"Regen Potion"},{"floor":49,"key":"LiquidMemories"}],"is_trial":false,"path_per_floor":["R","M","$","?","?","M","T","E","T","R","?","R","M","$","M","B",null,"R","M","M","M","M","R","T","M","E","?","M","?","R","E","M","B",null,"R","$","?","$","M","M","T","E","R","M","M","R","M","E","M","B",null,"E"],"character_chosen":"THE_AUTOMATON","items_purchased":["bronze:FineTuning","Membership Card","Bag of Preparation","Guardian:PocketSentry","Sling"],"campfire_rested":0,"item_purchase_floors":[3,36,36,36,38],"current_hp_per_floor":[77,76,76,76,76,76,76,52,52,52,52,52,52,64,71,13,77,77,71,77,67,42,42,42,49,41,41,48,52,62,82,66,49,87,87,87,87,87,87,87,87,71,71,81,83,83,66,84,87,79,87,0,0,0],"gold":433,"neow_bonus":"TEN_PERCENT_HP_BONUS","is_daily":false,"chose_seed":false,"campfire_upgraded":8,"win_rate":0.0,"timestamp":1612868348,"path_taken":["R","M","$","?","?","M","T","E","?","R","?","R","M","$","M","BOSS","R","M","?","M","M","R","T","M","E","?","M","?","R","E","M","BOSS","R","$","?","$","M","M","T","E","R","M","?","R","M","E","M","BOSS","E"],"items_purchased_type":["Card","Relic","Relic","Relic","Relic"],"build_version":"2020-12-22","purchased_purges":1,"victory":false,"max_hp_per_floor":[77,77,77,77,77,77,77,77,77,77,77,77,77,77,77,77,77,77,77,77,77,77,77,77,77,77,77,77,77,87,87,87,87,87,87,87,87,87,87,87,87,87,87,87,87,87,87,87,87,87,87,87,87,87],"card_choices":[{"not_picked":["bronze:ForceShield","bronze:Allocate"],"picked":"bronze:WildBeam","floor":2.0},{"not_picked":["bronze:DelayedSlice","bronze:CutThrough"],"picked":"bronze:Branch","floor":3.0},{"not_picked":["bronze:Turbo","bronze:Invalidate"],"picked":"bronze:FineTuning","floor":6.0},{"not_picked":["bronze:DigitalCarnage+1","bronze:MaxOutput"],"picked":"bronze:SpaghettiCode","floor":8.0},{"not_picked":["bronze:Deprecate","bronze:Safeguard"],"picked":"bronze:Repulsor","floor":13.0},{"not_picked":["bronze:ForceShield","bronze:ItsAFeature"],"picked":"bronze:Repair","floor":14.0},{"not_picked":["bronze:Turbo","bronze:Safeguard","bronze:Deprecate"],"picked":"SKIP","floor":15.0},{"not_picked":["bronze:RecursiveStrike+1","bronze:SpaghettiCode"],"picked":"bronze:Assembly","floor":16.0},{"not_picked":["bronze:OilSpill+1","bronze:Fortify+1"],"picked":"bronze:Optimize","floor":19.0},{"not_picked":["bronze:BronzeArmor","bronze:FollowUp+1"],"picked":"bronze:Repair+1","floor":20.0},{"not_picked":["bronze:BitShift","bronze:NullPointer+1","bronze:WildBeam+1"],"picked":"SKIP","floor":21.0},{"not_picked":["bronze:BugBarrage+1","bronze:CloningBeam+1"],"picked":"bronze:Branch+1","floor":22.0},{"not_picked":["bronze:ChildClass","bronze:ItsAFeature+1"],"picked":"bronze:DelayedSlice+1","floor":25.0},{"not_picked":["bronze:BronzeArmor","bronze:Assembly","bronze:DelayedSlice+1"],"picked":"SKIP","floor":26.0},{"not_picked":["bronze:Allocate","bronze:Boost+1"],"picked":"bronze:Iterate+1","floor":28.0},{"not_picked":["bronze:DelayedGuard+1","bronze:BronzeArmor"],"picked":"bronze:OilSpill+1","floor":29.0},{"not_picked":["bronze:Backtrace+1","bronze:Invalidate"],"picked":"bronze:ShipIt+1","floor":31.0},{"not_picked":["bronze:BuggyMess","bronze:Frontload+1","bronze:DelayedSlice+1"],"picked":"SKIP","floor":32.0},{"not_picked":["bronze:FindAndReplace","bronze:AlphaBuild+1"],"picked":"bronze:CleanCode","floor":33.0},{"not_picked":["bronze:DelayedGuard","bronze:ClassDefault"],"picked":"bronze:FineTuning","floor":36.0},{"not_picked":["bronze:Turbo+1","bronze:Branch+1"],"picked":"bronze:BugBarrage+1","floor":38.0},{"not_picked":["bronze:OilSpill+1","bronze:ForceShield","bronze:BugBarrage+1"],"picked":"SKIP","floor":39},{"not_picked":["bronze:FollowUp+1","bronze:Branch+1","bronze:FineTuning"],"picked":"SKIP","floor":40},{"not_picked":["bronze:Deprecate","bronze:DelayedGuard+1","bronze:BitShift"],"picked":"SKIP","floor":42},{"not_picked":["bronze:WildBeam+1","bronze:DigitalCarnage+1"],"picked":"bronze:FindAndReplace","floor":44},{"not_picked":["bronze:Repulsor","bronze:Repair"],"picked":"bronze:BugBarrage+1","floor":45},{"not_picked":["bronze:OilSpill+1","bronze:Overheat+1"],"picked":"bronze:Philosophize+1","floor":47},{"not_picked":["bronze:Deprecate+1","bronze:CutThrough+1"],"picked":"bronze:Repair+1","floor":48},{"not_picked":["bronze:WhirlingStrike+1","bronze:Overheat+1"],"picked":"bronze:FineTuning","floor":49}],"player_experience":1544638,"relics_obtained":[{"floor":7.0,"key":"Whetstone"},{"floor":8.0,"key":"Molten Egg 2"},{"floor":9.0,"key":"MealTicket"},{"floor":26.0,"key":"Blue Candle"},{"floor":29.0,"key":"Red Mask"},{"floor":31.0,"key":"MawBank"},{"floor":41,"key":"StrikeDummy"},{"floor":42,"key":"CeramicFish"},{"floor":48,"key":"Pen Nib"}],"event_choices":[{"damage_healed":0.0,"max_hp_gain":0.0,"max_hp_loss":0.0,"gold_gain":0.0,"event_name":"Masked Bandits","player_choice":"Fought Bandits","floor":29.0,"gold_loss":0.0,"damage_taken":0.0}],"is_beta":false,"boss_relics":[{"not_picked":["Cursed Key","Runic Pyramid"],"picked":"SlaversCollar"},{"not_picked":["expansioncontent:StudyCardRelic","Astrolabe"],"picked":"bronze:MakeshiftBattery"}],"items_purged_floors":[38],"is_endless":false,"potions_floor_spawned":[2,8,20,25,26,31,32,33,39,45,47,49],"killed_by":"downfall:CharBossMerchant","ascension_level":0}}