{"host":"mcmflfjoldkjkv7m","time":1612858917,"event":{"mods":["AchievementEnabler","BaseMod","DeckTracker","Minty Spire (QoL Compilation)","SuperFastMode"],"gold_per_floor":[112,127,127,146,135,135,161,179,202,213,87,37,37,37,37,37,37],"floor_reached":16,"language":"KOR","playtime":389,"items_purged":["Strike_G"],"score":163,"play_id":"67575d76-597f-4f27-937c-cdbf6f386df6","local_time":"20210209172157","is_ascension_mode":true,"campfire_choices":[{"data":"Reflex","floor":6,"key":"SMITH"},{"data":"Calculated Gamble","floor":13,"key":"SMITH"},{"floor":15,"key":"REST"}],"circlet_count":0,"master_deck":["AscendersBane","Strike_G","Strike_G","Strike_G","Defend_G","Defend_G","Defend_G","Defend_G","Survivor","Neutralize","PiercingWail","Dagger Spray+1","Reflex+1","Backstab","Calculated Gamble+1","Prepared","Die Die Die"],"relics":["Ring of the Snake","Ninja Scroll","Juzu Bracelet"],"acts_visited":["Exordium"],"potions_floor_usage":[16,16],"damage_taken":[{"damage":2,"enemies":"2 Louse","floor":1,"turns":3},{"damage":5,"enemies":"Cultist","floor":2,"turns":5},{"damage":1,"enemies":"Small Slimes","floor":4,"turns":4},{"damage":17,"enemies":"Exordium Thugs","floor":5,"turns":4},{"damage":28,"enemies":"3 Sentries","floor":7,"turns":9},{"damage":2,"enemies":"Blue Slaver","floor":8,"turns":3},{"damage":0,"enemies":"2 Fungi Beasts","floor":10,"turns":2},{"damage":39,"enemies":"Slime Boss","floor":16,"turns":6}],"seed_played":"-5751829845795162821","potions_obtained":[{"floor":2,"key":"Swift Potion"},{"floor":7,"key":"Fire Potion"}],"is_trial":false,"path_per_floor":["M","M","?","M","M","R","E","M","T","M","$","?","R","?","R","B"],"character_chosen":"THE_SILENT","items_purchased":["Prepared"],"campfire_rested":1,"item_purchase_floors":[11],"current_hp_per_floor":[61,56,56,55,38,38,10,8,8,8,8,8,8,8,29,0,0],"gold":37,"neow_bonus":"THREE_CARDS","is_daily":false,"chose_seed":false,"campfire_upgraded":2,"win_rate":0.0,"timestamp":1612858917,"path_taken":["M","M","?","M","?","R","E","M","T","M","$","?","R","?","R","BOSS"],"items_purchased_type":["Card"],"build_version":"2020-12-22","purchased_purges":1,"victory":false,"max_hp_per_floor":[70,70,70,70,70,70,70,70,70,70,70,70,70,70,70,70,70],"card_choices":[{"not_picked":["Underhanded Strike","Slice"],"picked":"PiercingWail","floor":0},{"not_picked":["PiercingWail","Endless Agony"],"picked":"Dagger Spray","floor":1},{"not_picked":["Accuracy","Deflect"],"picked":"Reflex","floor":2},{"not_picked":["Poisoned Stab","Dagger Spray","Deadly Poison"],"picked":"SKIP","floor":4},{"not_picked":["All Out Attack","Sucker Punch","Flying Knee"],"picked":"SKIP","floor":5},{"not_picked":["Deadly Poison","Dodge and Roll"],"picked":"Backstab","floor":7},{"not_picked":["Predator","Slice","Sucker Punch"],"picked":"SKIP","floor":8},{"not_picked":["PiercingWail","Acrobatics"],"picked":"Calculated Gamble","floor":10}],"player_experience":365500,"relics_obtained":[{"floor":7,"key":"Ninja Scroll"},{"floor":9,"key":"Juzu Bracelet"}],"event_choices":[{"damage_healed":0,"gold_gain":0,"player_choice":"Forge","damage_taken":0,"max_hp_gain":0,"max_hp_loss":0,"event_name":"Accursed Blacksmith","floor":3,"gold_loss":0,"cards_upgraded":["Dagger Spray"]},{"cards_removed":["Defend_G"],"damage_healed":0,"gold_gain":0,"player_choice":"Card Removal","damage_taken":0,"max_hp_gain":0,"max_hp_loss":0,"event_name":"The Cleric","floor":12,"gold_loss":50},{"damage_healed":0,"gold_gain":0,"cards_transformed":["Strike_G"],"player_choice":"Transformed","damage_taken":0,"max_hp_gain":0,"max_hp_loss":0,"event_name":"Transmorgrifier","floor":14,"gold_loss":0,"cards_obtained":["Die Die Die"]}],"is_beta":false,"boss_relics":[],"items_purged_floors":[11],"is_endless":false,"potions_floor_spawned":[2,7,8,10],"killed_by":"Slime Boss","ascension_level":12}}