{"host":"y7b1p9nkx4idorr2","time":1612877730,"event":{"mods":["AchievementEnabler","Act Like it!","BaseMod","Colored Map","Downfall","GifTheSpireLib","Googly Eyes","Highlight Path","Mimic Mod","Minty Spire (QoL Compilation)","Shop Mod","Spicy Shops","StSLib","Unceasing Turn Reminder"],"gold_per_floor":[99,115,129,163,613,62,88,88,88,100,125,125,25,58,77,77,77,77],"floor_reached":16,"language":"ENG","playtime":818,"items_purged":["downfall:Icky"],"score":144,"play_id":"b88a8095-3fc4-4aac-9d1b-90e76fc3df44","local_time":"20210209073530","is_ascension_mode":true,"campfire_choices":[{"floor":1,"key":"RECALL"},{"data":"champ:SwordThrow","floor":9,"key":"SMITH"},{"data":"champ:BerserkerStyle","floor":13,"key":"SMITH"}],"circlet_count":0,"master_deck":["sneckomod:Strike","sneckomod:Strike+1","sneckomod:Strike","sneckomod:Defend","sneckomod:Defend","sneckomod:Defend","sneckomod:TailWhip","sneckomod:SnekBite","sneckomod:Unknown","sneckomod:Unknown","sneckomod:UnknownClassTHE_CHAMP_GRAY","sneckomod:UnknownClassTHE_CHAMP_GRAY","sneckomod:UnknownClassTHE_CHAMP_GRAY","sneckomod:UnknownClassTHE_CHAMP_GRAY","champ:DefensiveStyle","sneckomod:CheapStock","champ:HeartStrike+1","sneckomod:UnknownUncommonPower","champ:SwordThrow+1","downfall:Icky","champ:Lariat","champ:FanOfKnives","sneckomod:UnknownDexterity","champ:BerserkerStyle+1","sneckomod:MixItUp","champ:ViciousMockery","champ:EnchantCrown","sneckomod:UnknownBoss","champ:ArenaPreparation","sneckomod:WideSting"],"relics":["sneckomod:SneckoBoss","Vajra","Omamori","OrangePellets","Whetstone","downfall:BrokenWingStatue","Ancient Tea Set","downfall:HeartBlessingRed","StrikeDummy"],"acts_visited":["Exordium"],"potions_floor_usage":[6,15,16,16],"damage_taken":[{"damage":30,"enemies":"Cultist","floor":2,"turns":3},{"damage":7,"enemies":"Jaw Worm","floor":3,"turns":4},{"damage":4,"enemies":"Small Slimes","floor":4,"turns":5},{"damage":20,"enemies":"downfall:FleeingMerchant","floor":6,"turns":4},{"damage":10,"enemies":"Small Slimes","floor":10,"turns":2},{"damage":28,"enemies":"Gremlin Nob","floor":11,"turns":4},{"damage":36,"enemies":"Lagavulin","floor":14,"turns":7},{"damage":31,"enemies":"3 Louse","floor":15,"turns":2},{"damage":30,"enemies":"DF_ARCHETYPE_STREAMLINE","floor":16,"turns":6}],"seed_played":"-4119819286984678812","potions_obtained":[{"floor":2,"key":"PowerPotion"},{"floor":3,"key":"hexamod:SoulburnPotion"},{"floor":11,"key":"EssenceOfSteel"},{"floor":15,"key":"Block Potion"}],"is_trial":false,"path_per_floor":["R","M","M","MIM","?","$","T","?","R","M","E","?","R","E","M","B"],"character_chosen":"THE_SNECKO","items_purchased":["Vajra","Omamori","OrangePellets"],"campfire_rested":0,"item_purchase_floors":[6,6,6],"current_hp_per_floor":[90,90,83,79,79,69,69,69,69,69,41,41,41,33,21,0,0,0],"gold":77,"neow_bonus":"BOSS_RELIC","is_daily":false,"chose_seed":false,"campfire_upgraded":2,"win_rate":0.0,"timestamp":1612877730,"path_taken":["R","M","M","?","?","$","T","?","R","M","E","?","R","E","M","BOSS"],"items_purchased_type":["Relic","Relic","Relic"],"build_version":"2020-12-22","purchased_purges":1,"victory":false,"max_hp_per_floor":[90,90,90,90,90,90,90,90,90,90,90,90,90,90,90,90,90,90],"card_choices":[{"not_picked":["champ:Duel","champ:FocusedDefense"],"picked":"champ:DefensiveStyle","floor":2},{"not_picked":["sneckomod:SerpentIdol","sneckomod:IronFang"],"picked":"sneckomod:CheapStock","floor":2},{"not_picked":["champ:BladeFlurry","champ:Execute"],"picked":"champ:HeartStrike","floor":3},{"not_picked":["sneckomod:SoulRoll","sneckomod:QuickMove"],"picked":"sneckomod:UnknownUncommonPower","floor":3},{"not_picked":["champ:Devastate","champ:SetATrap"],"picked":"champ:SwordThrow","floor":4},{"not_picked":["sneckomod:UnknownDraw","sneckomod:Nope"],"picked":"sneckomod:Memorize","floor":4},{"not_picked":["champ:Strike","champ:Encircle"],"picked":"champ:FanOfKnives","floor":6},{"not_picked":["sneckomod:UnknownCommonSkill","sneckomod:QuickMove"],"picked":"sneckomod:UnknownDexterity","floor":6},{"not_picked":["champ:GladiatorForm","champ:UltimateStance"],"picked":"champ:BerserkerStyle","floor":10},{"not_picked":["sneckomod:TrashToTreasure","sneckomod:QuickMove"],"picked":"sneckomod:MixItUp","floor":10},{"not_picked":["champ:Circumvent","champ:Strike"],"picked":"champ:ViciousMockery","floor":11},{"not_picked":["sneckomod:UnknownCommonSkill","sneckomod:IronFang","sneckomod:SoulRoll"],"picked":"SKIP","floor":11},{"not_picked":["champ:IronFortress","champ:Circumvent"],"picked":"champ:EnchantCrown","floor":14},{"not_picked":["sneckomod:DefensiveFlair","sneckomod:DiceBlock"],"picked":"sneckomod:UnknownBoss","floor":14},{"not_picked":["champ:HeavySlash","champ:RecklessLeap"],"picked":"champ:ArenaPreparation","floor":15},{"not_picked":["sneckomod:Unknown1Cost","sneckomod:UnknownCommonSkill"],"picked":"sneckomod:WideSting","floor":15}],"player_experience":2323240,"relics_obtained":[{"floor":7,"key":"Whetstone"},{"floor":11,"key":"Ancient Tea Set"},{"floor":14,"key":"StrikeDummy"}],"event_choices":[{"cards_removed":["downfall:Icky"],"damage_healed":0,"gold_gain":0,"player_choice":"Card Removal","damage_taken":0,"max_hp_gain":0,"max_hp_loss":0,"event_name":"The Cleric","floor":12,"gold_loss":0}],"is_beta":false,"boss_relics":[],"items_purged_floors":[6],"is_endless":false,"potions_floor_spawned":[2,3,11,15],"killed_by":"DF_ARCHETYPE_STREAMLINE","ascension_level":2}}