{"host":"pc7bizyp7423q6r6","time":1612906878,"event":{"mods":["AchievementEnabler","Act Like it!","Aspiration","BaseMod","Better Match","Better Note","Better Third Choice","BetterRewards","Block Reminder","Conspire","Disable Question Mark Monsters","Emptier Cage","GifTheSpireLib","Hubris","Infinite Spire","Minty Spire (QoL Compilation)","Rare Cards Sparkle","Relic Stats","Replay The Spire","Robot Space Explorer","Spicy Shops","StSLib","Stuff the Spire","The Blue Laboratory","The Cursed","Wandering Minibosses","everything is the same but u backflip on backflip"],"gold_per_floor":[115,132,132,193,193,193,226,226,273,273,337,72,37,37,57,57,134,134,93,8,8,8,8,8],"floor_reached":23,"language":"ENG","playtime":759,"items_purged":[],"score":374,"play_id":"9beb25ca-5f61-4498-ba83-84b886b1dff3","local_time":"20210209154118","is_ascension_mode":true,"campfire_choices":[{"data":"Blade Dance","floor":6,"key":"SMITH"},{"data":"Noxious Fumes","floor":14,"key":"SMITH"},{"data":"Noxious Fumes+1","floor":16,"key":"SMITH"}],"circlet_count":0,"master_deck":["AscendersBane","Strike_G","Strike_G","Strike_G","Strike_G","Strike_G","Defend_G","Defend_G","Defend_G","Defend_G","Survivor","Neutralize","Predator","Blade Dance+1","Noxious Fumes+2","Flying Knee+1","Replay:Poison Smokescreen","Specialist","Die Die Die","StuffTheSpire:FinalStruggle","TheCursedMod:SurpriseAttack+1"],"relics":["Charon\u0027s Ashes","hubris:Backtick","infinitespire:PuzzleCube","RobotSpaceExplorer:RoboCore","aspiration:HummingbirdHeart","Mark of Pain","aspiration:BabyByrd","StuffTheSpire:RedRose","Prayer Wheel","StuffTheSpire:BottledEssence","infinitespire:Chaos","conspire:InfiniteJournal","Cursed Key","StuffTheSpire:OldFever"],"acts_visited":["Exordium","TheCity"],"potions_floor_usage":[],"damage_taken":[{"damage":0,"enemies":"Jaw Worm","floor":1,"turns":1},{"damage":0,"enemies":"2 Louse","floor":2,"turns":1},{"damage":0,"enemies":"Cultist","floor":4,"turns":1},{"damage":49,"enemies":"Lagavulin","floor":7,"turns":9},{"damage":0,"enemies":"Exordium Thugs","floor":11,"turns":2},{"damage":0,"enemies":"Looter","floor":15,"turns":2},{"damage":10,"enemies":"Slime Boss","floor":17,"turns":5},{"damage":19,"enemies":"Shell Parasite","floor":19,"turns":6},{"damage":35,"enemies":"3 Byrds","floor":23,"turns":2}],"seed_played":"1284557565126521406","potions_obtained":[{"floor":7,"key":"Venom Potion"},{"floor":17,"key":"Milkshake"}],"is_trial":false,"path_per_floor":["M","M","?","M","?","R","E","?","T","T","M","$","?","R","M","R","B",null,"M","$","?","$","M"],"character_chosen":"THE_SILENT","items_purchased":["infinitespire:Chaos","Specialist","StuffTheSpire:OldFever"],"campfire_rested":0,"item_purchase_floors":[12,12,20],"current_hp_per_floor":[59,59,59,59,59,59,10,10,10,10,10,10,26,26,26,26,16,54,35,35,35,35,0,0],"gold":8,"neow_bonus":"THREE_ENEMY_KILL","is_daily":false,"chose_seed":false,"campfire_upgraded":3,"win_rate":0.0,"timestamp":1612906878,"path_taken":["M","M","?","M","?","R","E","?","T","T","M","$","?","R","M","R","BOSS","M","$","?","?","?"],"items_purchased_type":["Relic","Card","Relic"],"build_version":"2020-12-22","purchased_purges":0,"victory":false,"max_hp_per_floor":[66,66,66,66,66,66,66,66,66,66,66,66,66,66,66,66,66,66,66,66,66,66,66,66],"relic_stats":{"counters":[9,29],"Prayer Wheel":2,"Charon\u0027s Ashes":[51],"Cursed Key":0,"obtain_stats":[{"StuffTheSpire:BottledEssence":12,"Boot":9,"Ancient Tea Set":10,"Cursed Key":18,"conspire:InfiniteJournal":12,"Replay:Bandana":10,"Matryoshka":7,"hubris:Backtick":12,"aspiration:BabyByrd":12,"Prayer Wheel":12,"Ring of Panic":3,"StuffTheSpire:RedRose":12,"infinitespire:Chaos":12,"Ring of the Snake":0,"NeowsBlessing":0,"infinitespire:EmptyRelic":12,"RobotSpaceExplorer:RoboCore":12,"Charon\u0027s Ashes":12,"aspiration:HummingbirdHeart":12,"hubris:Towel":5,"Mark of Pain":12,"ReplayTheSpireMod:Ring of Challenge":3,"ReplayTheSpireMod:Lightbulb":9,"infinitespire:PuzzleCube":12,"StuffTheSpire:OldFever":20},{"StuffTheSpire:BottledEssence":5,"Boot":4,"Ancient Tea Set":4,"Cursed Key":7,"conspire:InfiniteJournal":5,"Replay:Bandana":4,"Matryoshka":4,"hubris:Backtick":5,"aspiration:BabyByrd":5,"Prayer Wheel":5,"Ring of Panic":2,"StuffTheSpire:RedRose":5,"infinitespire:Chaos":5,"Ring of the Snake":0,"NeowsBlessing":0,"infinitespire:EmptyRelic":5,"RobotSpaceExplorer:RoboCore":5,"Charon\u0027s Ashes":5,"aspiration:HummingbirdHeart":5,"hubris:Towel":3,"Mark of Pain":5,"ReplayTheSpireMod:Ring of Challenge":2,"ReplayTheSpireMod:Lightbulb":4,"infinitespire:PuzzleCube":5,"StuffTheSpire:OldFever":8},{"StuffTheSpire:BottledEssence":14,"Boot":12,"Ancient Tea Set":12,"Cursed Key":21,"conspire:InfiniteJournal":14,"Replay:Bandana":12,"Matryoshka":12,"hubris:Backtick":14,"aspiration:BabyByrd":14,"Prayer Wheel":14,"Ring of Panic":2,"StuffTheSpire:RedRose":14,"infinitespire:Chaos":14,"Ring of the Snake":0,"NeowsBlessing":0,"infinitespire:EmptyRelic":14,"RobotSpaceExplorer:RoboCore":14,"Charon\u0027s Ashes":14,"aspiration:HummingbirdHeart":14,"hubris:Towel":3,"Mark of Pain":14,"ReplayTheSpireMod:Ring of Challenge":2,"ReplayTheSpireMod:Lightbulb":12,"infinitespire:PuzzleCube":14,"StuffTheSpire:OldFever":27}]},"card_choices":[{"not_picked":["PiercingWail","StuffTheSpire:Repulse"],"picked":"Predator","floor":1},{"not_picked":["Slice","Riddle With Holes"],"picked":"Blade Dance","floor":2},{"not_picked":["StuffTheSpire:Python","Riddle With Holes","Slice"],"picked":"SKIP","floor":4},{"not_picked":["Backstab","StuffTheSpire:BrimstoneBlast"],"picked":"Noxious Fumes","floor":7},{"not_picked":["Outmaneuver","Blade Dance"],"picked":"Replay:Poison Smokescreen","floor":11},{"not_picked":["Blade Dance","Cloak And Dagger"],"picked":"Die Die Die","floor":15},{"not_picked":["Outmaneuver","Flying Knee","ReplayTheSpireMod:The Works"],"picked":"SKIP","floor":15},{"not_picked":["A Thousand Cuts","Night Terror"],"picked":"StuffTheSpire:FinalStruggle","floor":17},{"not_picked":["StuffTheSpire:ClusterCrunch","Blade Dance+1","StuffTheSpire:Python"],"picked":"SKIP","floor":19},{"not_picked":["Slice","StuffTheSpire:Incursion+1","Replay:Poison Smokescreen"],"picked":"SKIP","floor":19}],"player_experience":1730568,"relics_obtained":[{"floor":3,"key":"ReplayTheSpireMod:Ring of Challenge"},{"floor":3,"key":"Ring of Panic"},{"floor":7,"key":"Matryoshka"},{"floor":9,"key":"ReplayTheSpireMod:Lightbulb"},{"floor":9,"key":"Boot"},{"floor":10,"key":"Replay:Bandana"},{"floor":10,"key":"Ancient Tea Set"}],"event_choices":[{"damage_healed":16,"gold_gain":0,"player_choice":"Healed","damage_taken":0,"max_hp_gain":0,"max_hp_loss":0,"event_name":"The Cleric","floor":13,"gold_loss":35},{"cards_removed":["Noxious Fumes"],"damage_healed":0,"gold_gain":0,"player_choice":"Take \u0026 Give","damage_taken":0,"max_hp_gain":0,"max_hp_loss":0,"event_name":"betterNote:BetterNote","floor":21,"gold_loss":0,"cards_obtained":["TheCursedMod:SurpriseAttack"]}],"is_beta":false,"boss_relics":[{"not_picked":["StuffTheSpire:Kangaroo","SacredBark"],"picked":"Cursed Key"}],"items_purged_floors":[],"is_endless":false,"potions_floor_spawned":[7,17],"killed_by":"3 Byrds","ascension_level":20}}