{"host":"x7u3amoxy3d4heu5","time":1612846946,"event":{"mods":["BaseMod","Colored Map","DeckTracker","Hermit","Hubris","Infinite Spire","Marisa????????","Minty Spire (QoL Compilation)","Quick Restart","Replay The Spire","StSLib","The Cursed","The IronCluck","The Jungle","The Servant 0.9.4","The Wild Card","Unceasing Turn Reminder","slay the spire mod where everything is the same but ironclad has a cowboy hat"],"gold_per_floor":[119,166,185,30,105,143,143,143,143,186,186,224,244,29,29,129,129,160,160,360,380,405,405,1,1,26,58,98,116,226,253,253,374,374,400,418,418,418,443,484,484,533,533,533,556,363,407,425,425,464,464,573,600,618,718,738,747,756,756,787,787,787,804,841,841,880,898,898,1018,1018,1029,1041,1050,1055,1073,1097,1115,1151,1175,1190,1208,1220,1244,1320,1332,1609,1621,1753,1774,1913,2059,2404,2584,2596,2786,2823,2835,2847,3068,3108,3333,3345,3650,3662,3674,3250,3504,3814],"floor_reached":109,"language":"ENG","playtime":8985,"items_purged":["ReplayTheSpireMod:Splinters","hermit:Maintenance+1"],"score":29748,"play_id":"1d686899-46b9-404e-96a5-a56423d701b2","local_time":"20210208220226","is_ascension_mode":true,"campfire_choices":[{"data":"hermit:FromBeyond","floor":8,"key":"SMITH"},{"floor":11,"key":"REST"},{"data":"hermit:Maintenance","floor":15,"key":"SMITH"},{"data":"hermit:OverwhelmingPower","floor":23,"key":"SMITH"},{"data":"hermit:CalledShot","floor":25,"key":"SMITH"},{"data":"infinitespire:SevenWalls","floor":32,"key":"SMITH"},{"floor":41,"key":"REST"},{"data":"infinitespire:FutureSight","floor":49,"key":"SMITH"},{"data":"Madness","floor":51,"key":"SMITH"},{"floor":59,"key":"DIG"},{"data":"hermit:EternalForm","floor":65,"key":"SMITH"},{"floor":68,"key":"DIG"},{"data":"theWildCard:Sakuya","floor":82,"key":"SMITH"},{"data":"hermit:FromBeyond","floor":85,"key":"SMITH"},{"floor":94,"key":"RECALL"},{"floor":97,"key":"REST"},{"floor":102,"key":"REST"},{"data":"hermit:DeadOrAlive","floor":105,"key":"SMITH"}],"circlet_count":0,"master_deck":["hermit:Strike_Hermit","hermit:Strike_Hermit","hermit:Strike_Hermit","hermit:Strike_Hermit+1","hermit:Defend_Hermit","hermit:Defend_Hermit","hermit:Defend_Hermit+1","hermit:Defend_Hermit","hermit:Snapshot","hermit:Covet","hermit:FromBeyond+1","hermit:Scavenge","hermit:HoleUp","hermit:Scavenge","hermit:RoundhouseKick","hermit:CalledShot+1","hermit:WideOpen","hermit:ShadowCloak","Impatience","hermit:SprayPray","Voices","hermit:SprayPray+1","hermit:HighCaliber","Panache","hermit:EyeOfTheStorm+1","hermit:BodyArmor","hermit:Quickdraw+1","hermit:Reprieve","infinitespire:FutureSight+1","infinitespire:Starlight","Voices","Replay:Hysterical Blindness","infinitespire:SevenWalls+1","hermit:Gambit","hermit:GoldenBullet+1","Madness","Madness+1","hermit:Deadeye+1","hermit:LuckOfTheDraw+1","hermit:BodyArmor","hermit:Determination","hermit:Misfire","hermit:FlashPowder+1","hermit:HoleUp","hermit:HeroicBravado","Voices","Injury","TheCursedMod:Dregs","hermit:Vantage","hermit:FromBeyond+1","Injury","theWildCard:Sakuya+1","hermit:EternalForm+1","hermit:Scavenge","hermit:ShadowCloak","hermit:Scavenge","hermit:Quickdraw","hermit:DeadOrAlive+1","hermit:CursedWeapon+1","hermit:EternalForm+1","hermit:Determination+1","infinitespire:SealOfDarkness+","hermit:Grudge","hermit:Scavenge","hermit:Dissolve","hermit:BodyArmor","hermit:Misfire","hermit:Cheat","hermit:EternalForm","infinitespire:FutureSight+1","hermit:HighCaliber+1","hermit:Strike_Hermit","hermit:Gestalt+1","hermit:HighNoon","hermit:WideOpen+1","Parasite","hermit:GhostlyPresence+1","hermit:LowProfile","hermit:ItchyTrigger","hermit:BodyArmor","hermit:Roughhouse","hermit:ShadowCloak","hermit:ShadowCloak","hermit:HoleUp","hermit:Scavenge","hermit:Deadeye+1","hermit:TrackingShot","hubris:Ssssneak","hubris:EnhanceAbility+1","hermit:NoHoldsBarred+1","hermit:FatalDesire"],"relics":["hermit:Momento","Akabeko","Membership Card","MealTicket","infinitespire:FocusingShard","Art of War","Oddly Smooth Stone","Thread and Needle","infinitespire:Cupcake","Ring of Searing","ReplayTheSpireMod:Ring of Exchange","hermit:CharredGlove","War Paint","CeramicFish","Pet Ghost","hubris:Backtick","Ice Cream","hermit:BartenderGlass","Calipers","Blue Candle","hubris:HollowSoul","hubris:Icosahedron","Replay:Bottled Eggs","Question Card","Replay:Wax Seal","Toolbox","infinitespire:WardingShard","Replay:Ancient Bell","Vajra","infinitespire:BottledMercury","Shovel","Replay:Wanted Poster","Ornamental Fan","Replay:Bottled Steam","Pen Nib","Turnip","Bronze Scales","Blue Doll","Matryoshka","hermit:DentedPlate","Black Star","Bottled Lightning","hubris:AstralHammer","hubris:PeanutButter","infinitespire:Satchel","ReplayTheSpireMod:Ninjato","MawBank","Anchor","hermit:RyeStalk","White Beast Statue","infinitespire:EvilPickle","hubris:BlackHole","infinitespire:CheckeredPen","Happy Flower","Whetstone","Gremlin Food","infinitespire:EmpoweringShard","hubris:TinFlute","Frozen Eye","hubris:FruitBowl","Bag of Marbles","hubris:TenFootPole","CatCart","Cursed Key","Strange Spoon","infinitespire:Lucky Rock","Snack Pack","PreservedInsect","Nunchaku"],"acts_visited":["Exordium","TheCity","TheBeyond","Exordium","TheCity","TheBeyond","TheEnding"],"potions_floor_usage":[18,22,78,86,99,103,103,103],"damage_taken":[{"damage":8,"enemies":"Cultist","floor":1,"turns":3},{"damage":2,"enemies":"Jaw Worm","floor":3,"turns":3},{"damage":0,"enemies":"Replay:BlueRogue","floor":6,"turns":7},{"damage":16,"enemies":"Lagavulin","floor":10,"turns":8},{"damage":10,"enemies":"Replay:BlueRogue","floor":12,"turns":6},{"damage":0,"enemies":"2 Louse","floor":13,"turns":2},{"damage":3,"enemies":"Fading Forest","floor":16,"turns":11},{"damage":5,"enemies":"3 Byrds","floor":18,"turns":6},{"damage":18,"enemies":"Spheric Guardian","floor":21,"turns":8},{"damage":2,"enemies":"Shelled Parasite and Fungi","floor":22,"turns":5},{"damage":16,"enemies":"Centurion and Healer","floor":27,"turns":5},{"damage":14,"enemies":"Slavers","floor":28,"turns":4},{"damage":19,"enemies":"Colosseum Slavers","floor":30,"turns":4},{"damage":17,"enemies":"Colosseum Nobs","floor":30,"turns":4},{"damage":13,"enemies":"Automaton","floor":33,"turns":5},{"damage":12,"enemies":"Orb Walker","floor":35,"turns":3},{"damage":24,"enemies":"3 Shapes","floor":39,"turns":7},{"damage":56,"enemies":"Nightmare","floor":40,"turns":6},{"damage":26,"enemies":"Reptomancer","floor":42,"turns":7},{"damage":22,"enemies":"R_Hoarder","floor":47,"turns":6},{"damage":0,"enemies":"Maw","floor":48,"turns":5},{"damage":5,"enemies":"Spire Growth","floor":50,"turns":6},{"damage":22,"enemies":"Donu and Deca","floor":52,"turns":6},{"damage":5,"enemies":"2 Louse","floor":54,"turns":2},{"damage":5,"enemies":"Cultist","floor":56,"turns":2},{"damage":12,"enemies":"Lagavulin","floor":60,"turns":3},{"damage":0,"enemies":"Jaw Worm","floor":63,"turns":1},{"damage":0,"enemies":"Gremlin Nob","floor":64,"turns":1},{"damage":5,"enemies":"3 Sentries","floor":66,"turns":2},{"damage":0,"enemies":"Looter","floor":67,"turns":1},{"damage":30,"enemies":"Hexaghost","floor":69,"turns":5},{"damage":5,"enemies":"Shell Parasite","floor":71,"turns":3},{"damage":0,"enemies":"Chosen","floor":72,"turns":2},{"damage":0,"enemies":"Centurion and Healer","floor":74,"turns":4},{"damage":20,"enemies":"Slavers","floor":76,"turns":4},{"damage":6,"enemies":"Snecko","floor":77,"turns":3},{"damage":22,"enemies":"Book of Stabbing","floor":78,"turns":3},{"damage":0,"enemies":"Cultist and Chosen","floor":80,"turns":3},{"damage":0,"enemies":"Centurion and Healer","floor":81,"turns":3},{"damage":0,"enemies":"3 Cultists","floor":83,"turns":5},{"damage":14,"enemies":"Slavers","floor":84,"turns":4},{"damage":0,"enemies":"Pondfish","floor":86,"turns":7},{"damage":0,"enemies":"3 Shapes","floor":88,"turns":2},{"damage":0,"enemies":"Orb Walker","floor":90,"turns":3},{"damage":47,"enemies":"Jaw Worm Horde","floor":91,"turns":3},{"damage":39,"enemies":"Nightmare","floor":93,"turns":5},{"damage":0,"enemies":"Writhing Mass","floor":95,"turns":3},{"damage":0,"enemies":"Reptomancer","floor":99,"turns":2},{"damage":0,"enemies":"Orin","floor":100,"turns":5},{"damage":0,"enemies":"Maw","floor":101,"turns":3},{"damage":30,"enemies":"Replay:Hell Engine","floor":103,"turns":6},{"damage":0,"enemies":"Shield and Spear","floor":107,"turns":1},{"damage":47,"enemies":"The Heart","floor":108,"turns":6}],"seed_played":"-6720992840410986578","potions_obtained":[{"floor":10,"key":"FearPotion"},{"floor":12,"key":"Block Potion"},{"floor":16,"key":"PowerPotion"},{"floor":18,"key":"FearPotion"},{"floor":39,"key":"Fire Potion"},{"floor":80,"key":"Adrenaline Potion"},{"floor":84,"key":"EssenceOfSteel"},{"floor":95,"key":"Cursed Concoction"},{"floor":103,"key":"Adrenaline Potion"},{"floor":107,"key":"Ancient Potion"}],"is_trial":false,"path_per_floor":["M","T","M","$","?","E","?","R","T","E","R","E","M","$","R","B",null,"M","?","?","M","M","R","$","R","T","M","E","AVR","?","?","R","B",null,"M","?","?","?","M","NM","R","E","PTL","PTL","T","$","E","M","R","M","R","B",null,"M","AVR","M","?","?","R","E","?","T","M","E","R","E","M","R_BF","B",null,"M","M","?","M","AVR","E","M","E","T","M","M","R","M","E","R","B",null,"M","?","M","M","?","NM","R","M","T","R","$","E","?","M","R","B",null,"R","$","E","B",null],"character_chosen":"HERMIT","items_purchased":["Membership Card","hermit:ShadowCloak","Thread and Needle","Impatience","Panache","hermit:CharredGlove","hermit:EyeOfTheStorm","hermit:BodyArmor","War Paint","Replay:Wax Seal","Toolbox","hermit:Determination","hermit:Misfire","infinitespire:EmpoweringShard","hubris:TinFlute","Frozen Eye","hubris:FruitBowl","Strange Spoon","infinitespire:Lucky Rock","Snack Pack","hermit:ShadowCloak","hermit:HoleUp","hermit:Scavenge","hermit:Deadeye","hermit:TrackingShot","hubris:Ssssneak","hubris:EnhanceAbility+1"],"campfire_rested":4,"item_purchase_floors":[4,14,14,14,24,24,24,24,24,46,46,46,46,98,98,98,98,106,106,106,106,106,106,106,106,106,106],"current_hp_per_floor":[67,67,65,65,54,54,54,54,54,38,60,50,50,65,65,72,75,70,70,70,52,50,50,65,65,65,49,35,35,22,22,22,27,75,63,54,54,54,56,22,44,32,32,32,32,47,51,61,61,71,71,53,75,75,75,70,70,70,70,58,85,85,85,85,85,85,85,85,60,92,87,87,87,87,87,77,71,49,49,49,59,59,81,67,67,85,85,85,85,113,70,70,59,59,59,59,94,34,34,34,34,69,85,85,85,100,100,72],"gold":3814,"neow_bonus":"THREE_RARE_CARDS","is_daily":false,"chose_seed":false,"campfire_upgraded":11,"win_rate":0.0,"timestamp":1612846946,"path_taken":["M","?","?","?","?","E","?","R","T","E","R","E","?","$","R","BOSS","M","?","?","?","M","R","$","R","T","M","E","AVR","?","?","R","BOSS","M","?","?","?","M","NM","R","E","PTL","PTL","T","$","E","M","R","M","R","BOSS","M","AVR","M","?","?","R","E","?","T","?","E","R","E","M","R_BF","BOSS","M","M","?","?","AVR","E","M","E","T","M","M","R","M","E","R","BOSS","M","?","M","?","?","NM","R","M","T","R","?","E","?","M","R","BOSS","R","$","E","BOSS"],"items_purchased_type":["Relic","Card","Relic","Card","Card","Relic","Card","Card","Relic","Relic","Relic","Card","Card","Relic","Relic","Relic","Relic","Relic","Relic","Relic","Card","Card","Card","Card","Card","Card","Card"],"build_version":"2020-12-22","purchased_purges":2,"victory":true,"max_hp_per_floor":[75,75,75,75,75,75,75,75,75,75,75,75,75,75,75,75,75,75,75,75,75,75,75,75,75,75,75,75,75,75,75,75,75,75,75,75,75,75,75,75,75,75,75,75,75,75,75,75,75,75,75,75,75,75,75,75,75,75,75,75,85,85,85,85,85,85,85,85,85,117,117,117,117,117,117,117,117,117,117,117,117,117,117,117,117,117,117,117,117,117,117,117,117,117,117,117,117,117,117,117,117,117,117,117,117,117,117,117],"card_choices":[{"not_picked":["hermit:Roughhouse","hermit:Gambit"],"picked":"hermit:FromBeyond","floor":0.0},{"not_picked":["hermit:Glare","hermit:Headshot"],"picked":"hermit:Scavenge","floor":1},{"not_picked":["hermit:Cheat","hermit:Vantage"],"picked":"hermit:HoleUp","floor":3},{"not_picked":["hermit:LowProfile","hermit:Ricochet"],"picked":"hermit:Scavenge","floor":6},{"not_picked":["hermit:BigShot","hermit:Shortfuse"],"picked":"hermit:CalledShot","floor":10},{"not_picked":["hermit:Coalescence","hermit:TrackingShot"],"picked":"hermit:WideOpen","floor":12},{"not_picked":["hermit:HoleUp","hermit:Desperado"],"picked":"hermit:Brawl","floor":13},{"not_picked":["hermit:DeadOrAlive","hermit:Gambit"],"picked":"hermit:OverwhelmingPower","floor":16},{"not_picked":["hermit:Feint","hermit:CalledShot"],"picked":"hermit:SprayPray","floor":18},{"not_picked":["hermit:HoleUp","hermit:TrackingShot"],"picked":"hermit:SprayPray","floor":21},{"not_picked":["hermit:WideOpen","hermit:Misfire"],"picked":"hermit:HighCaliber","floor":22},{"not_picked":["hermit:HighCaliber","hermit:LowProfile"],"picked":"hermit:Quickdraw+1","floor":27},{"not_picked":["hermit:DeadMansHand","hermit:Grudge+1"],"picked":"hermit:Reprieve","floor":28},{"not_picked":["infinitespire:Gouge","ReplayTheSpireMod:Black Plague"],"picked":"infinitespire:SevenWalls","floor":31},{"not_picked":["hermit:OverwhelmingPower","hermit:Reprieve"],"picked":"hermit:Gambit","floor":33},{"not_picked":["hermit:EyeOfTheStorm","hermit:ItchyTrigger"],"picked":"hermit:GoldenBullet+1","floor":35},{"not_picked":["hermit:Roulette","hermit:Glare"],"picked":"hermit:Deadeye","floor":39},{"not_picked":["hermit:Snipe","hermit:Headshot"],"picked":"hermit:LuckOfTheDraw+1","floor":40},{"not_picked":["hermit:Snipe+1","hermit:ItchyTrigger"],"picked":"hermit:BodyArmor","floor":42},{"not_picked":["hermit:FullyLoaded+1","hermit:Manifest","hermit:Spite+1"],"picked":"hermit:FlashPowder","floor":47},{"not_picked":["hermit:Vantage+1","hermit:DeadMansHand","hermit:TrackingShot+1","hermit:Dive"],"picked":"SKIP","floor":48},{"not_picked":["hermit:GoldenBullet","hermit:Desperado","hermit:WideOpen+1"],"picked":"hermit:HoleUp","floor":50},{"not_picked":["hermit:OverwhelmingPower","hermit:Roughhouse","hermit:Purgatory"],"picked":"hermit:HeroicBravado","floor":52},{"not_picked":["Clumsy","ReplayTheSpireMod:Splinters","Parasite"],"picked":"Voices","floor":53},{"not_picked":["Writhe","hubris:Wrath","Looming Evil"],"picked":"Injury","floor":53},{"not_picked":["ReplayTheSpireMod:Doomed","Spreading Infection","Decay"],"picked":"TheCursedMod:Dregs","floor":53},{"not_picked":["hermit:Feint","hermit:LuckOfTheDraw","hermit:LoneWolf"],"picked":"hermit:Vantage","floor":54},{"not_picked":["hermit:TrackingShot","hermit:Headshot","hermit:Desperado"],"picked":"hermit:FromBeyond","floor":56},{"not_picked":["hermit:NoHoldsBarred","hermit:Feint","hermit:HighCaliber"],"picked":"hermit:EternalForm","floor":60},{"not_picked":["hermit:Feint","hermit:Ricochet","hermit:TakeCover"],"picked":"hermit:Scavenge","floor":63},{"not_picked":["hermit:TakeCover","hermit:Feint","hermit:Combo"],"picked":"hermit:ShadowCloak","floor":64},{"not_picked":["hermit:HeroicBravado","hermit:Cheat","hermit:Snipe"],"picked":"hermit:Scavenge","floor":66},{"not_picked":["hermit:Glare","hermit:Roulette","hermit:HoleUp"],"picked":"hermit:Quickdraw","floor":67},{"not_picked":["hermit:HeroicBravado","hermit:Roughhouse","hermit:Magnum"],"picked":"hermit:DeadOrAlive","floor":69},{"not_picked":["hermit:Vantage","hermit:Maintenance","hermit:SprayPray+1","hermit:WideOpen"],"picked":"SKIP","floor":71},{"not_picked":["hermit:Manifest","hermit:CalledShot","hermit:FlashPowder"],"picked":"hermit:CursedWeapon+1","floor":72},{"not_picked":["hermit:Quickdraw+1","hermit:Roulette","hermit:Malice"],"picked":"hermit:Determination+1","floor":74},{"not_picked":["hermit:TrackingShot+1","hermit:Glare+1","hermit:Deadeye"],"picked":"hermit:Grudge","floor":76},{"not_picked":["hermit:Brawl","hermit:Coalescence","hermit:ShadowCloak+1"],"picked":"hermit:Scavenge","floor":77},{"not_picked":["hermit:FinalCanter","hermit:BigShot","hermit:BodyArmor"],"picked":"hermit:Dissolve","floor":78},{"not_picked":["hermit:Virtue","hermit:TrackingShot","hermit:Misfire"],"picked":"hermit:BodyArmor","floor":80},{"not_picked":["hermit:LuckOfTheDraw","hermit:DeadMansHand","hermit:Spite"],"picked":"hermit:Misfire","floor":81},{"not_picked":["hermit:Enervate+1","hermit:Quickdraw+1","hermit:Manifest"],"picked":"hermit:Cheat","floor":83},{"not_picked":["hermit:WideOpen","hermit:CalledShot","hermit:Roulette","hermit:Feint"],"picked":"SKIP","floor":84},{"not_picked":["hermit:Dissolve","hermit:Reprieve","hermit:Magnum"],"picked":"hermit:EternalForm","floor":86},{"not_picked":["infinitespire:Execution","infinitespire:Fortify"],"picked":"infinitespire:FutureSight","floor":86},{"not_picked":["hermit:Snipe+1","hermit:FullyLoaded","hermit:Feint"],"picked":"hermit:HighCaliber+1","floor":88},{"not_picked":["hermit:HoleUp","hermit:Misfire+1","hermit:Coalescence"],"picked":"hermit:Gestalt+1","floor":90},{"not_picked":["hermit:Determination+1","hermit:Malice+1","hermit:Manifest+1"],"picked":"hermit:HighNoon","floor":91},{"not_picked":["hermit:Gestalt","hermit:Vantage","hermit:ItchyTrigger+1"],"picked":"hermit:WideOpen+1","floor":93},{"not_picked":["hermit:Gestalt+1","hermit:LoneWolf","hermit:CalledShot"],"picked":"hermit:GhostlyPresence+1","floor":95},{"not_picked":["hermit:BodyArmor","hermit:Coalescence","hermit:GoldenBullet"],"picked":"hermit:LowProfile","floor":99},{"not_picked":["hermit:TrackingShot","hermit:Quickdraw","hermit:LowProfile+1"],"picked":"hermit:ItchyTrigger","floor":100},{"not_picked":["hermit:Desperado","hermit:Headshot","hermit:Feint"],"picked":"hermit:BodyArmor","floor":101},{"not_picked":["hermit:Reprieve","hermit:Adapt","hermit:Gambit"],"picked":"hermit:Roughhouse","floor":103},{"not_picked":["hermit:Shortfuse","hermit:WideOpen+1","hermit:ItchyTrigger+1"],"picked":"hermit:NoHoldsBarred+1","floor":107},{"not_picked":["hermit:RoundhouseKick","hermit:FinalCanter","hermit:Dissolve"],"picked":"hermit:FatalDesire","floor":108}],"player_experience":555708,"relics_obtained":[{"floor":2,"key":"Akabeko"},{"floor":6,"key":"MealTicket"},{"floor":9,"key":"infinitespire:FocusingShard"},{"floor":10,"key":"Art of War"},{"floor":12,"key":"Oddly Smooth Stone"},{"floor":19,"key":"Ring of Searing"},{"floor":19,"key":"ReplayTheSpireMod:Ring of Exchange"},{"floor":26,"key":"CeramicFish"},{"floor":28,"key":"Pet Ghost"},{"floor":30,"key":"Calipers"},{"floor":30,"key":"Blue Candle"},{"floor":40,"key":"Replay:Bottled Eggs"},{"floor":42,"key":"Question Card"},{"floor":47,"key":"infinitespire:WardingShard"},{"floor":59,"key":"Replay:Bottled Steam"},{"floor":60,"key":"Pen Nib"},{"floor":62,"key":"Turnip"},{"floor":64,"key":"Bronze Scales"},{"floor":66,"key":"Blue Doll"},{"floor":68,"key":"Matryoshka"},{"floor":76,"key":"hubris:AstralHammer"},{"floor":76,"key":"hubris:PeanutButter"},{"floor":78,"key":"infinitespire:Satchel"},{"floor":78,"key":"ReplayTheSpireMod:Ninjato"},{"floor":79,"key":"MawBank"},{"floor":79,"key":"Anchor"},{"floor":84,"key":"hermit:RyeStalk"},{"floor":84,"key":"White Beast Statue"},{"floor":93,"key":"infinitespire:CheckeredPen"},{"floor":93,"key":"Happy Flower"},{"floor":96,"key":"Whetstone"},{"floor":96,"key":"Gremlin Food"},{"floor":99,"key":"Bag of Marbles"},{"floor":99,"key":"hubris:TenFootPole"},{"floor":100,"key":"CatCart"},{"floor":107,"key":"PreservedInsect"},{"floor":107,"key":"Nunchaku"}],"event_choices":[{"damage_healed":0,"gold_gain":75,"player_choice":"Gather Gold","damage_taken":11,"max_hp_gain":0,"max_hp_loss":0,"event_name":"World of Goop","floor":5,"gold_loss":0},{"damage_healed":0,"gold_gain":0,"player_choice":"2 cards matched","damage_taken":0,"max_hp_gain":0,"max_hp_loss":0,"event_name":"Match and Keep!","floor":7,"gold_loss":0,"cards_obtained":["hermit:Maintenance","hermit:RoundhouseKick"]},{"damage_healed":0,"gold_gain":200,"player_choice":"Gold","damage_taken":0,"max_hp_gain":0,"max_hp_loss":0,"event_name":"Wheel of Change","floor":20,"gold_loss":0},{"damage_healed":0,"gold_gain":0,"player_choice":"Fight","damage_taken":0,"max_hp_gain":0,"max_hp_loss":0,"event_name":"Colosseum","floor":30,"gold_loss":0},{"damage_healed":0,"gold_gain":0,"player_choice":"Fought Nobs","damage_taken":0,"max_hp_gain":0,"max_hp_loss":0,"event_name":"Colosseum","floor":30,"gold_loss":0},{"damage_healed":0,"gold_gain":0,"player_choice":"Embrace Madness","damage_taken":9,"max_hp_gain":0,"max_hp_loss":0,"event_name":"Winding Halls","floor":36,"gold_loss":0,"cards_obtained":["Madness","Madness"]},{"cards_removed":["hermit:Brawl"],"damage_healed":0,"gold_gain":0,"player_choice":"Removed Power","damage_taken":0,"max_hp_gain":0,"max_hp_loss":0,"event_name":"Falling","floor":37,"gold_loss":0},{"damage_healed":0,"gold_gain":0,"player_choice":"Take Wound","damage_taken":0,"relics_obtained":["Golden Idol"],"max_hp_gain":0,"max_hp_loss":0,"event_name":"Golden Idol","floor":57,"gold_loss":0,"cards_obtained":["Injury"]},{"cards_removed":["hermit:OverwhelmingPower"],"damage_healed":17,"gold_gain":0,"player_choice":"Offered Rare","damage_taken":0,"max_hp_gain":10,"max_hp_loss":0,"event_name":"Bonfire Elementals","floor":61,"gold_loss":0},{"damage_healed":0,"gold_gain":0,"player_choice":"Copied","damage_taken":0,"max_hp_gain":0,"max_hp_loss":0,"event_name":"Duplicator","floor":73,"gold_loss":0,"cards_obtained":["hermit:EternalForm"]},{"damage_healed":0,"gold_gain":0,"player_choice":"1 cards matched","damage_taken":0,"max_hp_gain":0,"max_hp_loss":0,"event_name":"Match and Keep!","floor":89,"gold_loss":0,"cards_obtained":["hermit:Strike_Hermit"]},{"damage_healed":0,"gold_gain":333,"player_choice":"Gave Idol","damage_taken":0,"max_hp_gain":0,"max_hp_loss":0,"event_name":"The Moai Head","floor":92,"relics_lost":["Golden Idol"],"gold_loss":0},{"damage_healed":0,"gold_gain":0,"player_choice":"Fight","damage_taken":0,"max_hp_gain":0,"max_hp_loss":0,"event_name":"OrinTheCat","floor":100,"gold_loss":0}],"is_beta":false,"boss_relics":[{"not_picked":["Replay:Drink Me","Ectoplasm"],"picked":"infinitespire:Cupcake"},{"not_picked":["SacredBark","Replay:Lucky Slots"],"picked":"hubris:HollowSoul"},{"not_picked":["hubris:CrackedHourglass","Cauldron"],"picked":"Replay:Ancient Bell"},{"not_picked":["hubris:SlimyHat","Regal Pillow"],"picked":"Vajra"},{"not_picked":["hubris:Metronome","hubris:CrystalStatue"],"picked":"infinitespire:BottledMercury"},{"not_picked":["infinitespire:Lychee Nut","Incense Burner"],"picked":"Shovel"},{"not_picked":["hubris:GrandSneckoEye","Fusion Hammer"],"picked":"hermit:DentedPlate"},{"not_picked":["hubris:Stopwatch","ChewingGum"],"picked":"hubris:BlackHole"},{"not_picked":["Painkiller Herb","Runic Pyramid"],"picked":"Cursed Key"}],"items_purged_floors":[24,46],"is_endless":true,"potions_floor_spawned":[10,12,16,18,21,30,39,42,48,52,56,64,67,69,72,76,80,81,84,86,88,90,91,93,95,99,100,101,103,107,108],"ascension_level":1}}