{"host":"p7cjtxxrilhp4dw7","time":1612846917,"event":{"mods":["BaseMod","Block Reminder","Colored Map","Curses Come First","Highlight Path","Minty Spire (QoL Compilation)","Replay The Spire","StSLib"],"gold_per_floor":[109,109,109,11,11,52,68,103,103,103,128,142,31,56,56,56,56],"floor_reached":16,"language":"ENG","playtime":1419,"items_purged":["Spreading Infection"],"score":176,"play_id":"525ad306-2a65-44c5-b42a-3d3387060721","local_time":"20210208220157","is_ascension_mode":true,"campfire_choices":[{"floor":10,"key":"REST"},{"floor":15,"key":"REST"}],"circlet_count":0,"master_deck":["AscendersBane","Strike_B","Strike_B","Strike_B","Strike_B","Defend_B","Defend_B","Defend_B","Defend_B","Zap","Dualcast","Rainbow","Sweeping Beam","Injury","Redo","Static Discharge","Ball Lightning","Creative AI","Genetic Algorithm","BasicCrystalCard","Defragment","White Noise","Panic Button"],"relics":["Cracked Core","Ring of Peace","Golden Idol","Replay:Bottled Flurry","Snack Pack","Replay:Accelerometer"],"acts_visited":["Exordium"],"potions_floor_usage":[8,12,16,16],"damage_taken":[{"damage":2,"enemies":"Jaw Worm","floor":1,"turns":4},{"damage":21,"enemies":"3 Sentries","floor":6,"turns":8},{"damage":3,"enemies":"2 Louse","floor":7,"turns":3},{"damage":1,"enemies":"Lagavulin","floor":8,"turns":4},{"damage":0,"enemies":"Cultist","floor":11,"turns":4},{"damage":7,"enemies":"Lots of Slimes","floor":12,"turns":4},{"damage":0,"enemies":"3 Louse","floor":14,"turns":4},{"damage":91,"enemies":"Fading Forest","floor":16,"turns":12}],"seed_played":"-5362078326093811397","potions_obtained":[{"floor":6,"key":"LifebloodPotion"},{"floor":7,"key":"FocusPotion"},{"floor":8,"key":"Block Potion"},{"floor":12,"key":"Toxic Potion"}],"is_trial":false,"path_per_floor":["M","?","?","$","?","E","M","E","T","R","M","M","$","M","R","B"],"character_chosen":"DEFECT","items_purchased":["Redo","Defragment","White Noise"],"campfire_rested":2,"item_purchase_floors":[4,13,13],"current_hp_per_floor":[66,66,66,66,66,45,42,41,41,63,63,56,56,56,75,0,0],"gold":56,"neow_bonus":"ONE_RANDOM_RARE_CARD","is_daily":false,"chose_seed":false,"campfire_upgraded":0,"win_rate":0.0,"timestamp":1612846917,"path_taken":["M","?","?","$","?","E","M","E","T","R","?","M","?","M","R","BOSS"],"items_purchased_type":["Card","Card","Card"],"build_version":"2020-12-22","purchased_purges":1,"victory":false,"max_hp_per_floor":[75,75,75,75,75,75,75,75,75,75,75,75,75,75,75,75,75],"card_choices":[{"not_picked":["Go for the Eyes","Beam Cell"],"picked":"Sweeping Beam","floor":1},{"not_picked":["Ball Lightning","Streamline"],"picked":"Static Discharge","floor":6},{"not_picked":["ReplayTheSpireMod:Repulse","Compile Driver"],"picked":"Ball Lightning","floor":7},{"not_picked":["Leap","Stack"],"picked":"Creative AI","floor":8},{"not_picked":["Beam Cell","Barrage"],"picked":"Genetic Algorithm","floor":11},{"not_picked":["Auto Shields","Ball Lightning"],"picked":"BasicCrystalCard","floor":12},{"not_picked":["ReplayTheSpireMod:System Scan","Crystallizer"],"picked":"Panic Button","floor":14}],"player_experience":589843,"relics_obtained":[{"floor":2,"key":"Ring of Peace"},{"floor":6,"key":"Replay:Bottled Flurry"},{"floor":8,"key":"Snack Pack"},{"floor":9,"key":"Replay:Accelerometer"}],"event_choices":[{"damage_healed":0,"gold_gain":0,"player_choice":"Take Wound","damage_taken":0,"relics_obtained":["Golden Idol"],"max_hp_gain":0,"max_hp_loss":0,"event_name":"Golden Idol","floor":3,"gold_loss":0,"cards_obtained":["Injury"]},{"damage_healed":0,"gold_gain":0,"player_choice":"Leave","damage_taken":0,"max_hp_gain":0,"max_hp_loss":0,"event_name":"FaceTrader","floor":5,"gold_loss":0}],"is_beta":false,"boss_relics":[],"items_purged_floors":[4],"is_endless":false,"potions_floor_spawned":[6,7,8,12],"killed_by":"Fading Forest","ascension_level":12}}