{"host":"hf83sijwe64ts2lm","time":1612837006,"event":{"mods":["2.2 Compatiblity","BaseMod","Better Altar","Better Match","Better Note","Better Sensory Stone","Better Skull","Better Third Choice","Colored Map","Colored Powertips","Highlight Path","Hubris","Infinite Spire","Minty Spire (QoL Compilation)","Quick Restart","Rare Cards Sparkle","Relic Stats","Reliquary","Replay The Spire","Shop Mod","Spicy Shops","Spire Arcade","StSLib","Thieving Mod"],"gold_per_floor":[116,116,132,132,152,152,185,185,185,185,150,75,87,87,87,189,189,207,222,222,15,29,29,42,59,59,75,75,75,88,88,88,188,188,199,199,214,214,214,214,229,229,276,276,311,6,19,33,33,33,33],"floor_reached":50,"language":"ENG","playtime":1332,"items_purged":["Pain"],"score":683,"play_id":"a8929510-668b-4fb1-9535-7de2952f4bbd","local_time":"20210208211646","is_ascension_mode":true,"campfire_choices":[{"data":"Die Die Die","floor":6.0,"key":"SMITH"},{"floor":8.0,"key":"REST"},{"floor":10.0,"key":"RECALL"},{"data":"Cloak And Dagger","floor":15.0,"key":"SMITH"},{"floor":23.0,"key":"REST"},{"floor":28.0,"key":"REST"},{"data":"J.A.X.","floor":32.0,"key":"SMITH"},{"floor":40,"key":"REST"},{"data":"ReplayTheSpireMod:Necrogeddon","floor":42,"key":"SMITH"},{"floor":49,"key":"REST"}],"circlet_count":0,"master_deck":["Strike_G","Strike_G","Strike_G","Strike_G","Strike_G","Defend_G","Defend_G","Defend_G","Defend_G","Defend_G","Survivor","Neutralize","Hidden Blade","Hallucinations","Die Die Die+1","Dagger Spray","Caltrops","Cloak And Dagger+1","Adrenaline","Slice","ReplayTheSpireMod:Scrap Shanks+1","Die Die Die+1","ReplayTheSpireMod:Necrogeddon+1","Noxious Fumes","Distraction","ReplayTheSpireMod:Exploit Weakness","Infinite Blades+1","PiercingWail","infinitespire:Oblivion","hubris:Fate","infinitespire:SevenWalls","Sucker Punch+1","J.A.X.+1","Venomology","Leg Sweep+1","ReplayTheSpireMod:Exploit Weakness","PiercingWail+1","hubris:Fate","infinitespire:Punishment","infinitespire:Starlight","infinitespire:FinalStrike","Masterful Stab+1","ReplayTheSpireMod:Faulty Equipment","Underhanded Strike+1","Accuracy+1","Finisher","hubris:Sniper+1","Dagger Throw+1"],"relics":["Ring of the Snake","NeowsBlessing","Ring of Peace","Ring of Fury","WarpedTongs","hubris:TenFootPole","Shuriken","hubris:ScarierMask","Replay:Baseball","ReplayTheSpireMod:Lightbulb","Cursed Key","TheAbacus","Replay:Mystery Machine","Frozen Egg 2","TwistedFunnel"],"acts_visited":["Exordium","TheCity","TheBeyond"],"potions_floor_usage":[41,45,47,48,50,50,50],"damage_taken":[{"damage":0.0,"enemies":"Small Slimes","floor":1.0,"turns":1.0},{"damage":0.0,"enemies":"Cultist","floor":3.0,"turns":1.0},{"damage":0.0,"enemies":"2 Louse","floor":5.0,"turns":1.0},{"damage":27.0,"enemies":"Lagavulin","floor":7.0,"turns":6.0},{"damage":1.0,"enemies":"Blue Slaver","floor":13.0,"turns":3.0},{"damage":29.0,"enemies":"The Guardian","floor":16.0,"turns":9.0},{"damage":24.0,"enemies":"Shell Parasite","floor":18.0,"turns":5.0},{"damage":0.0,"enemies":"3 Byrds","floor":19.0,"turns":3.0},{"damage":0.0,"enemies":"Cultist and Chosen","floor":22.0,"turns":4.0},{"damage":2.0,"enemies":"Snecko","floor":24.0,"turns":5.0},{"damage":10.0,"enemies":"Snake Plant","floor":25.0,"turns":5.0},{"damage":10.0,"enemies":"Centurion and Healer","floor":27.0,"turns":4.0},{"damage":0.0,"enemies":"Shelled Parasite and Fungi","floor":30.0,"turns":5.0},{"damage":0.0,"enemies":"Automaton","floor":33.0,"turns":8.0},{"damage":0.0,"enemies":"Orb Walker","floor":35.0,"turns":2.0},{"damage":7,"enemies":"3 Darklings","floor":37,"turns":4},{"damage":6,"enemies":"Writhing Mass","floor":41,"turns":5},{"damage":0,"enemies":"Giant Head","floor":45,"turns":6},{"damage":22,"enemies":"4 Shapes","floor":47,"turns":3},{"damage":19,"enemies":"Transient","floor":48,"turns":5},{"damage":97,"enemies":"Time Eater","floor":50,"turns":9}],"seed_played":"-4683560854250007368","potions_obtained":[{"floor":5.0,"key":"AttackPotion"},{"floor":7.0,"key":"Regen Potion"},{"floor":13.0,"key":"SteroidPotion"},{"floor":16.0,"key":"PowerPotion"},{"floor":22.0,"key":"Elixir"},{"floor":24.0,"key":"Energy Potion"},{"floor":25.0,"key":"SteroidPotion"},{"floor":41,"key":"LifebloodPotion"},{"floor":45,"key":"Fire Potion"}],"is_trial":false,"path_per_floor":["M","?","M","?","M","R","E","R","T","R","?","$","M","T","R_BF","B",null,"M","M","?","$","M","R","M","M","T","M","R","AVR","M","?","R","B",null,"M","?","M","?","AVR","R","M","R","T","?","E","$","M","M","R","B"],"character_chosen":"THE_SILENT","items_purchased":["ReplayTheSpireMod:Necrogeddon","Noxious Fumes","Accuracy+1","TwistedFunnel","Finisher"],"campfire_rested":5,"item_purchase_floors":[21,21,46,46,46],"current_hp_per_floor":[70,70,70,70,70,70,43,64,64,64,70,70,69,69,69,53,70,46,46,46,46,46,67,65,55,55,45,66,66,66,66,66,66,70,70,70,63,55,55,70,64,64,64,64,64,64,42,48,69,0,0],"gold":33,"neow_bonus":"THREE_ENEMY_KILL","is_daily":false,"chose_seed":false,"campfire_upgraded":4,"win_rate":0.0,"timestamp":1612837006,"path_taken":["M","?","M","?","?","R","E","R","T","R","?","$","M","?","R_BF","BOSS","M","?","?","$","?","R","M","M","T","M","R","AVR","M","?","R","BOSS","M","?","M","?","AVR","R","M","R","T","?","E","$","M","M","R","BOSS"],"items_purchased_type":["Card","Card","Card","Relic","Card"],"build_version":"2020-12-22","purchased_purges":1,"victory":false,"max_hp_per_floor":[70,70,70,70,70,70,70,70,70,70,70,70,70,70,70,70,70,70,70,70,70,70,70,70,70,70,70,70,70,70,70,70,70,70,70,70,70,70,70,70,70,70,70,70,70,70,70,70,70,70,70],"relic_stats":{"TheAbacus":[6],"counters":[21,94],"Shuriken":[54],"Cursed Key":1,"obtain_stats":[{"TwistedFunnel":46,"NeowsBlessing":0,"Replay:Mystery Machine":43,"Frozen Egg 2":45,"Cursed Key":34,"WarpedTongs":4,"Replay:Baseball":26,"TheAbacus":39,"Shuriken":9,"Ring of Peace":2,"hubris:ScarierMask":17,"Ring of Fury":2,"hubris:TenFootPole":7,"ReplayTheSpireMod:Lightbulb":29,"Ring of the Snake":0},{"TwistedFunnel":18,"NeowsBlessing":0,"Replay:Mystery Machine":17,"Frozen Egg 2":18,"Cursed Key":14,"WarpedTongs":2,"Replay:Baseball":11,"TheAbacus":16,"Shuriken":4,"Ring of Peace":1,"hubris:ScarierMask":6,"Ring of Fury":1,"hubris:TenFootPole":4,"ReplayTheSpireMod:Lightbulb":12,"Ring of the Snake":0},{"TwistedFunnel":77,"NeowsBlessing":0,"Replay:Mystery Machine":71,"Frozen Egg 2":77,"Cursed Key":60,"WarpedTongs":2,"Replay:Baseball":43,"TheAbacus":66,"Shuriken":9,"Ring of Peace":1,"hubris:ScarierMask":21,"Ring of Fury":1,"hubris:TenFootPole":9,"ReplayTheSpireMod:Lightbulb":47,"Ring of the Snake":0}],"Ring of the Snake":[42],"WarpedTongs":[92]},"card_choices":[{"not_picked":["Reflex","Quick Slash"],"picked":"Hidden Blade","floor":1.0},{"not_picked":["Sneak Up","Backflip"],"picked":"Die Die Die","floor":3.0},{"not_picked":["Outmaneuver","Deflect"],"picked":"Dagger Spray","floor":5.0},{"not_picked":["Backflip","Prepared"],"picked":"Caltrops","floor":7.0},{"not_picked":["Dodge and Roll","Slice"],"picked":"Cloak And Dagger","floor":13.0},{"not_picked":["Tools of the Trade","Phantasmal Killer"],"picked":"Adrenaline","floor":16.0},{"not_picked":["hubris:SlightOfHand","Deadly Poison"],"picked":"Slice","floor":18.0},{"not_picked":["Outmaneuver","Prepared"],"picked":"ReplayTheSpireMod:Scrap Shanks+1","floor":19.0},{"not_picked":["PiercingWail+1","Riddle With Holes+1"],"picked":"Distraction","floor":22.0},{"not_picked":["Flying Knee","Riddle With Holes"],"picked":"ReplayTheSpireMod:Exploit Weakness","floor":24.0},{"not_picked":["Prepared","Cloak And Dagger"],"picked":"Infinite Blades+1","floor":25.0},{"not_picked":["Setup+1","hubris:Counter"],"picked":"PiercingWail","floor":27.0},{"not_picked":["Setup+1","Wraith Form v2"],"picked":"Sucker Punch+1","floor":30.0},{"not_picked":["Replay:Bag of Tricks","Poison Darts"],"picked":"Venomology","floor":33.0},{"not_picked":["Sneak Up+1","Bane+1"],"picked":"Leg Sweep+1","floor":35.0},{"not_picked":["Deadly Poison","ReplayTheSpireMod:Shiv Toss+1"],"picked":"PiercingWail+1","floor":37},{"not_picked":["hubris:Rewind","infinitespire:TheBestDefense"],"picked":"hubris:Fate","floor":38},{"not_picked":["Hidden Blade+1","Slice+1"],"picked":"Masterful Stab+1","floor":41},{"not_picked":["hubris:SlightOfHand+1","Bane"],"picked":"Underhanded Strike+1","floor":45},{"not_picked":["ReplayTheSpireMod:Scrap Shanks+1","Blade Dance"],"picked":"hubris:Sniper+1","floor":47},{"not_picked":["hubris:Counter+1","Prepared+1"],"picked":"Dagger Throw+1","floor":48}],"player_experience":168184,"relics_obtained":[{"floor":2.0,"key":"Ring of Peace"},{"floor":2.0,"key":"Ring of Fury"},{"floor":7.0,"key":"hubris:TenFootPole"},{"floor":9.0,"key":"Shuriken"},{"floor":26.0,"key":"Replay:Baseball"},{"floor":43,"key":"Replay:Mystery Machine"},{"floor":45,"key":"Frozen Egg 2"}],"event_choices":[{"damage_healed":0.0,"max_hp_gain":0.0,"max_hp_loss":0.0,"gold_gain":0.0,"event_name":"Accursed Blacksmith","player_choice":"Rummage","floor":4.0,"gold_loss":0.0,"damage_taken":0.0,"relics_obtained":["WarpedTongs"],"cards_obtained":["Pain"]},{"damage_healed":17.0,"max_hp_gain":0.0,"max_hp_loss":0.0,"gold_gain":0.0,"event_name":"The Cleric","player_choice":"Healed","floor":11.0,"gold_loss":35.0,"damage_taken":0.0},{"damage_healed":0.0,"max_hp_gain":0.0,"max_hp_loss":0.0,"gold_gain":0.0,"event_name":"Duplicator","player_choice":"Copied","floor":20.0,"gold_loss":0.0,"damage_taken":0.0,"cards_obtained":["Die Die Die"]},{"damage_healed":0.0,"max_hp_gain":0.0,"max_hp_loss":0.0,"gold_gain":0.0,"event_name":"Drug Dealer","player_choice":"Obtain J.A.X.","floor":31.0,"gold_loss":0.0,"damage_taken":0.0,"cards_obtained":["J.A.X."]}],"is_beta":false,"boss_relics":[{"not_picked":["WristBlade","reliquary:KinkedSpring"],"picked":"hubris:ScarierMask"},{"not_picked":["reliquary:Craggleroot","Replay:Drink Me"],"picked":"Cursed Key"}],"items_purged_floors":[12],"is_endless":false,"potions_floor_spawned":[5,7,13,16,22,24,25,41,45],"killed_by":"Time Eater","ascension_level":3}}