{"host":"mcmflfjoldkjkv7m","time":1612863110,"event":{"mods":["AchievementEnabler","BaseMod","DeckTracker","Minty Spire (QoL Compilation)","SuperFastMode"],"gold_per_floor":[113,113,113,125,137,137,164,181,208,241,241,269,269,297,297,297,297],"floor_reached":16,"language":"KOR","playtime":322,"items_purged":[],"score":171,"play_id":"8059c050-dcd9-4eef-ae53-a9b817b88c0b","local_time":"20210209183150","is_ascension_mode":true,"campfire_choices":[{"data":"Dualcast","floor":6,"key":"SMITH"},{"floor":11,"key":"REST"},{"data":"White Noise","floor":13,"key":"SMITH"},{"data":"Sunder","floor":15,"key":"SMITH"}],"circlet_count":0,"master_deck":["Strike_B","Strike_B","Strike_B","Strike_B","Defend_B","Defend_B","Defend_B","Defend_B","Zap","Dualcast+1","Machine Learning","Coolheaded","Ball Lightning","Chill","Skim","Sunder+1","White Noise+1"],"relics":["Cracked Core","Tiny Chest","Oddly Smooth Stone","PreservedInsect","Happy Flower","Odd Mushroom"],"acts_visited":["Exordium"],"potions_floor_usage":[7,12,14],"damage_taken":[{"damage":0,"enemies":"Small Slimes","floor":1,"turns":3},{"damage":0,"enemies":"2 Louse","floor":4,"turns":2},{"damage":0,"enemies":"Cultist","floor":5,"turns":3},{"damage":25,"enemies":"Gremlin Nob","floor":7,"turns":4},{"damage":17,"enemies":"3 Louse","floor":8,"turns":2},{"damage":14,"enemies":"3 Sentries","floor":10,"turns":6},{"damage":14,"enemies":"Lagavulin","floor":12,"turns":5},{"damage":11,"enemies":"The Mushroom Lair","floor":14,"turns":3},{"damage":24,"enemies":"Slime Boss","floor":16,"turns":3}],"seed_played":"-8790525011986636394","potions_obtained":[{"floor":3,"key":"SkillPotion"},{"floor":3,"key":"DuplicationPotion"},{"floor":3,"key":"DuplicationPotion"},{"floor":7,"key":"EssenceOfSteel"},{"floor":12,"key":"Regen Potion"},{"floor":14,"key":"SpeedPotion"}],"is_trial":false,"path_per_floor":["M","?","?","M","M","R","E","M","T","E","R","E","R","?","R","B"],"character_chosen":"DEFECT","items_purchased":[],"campfire_rested":1,"item_purchase_floors":[],"current_hp_per_floor":[68,73,73,73,73,73,48,31,31,17,41,27,27,21,21,0,0],"gold":297,"neow_bonus":"ONE_RANDOM_RARE_CARD","is_daily":false,"chose_seed":false,"campfire_upgraded":3,"win_rate":0.0,"timestamp":1612863110,"path_taken":["M","?","?","?","M","R","E","M","T","E","R","E","R","?","R","BOSS"],"items_purchased_type":[],"build_version":"2020-12-22","purchased_purges":0,"victory":false,"max_hp_per_floor":[75,80,80,80,80,80,80,80,80,80,80,80,80,80,80,80,80],"card_choices":[{"not_picked":["Cold Snap","Redo"],"picked":"Coolheaded","floor":1},{"not_picked":["Static Discharge","Coolheaded"],"picked":"Ball Lightning","floor":4},{"not_picked":["Redo","Stack"],"picked":"Chill","floor":5},{"not_picked":["Steam","Hello World"],"picked":"Skim","floor":7},{"not_picked":["Sunder","Rebound","Machine Learning"],"picked":"SKIP","floor":8},{"not_picked":["Rebound","Machine Learning"],"picked":"Sunder","floor":8},{"not_picked":["Leap","BootSequence"],"picked":"White Noise","floor":10},{"not_picked":["Rebound","Skim","Barrage"],"picked":"SKIP","floor":12}],"player_experience":369592,"relics_obtained":[{"floor":7,"key":"Tiny Chest"},{"floor":9,"key":"Oddly Smooth Stone"},{"floor":10,"key":"PreservedInsect"},{"floor":12,"key":"Happy Flower"},{"floor":14,"key":"Odd Mushroom"}],"event_choices":[{"damage_healed":0,"gold_gain":0,"player_choice":"Donut","damage_taken":0,"max_hp_gain":5,"max_hp_loss":0,"event_name":"Big Fish","floor":2,"gold_loss":0},{"damage_healed":0,"gold_gain":0,"player_choice":"Got Potions","damage_taken":0,"max_hp_gain":0,"max_hp_loss":0,"event_name":"Lab","floor":3,"gold_loss":0},{"damage_healed":0,"gold_gain":0,"player_choice":"Fought Mushrooms","damage_taken":0,"max_hp_gain":0,"max_hp_loss":0,"event_name":"Mushrooms","floor":14,"gold_loss":0}],"is_beta":false,"boss_relics":[],"items_purged_floors":[],"is_endless":false,"potions_floor_spawned":[5,7,12,14],"killed_by":"Slime Boss","ascension_level":9}}