{"host":"q8ewzd1tf4mqkgtb","time":1612865633,"event":{"mods":["Ascension Unlocker","BaseMod","Colored Map","Faster Ascension Climbing","Hermit","Minty Spire (QoL Compilation)","Relic Stats","StSLib","UnlockEverythingMod"],"gold_per_floor":[110,130,148,162,180,180,180,180,206,224,257,267,107,135,135,214,214,226,256,13,47,76,76,76],"floor_reached":23,"language":"ENG","playtime":6428,"items_purged":["hermit:Strike_Hermit","hermit:Strike_Hermit"],"score":464,"play_id":"cead6433-5682-4b22-8af4-fc5f8758fd88","local_time":"20210209041353","is_ascension_mode":true,"campfire_choices":[{"data":"hermit:Roulette","floor":6.0,"key":"SMITH"},{"data":"hermit:GoldenBullet","floor":8.0,"key":"SMITH"},{"data":"hermit:ShadowCloak","floor":15.0,"key":"SMITH"}],"circlet_count":0,"master_deck":["AscendersBane","hermit:Strike_Hermit","hermit:Strike_Hermit","hermit:Defend_Hermit","hermit:Defend_Hermit","hermit:Defend_Hermit","hermit:Defend_Hermit","hermit:Snapshot","hermit:Covet","hermit:Misfire","hermit:Roulette+1","hermit:GoldenBullet+1","hermit:LuckOfTheDraw","hermit:Dissolve","hermit:ShadowCloak+1","hermit:FlashPowder","hermit:DeadOrAlive","hermit:Cheat"],"relics":["SlaversCollar","hermit:RyeStalk","Omamori","PreservedInsect","Runic Dome"],"acts_visited":["Exordium","TheCity"],"potions_floor_usage":[18,23],"damage_taken":[{"damage":3.0,"enemies":"Small Slimes","floor":1.0,"turns":3.0},{"damage":1.0,"enemies":"Cultist","floor":2.0,"turns":3.0},{"damage":0.0,"enemies":"2 Louse","floor":3.0,"turns":2.0},{"damage":11.0,"enemies":"Exordium Wildlife","floor":4.0,"turns":4.0},{"damage":25.0,"enemies":"Large Slime","floor":5.0,"turns":9.0},{"damage":11.0,"enemies":"Blue Slaver","floor":10.0,"turns":3.0},{"damage":23.0,"enemies":"3 Sentries","floor":11.0,"turns":9.0},{"damage":1.0,"enemies":"Lots of Slimes","floor":12.0,"turns":4.0},{"damage":0.0,"enemies":"Lagavulin","floor":14.0,"turns":4.0},{"damage":8.0,"enemies":"The Guardian","floor":16.0,"turns":12.0},{"damage":12,"enemies":"3 Byrds","floor":18,"turns":5},{"damage":26,"enemies":"Shell Parasite","floor":19,"turns":7},{"damage":14,"enemies":"Snake Plant","floor":21,"turns":5},{"damage":31,"enemies":"Shelled Parasite and Fungi","floor":22,"turns":7},{"damage":4,"enemies":"Gremlin Leader","floor":23,"turns":7}],"seed_played":"3354701463354029954","potions_obtained":[{"floor":4.0,"key":"FairyPotion"},{"floor":5.0,"key":"Energy Potion"},{"floor":7.0,"key":"DistilledChaos"},{"floor":10.0,"key":"FairyPotion"},{"floor":12.0,"key":"Explosive Potion"}],"is_trial":false,"path_per_floor":["M","M","M","M","M","R","?","R","T","M","E","M","$","E","R","B",null,"M","M","$","M","M","E"],"character_chosen":"HERMIT","items_purchased":["hermit:ShadowCloak","PowerPotion","hermit:Cheat"],"campfire_rested":0,"item_purchase_floors":[13,20,20],"current_hp_per_floor":[61,60,60,49,24,24,24,24,24,13,13,12,12,12,12,4,54,42,16,16,2,3,0,0],"gold":76,"neow_bonus":"BOSS_RELIC","is_daily":false,"chose_seed":false,"campfire_upgraded":3,"win_rate":0.0,"timestamp":1612865633,"path_taken":["M","M","M","M","M","R","?","R","T","M","E","M","$","E","R","BOSS","M","M","$","M","M","E"],"items_purchased_type":["Card","Potion","Card"],"build_version":"2020-12-22","purchased_purges":2,"victory":false,"max_hp_per_floor":[71,71,71,71,71,71,71,71,71,71,71,71,71,71,71,71,71,71,71,71,71,71,71,71],"relic_stats":{"counters":[15,84],"PreservedInsect":51,"obtain_stats":[{"SlaversCollar":0,"hermit:RyeStalk":9,"Runic Dome":17,"PreservedInsect":14,"Omamori":11,"hermit:Momento":0},{"SlaversCollar":0,"hermit:RyeStalk":5,"Runic Dome":10,"PreservedInsect":9,"Omamori":7,"hermit:Momento":0},{"SlaversCollar":0,"hermit:RyeStalk":21,"Runic Dome":53,"PreservedInsect":41,"Omamori":33,"hermit:Momento":0}]},"card_choices":[{"not_picked":["hermit:TrackingShot","hermit:SprayPray"],"picked":"hermit:Misfire","floor":1.0},{"not_picked":["hermit:Manifest","hermit:BigShot","hermit:Snipe"],"picked":"SKIP","floor":2.0},{"not_picked":["hermit:NoHoldsBarred","hermit:Midnight"],"picked":"hermit:Roulette","floor":3.0},{"not_picked":["hermit:ShadowCloak","hermit:Shortfuse"],"picked":"hermit:GoldenBullet","floor":4.0},{"not_picked":["hermit:Desperado","hermit:Misfire"],"picked":"hermit:LuckOfTheDraw","floor":5.0},{"not_picked":["hermit:Brawl","hermit:Cheat"],"picked":"hermit:Dissolve","floor":10.0},{"not_picked":["hermit:DeadMansHand","hermit:Gestalt","hermit:Dive"],"picked":"SKIP","floor":11.0},{"not_picked":["hermit:Misfire","hermit:Malice","hermit:HoleUp"],"picked":"SKIP","floor":12.0},{"not_picked":["hermit:Malice","hermit:NoHoldsBarred"],"picked":"hermit:FlashPowder","floor":14.0},{"not_picked":["hermit:Purgatory","hermit:BlackWind"],"picked":"hermit:DeadOrAlive","floor":16.0},{"not_picked":["hermit:Vantage","hermit:HoleUp+1","hermit:Ricochet"],"picked":"SKIP","floor":18},{"not_picked":["hermit:Roulette","hermit:Purgatory","hermit:BodyArmor"],"picked":"SKIP","floor":19},{"not_picked":["hermit:Vantage+1","hermit:Snipe","hermit:NoHoldsBarred"],"picked":"SKIP","floor":21},{"not_picked":["hermit:GhostlyPresence","hermit:SprayPray","hermit:Ricochet"],"picked":"SKIP","floor":22}],"player_experience":561253,"relics_obtained":[{"floor":9.0,"key":"hermit:RyeStalk"},{"floor":11.0,"key":"Omamori"},{"floor":14.0,"key":"PreservedInsect"}],"event_choices":[{"damage_healed":0.0,"max_hp_gain":0.0,"max_hp_loss":0.0,"gold_gain":0.0,"event_name":"Lab","player_choice":"Got Potions","floor":7.0,"gold_loss":0.0,"damage_taken":0.0}],"is_beta":false,"boss_relics":[{"not_picked":["Fusion Hammer","hermit:DentedPlate"],"picked":"Runic Dome"}],"items_purged_floors":[13,20],"is_endless":false,"potions_floor_spawned":[4,5,10,12,16],"killed_by":"Gremlin Leader","ascension_level":20}}