{"host":"mqhvlr3kpxebko0t","time":1612880983,"event":{"mods":["AchievementEnabler","BaseMod","Colored Map","Colored Powertips","KOR Keyword Fix","Keyboard Shortcuts","Minty Spire (QoL Compilation)","StSLib","SuperFastMode"],"gold_per_floor":[111,111,125,125,125,158,158,184,184,202,215,215,226,241,241,313,313,313,238,250,265,281,281,206,223,223,223,223],"floor_reached":27,"language":"KOR","playtime":375,"items_purged":["Bash"],"score":504,"play_id":"c999a84d-ec06-47fd-8a5f-b83e8e336494","local_time":"20210209232943","is_ascension_mode":true,"campfire_choices":[{"data":"1","floor":7.0,"key":"LIFT"},{"data":"Armaments","floor":12.0,"key":"SMITH"},{"data":"Inflame","floor":15.0,"key":"SMITH"},{"data":"Limit Break","floor":23.0,"key":"SMITH"}],"circlet_count":0,"master_deck":["AscendersBane","Defend_R","Defend_R","Defend_R","Defend_R","Inflame+1","Shockwave","Seeing Red","Heavy Blade","Armaments+1","Flex","Limit Break+1","Double Tap+1","Blood for Blood+1","Dark Embrace+1"],"relics":["Burning Blood","NeowsBlessing","Girya","Blood Vial","TungstenRod","Astrolabe","Sundial"],"acts_visited":["Exordium","TheCity"],"potions_floor_usage":[27],"damage_taken":[{"damage":0.0,"enemies":"2 Louse","floor":1.0,"turns":1.0},{"damage":0.0,"enemies":"Jaw Worm","floor":3.0,"turns":1.0},{"damage":0.0,"enemies":"3 Sentries","floor":6.0,"turns":1.0},{"damage":10.0,"enemies":"Lagavulin","floor":8.0,"turns":4.0},{"damage":6.0,"enemies":"Small Slimes","floor":10.0,"turns":3.0},{"damage":8.0,"enemies":"3 Louse","floor":11.0,"turns":3.0},{"damage":12.0,"enemies":"Looter","floor":13.0,"turns":4.0},{"damage":8.0,"enemies":"Blue Slaver","floor":14.0,"turns":5.0},{"damage":46.0,"enemies":"Hexaghost","floor":16.0,"turns":8.0},{"damage":0.0,"enemies":"3 Byrds","floor":18.0,"turns":2.0},{"damage":32.0,"enemies":"2 Thieves","floor":20.0,"turns":5.0},{"damage":20.0,"enemies":"3 Cultists","floor":21.0,"turns":5.0},{"damage":12.0,"enemies":"Snecko","floor":22.0,"turns":4.0},{"damage":9.0,"enemies":"Centurion and Healer","floor":25.0,"turns":4.0},{"damage":39,"enemies":"Shelled Parasite and Fungi","floor":27,"turns":3}],"seed_played":"-6204996637803974325","potions_obtained":[{"floor":1.0,"key":"Strength Potion"},{"floor":3.0,"key":"DistilledChaos"},{"floor":13.0,"key":"Fire Potion"},{"floor":16.0,"key":"SmokeBomb"},{"floor":21.0,"key":"Fire Potion"},{"floor":22.0,"key":"DistilledChaos"}],"is_trial":false,"path_per_floor":["M","?","M","?","?","E","R","E","T","M","M","R","M","M","R","B",null,"M","?","M","M","M","R","$","M","T","M"],"character_chosen":"IRONCLAD","items_purchased":[],"campfire_rested":0,"item_purchase_floors":[],"current_hp_per_floor":[74,74,75,80,80,80,80,76,76,78,78,78,74,74,74,36,69,77,77,53,41,37,37,37,36,36,0,0],"gold":223,"neow_bonus":"THREE_ENEMY_KILL","is_daily":false,"chose_seed":false,"campfire_upgraded":3,"win_rate":0.0,"timestamp":1612880983,"path_taken":["M","?","M","?","?","E","R","E","T","M","M","R","?","M","R","BOSS","M","?","M","M","M","R","$","M","T","M"],"items_purchased_type":[],"build_version":"2020-12-22","purchased_purges":1,"victory":false,"max_hp_per_floor":[75,75,75,80,80,80,80,80,80,80,80,80,80,80,80,80,80,80,80,80,80,80,80,80,80,80,80,80],"card_choices":[{"not_picked":["Clash","Thunderclap"],"picked":"Inflame","floor":1.0},{"not_picked":["Warcry","Anger"],"picked":"Shockwave","floor":3.0},{"not_picked":["Impervious","Double Tap"],"picked":"Heavy Blade","floor":6.0},{"not_picked":["Body Slam","Perfected Strike"],"picked":"Armaments","floor":8.0},{"not_picked":["Infernal Blade","Feel No Pain"],"picked":"Flex","floor":10.0},{"not_picked":["Iron Wave","Armaments","Blood for Blood"],"picked":"SKIP","floor":11.0},{"not_picked":["Rage","Sever Soul","Intimidate"],"picked":"SKIP","floor":13.0},{"not_picked":["Headbutt","Clash","Perfected Strike"],"picked":"SKIP","floor":14.0},{"not_picked":["Offering","Immolate"],"picked":"Limit Break","floor":16.0},{"not_picked":["Warcry","Iron Wave","Body Slam"],"picked":"SKIP","floor":20.0},{"not_picked":["Entrench","Thunderclap","Clash"],"picked":"SKIP","floor":21.0},{"not_picked":["Thunderclap","Clothesline","Cleave"],"picked":"SKIP","floor":22.0},{"not_picked":["Feel No Pain","Headbutt+1","Clothesline"],"picked":"SKIP","floor":25.0}],"player_experience":701370,"relics_obtained":[{"floor":6.0,"key":"Girya"},{"floor":8.0,"key":"Blood Vial"},{"floor":9.0,"key":"TungstenRod"},{"floor":26.0,"key":"Sundial"}],"event_choices":[{"damage_healed":0.0,"max_hp_gain":0.0,"max_hp_loss":0.0,"gold_gain":0.0,"event_name":"Shining Light","player_choice":"Ignored","floor":2.0,"gold_loss":0.0,"damage_taken":0.0},{"damage_healed":0.0,"max_hp_gain":5.0,"max_hp_loss":0.0,"gold_gain":0.0,"event_name":"Big Fish","player_choice":"Donut","floor":4.0,"gold_loss":0.0,"damage_taken":0.0},{"damage_healed":0.0,"max_hp_gain":0.0,"max_hp_loss":0.0,"gold_gain":0.0,"cards_transformed":["Strike_R"],"event_name":"Living Wall","player_choice":"Change","floor":5.0,"gold_loss":0.0,"damage_taken":0.0,"cards_obtained":["Seeing Red"]},{"cards_removed":["Strike_R"],"damage_healed":0.0,"max_hp_gain":0.0,"max_hp_loss":0.0,"gold_gain":0.0,"event_name":"Beggar","player_choice":"Gave Gold","floor":19.0,"gold_loss":75.0,"damage_taken":0.0}],"is_beta":false,"boss_relics":[{"not_picked":["Runic Dome","SacredBark"],"picked":"Astrolabe"}],"items_purged_floors":[24],"is_endless":false,"potions_floor_spawned":[1,3,13,14,16,21,22],"killed_by":"Shelled Parasite and Fungi","ascension_level":20}}