{"host":"l12hrjjiowxu1z6t","time":1612835693,"event":{"mods":["AchievementEnabler","BaseMod","Colored Map","Colored Powertips","Highlight Path","Marisa????????","Minty Spire (QoL Compilation)","Rare Cards Sparkle","Relic Stats"],"gold_per_floor":[111,111,126,201,201,201,220,255,304,318,353,384,410,410,410,527,527,562,34,50,50,119,119,129,162,185,218,218,218,317,332,332,452,452,452],"floor_reached":34,"language":"ENG","playtime":2208,"items_purged":["Regret"],"score":407,"play_id":"871a186b-012c-423f-88cc-3f4a1fc7d65a","local_time":"20210209015453","is_ascension_mode":false,"campfire_choices":[{"floor":6.0,"key":"REST"},{"floor":15.0,"key":"REST"},{"data":"CasketOfStar","floor":23.0,"key":"SMITH"},{"floor":28.0,"key":"RECALL"},{"data":"PropBag","floor":32.0,"key":"SMITH"}],"circlet_count":0,"master_deck":["Strike_MRS","Strike_MRS","Strike_MRS","Defend_MRS","Defend_MRS","Defend_MRS","MasterSpark","UpSweep","PowerUp","MysteriousBeam","CasketOfStar+1","AsteroidBelt","WitchOfGreed","NonDirectionalLaser","OrrerysSun","FinalSpark","SporeBomb","DeepEcoloBomb","MagicChant","PropBag+1","CollectingQuirk"],"relics":["MiniHakkero","Anchor","Tiny Chest","Art of War","CaptainsWheel","Bird Faced Urn","Snecko Eye","Incense Burner","Happy Flower","The Courier","Centennial Puzzle","Ginger"],"acts_visited":["Exordium","TheCity"],"potions_floor_usage":[],"damage_taken":[{"damage":13.0,"enemies":"Jaw Worm","floor":1.0,"turns":3.0},{"damage":2.0,"enemies":"2 Louse","floor":3.0,"turns":3.0},{"damage":2.0,"enemies":"Cultist","floor":7.0,"turns":2.0},{"damage":27.0,"enemies":"3 Sentries","floor":8.0,"turns":7.0},{"damage":11.0,"enemies":"Blue Slaver","floor":10.0,"turns":5.0},{"damage":22.0,"enemies":"Gremlin Nob","floor":11.0,"turns":4.0},{"damage":3.0,"enemies":"Exordium Thugs","floor":12.0,"turns":4.0},{"damage":5.0,"enemies":"3 Louse","floor":13.0,"turns":3.0},{"damage":10.0,"enemies":"Hexaghost","floor":16.0,"turns":7.0},{"damage":7.0,"enemies":"Shell Parasite","floor":18.0,"turns":3.0},{"damage":0.0,"enemies":"Spheric Guardian","floor":20.0,"turns":3.0},{"damage":0.0,"enemies":"Centurion and Healer","floor":24.0,"turns":1.0},{"damage":0.0,"enemies":"Shelled Parasite and Fungi","floor":25.0,"turns":4.0},{"damage":0.0,"enemies":"Gremlin Leader","floor":27.0,"turns":6.0},{"damage":15.0,"enemies":"Snecko","floor":31.0,"turns":3.0},{"damage":61.0,"enemies":"Champ","floor":33.0,"turns":8.0}],"seed_played":"4546364756229552361","potions_obtained":[{"floor":3.0,"key":"SpeedPotion"},{"floor":7.0,"key":"ColorlessPotion"},{"floor":12.0,"key":"DistilledChaos"},{"floor":13.0,"key":"Block Potion"},{"floor":16.0,"key":"Explosive Potion"},{"floor":18.0,"key":"Energy Potion"},{"floor":18.0,"key":"Weak Potion"},{"floor":27.0,"key":"Dexterity Potion"},{"floor":33.0,"key":"EntropicBrew"}],"is_trial":false,"path_per_floor":["M","?","M","?","?","R","M","E","T","M","E","M","M","T","R","B",null,"M","$","M","?","T","R","M","M","T","E","R","?","?","M","R","B",null],"character_chosen":"MARISA","items_purchased":["Incense Burner","Happy Flower"],"campfire_rested":2,"item_purchase_floors":[19,19],"current_hp_per_floor":[69,62,60,49,49,73,71,44,44,33,11,8,3,3,27,23,82,75,75,77,77,77,77,77,81,81,82,82,82,82,69,69,14,14,14],"gold":452,"neow_bonus":"TEN_PERCENT_HP_BONUS","is_daily":false,"chose_seed":false,"campfire_upgraded":2,"win_rate":0.0,"timestamp":1612835693,"path_taken":["M","?","M","?","?","R","M","E","T","M","E","M","M","?","R","BOSS","M","$","?","?","?","R","M","M","T","E","R","?","?","M","R","BOSS"],"items_purchased_type":["Relic","Relic"],"build_version":"2020-12-22","purchased_purges":1,"victory":false,"max_hp_per_floor":[82,82,82,82,82,82,82,82,82,82,82,82,82,82,82,82,82,82,82,82,82,82,82,82,82,82,82,82,82,82,82,82,82,82,82],"relic_stats":{"Centennial Puzzle":[6],"Happy Flower":[8],"counters":[16,66],"Bird Faced Urn":[21],"Snecko Eye":[42,56,52,51],"Tiny Chest":1,"Art of War":[2],"Ginger":[2],"obtain_stats":[{"Happy Flower":19,"The Courier":22,"Incense Burner":19,"Ginger":27,"Letter Opener":33,"Anchor":5,"CaptainsWheel":11,"Centennial Puzzle":26,"Mummified Hand":31,"Bird Faced Urn":14,"Snecko Eye":17,"Tiny Chest":8,"Art of War":9,"MiniHakkero":0},{"Happy Flower":10,"The Courier":11,"Incense Burner":10,"Ginger":14,"Letter Opener":16,"Anchor":2,"CaptainsWheel":6,"Centennial Puzzle":13,"Mummified Hand":15,"Bird Faced Urn":8,"Snecko Eye":9,"Tiny Chest":4,"Art of War":4,"MiniHakkero":0},{"Happy Flower":41,"The Courier":44,"Incense Burner":41,"Ginger":55,"Letter Opener":59,"Anchor":6,"CaptainsWheel":24,"Centennial Puzzle":49,"Mummified Hand":56,"Bird Faced Urn":31,"Snecko Eye":38,"Tiny Chest":15,"Art of War":15,"MiniHakkero":0}]},"card_choices":[{"not_picked":["Acceleration","StarBarrage"],"picked":"PowerUp","floor":1.0},{"not_picked":["DoubleSpark","IllusionStar"],"picked":"MysteriousBeam","floor":3.0},{"not_picked":["OortCloud","GravityBeat"],"picked":"CasketOfStar","floor":7.0},{"not_picked":["Acceleration","AbsoluteMagnitude"],"picked":"AsteroidBelt","floor":8.0},{"not_picked":["EventHorizon","Acceleration","UnstableBomb"],"picked":"SKIP","floor":10.0},{"not_picked":["Robbery","UnstableBomb"],"picked":"WitchOfGreed","floor":11.0},{"not_picked":["MaximisePower","Acceleration"],"picked":"NonDirectionalLaser","floor":12.0},{"not_picked":["MysteriousBeam","WitchLeyline"],"picked":"OrrerysSun","floor":13.0},{"not_picked":["JA","CasketOfStar"],"picked":"FinalSpark","floor":16.0},{"not_picked":["ShootTheMoon","IllusionStar"],"picked":"SporeBomb","floor":18.0},{"not_picked":["DeepEcoloBomb","WitchLeyline","EnergyRecoil"],"picked":"SKIP","floor":20.0},{"not_picked":["EnergyRecoil+1","Acceleration","AbsoluteMagnitude"],"picked":"SKIP","floor":24.0},{"not_picked":["6A+1","IllusionStar+1"],"picked":"DeepEcoloBomb","floor":25.0},{"not_picked":["PowerUp","StarlightTyphoon"],"picked":"MagicChant","floor":27.0},{"not_picked":["DeepEcoloBomb","SuperPerseids+1","SporeBomb"],"picked":"SKIP","floor":31.0},{"not_picked":["MaximisePower","JA"],"picked":"CollectingQuirk","floor":33.0}],"player_experience":99428,"relics_obtained":[{"floor":8.0,"key":"Tiny Chest"},{"floor":9.0,"key":"Art of War"},{"floor":11.0,"key":"CaptainsWheel"},{"floor":14.0,"key":"Bird Faced Urn"},{"floor":22.0,"key":"The Courier"},{"floor":26.0,"key":"Centennial Puzzle"},{"floor":27.0,"key":"Ginger"}],"event_choices":[{"cards_removed":["Strike_MRS"],"damage_healed":0.0,"max_hp_gain":0.0,"max_hp_loss":0.0,"gold_gain":0.0,"event_name":"Golden Wing","player_choice":"Card Removal","floor":2.0,"gold_loss":0.0,"damage_taken":7.0},{"damage_healed":0.0,"max_hp_gain":0.0,"max_hp_loss":0.0,"gold_gain":75.0,"event_name":"World of Goop","player_choice":"Gather Gold","floor":4.0,"gold_loss":0.0,"damage_taken":11.0},{"damage_healed":0.0,"max_hp_gain":0.0,"max_hp_loss":0.0,"gold_gain":0.0,"event_name":"Big Fish","player_choice":"Box","floor":5.0,"gold_loss":0.0,"damage_taken":0.0,"relics_obtained":["Anchor"],"cards_obtained":["Regret"]},{"cards_removed":["Defend_MRS"],"damage_healed":0.0,"max_hp_gain":0.0,"max_hp_loss":0.0,"gold_gain":0.0,"event_name":"Purifier","player_choice":"Purged","floor":21.0,"gold_loss":0.0,"damage_taken":0.0},{"damage_healed":0.0,"max_hp_gain":0.0,"max_hp_loss":0.0,"gold_gain":0.0,"event_name":"The Library","player_choice":"Read","floor":29.0,"gold_loss":0.0,"damage_taken":0.0,"cards_obtained":["PropBag"]},{"damage_healed":0.0,"max_hp_gain":0.0,"max_hp_loss":0.0,"gold_gain":99.0,"event_name":"Nest","player_choice":"Stole From Cult","floor":30.0,"gold_loss":0.0,"damage_taken":0.0}],"is_beta":false,"boss_relics":[{"not_picked":["Philosopher\u0027s Stone","Coffee Dripper"],"picked":"Snecko Eye"}],"items_purged_floors":[19],"is_endless":false,"potions_floor_spawned":[3,7,12,18,27,33],"ascension_level":0}}