{"host":"6swbl1yqdi8v28pk","time":1612833226,"event":{"mods":["AchievementEnabler","BaseMod","Colored Map","Minty Spire (QoL Compilation)","Quick Restart"],"gold_per_floor":[113,113,128,3,19,54,54,54,106,120,70,70,85,95,95,200,200,217,217,235,248,263,263,276,290,290,56,56,56,74,74,74,177,177,187,198,45,63,63,77,77,77,77,13,13,31,31,50,50,50],"floor_reached":51,"language":"SPA","playtime":2228,"items_purged":["Reflex"],"score":678,"play_id":"dfdc1f07-0057-4cc4-b854-6a1b995d861d","local_time":"20210208191346","is_ascension_mode":false,"campfire_choices":[{"floor":8,"key":"RECALL"},{"data":"Infinite Blades","floor":12,"key":"SMITH"},{"floor":15,"key":"REST"},{"floor":23,"key":"REST"},{"floor":32,"key":"REST"},{"floor":41,"key":"REST"},{"floor":47,"key":"REST"},{"floor":49,"key":"REST"}],"circlet_count":0,"master_deck":["Survivor","Neutralize+1","Blade Dance","Finisher","Cloak And Dagger","Caltrops","Backstab","Well Laid Plans","Infinite Blades+1","Backstab","Dodge and Roll","Corpse Explosion","Leg Sweep+1","All Out Attack+1","Phantasmal Killer+1","Dagger Spray+1","Prepared","Backflip","Blade Dance","Cloak And Dagger","PiercingWail","Bandage Up","Slice+1","After Image","Endless Agony","Grand Finale","Blur","Skewer","Terror","After Image","Blade Dance+1","Setup+1","Accuracy","Deflect+1","Secret Technique","Slice","Crippling Poison","Finisher"],"relics":["Cursed Key","Toy Ornithopter","Orichalcum","Astrolabe","MealTicket","Omamori","MutagenicStrength","Pandora\u0027s Box","Pear","Lantern"],"acts_visited":["Exordium","TheCity","TheBeyond"],"potions_floor_usage":[50,50],"damage_taken":[{"damage":0,"enemies":"Jaw Worm","floor":1,"turns":5},{"damage":0,"enemies":"Cultist","floor":3,"turns":3},{"damage":0,"enemies":"2 Louse","floor":5,"turns":2},{"damage":12,"enemies":"Gremlin Nob","floor":6,"turns":4},{"damage":4,"enemies":"Looter","floor":10,"turns":2},{"damage":7,"enemies":"Large Slime","floor":13,"turns":4},{"damage":5,"enemies":"Exordium Thugs","floor":14,"turns":4},{"damage":18,"enemies":"Slime Boss","floor":16,"turns":9},{"damage":14,"enemies":"2 Thieves","floor":18,"turns":4},{"damage":5,"enemies":"Chosen","floor":20,"turns":4},{"damage":21,"enemies":"Shelled Parasite and Fungi","floor":21,"turns":4},{"damage":6,"enemies":"Snecko","floor":22,"turns":4},{"damage":22,"enemies":"Snake Plant","floor":24,"turns":6},{"damage":15,"enemies":"Cultist and Chosen","floor":25,"turns":7},{"damage":10,"enemies":"Shelled Parasite and Fungi","floor":30,"turns":5},{"damage":39,"enemies":"Automaton","floor":33,"turns":11},{"damage":21,"enemies":"3 Darklings","floor":35,"turns":3},{"damage":3,"enemies":"Orb Walker","floor":36,"turns":2},{"damage":24,"enemies":"Spire Growth","floor":38,"turns":5},{"damage":15,"enemies":"3 Darklings","floor":40,"turns":2},{"damage":35,"enemies":"Sphere and 2 Shapes","floor":46,"turns":3},{"damage":30,"enemies":"Writhing Mass","floor":48,"turns":7},{"damage":60,"enemies":"Awakened One","floor":50,"turns":11}],"seed_played":"4277319537818744218","potions_obtained":[{"floor":1,"key":"SpeedPotion"},{"floor":3,"key":"EssenceOfSteel"},{"floor":10,"key":"CultistPotion"},{"floor":20,"key":"BlessingOfTheForge"},{"floor":36,"key":"GhostInAJar"}],"is_trial":false,"path_per_floor":["M","?","M","$","M","E","$","R","T","M","?","R","M","M","R","B",null,"M","?","M","M","M","R","M","M","T","$","?","?","M","$","R","B",null,"M","M","$","M","?","M","R","$","T","?","$","M","R","M","R","B",null],"character_chosen":"THE_SILENT","items_purchased":["Cloak And Dagger","Caltrops","Omamori","Bandage Up","Accuracy"],"campfire_rested":6,"item_purchase_floors":[4,4,27,27,37],"current_hp_per_floor":[70,70,70,70,70,58,58,58,58,54,54,54,47,42,63,45,70,56,56,51,30,24,45,23,8,8,23,23,23,17,32,53,18,70,49,46,61,37,37,26,47,62,72,72,80,49,73,47,71,25],"gold":50,"neow_bonus":"BOSS_RELIC","is_daily":false,"chose_seed":false,"campfire_upgraded":1,"win_rate":0.0,"timestamp":1612833226,"path_taken":["M","?","M","$","M","E","?","R","T","?","?","R","M","M","R","BOSS","M","?","M","M","M","R","M","M","T","$","?","?","?","$","R","BOSS","M","M","$","M","?","M","R","$","T","?","$","?","R","M","R","BOSS"],"items_purchased_type":["Card","Card","Relic","Card","Card"],"build_version":"2020-12-22","purchased_purges":1,"victory":true,"max_hp_per_floor":[70,70,70,70,70,70,70,70,70,70,70,70,70,70,70,70,70,70,70,70,70,70,70,70,70,70,70,70,70,70,70,70,70,70,70,70,70,70,70,70,70,70,80,80,80,80,80,80,80,80],"card_choices":[{"not_picked":["Terror","Predator"],"picked":"Blade Dance","floor":1},{"not_picked":["Noxious Fumes","Poisoned Stab"],"picked":"Finisher","floor":3},{"not_picked":["Masterful Stab","Quick Slash"],"picked":"Backstab","floor":5},{"not_picked":["Poisoned Stab","Quick Slash"],"picked":"Well Laid Plans","floor":6},{"not_picked":["Dodge and Roll","Predator"],"picked":"Infinite Blades","floor":10},{"not_picked":["Bane","Concentrate"],"picked":"Backstab","floor":13},{"not_picked":["Deadly Poison","Dagger Throw"],"picked":"Dodge and Roll","floor":14},{"not_picked":["Glass Knife","Envenom"],"picked":"Corpse Explosion","floor":16},{"not_picked":["All Out Attack","Bane"],"picked":"Dagger Spray+1","floor":18},{"not_picked":["Deadly Poison","Dodge and Roll"],"picked":"Backflip","floor":20},{"not_picked":["Prepared+1","Flying Knee"],"picked":"Blade Dance","floor":21},{"not_picked":["Flying Knee","Backflip"],"picked":"Cloak And Dagger","floor":22},{"not_picked":["Predator","Heel Hook+1","Tactician"],"picked":"SKIP","floor":24},{"not_picked":["Acrobatics","Blade Dance"],"picked":"PiercingWail","floor":25},{"not_picked":["Quick Slash","Dagger Throw"],"picked":"Slice+1","floor":30},{"not_picked":["Glass Knife","A Thousand Cuts"],"picked":"After Image","floor":33},{"not_picked":["Cloak And Dagger+1","Quick Slash+1"],"picked":"Blade Dance+1","floor":35},{"not_picked":["Riddle With Holes","Quick Slash+1"],"picked":"Setup+1","floor":36},{"not_picked":["Sucker Punch","Bouncing Flask"],"picked":"Deflect+1","floor":38},{"not_picked":["Good Instincts","Magnetism"],"picked":"Secret Technique","floor":39},{"not_picked":["Bane+1","Caltrops"],"picked":"Slice","floor":40},{"not_picked":["Poisoned Stab+1","Underhanded Strike"],"picked":"Crippling Poison","floor":46},{"not_picked":["Sucker Punch","Deadly Poison"],"picked":"Finisher","floor":48}],"player_experience":160624,"relics_obtained":[{"floor":6,"key":"Toy Ornithopter"},{"floor":9,"key":"Orichalcum"},{"floor":26,"key":"MealTicket"},{"floor":43,"key":"Pear"}],"event_choices":[{"damage_healed":0,"gold_gain":0,"player_choice":"Forge","damage_taken":0,"max_hp_gain":0,"max_hp_loss":0,"event_name":"Accursed Blacksmith","floor":2,"gold_loss":0,"cards_upgraded":["Neutralize"]},{"cards_removed":["Shame"],"damage_healed":0,"gold_gain":0,"player_choice":"Card Removal","damage_taken":0,"max_hp_gain":0,"max_hp_loss":0,"event_name":"The Cleric","floor":11,"gold_loss":50},{"damage_healed":0,"gold_gain":0,"player_choice":"Read","damage_taken":0,"max_hp_gain":0,"max_hp_loss":0,"event_name":"The Library","floor":19,"gold_loss":0,"cards_obtained":["Prepared"]},{"damage_healed":0,"gold_gain":0,"player_choice":"Inject Mutagens","damage_taken":0,"relics_obtained":["MutagenicStrength"],"max_hp_gain":0,"max_hp_loss":0,"event_name":"Drug Dealer","floor":28,"gold_loss":0},{"cards_removed":["Normality"],"damage_healed":0,"gold_gain":0,"player_choice":"Card Removal","damage_taken":0,"max_hp_gain":0,"max_hp_loss":0,"event_name":"Wheel of Change","floor":29,"gold_loss":0},{"damage_healed":0,"gold_gain":0,"player_choice":"Memory 1","damage_taken":0,"max_hp_gain":0,"max_hp_loss":0,"event_name":"SensoryStone","floor":39,"gold_loss":0},{"damage_healed":0,"gold_gain":0,"player_choice":"Paid Gold","damage_taken":0,"relics_obtained":["Lantern"],"max_hp_gain":0,"max_hp_loss":0,"event_name":"WeMeetAgain","floor":44,"gold_loss":64}],"is_beta":false,"boss_relics":[{"not_picked":["Busted Crown","Calling Bell"],"picked":"Astrolabe"},{"not_picked":["Snecko Eye","SacredBark"],"picked":"Pandora\u0027s Box"}],"items_purged_floors":[37],"is_endless":false,"potions_floor_spawned":[1,3,10,20,21,25,35,36,48],"ascension_level":0}}