{"host":"ypphcgdomtfqpc2w","time":1612852880,"event":{"mods":["BaseMod","DeckTracker","Minty Spire (QoL Compilation)","Relic Stats","StSLib"],"gold_per_floor":[112,123,141,141,161,161,196,196,267,295,35,45,76,90,90,195,195,212,225,225,22,36,36,67,67,90,90,123,135,135,135,135,234,234,252,269,120,120,165,165,195,195,195,222,233,246,277,277,277,277,277],"floor_reached":50,"language":"ENG","playtime":3018,"items_purged":["Strike_P"],"score":1201,"play_id":"9bdd082f-6cbd-4f7c-8fcc-159e49693e21","local_time":"20210209154120","is_ascension_mode":true,"campfire_choices":[{"data":"Eruption","floor":6,"key":"SMITH"},{"floor":8,"key":"REST"},{"data":"CrushJoints","floor":15,"key":"SMITH"},{"data":"Vigilance","floor":23,"key":"SMITH"},{"data":"Meditate","floor":32,"key":"SMITH"},{"data":"Establishment","floor":40,"key":"SMITH"},{"data":"Protect","floor":42,"key":"SMITH"},{"floor":49,"key":"RECALL"}],"circlet_count":0,"master_deck":["AscendersBane","Defend_P+1","Defend_P+1","Defend_P+1","Defend_P+1","Eruption+1","Vigilance+1","WindmillStrike","Prostrate","EmptyFist","CutThroughFate+1","FlyingSleeves","FlurryOfBlows","JustLucky","EmptyMind+1","CrushJoints+1","EmptyBody+1","Establishment+1","Consecrate","Bite","Bite+1","Bite","Bite","Bite","DeusExMachina","EmptyMind","Protect+1","Meditate+1","LessonLearned+1","Evaluate+1","Wallop+1","DeceiveReality","Perseverance+1","Parasite","ClearTheMind+1"],"relics":["Black Star","Unceasing Top","Pen Nib","Tiny Chest","Eternal Feather","Vajra","Calipers","PreservedInsect","Letter Opener","VioletLotus","OrangePellets","Happy Flower","Centennial Puzzle","Lantern","Toy Ornithopter","Ginger","MutagenicStrength","Sozu","War Paint","Regal Pillow","Akabeko","Ancient Tea Set","Bronze Scales","Orichalcum","Ornamental Fan","Pocketwatch","Torii","White Beast Statue"],"acts_visited":["Exordium","TheCity","TheBeyond"],"potions_floor_usage":[7,10,13,13,24,28],"damage_taken":[{"damage":3,"enemies":"2 Louse","floor":1,"turns":4},{"damage":0,"enemies":"Cultist","floor":2,"turns":3},{"damage":7,"enemies":"Small Slimes","floor":3,"turns":4},{"damage":15,"enemies":"3 Louse","floor":5,"turns":3},{"damage":24,"enemies":"Gremlin Nob","floor":7,"turns":3},{"damage":22,"enemies":"3 Sentries","floor":10,"turns":5},{"damage":0,"enemies":"Large Slime","floor":12,"turns":2},{"damage":0,"enemies":"Lagavulin","floor":13,"turns":4},{"damage":6,"enemies":"Exordium Thugs","floor":14,"turns":3},{"damage":6,"enemies":"Slime Boss","floor":16,"turns":5},{"damage":9,"enemies":"Shell Parasite","floor":18,"turns":6},{"damage":12,"enemies":"Chosen","floor":19,"turns":4},{"damage":41,"enemies":"Shelled Parasite and Fungi","floor":22,"turns":6},{"damage":0,"enemies":"Gremlin Leader","floor":24,"turns":4},{"damage":0,"enemies":"Slavers","floor":28,"turns":4},{"damage":14,"enemies":"Centurion and Healer","floor":29,"turns":6},{"damage":23,"enemies":"Champ","floor":33,"turns":6},{"damage":32,"enemies":"3 Darklings","floor":35,"turns":8},{"damage":7,"enemies":"Orb Walker","floor":36,"turns":4},{"damage":24,"enemies":"Reptomancer","floor":41,"turns":6},{"damage":7,"enemies":"Nemesis","floor":44,"turns":3},{"damage":0,"enemies":"Writhing Mass","floor":45,"turns":3},{"damage":8,"enemies":"Maw","floor":46,"turns":6},{"damage":0,"enemies":"Reptomancer","floor":47,"turns":5},{"damage":63,"enemies":"Time Eater","floor":50,"turns":8}],"seed_played":"-5584415228972567052","potions_obtained":[{"floor":2,"key":"Weak Potion"},{"floor":7,"key":"PowerPotion"},{"floor":12,"key":"ColorlessPotion"},{"floor":22,"key":"DistilledChaos"},{"floor":24,"key":"FearPotion"}],"is_trial":false,"path_per_floor":["M","M","M","?","M","R","E","R","T","E","$","M","E","M","R","B",null,"M","M","?","$","M","R","E","?","T","?","E","M","T","?","R","B",null,"M","M","$","?","T","R","E","R","T","E","M","M","E","T","R","B"],"character_chosen":"WATCHER","items_purchased":["FlurryOfBlows","JustLucky","EmptyMind","Block Potion","OrangePellets","Explosive Potion","War Paint"],"campfire_rested":1,"item_purchase_floors":[11,11,11,11,21,21,37],"current_hp_per_floor":[62,62,55,55,40,40,16,37,37,15,15,15,15,9,21,15,58,49,37,37,37,10,25,33,33,33,33,39,37,37,37,50,43,48,34,33,33,33,33,50,34,50,50,47,47,44,50,50,50,0,0],"gold":277,"neow_bonus":"BOSS_RELIC","is_daily":false,"chose_seed":false,"campfire_upgraded":6,"win_rate":0.0,"timestamp":1612852880,"path_taken":["M","M","M","?","?","R","E","R","T","E","$","M","E","M","R","BOSS","M","M","?","$","M","R","E","?","T","?","E","M","?","?","R","BOSS","M","M","$","?","?","R","E","R","T","E","M","M","E","?","R","BOSS"],"items_purchased_type":["Card","Card","Card","Potion","Relic","Potion","Relic"],"build_version":"2020-12-22","purchased_purges":1,"victory":false,"max_hp_per_floor":[72,72,72,72,72,72,72,72,72,72,72,72,72,72,72,72,72,72,72,50,50,50,50,50,50,50,50,50,50,50,50,50,50,50,50,50,50,50,50,50,50,50,50,50,50,50,50,50,50,50,50],"relic_stats":{"Regal Pillow":0,"Happy Flower":[19],"Torii":4,"counters":[25,115],"Eternal Feather":73,"Pen Nib":[27],"PreservedInsect":265,"Letter Opener":[96],"Ginger":[8],"War Paint":["EmptyMind","EmptyBody"],"Orichalcum":[0],"Sozu":4,"OrangePellets":[8],"Centennial Puzzle":[24],"Ornamental Fan":[48],"Bronze Scales":[66],"Tiny Chest":2,"VioletLotus":[17],"Black Star":8,"obtain_stats":[{"Lantern":26,"Regal Pillow":39,"Calipers":10,"Torii":47,"Vajra":10,"Ginger":28,"Ancient Tea Set":41,"Sozu":34,"Centennial Puzzle":24,"Tiny Chest":7,"VioletLotus":17,"Happy Flower":24,"Eternal Feather":9,"Pen Nib":7,"PreservedInsect":13,"Letter Opener":13,"War Paint":37,"Orichalcum":44,"Akabeko":41,"White Beast Statue":48,"OrangePellets":21,"Ornamental Fan":44,"MutagenicStrength":31,"Bronze Scales":43,"Black Star":0,"PureWater":0,"Unceasing Top":4,"Toy Ornithopter":28,"Pocketwatch":47},{"Lantern":14,"Regal Pillow":19,"Calipers":6,"Torii":24,"Vajra":6,"Ginger":15,"Ancient Tea Set":20,"Sozu":17,"Centennial Puzzle":14,"Tiny Chest":5,"VioletLotus":10,"Happy Flower":14,"Eternal Feather":5,"Pen Nib":5,"PreservedInsect":8,"Letter Opener":8,"War Paint":19,"Orichalcum":21,"Akabeko":20,"White Beast Statue":24,"OrangePellets":12,"Ornamental Fan":21,"MutagenicStrength":16,"Bronze Scales":20,"Black Star":0,"PureWater":0,"Unceasing Top":3,"Toy Ornithopter":15,"Pocketwatch":24},{"Lantern":56,"Regal Pillow":84,"Calipers":22,"Torii":107,"Vajra":22,"Ginger":60,"Ancient Tea Set":90,"Sozu":72,"Centennial Puzzle":56,"Tiny Chest":17,"VioletLotus":36,"Happy Flower":56,"Eternal Feather":17,"Pen Nib":17,"PreservedInsect":28,"Letter Opener":28,"War Paint":84,"Orichalcum":93,"Akabeko":90,"White Beast Statue":107,"OrangePellets":46,"Ornamental Fan":93,"MutagenicStrength":66,"Bronze Scales":90,"Black Star":0,"PureWater":0,"Unceasing Top":11,"Toy Ornithopter":60,"Pocketwatch":107}],"Unceasing Top":[3],"Toy Ornithopter":0,"Pocketwatch":[3]},"card_choices":[{"not_picked":["Crescendo","Evaluate"],"picked":"Prostrate","floor":1},{"not_picked":["ClearTheMind","Adaptation"],"picked":"WindmillStrike","floor":2},{"not_picked":["Evaluate","SashWhip"],"picked":"Prostrate","floor":3},{"not_picked":["Wireheading","Pray"],"picked":"EmptyFist","floor":5},{"not_picked":["BattleHymn","SandsOfTime"],"picked":"CutThroughFate","floor":7},{"not_picked":["SashWhip","ConjureBlade"],"picked":"FlyingSleeves","floor":10},{"not_picked":["PathToVictory","Weave"],"picked":"CrushJoints","floor":12},{"not_picked":["ForeignInfluence","SashWhip"],"picked":"MentalFortress","floor":13},{"not_picked":["SashWhip","WreathOfFlame"],"picked":"EmptyBody","floor":14},{"not_picked":["Devotion","MasterReality"],"picked":"Establishment","floor":16},{"not_picked":["BowlingBash+1","CutThroughFate"],"picked":"Consecrate","floor":18},{"not_picked":["Consecrate","PathToVictory","EmptyFist"],"picked":"SKIP","floor":19},{"not_picked":["JustLucky","BowlingBash"],"picked":"DeusExMachina","floor":22},{"not_picked":["Indignation","FlyingSleeves"],"picked":"EmptyMind","floor":24},{"not_picked":["JustLucky","Brilliance"],"picked":"Protect","floor":28},{"not_picked":["Conclude","MentalFortress"],"picked":"Meditate","floor":29},{"not_picked":["Wish","Scrawl"],"picked":"LessonLearned","floor":33},{"not_picked":["EmptyBody","FlyingSleeves+1"],"picked":"Evaluate","floor":35},{"not_picked":["CrushJoints+1","CutThroughFate"],"picked":"Wallop+1","floor":36},{"not_picked":["ThirdEye","WreathOfFlame"],"picked":"DeceiveReality","floor":41},{"not_picked":["Blasphemy","Study"],"picked":"Perseverance+1","floor":44},{"not_picked":["JustLucky+1","FlyingSleeves"],"picked":"ClearTheMind","floor":45},{"not_picked":["EmptyBody","ReachHeaven","Crescendo"],"picked":"SKIP","floor":46},{"not_picked":["Conclude","LikeWater","SashWhip"],"picked":"SKIP","floor":47}],"player_experience":2167251,"relics_obtained":[{"floor":7,"key":"Pen Nib"},{"floor":7,"key":"Tiny Chest"},{"floor":9,"key":"Eternal Feather"},{"floor":10,"key":"Vajra"},{"floor":10,"key":"Calipers"},{"floor":13,"key":"PreservedInsect"},{"floor":13,"key":"Letter Opener"},{"floor":24,"key":"Happy Flower"},{"floor":24,"key":"Centennial Puzzle"},{"floor":26,"key":"Lantern"},{"floor":28,"key":"Toy Ornithopter"},{"floor":28,"key":"Ginger"},{"floor":39,"key":"Regal Pillow"},{"floor":41,"key":"Akabeko"},{"floor":41,"key":"Ancient Tea Set"},{"floor":43,"key":"Bronze Scales"},{"floor":44,"key":"Orichalcum"},{"floor":44,"key":"Ornamental Fan"},{"floor":47,"key":"Pocketwatch"},{"floor":47,"key":"Torii"},{"floor":48,"key":"White Beast Statue"}],"event_choices":[{"cards_removed":["Prostrate"],"damage_healed":0,"gold_gain":0,"player_choice":"Gave Card","damage_taken":0,"relics_obtained":["Unceasing Top"],"max_hp_gain":0,"max_hp_loss":0,"event_name":"WeMeetAgain","floor":4,"gold_loss":0},{"damage_healed":0,"gold_gain":0,"player_choice":"Became a vampire","damage_taken":0,"max_hp_gain":0,"max_hp_loss":22,"event_name":"Vampires","floor":20,"gold_loss":0,"cards_obtained":["Bite","Bite","Bite","Bite","Bite"]},{"damage_healed":0,"gold_gain":0,"player_choice":"Ignored","damage_taken":0,"max_hp_gain":0,"max_hp_loss":0,"event_name":"The Mausoleum","floor":25,"gold_loss":0},{"damage_healed":0,"gold_gain":0,"player_choice":"Simplicity","damage_taken":0,"max_hp_gain":0,"max_hp_loss":0,"event_name":"Back to Basics","floor":27,"gold_loss":0,"cards_upgraded":["Defend_P","Defend_P","Defend_P","Defend_P"]},{"damage_healed":0,"gold_gain":0,"player_choice":"Inject Mutagens","damage_taken":0,"relics_obtained":["MutagenicStrength"],"max_hp_gain":0,"max_hp_loss":0,"event_name":"Drug Dealer","floor":31,"gold_loss":0},{"cards_removed":["MentalFortress"],"damage_healed":0,"gold_gain":0,"player_choice":"Removed Power","damage_taken":0,"max_hp_gain":0,"max_hp_loss":0,"event_name":"Falling","floor":38,"gold_loss":0}],"is_beta":false,"boss_relics":[{"not_picked":["Velvet Choker","Runic Dome"],"picked":"VioletLotus"},{"not_picked":["SacredBark","Cursed Key"],"picked":"Sozu"}],"items_purged_floors":[11],"is_endless":false,"potions_floor_spawned":[2,7,12,22,24,41,45,46,47],"killed_by":"Time Eater","ascension_level":12}}