{"host":"06e3yyzgn8o619wl","time":1612886511,"event":{"mods":["BaseMod","Block Reminder","Colored Map","Colored Powertips","DeckTracker","Minty Spire (QoL Compilation)","Permanent Neow","Relic Stats","StSLib"],"gold_per_floor":[119,119,139,155,172,204,215,215,215,249,249,259,259,275,275,372,372,345,270,290,290,305,305,305],"floor_reached":23,"language":"JPN","playtime":999,"items_purged":["Strike_R"],"score":215,"play_id":"05d44762-a076-4ea4-9267-d5f4fd38459a","local_time":"20210210010151","is_ascension_mode":true,"campfire_choices":[{"data":"Demon Form","floor":8,"key":"SMITH"},{"data":"Uppercut","floor":13,"key":"SMITH"},{"data":"Armaments","floor":15,"key":"SMITH"}],"circlet_count":0,"master_deck":["Strike_R","Strike_R","Strike_R","Strike_R","Defend_R","Defend_R","Defend_R","Defend_R","Bash","Juggernaut","Armaments+1","Shrug It Off","Rampage","Flex","Carnage","Demon Form+1","Uppercut+1","Shrug It Off","Double Tap","Seeing Red"],"relics":["Black Blood","Anchor","Bag of Marbles","Mercury Hourglass","Incense Burner","CultistMask"],"acts_visited":["Exordium","TheCity"],"potions_floor_usage":[7,23],"damage_taken":[{"damage":0,"enemies":"Cultist","floor":1,"turns":4},{"damage":0,"enemies":"Small Slimes","floor":3,"turns":5},{"damage":1,"enemies":"Jaw Worm","floor":4,"turns":4},{"damage":0,"enemies":"Large Slime","floor":5,"turns":6},{"damage":30,"enemies":"3 Sentries","floor":6,"turns":9},{"damage":0,"enemies":"Blue Slaver","floor":7,"turns":2},{"damage":14,"enemies":"Gremlin Nob","floor":10,"turns":3},{"damage":0,"enemies":"Exordium Wildlife","floor":12,"turns":3},{"damage":0,"enemies":"Lots of Slimes","floor":14,"turns":3},{"damage":18,"enemies":"The Guardian","floor":16,"turns":10},{"damage":21,"enemies":"2 Thieves","floor":18,"turns":5},{"damage":0,"enemies":"Chosen","floor":20,"turns":3},{"damage":15,"enemies":"Snecko","floor":22,"turns":5},{"damage":77,"enemies":"Gremlin Leader","floor":23,"turns":8}],"seed_played":"-4742403131816266808","potions_obtained":[{"floor":3,"key":"Fire Potion"},{"floor":4,"key":"FearPotion"},{"floor":6,"key":"EssenceOfSteel"},{"floor":10,"key":"LiquidBronze"},{"floor":12,"key":"Strength Potion"}],"is_trial":false,"path_per_floor":["M","?","M","M","M","E","M","R","T","E","?","M","R","M","R","B",null,"M","$","M","?","M","E"],"character_chosen":"IRONCLAD","items_purchased":[],"campfire_rested":0,"item_purchase_floors":[],"current_hp_per_floor":[80,68,74,79,80,56,62,62,62,54,54,60,60,66,66,54,80,71,71,80,65,62,0,0],"gold":305,"neow_bonus":"ONE_RANDOM_RARE_CARD","is_daily":false,"chose_seed":false,"campfire_upgraded":3,"win_rate":0.0,"timestamp":1612886511,"path_taken":["M","?","M","M","M","E","M","R","T","E","?","?","R","M","R","BOSS","M","$","M","?","M","E"],"items_purchased_type":[],"build_version":"2020-12-22","purchased_purges":1,"victory":false,"max_hp_per_floor":[80,80,80,80,80,80,80,80,80,80,80,80,80,80,80,80,80,80,80,80,85,85,85,85],"relic_stats":{"counters":[14,70],"Black Blood":82,"obtain_stats":[{"Anchor":2,"Black Blood":17,"CultistMask":11,"Bag of Marbles":6,"Incense Burner":10,"Burning Blood":0,"Mercury Hourglass":9},{"Anchor":1,"Black Blood":10,"CultistMask":7,"Bag of Marbles":5,"Incense Burner":7,"Burning Blood":0,"Mercury Hourglass":6},{"Anchor":4,"Black Blood":49,"CultistMask":33,"Bag of Marbles":28,"Incense Burner":33,"Burning Blood":0,"Mercury Hourglass":30}],"Mercury Hourglass":[183]},"card_choices":[{"not_picked":["Headbutt","Twin Strike"],"picked":"Armaments","floor":1},{"not_picked":["Whirlwind","Body Slam"],"picked":"Shrug It Off","floor":3},{"not_picked":["Corruption","Burning Pact"],"picked":"Rampage","floor":4},{"not_picked":["Anger","Body Slam"],"picked":"Flex","floor":5},{"not_picked":["Clash","Flex"],"picked":"Carnage","floor":6},{"not_picked":["Fire Breathing","Anger"],"picked":"Demon Form","floor":7},{"not_picked":["Perfected Strike","Fire Breathing"],"picked":"Uppercut","floor":10},{"not_picked":["Body Slam","Fire Breathing","Clash"],"picked":"SKIP","floor":12},{"not_picked":["Anger","Armaments"],"picked":"Shrug It Off","floor":14},{"not_picked":["Corruption","Demon Form"],"picked":"Double Tap","floor":16},{"not_picked":["Shrug It Off","Infernal Blade"],"picked":"Seeing Red","floor":18},{"not_picked":["Carnage","Second Wind","Shrug It Off"],"picked":"SKIP","floor":20},{"not_picked":["Twin Strike","Burning Pact","Heavy Blade"],"picked":"SKIP","floor":22}],"player_experience":183841,"relics_obtained":[{"floor":6,"key":"Bag of Marbles"},{"floor":9,"key":"Mercury Hourglass"},{"floor":10,"key":"Incense Burner"}],"event_choices":[{"damage_healed":0,"gold_gain":0,"player_choice":"Success","damage_taken":12,"relics_obtained":["Anchor"],"max_hp_gain":0,"max_hp_loss":0,"event_name":"Scrap Ooze","floor":2,"gold_loss":0},{"damage_healed":0,"gold_gain":0,"player_choice":"Trade","damage_taken":0,"relics_obtained":["CultistMask"],"max_hp_gain":0,"max_hp_loss":0,"event_name":"FaceTrader","floor":11,"gold_loss":0},{"damage_healed":0,"gold_gain":0,"player_choice":"Shed Blood","damage_taken":20,"max_hp_gain":5,"max_hp_loss":0,"event_name":"Forgotten Altar","floor":21,"gold_loss":0}],"is_beta":false,"boss_relics":[{"not_picked":["Black Star","Runic Dome"],"picked":"Black Blood"}],"items_purged_floors":[19],"is_endless":false,"potions_floor_spawned":[3,4,6,10,12,16,20],"killed_by":"Gremlin Leader","ascension_level":1}}