{"host":"cnq91ghfhf6lz0gv","time":1612840922,"event":{"mods":["BaseMod","Clockwork Mod","Colored Map","Colored Powertips","Conspire","Downfall","Googly Eyes","Highlight Path","Minty Spire (QoL Compilation)","Replay The Spire","StSLib","SuperFastMode","The IronCluck","The Showman","slay the spire mod where everything is the same but ironclad has a cowboy hat"],"gold_per_floor":[111,111,111,131,146,174,11,23,23,57,57,68,94,94,94,197,197,217,317,334,352,132,166,76,76,76,125,146,146,184,4,4,118,118,146,214,252,287,315,359,359,455,455,537,613,656,656,754,754,778,778,778,57,163,222],"floor_reached":56,"language":"ENG","playtime":4979,"items_purged":["Pain","Defend_P","Strike_P"],"score":1394,"play_id":"c4c11af6-3e12-4dc9-b4cf-cec344fa72d1","local_time":"20210208222202","is_ascension_mode":true,"campfire_choices":[{"floor":15.0,"key":"DIG"},{"data":"downfall:Aged","floor":29,"key":"PURGE"},{"data":"Strike_P","floor":32,"key":"PURGE"},{"floor":49,"key":"RECALL"},{"data":"Strike_P","floor":52,"key":"PURGE"}],"circlet_count":0,"master_deck":["Strike_P","Eruption+1","Vigilance+1","SashWhip+1","FollowUp+1","Swivel+1","LessonLearned+1","ThirdEye+1","Swivel+1","WindmillStrike+1","SpiritShield+1","Clumsy","Devotion+1","Fasting2+1","Scrawl+1","SpiritShield+1","FearNoEvil+1","Swivel+1","Devotion+1","Spreading Infection","ReplayTheSpireMod:Doomed","Wallop+1","WaveOfTheHand+1","Looming Evil","Scrawl+1","CutThroughFate","LikeWater+1","LikeWater+1","LikeWater+1"],"relics":["Snecko Eye","Ancient Tea Set","Replay:Multitool","Replay:Rubber Ducky","Sundial","Replay:Mystery Machine","WarpedTongs","Bag of Preparation","Centennial Puzzle","conspire:RoyalGoblet","downfall:ExtraCursedKey","Replay:Baseball","Replay:Bandana","Frozen Egg 2","Toy Ornithopter","Replay:Grab Bag","ReplayTheSpireMod:Onyx Gauntlets","conspire:SeveredTorchhead","Replay:Drink Me","Pear","Ring of Hypnosis","ReplayTheSpireMod:Ring of Challenge","Whetstone","Boot","Nunchaku","Simple Rune","Frozen Eye","Bottled Flame","ReplayTheSpireMod:TigerMarble","Pet Ghost"],"acts_visited":["Exordium","TheCity","TheBeyond","TheEnding"],"potions_floor_usage":[23,23,23,55,55,55],"damage_taken":[{"damage":0.0,"enemies":"conspire:RoseBush","floor":1.0,"turns":3.0},{"damage":3.0,"enemies":"Jaw Worm","floor":5.0,"turns":2.0},{"damage":22.0,"enemies":"3 Sentries","floor":6.0,"turns":6.0},{"damage":0.0,"enemies":"Small Slimes","floor":8.0,"turns":2.0},{"damage":4.0,"enemies":"Lagavulin","floor":10.0,"turns":8.0},{"damage":1.0,"enemies":"Blue Slaver","floor":12.0,"turns":2.0},{"damage":4.0,"enemies":"Replay:BlueRogue","floor":13.0,"turns":3.0},{"damage":11.0,"enemies":"Hexaghost","floor":16.0,"turns":9.0},{"damage":8.0,"enemies":"Spheric Guardian","floor":18.0,"turns":3.0},{"damage":3.0,"enemies":"Chosen","floor":20.0,"turns":5.0},{"damage":16.0,"enemies":"Shelled Parasite and Fungi","floor":21.0,"turns":6.0},{"damage":29,"enemies":"Gremlin Leader","floor":23,"turns":8},{"damage":0,"enemies":"Replay:Snechameleon","floor":27,"turns":4},{"damage":0,"enemies":"Snake Plant","floor":28,"turns":4},{"damage":0,"enemies":"conspire:Head Lice","floor":30,"turns":10},{"damage":15,"enemies":"Collector","floor":33,"turns":11},{"damage":0,"enemies":"Orb Walker","floor":35,"turns":3},{"damage":0,"enemies":"3 Darklings","floor":37,"turns":4},{"damage":0,"enemies":"Jaw Worm Horde","floor":38,"turns":2},{"damage":0,"enemies":"4 Shapes","floor":39,"turns":5},{"damage":0,"enemies":"Nemesis","floor":40,"turns":5},{"damage":0,"enemies":"R_Hoarder","floor":42,"turns":6},{"damage":0,"enemies":"Sphere and 2 Shapes","floor":44,"turns":3},{"damage":0,"enemies":"Jaw Worm Horde","floor":45,"turns":3},{"damage":0,"enemies":"Nemesis","floor":46,"turns":5},{"damage":0,"enemies":"R_Hoarder","floor":48,"turns":3},{"damage":7,"enemies":"Replay:Hell Engine","floor":50,"turns":6},{"damage":3,"enemies":"Shield and Spear","floor":54,"turns":5},{"damage":30,"enemies":"The Heart","floor":55,"turns":8}],"seed_played":"-2391265586494984458","potions_obtained":[{"floor":8.0,"key":"BlessingOfTheForge"},{"floor":10.0,"key":"Dexterity Potion"},{"floor":13.0,"key":"Dexterity Potion"},{"floor":14.0,"key":"CultistPotion"},{"floor":14.0,"key":"Adrenaline Potion"},{"floor":14.0,"key":"EntropicBrew"},{"floor":23,"key":"GamblersBrew"},{"floor":42,"key":"Flashbang"}],"is_trial":false,"path_per_floor":["M","?","?","?","M","E","$","M","T","E","?","M","E","?","R","B",null,"M","?","M","M","$","E","?","R","T","E","M","R","E","$","R","B",null,"M","T","M","M","M","E","?","E","T","M","M","E","?","E","R","B",null,"R","$","E","B",null],"character_chosen":"WATCHER","items_purchased":["LessonLearned","Replay:Baseball","Swivel","LikeWater+1","Frozen Eye","Bottled Flame","ReplayTheSpireMod:TigerMarble"],"campfire_rested":0,"item_purchase_floors":[7,22,31,53,53,53,53],"current_hp_per_floor":[72,65,70,51,48,26,26,26,26,22,22,21,17,17,17,6,77,69,74,71,55,55,26,26,50,50,50,50,50,50,50,50,35,62,62,62,62,62,62,72,72,72,72,72,72,72,72,72,72,65,72,72,72,69,47],"gold":222,"neow_bonus":"BOSS_RELIC","is_daily":false,"chose_seed":false,"campfire_upgraded":0,"win_rate":0.0,"timestamp":1612840922,"path_taken":["M","?","?","?","M","E","?","?","T","E","?","?","E","?","R","BOSS","M","?","M","M","$","E","?","R","T","E","M","R","E","$","R","BOSS","M","?","M","?","M","E","?","E","T","M","M","E","?","E","R","BOSS","R","$","E","BOSS"],"items_purchased_type":["Card","Relic","Card","Card","Relic","Relic","Relic"],"build_version":"2020-12-22","purchased_purges":3,"victory":true,"max_hp_per_floor":[72,72,77,77,77,77,77,77,77,77,77,77,77,77,77,77,77,77,82,82,82,82,82,82,82,82,82,82,82,82,82,82,82,62,62,62,62,62,62,72,72,72,72,72,72,72,72,72,72,72,72,72,72,72,72],"card_choices":[{"not_picked":["Prostrate","SashWhip","Replay:AtTheReady"],"picked":"SKIP","floor":1.0},{"not_picked":["Prostrate","Replay:AtTheReady"],"picked":"SashWhip","floor":1.0},{"not_picked":["ClearTheMind","CrushJoints"],"picked":"FollowUp","floor":4.0},{"not_picked":["BattleHymn","ReachHeaven"],"picked":"Swivel","floor":5.0},{"not_picked":["FlyingSleeves","Pray","Replay:AtTheReady"],"picked":"SKIP","floor":6.0},{"not_picked":["Replay:ManipulateFuture","SignatureMove"],"picked":"ThirdEye","floor":8.0},{"not_picked":["Consecrate","DeusExMachina"],"picked":"Swivel","floor":10.0},{"not_picked":["InnerPeace","Tantrum"],"picked":"WindmillStrike","floor":12.0},{"not_picked":["CutThroughFate","Evaluate","Alpha"],"picked":"SKIP","floor":13.0},{"not_picked":["Establishment","DeusExMachina"],"picked":"SpiritShield","floor":16.0},{"not_picked":["Replay:Vibes","BowlingBash","Halt+1"],"picked":"SKIP","floor":18.0},{"not_picked":["CrushJoints","Tantrum+1","Evaluate"],"picked":"SKIP","floor":20.0},{"not_picked":["WindmillStrike","Indignation"],"picked":"Fasting2","floor":21.0},{"not_picked":["BowlingBash","PathToVictory"],"picked":"Scrawl","floor":23},{"not_picked":["CutThroughFate","Protect"],"picked":"SpiritShield","floor":27},{"not_picked":["JustLucky","Replay:Battleflow"],"picked":"FearNoEvil+1","floor":28},{"not_picked":["Perseverance","Nirvana+1","Brilliance"],"picked":"SKIP","floor":30},{"not_picked":["SpiritShield","ConjureBlade"],"picked":"Devotion+1","floor":33},{"not_picked":["Replay:BluntJabs","CutThroughFate+1","EmptyMind+1"],"picked":"SKIP","floor":35},{"not_picked":["EmptyBody","JustLucky"],"picked":"Wallop+1","floor":37},{"not_picked":["Crescendo+1","ThirdEye+1","JustLucky+1"],"picked":"SKIP","floor":38},{"not_picked":["FlyingSleeves","JustLucky+1","BowlingBash+1"],"picked":"SKIP","floor":39},{"not_picked":["MentalFortress+1","Vengeance"],"picked":"WaveOfTheHand+1","floor":40},{"not_picked":["Indignation","Alpha"],"picked":"Scrawl","floor":42},{"not_picked":["Perseverance+1","Prostrate","SashWhip"],"picked":"SKIP","floor":44},{"not_picked":["ClearTheMind","FlyingSleeves+1","Replay:AtTheReady"],"picked":"SKIP","floor":45},{"not_picked":["WreathOfFlame+1","Replay:Vibes+1","Study+1"],"picked":"SKIP","floor":46},{"not_picked":["EmptyBody+1","SashWhip+1"],"picked":"CutThroughFate","floor":48},{"not_picked":["EmptyBody+1","InnerPeace+1"],"picked":"LikeWater+1","floor":54}],"player_experience":212025,"relics_obtained":[{"floor":4.0,"key":"Replay:Multitool"},{"floor":6.0,"key":"Replay:Rubber Ducky"},{"floor":9.0,"key":"Sundial"},{"floor":10.0,"key":"Replay:Mystery Machine"},{"floor":13.0,"key":"Bag of Preparation"},{"floor":15.0,"key":"Centennial Puzzle"},{"floor":23,"key":"Replay:Bandana"},{"floor":27,"key":"Frozen Egg 2"},{"floor":30,"key":"Toy Ornithopter"},{"floor":40,"key":"Pear"},{"floor":41,"key":"Ring of Hypnosis"},{"floor":41,"key":"ReplayTheSpireMod:Ring of Challenge"},{"floor":42,"key":"Whetstone"},{"floor":46,"key":"Boot"},{"floor":48,"key":"Nunchaku"},{"floor":48,"key":"Simple Rune"},{"floor":54,"key":"Pet Ghost"}],"event_choices":[{"damage_healed":0.0,"max_hp_gain":0.0,"max_hp_loss":0.0,"gold_gain":0.0,"event_name":"Scrap Ooze","player_choice":"Success","floor":2.0,"gold_loss":0.0,"damage_taken":7.0,"relics_obtained":["Ancient Tea Set"]},{"damage_healed":0.0,"max_hp_gain":5.0,"max_hp_loss":0.0,"gold_gain":0.0,"event_name":"Big Fish","player_choice":"Donut","floor":3.0,"gold_loss":0.0,"damage_taken":0.0},{"damage_healed":0.0,"max_hp_gain":0.0,"max_hp_loss":0.0,"gold_gain":0.0,"event_name":"Accursed Blacksmith","player_choice":"Rummage","floor":11.0,"gold_loss":0.0,"damage_taken":0.0,"relics_obtained":["WarpedTongs"],"cards_obtained":["Pain"]},{"damage_healed":0.0,"max_hp_gain":0.0,"max_hp_loss":0.0,"gold_gain":0.0,"event_name":"Lab","player_choice":"Got Potions","floor":14.0,"gold_loss":0.0,"damage_taken":0.0},{"cards_removed":["Voices"],"damage_healed":0,"gold_gain":0,"player_choice":"Upgrade and Remove","damage_taken":0,"max_hp_gain":0,"max_hp_loss":0,"event_name":"Designer","floor":24,"gold_loss":90,"cards_upgraded":["ThirdEye"]},{"damage_healed":0,"gold_gain":0,"player_choice":"Ignored","damage_taken":0,"max_hp_gain":0,"max_hp_loss":0,"event_name":"Tomb of Lord Red Mask","floor":47,"gold_loss":0}],"is_beta":false,"boss_relics":[{"not_picked":["Abe\u0027s Treasure","conspire:RunicOctahedron"],"picked":"conspire:RoyalGoblet"},{"not_picked":["Painkiller Herb","conspire:SlowCooker"],"picked":"Replay:Grab Bag"},{"not_picked":["Philosopher\u0027s Stone","Coffee Dripper"],"picked":"ReplayTheSpireMod:Onyx Gauntlets"},{"not_picked":["Replay:Bronze Core","ChewingGum"],"picked":"conspire:SeveredTorchhead"},{"not_picked":["Ring of Chaos","Calling Bell"],"picked":"Replay:Drink Me"}],"items_purged_floors":[22,31,53],"is_endless":false,"potions_floor_spawned":[8,10,13,16,20,21,23,35,42,44,45,48,54],"ascension_level":1}}