{"host":"k5fgrtcqzqosfxt0","time":1612855458,"event":{"mods":["Act Like it!","Aspiration","BaseMod","Downfall","Gensokyo","Minty Spire (QoL Compilation)","MostiFishMod","StSLib","TestMod","UnlockEverythingMod"],"gold_per_floor":[114,114,114,114,19,19,44,77,77,112,112,181,197,208,208,287,287,301,314,314,239,239,272,107,107,153,1152,1171,1199,1199,1228,1228,1237,1237],"floor_reached":33,"language":"ZHS","playtime":1347,"items_purged":["Defend_R"],"score":819,"play_id":"68adc739-e4bd-4400-b7e6-73e62196c7b1","local_time":"20210209152418","is_ascension_mode":true,"campfire_choices":[{"data":"Body Slam","floor":6.0,"key":"SMITH"},{"data":"Feel No Pain","floor":11.0,"key":"SMITH"},{"data":"True Grit","floor":15.0,"key":"SMITH"},{"data":"MostiFishMod:UltimateDefense+1","floor":25,"key":"SMITH"},{"data":"Entrench","floor":30,"key":"SMITH"},{"data":"Skim","floor":32,"key":"SMITH"}],"circlet_count":0,"master_deck":["AscendersBane","Defend_R","Body Slam+1","Feel No Pain+1","Shrug It Off","Shrug It Off","True Grit+1","A Thousand Cuts+1","MostiFishMod:UltimateDefense+2","Gensokyo:MenInBlack","Skim+1","MostiFishMod:DarkDeal+1","Entrench+1","MostiFishMod:FullyArmed+1"],"relics":["Burning Blood","testmod-TestBox","NeowsBlessing","BrkXgEgg","SynthV:TestCard","Gensokyo:PortableGap","NeowsBlessing","Pantograph","aspiration:Lifesprig","HornCleat","testmod-HeartOfDaVinci","Potion Belt","Paper Crane","testmod-StringDisintegrator","Ancient Tea Set","Cracked Core","Oddly Smooth Stone","Strawberry","Pear","CeramicFish","Bag of Preparation","Tingsha"],"acts_visited":["Exordium","Gensokyo:Gensokyo"],"potions_floor_usage":[29,31],"damage_taken":[{"damage":0.0,"enemies":"Gensokyo:2_Kodama","floor":1.0,"turns":1.0},{"damage":0.0,"enemies":"Gensokyo:Aya","floor":7.0,"turns":1.0},{"damage":0.0,"enemies":"Gensokyo:Cirno","floor":8.0,"turns":2.0},{"damage":0.0,"enemies":"Gensokyo:Aya","floor":10.0,"turns":1.0},{"damage":8.0,"enemies":"Gensokyo:3_Fairies","floor":13.0,"turns":8.0},{"damage":0.0,"enemies":"Gensokyo:Python","floor":14.0,"turns":3.0},{"damage":2.0,"enemies":"Gensokyo:Yukari","floor":16.0,"turns":9.0},{"damage":0.0,"enemies":"Gensokyo:AngelMirror","floor":18.0,"turns":3.0},{"damage":0.0,"enemies":"Gensokyo:CosmicMonolith","floor":19.0,"turns":7.0},{"damage":7.0,"enemies":"Gensokyo:Tenshi","floor":23.0,"turns":4.0},{"damage":5,"enemies":"Gensokyo:Chomper_and_Gloop","floor":28,"turns":4},{"damage":51,"enemies":"Gensokyo:Koishi","floor":29,"turns":7},{"damage":12,"enemies":"Gensokyo:Reisen","floor":31,"turns":5},{"damage":44,"enemies":"Gensokyo:Eternal_Rivals","floor":33,"turns":3}],"seed_played":"7212562531292496782","potions_obtained":[{"floor":1.0,"key":"Explosive Potion"},{"floor":7.0,"key":"Guardian:BlockOnCardUsePotion"},{"floor":10.0,"key":"Fire Potion"},{"floor":16.0,"key":"SpeedPotion"},{"floor":28,"key":"Weak Potion"},{"floor":29,"key":"FearPotion"},{"floor":31,"key":"champ:CounterPotion"}],"is_trial":false,"path_per_floor":["M","?","?","?","COS","R","E","E","T","E","R","T","M","M","R","B",null,"M","M","?","$","?","E","COS","R","T","?","M","E","R","E","R","B"],"character_chosen":"IRONCLAD","items_purchased":[],"campfire_rested":0,"item_purchase_floors":[],"current_hp_per_floor":[74,38,38,38,38,38,44,50,50,56,56,56,54,60,60,61,61,61,61,54,54,49,46,46,46,46,46,46,18,18,12,12,0,0],"gold":1237,"neow_bonus":"THREE_ENEMY_KILL","is_daily":false,"chose_seed":false,"campfire_upgraded":6,"win_rate":0.0,"timestamp":1612855458,"path_taken":["M","?","?","?","COS","R","E","E","T","E","R","?","M","M","R","BOSS","M","M","?","$","?","E","COS","R","T","?","M","E","R","E","R","BOSS"],"items_purchased_type":[],"build_version":"2020-12-22","purchased_purges":1,"victory":false,"max_hp_per_floor":[75,75,64,64,64,64,61,61,61,61,61,61,61,61,61,61,61,61,61,54,54,49,46,46,46,46,46,46,63,63,63,63,63,63],"card_choices":[{"not_picked":["Dropkick","Pommel Strike"],"picked":"Body Slam","floor":1.0},{"not_picked":["Iron Wave","Flex","Perfected Strike","Spot Weakness"],"picked":"Feel No Pain","floor":7.0},{"not_picked":["Cleave","Blood for Blood","Carnage","Fire Breathing"],"picked":"Shrug It Off","floor":8.0},{"not_picked":["Rampage","Sentinel","Pummel","Iron Wave"],"picked":"Shrug It Off","floor":10.0},{"not_picked":["Disarm","Clash","Flame Barrier","Cleave"],"picked":"True Grit","floor":13.0},{"not_picked":["Shrug It Off","Rage","Clash","MostiFishMod:DoubleSword+1","Carnage"],"picked":"SKIP","floor":14.0},{"not_picked":["Brutality+1","Offering+1","MostiFishMod:Mania+1","Juggernaut+1"],"picked":"MostiFishMod:UltimateDefense+1","floor":16.0},{"not_picked":["Headbutt","Shrug It Off+1","Havoc+1","Armaments","Seeing Red"],"picked":"SKIP","floor":18.0},{"not_picked":["Thunderclap","Shrug It Off+1","Iron Wave","Wild Strike","Intimidate"],"picked":"SKIP","floor":19.0},{"not_picked":["Gensokyo:ManorOfTheDishes","Gensokyo:SlitMouthedWoman","Gensokyo:MissMary","Gensokyo:Apocalypse"],"picked":"Gensokyo:MenInBlack","floor":20.0},{"not_picked":["Pommel Strike","MostiFishMod:DarkDeal+1","Perfected Strike","MostiFishMod:BrandingRite","Fire Breathing"],"picked":"SKIP","floor":23},{"not_picked":["Pommel Strike","Perfected Strike","MostiFishMod:BrandingRite","Fire Breathing"],"picked":"MostiFishMod:DarkDeal+1","floor":23},{"not_picked":["Clothesline","Perfected Strike","Wild Strike","Cleave"],"picked":"Entrench","floor":28},{"not_picked":["MostiFishMod:RainCloud+1","Flex","Thunderclap","Armaments","Clash"],"picked":"SKIP","floor":29},{"not_picked":["MostiFishMod:#F4004","Shrug It Off","Thunderclap","Warcry","Headbutt"],"picked":"SKIP","floor":31}],"player_experience":631383,"relics_obtained":[{"floor":1.0,"key":"SynthV:TestCard"},{"floor":7.0,"key":"Pantograph"},{"floor":9.0,"key":"aspiration:Lifesprig"},{"floor":10.0,"key":"HornCleat"},{"floor":12.0,"key":"testmod-HeartOfDaVinci"},{"floor":23,"key":"Cracked Core"},{"floor":26,"key":"Oddly Smooth Stone"},{"floor":29,"key":"Pear"},{"floor":31,"key":"Bag of Preparation"}],"event_choices":[{"damage_healed":0.0,"max_hp_gain":0.0,"max_hp_loss":0.0,"gold_gain":0.0,"event_name":"给自己的盒子","player_choice":"Swap Relic","floor":4.0,"relics_lost":["DaveBox"],"gold_loss":0.0,"damage_taken":0.0,"relics_obtained":["NeowsBlessing"]},{"damage_healed":0,"gold_gain":999,"player_choice":"Sell","damage_taken":0,"max_hp_gain":0,"max_hp_loss":0,"event_name":"恩洛斯的盘子","floor":27,"relics_lost":["testmod-Temperance"],"gold_loss":0}],"is_beta":false,"boss_relics":[{"not_picked":["testmod-Fanaticism","Calling Bell"],"picked":"testmod-StringDisintegrator"}],"items_purged_floors":[21],"is_endless":false,"potions_floor_spawned":[1,7,10,16,28,29,31],"killed_by":"Gensokyo:Eternal_Rivals","ascension_level":20}}