{"host":"Jaja","time":1612900799,"event":{"mods":["BaseMod","Bestiary","Minty Spire (QoL Compilation)"],"gold_per_floor":[110,110,110,122,72,107,120,120,168,194,194,213,233,308,308,410,410,381,381,381,393,163,192,192,209,258,276,18,18,33,33,33,131,131,150,0,17,17,17,17,43,43,43,59,73,85,18,31,31,31],"floor_reached":51,"language":"ENG","playtime":2548,"items_purged":[],"score":747,"play_id":"2561b2dd-91cf-4d1c-b03f-9eb83a5b1ee9","local_time":"20210209175959","is_ascension_mode":false,"campfire_choices":[{"data":"Shrug It Off","floor":8,"key":"SMITH"},{"data":"True Grit","floor":11,"key":"SMITH"},{"data":"Bash","floor":15,"key":"SMITH"},{"data":"Barricade","floor":24,"key":"SMITH"},{"data":"Entrench","floor":29,"key":"SMITH"},{"data":"Fire Breathing","floor":32,"key":"SMITH"},{"data":"Madness","floor":40,"key":"SMITH"},{"floor":42,"key":"REST"},{"data":"Madness","floor":49,"key":"SMITH"}],"circlet_count":0,"master_deck":["Strike_R+1","Strike_R","Strike_R+1","Defend_R","Defend_R","Defend_R","Defend_R","Bash+1","True Grit+1","Shrug It Off+1","Shrug It Off","Battle Trance","Barricade+1","CurseOfTheBell","Iron Wave+1","Entrench+1","Thunderclap+1","Fire Breathing+1","Reckless Charge+1","Body Slam+1","Ghostly Armor","Seeing Red+1","Ghostly Armor","Reckless Charge+1","Armaments","Entrench+1","Fire Breathing+1","Madness+1","Madness+1","Rage"],"relics":["Burning Blood","NeowsBlessing","Whetstone","Centennial Puzzle","Bag of Marbles","Calling Bell","Regal Pillow","InkBottle","TungstenRod","Orrery","White Beast Statue","MealTicket","Bottled Flame","Busted Crown","DollysMirror","Strawberry","Sundial"],"acts_visited":["Exordium","TheCity","TheBeyond"],"potions_floor_usage":[16,18,18,21,23,27,41,41,46,50],"damage_taken":[{"damage":0,"enemies":"Jaw Worm","floor":1,"turns":1},{"damage":0,"enemies":"Small Slimes","floor":4,"turns":1},{"damage":0,"enemies":"Lagavulin","floor":6,"turns":1},{"damage":0,"enemies":"Cultist","floor":7,"turns":3},{"damage":11,"enemies":"Large Slime","floor":12,"turns":8},{"damage":7,"enemies":"Blue Slaver","floor":13,"turns":3},{"damage":43,"enemies":"Slime Boss","floor":16,"turns":15},{"damage":3,"enemies":"2 Thieves","floor":18,"turns":5},{"damage":34,"enemies":"Spheric Guardian","floor":21,"turns":16},{"damage":15,"enemies":"Book of Stabbing","floor":23,"turns":6},{"damage":22,"enemies":"Snecko","floor":25,"turns":12},{"damage":2,"enemies":"Snake Plant","floor":27,"turns":6},{"damage":0,"enemies":"Centurion and Healer","floor":30,"turns":7},{"damage":24,"enemies":"Automaton","floor":33,"turns":12},{"damage":4,"enemies":"3 Darklings","floor":35,"turns":14},{"damage":0,"enemies":"Orb Walker","floor":37,"turns":3},{"damage":49,"enemies":"Giant Head","floor":41,"turns":13},{"damage":0,"enemies":"Spire Growth","floor":44,"turns":7},{"damage":3,"enemies":"4 Shapes","floor":45,"turns":6},{"damage":0,"enemies":"Transient","floor":46,"turns":5},{"damage":8,"enemies":"Maw","floor":48,"turns":9},{"damage":12,"enemies":"Awakened One","floor":50,"turns":14}],"seed_played":"1484490493432830527","potions_obtained":[{"floor":3,"key":"DuplicationPotion"},{"floor":3,"key":"LiquidBronze"},{"floor":3,"key":"Block Potion"},{"floor":13,"key":"Dexterity Potion"},{"floor":16,"key":"EssenceOfSteel"},{"floor":18,"key":"Fire Potion"},{"floor":21,"key":"ElixirPotion"},{"floor":25,"key":"SkillPotion"},{"floor":27,"key":"DuplicationPotion"},{"floor":30,"key":"SneckoOil"},{"floor":33,"key":"SkillPotion"},{"floor":41,"key":"PowerPotion"},{"floor":44,"key":"Energy Potion"},{"floor":46,"key":"BlessingOfTheForge"}],"is_trial":false,"path_per_floor":["M","?","?","M","?","E","M","R","T","T","R","M","M","?","R","B",null,"M","?","?","M","$","E","R","M","T","M","$","R","M","?","R","B",null,"M","$","M","?","?","R","E","R","T","M","M","M","$","M","R","B",null],"character_chosen":"IRONCLAD","items_purchased":["Fire Breathing","Orrery","Bottled Flame","DollysMirror","Rage"],"campfire_rested":1,"item_purchase_floors":[22,22,28,36,47],"current_hp_per_floor":[80,85,85,85,85,85,85,85,85,85,85,80,79,68,68,31,85,85,85,85,57,57,48,48,32,32,36,51,51,57,57,57,39,85,85,85,85,85,75,75,39,81,81,87,90,92,92,90,90,84],"gold":31,"neow_bonus":"THREE_ENEMY_KILL","is_daily":false,"chose_seed":false,"campfire_upgraded":8,"win_rate":0.0,"timestamp":1612900799,"path_taken":["M","?","?","?","?","E","M","R","T","?","R","M","M","?","R","BOSS","M","?","?","M","$","E","R","M","T","M","$","R","?","?","R","BOSS","M","$","?","?","?","R","E","R","T","M","M","M","?","M","R","BOSS"],"items_purchased_type":["Card","Relic","Relic","Relic","Card"],"build_version":"2020-12-18","purchased_purges":0,"victory":true,"max_hp_per_floor":[80,85,85,85,85,85,85,85,85,85,85,85,85,85,85,85,85,85,85,85,85,85,85,85,85,85,85,85,85,85,85,85,85,85,85,85,85,85,85,85,92,92,92,92,92,92,92,92,92,92],"card_choices":[{"not_picked":["Thunderclap","Perfected Strike"],"picked":"True Grit","floor":1},{"not_picked":["Inflame","Pommel Strike","Reckless Charge"],"picked":"SKIP","floor":4},{"not_picked":["Anger","Seeing Red"],"picked":"Shrug It Off","floor":6},{"not_picked":["Blood for Blood","Rupture"],"picked":"Shrug It Off","floor":7},{"not_picked":["Shrug It Off","Clash","Thunderclap"],"picked":"SKIP","floor":12},{"not_picked":["Shrug It Off","Flex"],"picked":"Battle Trance","floor":13},{"not_picked":["Feed","Offering"],"picked":"Barricade","floor":16},{"not_picked":["Sword Boomerang","Flame Barrier"],"picked":"Iron Wave+1","floor":18},{"not_picked":["Sever Soul","Combust+1"],"picked":"Thunderclap+1","floor":21},{"not_picked":["Second Wind+1","Shrug It Off"],"picked":"Reckless Charge+1","floor":22},{"not_picked":["Pommel Strike","Perfected Strike+1"],"picked":"Body Slam+1","floor":22},{"not_picked":["Flex","Uppercut+1"],"picked":"Ghostly Armor","floor":22},{"not_picked":["Feel No Pain","Sever Soul"],"picked":"Seeing Red+1","floor":22},{"not_picked":["Feel No Pain","Sword Boomerang"],"picked":"Ghostly Armor","floor":22},{"not_picked":["Battle Trance","Barricade","Feed"],"picked":"SKIP","floor":23},{"not_picked":["Clothesline+1","Iron Wave","Perfected Strike"],"picked":"SKIP","floor":25},{"not_picked":["Dual Wield+1","Body Slam+1"],"picked":"Reckless Charge+1","floor":27},{"not_picked":["Feel No Pain","Ghostly Armor"],"picked":"Armaments","floor":30},{"not_picked":["Sword Boomerang+1"],"picked":"SKIP","floor":35},{"not_picked":["Twin Strike+1"],"picked":"SKIP","floor":37},{"not_picked":["Rupture+1"],"picked":"SKIP","floor":41},{"not_picked":["Twin Strike"],"picked":"SKIP","floor":44},{"not_picked":["Metallicize+1"],"picked":"SKIP","floor":45},{"not_picked":["Cleave"],"picked":"SKIP","floor":46},{"not_picked":["Searing Blow"],"picked":"SKIP","floor":48}],"player_experience":3508,"relics_obtained":[{"floor":6,"key":"Whetstone"},{"floor":9,"key":"Centennial Puzzle"},{"floor":10,"key":"Bag of Marbles"},{"floor":17,"key":"Regal Pillow"},{"floor":17,"key":"InkBottle"},{"floor":17,"key":"TungstenRod"},{"floor":23,"key":"White Beast Statue"},{"floor":26,"key":"MealTicket"},{"floor":41,"key":"Strawberry"},{"floor":43,"key":"Sundial"}],"event_choices":[{"damage_healed":0,"gold_gain":0,"player_choice":"Donut","damage_taken":0,"max_hp_gain":5,"max_hp_loss":0,"event_name":"Big Fish","floor":2,"gold_loss":0},{"damage_healed":0,"gold_gain":0,"player_choice":"Got Potions","damage_taken":0,"max_hp_gain":0,"max_hp_loss":0,"event_name":"Lab","floor":3,"gold_loss":0},{"cards_removed":["Strike_R"],"damage_healed":0,"gold_gain":0,"player_choice":"Card Removal","damage_taken":0,"max_hp_gain":0,"max_hp_loss":0,"event_name":"The Cleric","floor":5,"gold_loss":50},{"damage_healed":0,"gold_gain":75,"player_choice":"Gather Gold","damage_taken":11,"max_hp_gain":0,"max_hp_loss":0,"event_name":"World of Goop","floor":14,"gold_loss":0},{"damage_healed":0,"gold_gain":0,"player_choice":"Read","damage_taken":0,"max_hp_gain":0,"max_hp_loss":0,"event_name":"The Library","floor":19,"gold_loss":0,"cards_obtained":["Entrench"]},{"cards_removed":["Strike_R"],"damage_healed":0,"gold_gain":0,"player_choice":"Purged","damage_taken":0,"max_hp_gain":0,"max_hp_loss":0,"event_name":"Purifier","floor":20,"gold_loss":0},{"damage_healed":0,"gold_gain":0,"player_choice":"Copied","damage_taken":0,"max_hp_gain":0,"max_hp_loss":0,"event_name":"Duplicator","floor":31,"gold_loss":0,"cards_obtained":["Entrench"]},{"damage_healed":0,"gold_gain":0,"player_choice":"Memory 1","damage_taken":0,"max_hp_gain":0,"max_hp_loss":0,"event_name":"SensoryStone","floor":38,"gold_loss":0},{"damage_healed":0,"gold_gain":0,"player_choice":"Embrace Madness","damage_taken":11,"max_hp_gain":0,"max_hp_loss":0,"event_name":"Winding Halls","floor":39,"gold_loss":0,"cards_obtained":["Madness","Madness"]}],"is_beta":true,"boss_relics":[{"not_picked":["Mark of Pain","Cursed Key"],"picked":"Calling Bell"},{"not_picked":["Tiny House","Empty Cage"],"picked":"Busted Crown"}],"items_purged_floors":[],"is_endless":false,"potions_floor_spawned":[6,13,16,18,21,25,27,30,33,35,37,41,44,45,46,48],"ascension_level":0}}