{"host":"0srjqcvl8k9r4fi9","time":1612901318,"event":{"mods":["AchievementEnabler","BaseMod","Minty Spire (QoL Compilation)","Uncapped"],"gold_per_floor":[117,117,131,131,148,148,175,175,175,200,200,226,226,244,244,344,394,414,414,427,352,368,368,400,68,123,133,133,147,166,182,182,287,287,297,316,316,364,377,377,377,377,377,377,397,413,11,11,11,11],"floor_reached":51,"language":"ENG","playtime":3009,"items_purged":["Strike_R","Strike_R","Defend_R"],"score":896,"play_id":"badb27dc-a846-4440-9010-c34a3f6fdb48","local_time":"20210209140838","is_ascension_mode":true,"campfire_choices":[{"data":"Body Slam","floor":6,"key":"SMITH"},{"data":"Body Slam","floor":8,"key":"SMITH"},{"data":"Havoc","floor":11,"key":"SMITH"},{"data":"Juggernaut","floor":15,"key":"SMITH"},{"data":"True Grit","floor":23,"key":"SMITH"},{"data":"True Grit","floor":28,"key":"SMITH"},{"data":"Sentinel","floor":32,"key":"SMITH"},{"data":"Exhume","floor":40,"key":"SMITH"},{"data":"Offering","floor":42,"key":"SMITH"},{"data":"Reaper","floor":44,"key":"SMITH"},{"data":"Rage","floor":49,"key":"SMITH"}],"circlet_count":0,"master_deck":["Strike_R","Strike_R+1","Strike_R+1","Defend_R","Defend_R+1","Defend_R","Bash","Entrench+1","Body Slam+1","Havoc+1","Body Slam+1","Warcry","Juggernaut+1","Reaper+1","Iron Wave","True Grit+1","Body Slam+1","Shrug It Off+1","Sentinel+1","True Grit+1","Offering+1","Evolve+1","Exhume+1","True Grit+1","Armaments+1","True Grit+1","Rage+1"],"relics":["Burning Blood","Ornamental Fan","Akabeko","Happy Flower","Centennial Puzzle","Tiny House","Tiny Chest","Frozen Eye","Juzu Bracelet","Coffee Dripper","Ice Cream","Frozen Egg 2","Molten Egg 2","Membership Card","StoneCalendar","Pocketwatch"],"acts_visited":["TheCity","TheBeyond"],"potions_floor_usage":[7,12,14,16,18,24,30,33,38,45,50,50],"damage_taken":[{"damage":11,"enemies":"Small Slimes","floor":1,"turns":4},{"damage":1,"enemies":"2 Louse","floor":3,"turns":4},{"damage":2,"enemies":"Jaw Worm","floor":5,"turns":3},{"damage":20,"enemies":"Lagavulin","floor":7,"turns":6},{"damage":5,"enemies":"3 Sentries","floor":12,"turns":7},{"damage":0,"enemies":"3 Louse","floor":14,"turns":2},{"damage":33,"enemies":"The Guardian","floor":16,"turns":10},{"damage":19,"enemies":"3 Byrds","floor":18,"turns":4},{"damage":7,"enemies":"Chosen","floor":20,"turns":4},{"damage":15,"enemies":"Snake Plant","floor":22,"turns":4},{"damage":56,"enemies":"Slavers","floor":24,"turns":6},{"damage":1,"enemies":"3 Cultists","floor":27,"turns":4},{"damage":18,"enemies":"Cultist and Chosen","floor":29,"turns":6},{"damage":31,"enemies":"Shelled Parasite and Fungi","floor":30,"turns":5},{"damage":11,"enemies":"3 Cultists","floor":31,"turns":4},{"damage":23,"enemies":"Automaton","floor":33,"turns":9},{"damage":8,"enemies":"3 Shapes","floor":35,"turns":4},{"damage":6,"enemies":"Orb Walker","floor":36,"turns":2},{"damage":26,"enemies":"2 Orb Walkers","floor":38,"turns":4},{"damage":17,"enemies":"3 Darklings","floor":39,"turns":4},{"damage":13,"enemies":"4 Shapes","floor":45,"turns":2},{"damage":16,"enemies":"Sphere and 2 Shapes","floor":46,"turns":4},{"damage":78,"enemies":"Awakened One","floor":50,"turns":14}],"seed_played":"8524333916536674914","potions_obtained":[{"floor":3,"key":"Fire Potion"},{"floor":5,"key":"Block Potion"},{"floor":12,"key":"GamblersBrew"},{"floor":13,"key":"Fire Potion"},{"floor":13,"key":"FearPotion"},{"floor":17,"key":"SpeedPotion"},{"floor":29,"key":"Explosive Potion"},{"floor":30,"key":"Swift Potion"},{"floor":33,"key":"LiquidMemories"},{"floor":35,"key":"Ancient Potion"},{"floor":38,"key":"DuplicationPotion"},{"floor":39,"key":"AttackPotion"},{"floor":46,"key":"FearPotion"}],"is_trial":false,"path_per_floor":["M","?","M","?","M","R","E","R","T","T","R","E","?","M","R","B",null,"M","?","M","$","M","R","E","$","T","M","R","M","M","M","R","B",null,"M","M","?","?","M","R","T","R","T","R","M","M","$","T","R","B",null],"character_chosen":"IRONCLAD","items_purchased":["Sentinel","Frozen Eye","Rage","Membership Card","StoneCalendar"],"campfire_rested":0,"item_purchase_floors":[25,25,47,47,47],"current_hp_per_floor":[75,75,80,62,66,66,52,52,52,52,52,53,53,59,59,32,79,72,72,75,75,66,66,23,23,23,64,64,60,43,74,74,61,85,87,91,88,68,71,71,71,71,71,71,79,84,84,84,84,22],"gold":11,"neow_bonus":"TEN_PERCENT_HP_BONUS","is_daily":false,"chose_seed":false,"campfire_upgraded":11,"win_rate":0.0,"timestamp":1612901318,"path_taken":["M","?","M","?","M","R","E","R","T","?","R","E","?","?","R","BOSS","M","?","M","$","M","R","E","$","T","M","R","M","M","M","R","BOSS","M","M","?","?","M","R","?","R","T","R","M","M","$","?","R","BOSS"],"items_purchased_type":["Card","Relic","Card","Relic","Relic"],"build_version":"2020-12-22","purchased_purges":3,"victory":true,"max_hp_per_floor":[88,88,88,88,88,88,88,88,88,88,88,88,88,88,88,88,93,93,93,93,93,93,93,93,93,93,93,93,93,93,93,93,93,93,93,93,88,88,88,88,88,88,88,88,88,88,88,88,88,88],"card_choices":[{"not_picked":["Body Slam","Ghostly Armor"],"picked":"Entrench","floor":1},{"not_picked":["Twin Strike","Clash"],"picked":"Body Slam","floor":3},{"not_picked":["Heavy Blade","Clothesline"],"picked":"Havoc","floor":5},{"not_picked":["Wild Strike","Clash"],"picked":"Body Slam","floor":7},{"not_picked":["Clothesline","Heavy Blade"],"picked":"Warcry","floor":12},{"not_picked":["Perfected Strike","Power Through"],"picked":"Juggernaut","floor":14},{"not_picked":["Feed","Immolate"],"picked":"Reaper","floor":16},{"not_picked":["Pummel","Power Through"],"picked":"Iron Wave","floor":17},{"not_picked":["Rupture+1","Uppercut"],"picked":"True Grit","floor":18},{"not_picked":["Twin Strike","Hemokinesis"],"picked":"Body Slam+1","floor":20},{"not_picked":["Thunderclap","Shockwave+1","Flex"],"picked":"SKIP","floor":22},{"not_picked":["Warcry","Shockwave"],"picked":"Shrug It Off+1","floor":24},{"not_picked":["Cleave+1","Disarm"],"picked":"True Grit","floor":27},{"not_picked":["Dropkick","Cleave+1"],"picked":"Offering","floor":29},{"not_picked":["Power Through","Pommel Strike+1"],"picked":"Evolve+1","floor":30},{"not_picked":["Sword Boomerang","Havoc","Thunderclap+1"],"picked":"SKIP","floor":31},{"not_picked":["Reaper","Fiend Fire"],"picked":"Exhume","floor":33},{"not_picked":["Twin Strike+1","Body Slam","Clash+1"],"picked":"SKIP","floor":35},{"not_picked":["Dropkick+1","Pommel Strike+1"],"picked":"True Grit+1","floor":36},{"not_picked":["Carnage","Anger+1"],"picked":"Armaments+1","floor":38},{"not_picked":["True Grit","Berserk","Body Slam"],"picked":"SKIP","floor":39},{"not_picked":["Disarm+1","Sword Boomerang+1"],"picked":"True Grit+1","floor":45},{"not_picked":["Iron Wave+1","Armaments+1","Anger+1"],"picked":"SKIP","floor":46}],"player_experience":351876,"relics_obtained":[{"floor":7,"key":"Ornamental Fan"},{"floor":9,"key":"Akabeko"},{"floor":10,"key":"Happy Flower"},{"floor":12,"key":"Centennial Puzzle"},{"floor":24,"key":"Tiny Chest"},{"floor":26,"key":"Juzu Bracelet"},{"floor":38,"key":"Ice Cream"},{"floor":41,"key":"Frozen Egg 2"},{"floor":43,"key":"Molten Egg 2"},{"floor":48,"key":"Pocketwatch"}],"event_choices":[{"damage_healed":0,"gold_gain":0,"player_choice":"Grow","damage_taken":0,"max_hp_gain":0,"max_hp_loss":0,"event_name":"Living Wall","floor":2,"gold_loss":0,"cards_upgraded":["Entrench"]},{"damage_healed":0,"gold_gain":0,"player_choice":"Entered Light","damage_taken":18,"max_hp_gain":0,"max_hp_loss":0,"event_name":"Shining Light","floor":4,"gold_loss":0,"cards_upgraded":["Strike_R","Defend_R"]},{"damage_healed":0,"gold_gain":0,"player_choice":"Got Potions","damage_taken":0,"max_hp_gain":0,"max_hp_loss":0,"event_name":"Lab","floor":13,"gold_loss":0},{"damage_healed":0,"gold_gain":0,"player_choice":"Ignored","damage_taken":0,"max_hp_gain":0,"max_hp_loss":0,"event_name":"Cursed Tome","floor":19,"gold_loss":0},{"damage_healed":0,"gold_gain":0,"player_choice":"Max HP","damage_taken":0,"max_hp_gain":0,"max_hp_loss":5,"event_name":"Winding Halls","floor":37,"gold_loss":0},{"damage_healed":0,"gold_gain":0,"player_choice":"Fight","damage_taken":0,"max_hp_gain":0,"max_hp_loss":0,"event_name":"Mysterious Sphere","floor":38,"gold_loss":0}],"is_beta":false,"boss_relics":[{"not_picked":["Pandora\u0027s Box","SacredBark"],"picked":"Tiny House"},{"not_picked":["Velvet Choker","Runic Pyramid"],"picked":"Coffee Dripper"}],"items_purged_floors":[21,25,47],"is_endless":false,"potions_floor_spawned":[3,5,12,29,30,33,35,38,39,46],"ascension_level":7}}