{"host":"8is2j71l4wmybkoi","time":1612866123,"event":{"mods":["AchievementEnabler","BaseMod","Colored Map","Minty Spire (QoL Compilation)","Rare Cards Sparkle","StSLib","SuperFastMode"],"gold_per_floor":[157,157,232,232,276,276,321,321,321,321,397,13,58,109,109,211,211,248,263,263,66,82,141,141,181,207,207,261,300,337,337,337,337,337],"floor_reached":33,"language":"KOR","playtime":1418,"items_purged":["Strike_R","Strike_R"],"score":515,"play_id":"c7045aba-6bb0-4038-9d54-575b849ea88d","local_time":"20210209192203","is_ascension_mode":true,"campfire_choices":[{"data":"Bash","floor":6,"key":"SMITH"},{"data":"Flame Barrier","floor":8,"key":"SMITH"},{"floor":10,"key":"REST"},{"data":"Inflame","floor":15,"key":"SMITH"},{"data":"Corruption","floor":24,"key":"SMITH"},{"floor":27,"key":"RECALL"},{"floor":32,"key":"REST"}],"circlet_count":0,"master_deck":["AscendersBane","Strike_R","Strike_R","Strike_R","Defend_R+1","Defend_R","Defend_R","Defend_R","Bash+1","HandOfGreed+1","Flame Barrier+1","Dropkick","Thunderclap","Shrug It Off","Inflame+1","Flash of Steel","Corruption+1","Fire Breathing+1","Flash of Steel","Uppercut+1","Parasite","Second Wind","Evolve"],"relics":["Burning Blood","Spirit Poop","Dream Catcher","Charon\u0027s Ashes","Oddly Smooth Stone","Sundial","Cursed Key","MealTicket","Lantern"],"acts_visited":["Exordium","TheCity"],"potions_floor_usage":[11,14,23,25,29,30,33],"damage_taken":[{"damage":8,"enemies":"2 Louse","floor":1,"turns":6},{"damage":12,"enemies":"Small Slimes","floor":5,"turns":4},{"damage":8,"enemies":"Cultist","floor":7,"turns":5},{"damage":37,"enemies":"3 Sentries","floor":11,"turns":8},{"damage":0,"enemies":"Blue Slaver","floor":13,"turns":2},{"damage":3,"enemies":"Lagavulin","floor":14,"turns":5},{"damage":11,"enemies":"Hexaghost","floor":16,"turns":8},{"damage":0,"enemies":"2 Thieves","floor":18,"turns":3},{"damage":3,"enemies":"Chosen","floor":19,"turns":3},{"damage":12,"enemies":"Snake Plant","floor":22,"turns":4},{"damage":15,"enemies":"Slavers","floor":23,"turns":4},{"damage":6,"enemies":"Cultist and Chosen","floor":25,"turns":4},{"damage":36,"enemies":"Gremlin Leader","floor":28,"turns":6},{"damage":7,"enemies":"Centurion and Healer","floor":29,"turns":6},{"damage":10,"enemies":"Shelled Parasite and Fungi","floor":30,"turns":4},{"damage":56,"enemies":"Champ","floor":33,"turns":6}],"seed_played":"-3482470252974733550","potions_obtained":[{"floor":1,"key":"Strength Potion"},{"floor":11,"key":"Energy Potion"},{"floor":13,"key":"EssenceOfSteel"},{"floor":22,"key":"LiquidMemories"},{"floor":25,"key":"FearPotion"},{"floor":28,"key":"Weak Potion"},{"floor":29,"key":"PowerPotion"},{"floor":30,"key":"SpeedPotion"}],"is_trial":false,"path_per_floor":["M","?","?","?","M","R","M","R","T","R","E","$","M","E","R","B",null,"M","M","?","$","M","E","R","M","T","R","E","M","M","T","R","B"],"character_chosen":"IRONCLAD","items_purchased":["Oddly Smooth Stone","Inflame","Flash of Steel","Flash of Steel"],"campfire_rested":2,"item_purchase_floors":[12,12,12,21],"current_hp_per_floor":[66,43,32,32,26,26,24,24,24,46,15,15,21,24,24,19,61,67,70,70,70,64,55,55,55,55,55,25,24,20,20,42,0,0],"gold":337,"neow_bonus":"RANDOM_COLORLESS_2","is_daily":false,"chose_seed":false,"campfire_upgraded":4,"win_rate":0.0,"timestamp":1612866123,"path_taken":["M","?","?","?","M","R","M","R","T","R","E","$","M","E","R","BOSS","M","?","?","$","M","E","R","M","T","R","E","M","M","?","R","BOSS"],"items_purchased_type":["Relic","Card","Card","Card"],"build_version":"2020-12-22","purchased_purges":2,"victory":false,"max_hp_per_floor":[75,75,75,75,75,75,75,75,75,75,75,75,75,75,75,75,75,75,75,75,75,75,75,75,75,75,75,75,75,75,75,75,75,75],"card_choices":[{"not_picked":["Metamorphosis","Thinking Ahead"],"picked":"HandOfGreed","floor":0},{"not_picked":["Body Slam","Clothesline"],"picked":"Flame Barrier","floor":1},{"not_picked":["Cleave","Perfected Strike"],"picked":"Dropkick","floor":5},{"not_picked":["Perfected Strike","Heavy Blade"],"picked":"Thunderclap","floor":7},{"not_picked":["Entrench","Dual Wield"],"picked":"Shrug It Off","floor":11},{"not_picked":["Combust","Pommel Strike","Shrug It Off"],"picked":"SKIP","floor":13},{"not_picked":["Cleave","Infernal Blade","Blood for Blood"],"picked":"SKIP","floor":14},{"not_picked":["Juggernaut","Barricade"],"picked":"Corruption","floor":16},{"not_picked":["Armaments","Twin Strike+1","Warcry"],"picked":"SKIP","floor":18},{"not_picked":["Armaments","Twin Strike+1","Warcry"],"picked":"SKIP","floor":18},{"not_picked":["Thunderclap","Pummel"],"picked":"Fire Breathing+1","floor":19},{"not_picked":["Dropkick+1","Heavy Blade","Flex"],"picked":"SKIP","floor":22},{"not_picked":["Blood for Blood","Uppercut+1","Clothesline"],"picked":"SKIP","floor":23},{"not_picked":["Blood for Blood","Clothesline"],"picked":"Uppercut+1","floor":23},{"not_picked":["Headbutt","True Grit","Armaments"],"picked":"SKIP","floor":25},{"not_picked":["Brutality","Wild Strike"],"picked":"Second Wind","floor":28},{"not_picked":["Flame Barrier","Twin Strike"],"picked":"Evolve","floor":29},{"not_picked":["Havoc","Hemokinesis+1","Shrug It Off"],"picked":"SKIP","floor":30}],"player_experience":1081160,"relics_obtained":[{"floor":9,"key":"Dream Catcher"},{"floor":11,"key":"Charon\u0027s Ashes"},{"floor":14,"key":"Sundial"},{"floor":23,"key":"MealTicket"},{"floor":28,"key":"Lantern"}],"event_choices":[{"damage_healed":0,"gold_gain":0,"player_choice":"Entered Light","damage_taken":23,"max_hp_gain":0,"max_hp_loss":0,"event_name":"Shining Light","floor":2,"gold_loss":0,"cards_upgraded":["Defend_R","HandOfGreed"]},{"damage_healed":0,"gold_gain":75,"player_choice":"Gather Gold","damage_taken":11,"max_hp_gain":0,"max_hp_loss":0,"event_name":"World of Goop","floor":3,"gold_loss":0},{"cards_removed":["Decay"],"damage_healed":0,"gold_gain":0,"player_choice":"Offered Curse","damage_taken":0,"relics_obtained":["Spirit Poop"],"max_hp_gain":0,"max_hp_loss":0,"event_name":"Bonfire Elementals","floor":4,"gold_loss":0},{"damage_healed":0,"gold_gain":0,"player_choice":"Ignored","damage_taken":0,"max_hp_gain":0,"max_hp_loss":0,"event_name":"The Mausoleum","floor":20,"gold_loss":0}],"is_beta":false,"boss_relics":[{"not_picked":["Velvet Choker","Calling Bell"],"picked":"Cursed Key"}],"items_purged_floors":[12,21],"is_endless":false,"potions_floor_spawned":[1,11,13,22,25,28,29,30],"killed_by":"Champ","ascension_level":15}}