{"host":"cijhj3091wf4aho3","time":1612905215,"event":{"mods":["BaseMod","Colored Map","Colored Powertips","Downfall","Friendly Minions","GifTheSpireLib","Highlight Path","Minty Spire (QoL Compilation)","Permanent Neow","Random Character Button","Relic Sorter","Relic Stats","StSLib","everything is the same but u backflip on backflip","slay the spire mod where everything is the same but ironclad has a cowboy hat"],"gold_per_floor":[0,20,20,35,46,46,46,57,57,74,102,102,114,49,62,137,137,137,149,5,24,24,24,24,38,38,38,38],"floor_reached":26,"language":"ENG","playtime":2473,"items_purged":["Guardian:Strike_Guardian","Guardian:Strike_Guardian"],"score":357,"play_id":"f0ddfeeb-0317-4091-87fb-d3750998f3be","local_time":"20210209131335","is_ascension_mode":true,"campfire_choices":[{"data":"Guardian:StasisStrike","floor":1.0,"key":"SMITH"},{"data":"Guardian:CurlUp","floor":9.0,"key":"SMITH"},{"data":"Guardian:Recover","floor":12.0,"key":"SMITH"},{"data":"Guardian:ChargeUp","floor":18.0,"key":"SMITH"}],"circlet_count":0,"master_deck":["AscendersBane","Guardian:Defend_Guardian","Guardian:Defend_Guardian","Guardian:Defend_Guardian","Guardian:CurlUp+1","Guardian:TwinSlam","Guardian:StasisStrike+1","Guardian:ChargeCore","Guardian:VentSteam","Guardian:ChargeUp","Guardian:Recover+1","Guardian:ChargeUp+1","Guardian:Orbwalk","Guardian:PiercingHide+1","RitualDagger","Guardian:Orbwalk"],"relics":["Guardian:ModeShifter","Smiling Mask","Oddly Smooth Stone","Philosopher\u0027s Stone","Happy Flower"],"acts_visited":["Exordium","TheCity"],"potions_floor_usage":[26],"damage_taken":[{"damage":10.0,"enemies":"Small Slimes","floor":2.0,"turns":4.0},{"damage":6.0,"enemies":"Cultist","floor":4.0,"turns":4.0},{"damage":4.0,"enemies":"Jaw Worm","floor":5.0,"turns":4.0},{"damage":9.0,"enemies":"2 Fungi Beasts","floor":8.0,"turns":6.0},{"damage":5.0,"enemies":"Exordium Thugs","floor":10.0,"turns":5.0},{"damage":16.0,"enemies":"3 Sentries","floor":11.0,"turns":9.0},{"damage":0.0,"enemies":"Large Slime","floor":13.0,"turns":7.0},{"damage":1.0,"enemies":"downfall:FleeingMerchant","floor":14.0,"turns":4.0},{"damage":0.0,"enemies":"2 Fungi Beasts","floor":15.0,"turns":4.0},{"damage":14.0,"enemies":"DF_ARCHETYPE_STREAMLINE","floor":16.0,"turns":14.0},{"damage":10.0,"enemies":"Shell Parasite","floor":19.0,"turns":5.0},{"damage":0,"enemies":"downfall:FleeingMerchant","floor":20,"turns":4},{"damage":10,"enemies":"Chosen","floor":21,"turns":6},{"damage":19,"enemies":"Shelled Parasite and Fungi","floor":25,"turns":6},{"damage":17,"enemies":"Gremlin Leader","floor":26,"turns":4}],"seed_played":"-7941882197754164504","potions_obtained":[{"floor":2.0,"key":"Regen Potion"},{"floor":5.0,"key":"hexamod:SoulburnPotion"},{"floor":10.0,"key":"Guardian:BlockOnCardUsePotion"},{"floor":16.0,"key":"AttackPotion"},{"floor":25,"key":"Fire Potion"}],"is_trial":false,"path_per_floor":["R","M","?","M","M","?","T","M","R","M","E","R","M","$","M","B",null,"R","M","$","M","?","?","T","M","E"],"character_chosen":"GUARDIAN","items_purchased":["Guardian:Orbwalk"],"campfire_rested":0,"item_purchase_floors":[20],"current_hp_per_floor":[65,55,55,49,45,45,45,51,51,46,30,30,30,29,29,15,58,58,48,48,38,32,32,32,13,0,0,0],"gold":38,"neow_bonus":"THREE_RARE_CARDS","is_daily":false,"chose_seed":false,"campfire_upgraded":4,"win_rate":0.0,"timestamp":1612905215,"path_taken":["R","M","?","M","M","?","T","M","R","M","E","R","M","$","M","BOSS","R","M","$","?","?","?","T","?","E"],"items_purchased_type":["Card"],"build_version":"2020-12-22","purchased_purges":2,"victory":false,"max_hp_per_floor":[72,72,72,72,72,72,72,72,72,72,72,72,72,72,72,72,72,72,72,72,72,72,72,72,72,72,72,72],"relic_stats":{"Happy Flower":[3],"counters":[15,86],"Smiling Mask":75,"obtain_stats":[{"Happy Flower":24,"Guardian:ModeShifter":0,"Oddly Smooth Stone":11,"Philosopher\u0027s Stone":17,"Smiling Mask":7},{"Happy Flower":13,"Guardian:ModeShifter":0,"Oddly Smooth Stone":6,"Philosopher\u0027s Stone":10,"Smiling Mask":3},{"Happy Flower":76,"Guardian:ModeShifter":0,"Oddly Smooth Stone":32,"Philosopher\u0027s Stone":61,"Smiling Mask":12}]},"card_choices":[{"not_picked":["Guardian:GemFinder","Guardian:AncientConstruct"],"picked":"Guardian:StasisStrike","floor":0.0},{"not_picked":["Guardian:Preprogram","Guardian:Gem_Red"],"picked":"Guardian:ChargeCore","floor":2.0},{"not_picked":["Guardian:Harden","Guardian:RollAttack"],"picked":"Guardian:Gem_Cyan","floor":4.0},{"not_picked":["Guardian:Gem_Purple","Guardian:BronzeOrb"],"picked":"Guardian:VentSteam","floor":5.0},{"not_picked":["Guardian:Recover","Guardian:CrystalBeam"],"picked":"Guardian:ChargeUp","floor":8.0},{"not_picked":["Guardian:DonusPower","Guardian:VentSteam"],"picked":"Guardian:Recover","floor":10.0},{"not_picked":["Guardian:GuardianWhirl","Guardian:VentSteam"],"picked":"Guardian:ChargeUp","floor":11.0},{"not_picked":["Guardian:WalkerClaw","Guardian:Suspension","Guardian:Recover"],"picked":"SKIP","floor":13.0},{"not_picked":["Guardian:ShieldCharger","Guardian:WalkerClaw","Guardian:Reroute"],"picked":"SKIP","floor":14.0},{"not_picked":["Guardian:HyperBeam_Guardian","Guardian:CrystalBeam","Guardian:Suspension"],"picked":"SKIP","floor":15.0},{"not_picked":["Guardian:PrismaticBeam","Guardian:Gem_Green","Guardian:Reroute"],"picked":"SKIP","floor":19},{"not_picked":["Guardian:Gem_Green","Guardian:TemporalShield","Guardian:DecasProtection"],"picked":"SKIP","floor":20},{"not_picked":["Guardian:Planning","Guardian:ConstructionForm"],"picked":"Guardian:PiercingHide+1","floor":21},{"not_picked":["Guardian:SpikerProtocol","Guardian:BodySlam","Guardian:Reroute"],"picked":"SKIP","floor":25}],"player_experience":574509,"relics_obtained":[{"floor":7.0,"key":"Smiling Mask"},{"floor":11.0,"key":"Oddly Smooth Stone"},{"floor":24,"key":"Happy Flower"}],"event_choices":[{"cards_removed":["Guardian:Strike_Guardian"],"damage_healed":0.0,"max_hp_gain":0.0,"max_hp_loss":0.0,"gold_gain":0.0,"event_name":"The Cleric","player_choice":"Card Removal","floor":3.0,"gold_loss":0.0,"damage_taken":0.0}],"is_beta":false,"boss_relics":[{"not_picked":["Calling Bell","Guardian:ModeShifterPlus"],"picked":"Philosopher\u0027s Stone"}],"items_purged_floors":[14,20],"is_endless":false,"potions_floor_spawned":[2,5,10,13,16,25],"killed_by":"Gremlin Leader","ascension_level":14}}