{"host":"928gv66myv2vlnsd","time":1612914368,"event":{"mods":["BaseMod","Highlight Path","Minty Spire (QoL Compilation)","StSLib"],"gold_per_floor":[112,123,134,134,148,180,180,180,259,294,264,264,23,49,49,151,151,165,165,184,203,218,218,252,252,252,263,263,263,283,293,293,293,293],"floor_reached":33,"language":"ENG","playtime":1595,"items_purged":[],"score":462,"play_id":"4b04484d-6c14-43e5-8e67-3ccd45a2a9e5","local_time":"20210209184608","is_ascension_mode":true,"campfire_choices":[{"floor":8,"key":"REST"},{"floor":12,"key":"REST"},{"floor":15,"key":"REST"},{"floor":23,"key":"REST"},{"floor":29,"key":"REST"},{"floor":32,"key":"REST"}],"circlet_count":0,"master_deck":["AscendersBane","Strike_B","Strike_B","Strike_B","Defend_B","Defend_B","Defend_B","Defend_B","Zap","Dualcast","Cold Snap","Static Discharge","Glacier","Genetic Algorithm","Reprogram","Compile Driver","Compile Driver","Apotheosis+1","Consume","Glacier","Echo Form+1","Defragment+1","Conserve Battery","Barrage","Coolheaded","Electrodynamics+1"],"relics":["Cracked Core","NeowsBlessing","Calipers","GremlinMask","Frozen Egg 2","Blood Vial","Gambling Chip","Inserter","Nunchaku","Cables"],"acts_visited":["Exordium","TheCity"],"potions_floor_usage":[16,24,27,28],"damage_taken":[{"damage":0,"enemies":"2 Louse","floor":1,"turns":1},{"damage":0,"enemies":"Cultist","floor":2,"turns":1},{"damage":0,"enemies":"Jaw Worm","floor":3,"turns":1},{"damage":4,"enemies":"Large Slime","floor":5,"turns":7},{"damage":36,"enemies":"Gremlin Nob","floor":6,"turns":5},{"damage":16,"enemies":"3 Sentries","floor":10,"turns":9},{"damage":1,"enemies":"Looter","floor":11,"turns":4},{"damage":16,"enemies":"Gremlin Nob","floor":14,"turns":4},{"damage":26,"enemies":"The Guardian","floor":16,"turns":15},{"damage":30,"enemies":"2 Thieves","floor":18,"turns":5},{"damage":0,"enemies":"Chosen","floor":20,"turns":7},{"damage":21,"enemies":"Snecko","floor":21,"turns":5},{"damage":10,"enemies":"Shelled Parasite and Fungi","floor":22,"turns":8},{"damage":15,"enemies":"Slavers","floor":24,"turns":10},{"damage":15,"enemies":"Centurion and Healer","floor":27,"turns":9},{"damage":0,"enemies":"Snecko","floor":28,"turns":2},{"damage":3,"enemies":"Chosen and Byrds","floor":30,"turns":10},{"damage":7,"enemies":"Centurion and Healer","floor":31,"turns":8},{"damage":67,"enemies":"Collector","floor":33,"turns":6}],"seed_played":"318779563422354493","potions_obtained":[{"floor":2,"key":"LiquidMemories"},{"floor":6,"key":"PotionOfCapacity"},{"floor":16,"key":"FocusPotion"},{"floor":27,"key":"SmokeBomb"},{"floor":31,"key":"FearPotion"}],"is_trial":false,"path_per_floor":["M","M","M","?","M","E","?","R","T","E","M","R","$","E","R","B",null,"M","?","M","M","M","R","E","?","T","M","M","R","M","M","R","B"],"character_chosen":"DEFECT","items_purchased":["Apotheosis","Consume"],"campfire_rested":6,"item_purchase_floors":[13,13],"current_hp_per_floor":[68,68,68,61,57,21,21,43,43,27,28,50,50,36,58,34,65,37,31,33,14,6,28,15,15,15,2,4,26,25,20,42,0,0],"gold":293,"neow_bonus":"THREE_ENEMY_KILL","is_daily":false,"chose_seed":false,"campfire_upgraded":0,"win_rate":0.0,"timestamp":1612914368,"path_taken":["M","M","M","?","M","E","?","R","T","E","M","R","$","E","R","BOSS","M","?","?","M","M","R","E","?","T","M","M","R","M","M","R","BOSS"],"items_purchased_type":["Card","Card"],"build_version":"2020-12-22","purchased_purges":0,"victory":false,"max_hp_per_floor":[75,75,75,75,75,75,75,75,75,75,75,75,75,75,75,75,75,75,75,75,75,75,75,75,75,75,75,75,75,75,75,75,75,75],"card_choices":[{"not_picked":["Beam Cell","Compile Driver"],"picked":"Cold Snap","floor":1},{"not_picked":["Turbo","Recycle"],"picked":"Static Discharge","floor":2},{"not_picked":["Conserve Battery","Hologram"],"picked":"Glacier","floor":3},{"not_picked":["Buffer","Rip and Tear"],"picked":"Genetic Algorithm","floor":5},{"not_picked":["Chill","Chaos"],"picked":"Reprogram","floor":6},{"not_picked":["Steam","Double Energy"],"picked":"Compile Driver","floor":10},{"not_picked":["Fusion","Hologram"],"picked":"Compile Driver","floor":11},{"not_picked":["Amplify","Static Discharge+1"],"picked":"Glacier","floor":14},{"not_picked":["Multi-Cast","Meteor Strike"],"picked":"Echo Form+1","floor":16},{"not_picked":["Streamline","Coolheaded"],"picked":"Defragment+1","floor":18},{"not_picked":["Genetic Algorithm","Storm+1"],"picked":"Conserve Battery","floor":20},{"not_picked":["Static Discharge+1","Lockon","Melter"],"picked":"SKIP","floor":21},{"not_picked":["Conserve Battery","Compile Driver","Gash"],"picked":"SKIP","floor":22},{"not_picked":["Hologram","Conserve Battery"],"picked":"Barrage","floor":24},{"not_picked":["Cold Snap","Hologram"],"picked":"Coolheaded","floor":27},{"not_picked":["Ball Lightning","Go for the Eyes","Redo"],"picked":"SKIP","floor":30},{"not_picked":["Melter","Gash+1"],"picked":"Electrodynamics+1","floor":31}],"player_experience":1472197,"relics_obtained":[{"floor":6,"key":"Calipers"},{"floor":9,"key":"Frozen Egg 2"},{"floor":10,"key":"Blood Vial"},{"floor":14,"key":"Gambling Chip"},{"floor":24,"key":"Nunchaku"},{"floor":26,"key":"Cables"}],"event_choices":[{"cards_removed":["Strike_B"],"damage_healed":0,"gold_gain":0,"player_choice":"Card Removal","damage_taken":7,"max_hp_gain":0,"max_hp_loss":0,"event_name":"Golden Wing","floor":4,"gold_loss":0},{"damage_healed":0,"gold_gain":0,"player_choice":"Trade","damage_taken":0,"relics_obtained":["GremlinMask"],"max_hp_gain":0,"max_hp_loss":0,"event_name":"FaceTrader","floor":7,"gold_loss":0},{"damage_healed":0,"gold_gain":0,"player_choice":"","damage_taken":6,"max_hp_gain":0,"max_hp_loss":0,"event_name":"Knowing Skull","floor":19,"potions_obtained":[],"gold_loss":0,"cards_obtained":[]},{"damage_healed":0,"gold_gain":0,"player_choice":"Upgraded","damage_taken":0,"max_hp_gain":0,"max_hp_loss":0,"event_name":"Upgrade Shrine","floor":25,"gold_loss":0,"cards_upgraded":["Apotheosis"]}],"is_beta":false,"boss_relics":[{"not_picked":["Sozu","Runic Dome"],"picked":"Inserter"}],"items_purged_floors":[],"is_endless":false,"potions_floor_spawned":[2,6,10,14,16,18,22,27,28,31],"killed_by":"Collector","ascension_level":12}}