{"host":"vit9b6u76k1y61sh","time":1612842673,"event":{"mods":["BaseMod","Block Reminder","Colored Powertips","Highlight Path","Minty Spire (QoL Compilation)","Rare Cards Sparkle","Relic Sorter","Relic Stats","StSLib"],"gold_per_floor":[117,117,135,6,6,6,70,70,70,82,117,134,165,183,183,278,278,290,302,302,227,227,252,252,36,108,108,108],"floor_reached":27,"language":"ENG","playtime":1188,"items_purged":["Strike_G"],"score":277,"play_id":"7a614ccf-656d-4ec0-999a-f152ef4c9a1c","local_time":"20210208225113","is_ascension_mode":true,"campfire_choices":[{"data":"Quick Slash","floor":6,"key":"SMITH"},{"data":"Accuracy","floor":15,"key":"SMITH"},{"data":"Finisher","floor":24,"key":"SMITH"}],"circlet_count":0,"master_deck":["Strike_G","Strike_G+1","Strike_G","Defend_G","Defend_G","Defend_G","Defend_G","Defend_G","Survivor","Neutralize+1","Quick Slash+1","Blade Dance+1","Flying Knee","Accuracy+1","Infinite Blades","Cloak And Dagger","Footwork","Backflip","Prepared+1","Finisher+1","Accuracy"],"relics":["Ring of the Snake","StoneCalendar","Kunai","Bird Faced Urn","WristBlade","Nloth\u0027s Gift","Dead Branch","Whetstone"],"acts_visited":["Exordium","TheCity"],"potions_floor_usage":[11,11,11,16,27],"damage_taken":[{"damage":0,"enemies":"Small Slimes","floor":1,"turns":1},{"damage":0,"enemies":"Cultist","floor":3,"turns":1},{"damage":0,"enemies":"Lagavulin Event","floor":7,"turns":1},{"damage":0,"enemies":"2 Louse","floor":10,"turns":2},{"damage":0,"enemies":"3 Sentries","floor":11,"turns":3},{"damage":0,"enemies":"2 Fungi Beasts","floor":12,"turns":2},{"damage":10,"enemies":"Gremlin Nob","floor":13,"turns":3},{"damage":11,"enemies":"3 Louse","floor":14,"turns":3},{"damage":7,"enemies":"Slime Boss","floor":16,"turns":7},{"damage":0,"enemies":"Chosen","floor":18,"turns":4},{"damage":18,"enemies":"Shell Parasite","floor":19,"turns":4},{"damage":20,"enemies":"Book of Stabbing","floor":23,"turns":6},{"damage":40,"enemies":"Slavers","floor":27,"turns":5}],"seed_played":"6449412108987528637","potions_obtained":[{"floor":1,"key":"DuplicationPotion"},{"floor":3,"key":"AttackPotion"},{"floor":10,"key":"Strength Potion"},{"floor":14,"key":"CunningPotion"},{"floor":16,"key":"Explosive Potion"}],"is_trial":false,"path_per_floor":["M","?","M","$","?","R","?","?","T","M","E","M","E","M","R","B",null,"M","M","?","?","?","E","R","$","T","E"],"character_chosen":"THE_SILENT","items_purchased":["Blade Dance","Accuracy","Whetstone"],"campfire_rested":0,"item_purchase_floors":[4,25,25],"current_hp_per_floor":[70,70,70,70,70,70,70,70,70,70,70,70,60,53,53,52,70,70,56,56,56,56,40,40,40,40,2,2],"gold":108,"neow_bonus":"THREE_ENEMY_KILL","is_daily":false,"chose_seed":false,"campfire_upgraded":3,"win_rate":0.0,"timestamp":1612842673,"path_taken":["M","?","?","$","?","R","?","?","T","?","E","M","E","M","R","BOSS","M","M","?","?","?","E","R","$","T","E"],"items_purchased_type":["Card","Card","Relic"],"build_version":"2020-12-22","purchased_purges":1,"victory":false,"max_hp_per_floor":[70,70,70,70,70,70,70,70,70,70,70,70,70,70,70,70,70,70,70,70,70,70,70,70,70,70,70,70],"relic_stats":{"counters":[13,42],"Bird Faced Urn":[20],"Dead Branch":[6],"StoneCalendar":[66],"Nloth\u0027s Gift":0,"Kunai":[25],"Whetstone":["Neutralize","Strike_G"],"obtain_stats":[{"NeowsBlessing":0,"WristBlade":17,"Bird Faced Urn":13,"Dead Branch":23,"StoneCalendar":7,"Nloth\u0027s Gift":22,"Kunai":9,"Whetstone":25,"Ring of the Snake":0},{"NeowsBlessing":0,"WristBlade":9,"Bird Faced Urn":7,"Dead Branch":12,"StoneCalendar":3,"Nloth\u0027s Gift":11,"Kunai":3,"Whetstone":12,"Ring of the Snake":0},{"NeowsBlessing":0,"WristBlade":23,"Bird Faced Urn":13,"Dead Branch":37,"StoneCalendar":3,"Nloth\u0027s Gift":31,"Kunai":3,"Whetstone":37,"Ring of the Snake":0}],"Ring of the Snake":[26]},"card_choices":[{"not_picked":["Choke","Calculated Gamble"],"picked":"Quick Slash","floor":1},{"not_picked":["Outmaneuver","Dash"],"picked":"Caltrops","floor":3},{"not_picked":["Poisoned Stab","Bouncing Flask"],"picked":"Flying Knee","floor":7},{"not_picked":["Deadly Poison","Blade Dance"],"picked":"Accuracy","floor":10},{"not_picked":["Prepared","Sucker Punch"],"picked":"Infinite Blades","floor":11},{"not_picked":["Underhanded Strike","Terror"],"picked":"Cloak And Dagger","floor":12},{"not_picked":["Poisoned Stab","Endless Agony","Flying Knee"],"picked":"SKIP","floor":13},{"not_picked":["Deflect","Malaise"],"picked":"Footwork","floor":14},{"not_picked":["Terror+1","Slice"],"picked":"Backflip","floor":18},{"not_picked":["Deflect","Backflip"],"picked":"Prepared+1","floor":19},{"not_picked":["Escape Plan","PiercingWail"],"picked":"Finisher","floor":23}],"player_experience":145443,"relics_obtained":[{"floor":7,"key":"StoneCalendar"},{"floor":9,"key":"Kunai"},{"floor":13,"key":"Bird Faced Urn"},{"floor":23,"key":"Dead Branch"}],"event_choices":[{"damage_healed":0,"gold_gain":0,"player_choice":"Bought 0 Potions","damage_taken":0,"max_hp_gain":0,"max_hp_loss":0,"event_name":"The Woman in Blue","floor":2,"gold_loss":0},{"damage_healed":0,"gold_gain":0,"player_choice":"Grow","damage_taken":0,"max_hp_gain":0,"max_hp_loss":0,"event_name":"Living Wall","floor":5,"gold_loss":0,"cards_upgraded":["Blade Dance"]},{"damage_healed":0,"gold_gain":30,"player_choice":"Searched \u00272\u0027 times","damage_taken":0,"max_hp_gain":0,"max_hp_loss":0,"event_name":"Dead Adventurer","floor":7,"gold_loss":0},{"cards_removed":["Caltrops"],"damage_healed":0,"gold_gain":0,"player_choice":"Offered Uncommon","damage_taken":0,"max_hp_gain":0,"max_hp_loss":0,"event_name":"Bonfire Elementals","floor":8,"gold_loss":0},{"damage_healed":0,"gold_gain":0,"player_choice":"Ignored","damage_taken":0,"max_hp_gain":0,"max_hp_loss":0,"event_name":"Ghosts","floor":20,"gold_loss":0},{"cards_removed":["Strike_G"],"damage_healed":0,"gold_gain":0,"player_choice":"Gave Gold","damage_taken":0,"max_hp_gain":0,"max_hp_loss":0,"event_name":"Beggar","floor":21,"gold_loss":75},{"damage_healed":0,"gold_gain":0,"player_choice":"Traded Relic","damage_taken":0,"relics_obtained":["Nloth\u0027s Gift"],"max_hp_gain":0,"max_hp_loss":0,"event_name":"N\u0027loth","floor":22,"relics_lost":["NeowsBlessing"],"gold_loss":0}],"is_beta":false,"boss_relics":[{"not_picked":["SacredBark","Tiny House"],"picked":"WristBlade"}],"items_purged_floors":[4],"is_endless":false,"potions_floor_spawned":[1,3,10,14,16],"killed_by":"Slavers","ascension_level":1}}