{"host":"1bzbl1adcbkdzqlf","time":1612834256,"event":{"mods":["BaseMod","Minty Spire (QoL Compilation)","Slay the Relics Exporter"],"gold_per_floor":[117,133,133,143,154,154,179,197,220,246,266,266,279,131,131,230,230,241,71,91,104,104,104],"floor_reached":22,"language":"ENG","playtime":2432,"items_purged":["Strike_B"],"score":260,"play_id":"208574ac-62df-422e-a316-f293edfb5437","local_time":"20210208193056","is_ascension_mode":true,"campfire_choices":[{"data":"Dualcast","floor":6,"key":"SMITH"},{"floor":12,"key":"REST"},{"floor":15,"key":"REST"}],"circlet_count":0,"master_deck":["Zap","Dualcast+1","BootSequence","Go for the Eyes+1","Sweeping Beam","Gash","Cold Snap","Fusion","Sunder","Scrape","Genetic Algorithm","Core Surge","Echo Form","Leap","Amplify","Creative AI","Reboot","Barrage","BootSequence","Conserve Battery","Cold Snap","Mayhem","Hologram","Melter"],"relics":["Runic Dome","Whetstone","Ancient Tea Set","Potion Belt","Pandora\u0027s Box"],"acts_visited":["Exordium","TheCity"],"potions_floor_usage":[7,7,16,16],"damage_taken":[{"damage":2,"enemies":"Jaw Worm","floor":1,"turns":3},{"damage":10,"enemies":"Cultist","floor":2,"turns":4},{"damage":2,"enemies":"Small Slimes","floor":4,"turns":4},{"damage":2,"enemies":"Exordium Thugs","floor":5,"turns":3},{"damage":1,"enemies":"Lagavulin","floor":7,"turns":7},{"damage":0,"enemies":"2 Fungi Beasts","floor":8,"turns":3},{"damage":44,"enemies":"Gremlin Nob","floor":10,"turns":6},{"damage":0,"enemies":"Red Slaver","floor":11,"turns":2},{"damage":6,"enemies":"Gremlin Gang","floor":13,"turns":2},{"damage":38,"enemies":"The Guardian","floor":16,"turns":9},{"damage":22,"enemies":"Chosen","floor":18,"turns":7},{"damage":20,"enemies":"2 Thieves","floor":20,"turns":4},{"damage":11,"enemies":"Snecko","floor":21,"turns":5},{"damage":7,"enemies":"Snake Plant","floor":22,"turns":2}],"seed_played":"7118637833192362955","potions_obtained":[{"floor":2,"key":"AttackPotion"},{"floor":4,"key":"SkillPotion"},{"floor":5,"key":"PotionOfCapacity"},{"floor":10,"key":"PowerPotion"},{"floor":20,"key":"SteroidPotion"}],"is_trial":false,"path_per_floor":["M","M","?","M","M","R","E","M","T","E","M","R","M","$","R","B",null,"M","$","M","M","M"],"character_chosen":"DEFECT","items_purchased":["Core Surge","Mayhem"],"campfire_rested":2,"item_purchase_floors":[14,19],"current_hp_per_floor":[66,56,56,54,52,52,51,51,51,7,7,29,23,23,45,7,58,36,36,16,5,0,0],"gold":104,"neow_bonus":"BOSS_RELIC","is_daily":false,"chose_seed":false,"campfire_upgraded":1,"win_rate":0.0,"timestamp":1612834256,"path_taken":["M","M","?","M","M","R","E","M","T","E","M","R","M","$","R","BOSS","M","$","M","M","M"],"items_purchased_type":["Card","Card"],"build_version":"2020-12-22","purchased_purges":1,"victory":false,"max_hp_per_floor":[75,75,75,75,75,75,75,75,75,75,75,75,75,75,75,75,75,75,75,75,75,75,75],"card_choices":[{"not_picked":["Barrage","FTL"],"picked":"BootSequence","floor":1},{"not_picked":["Gash","Aggregate"],"picked":"Go for the Eyes","floor":2},{"not_picked":["Capacitor","Compile Driver"],"picked":"Sweeping Beam","floor":4},{"not_picked":["Sweeping Beam","Chaos"],"picked":"Gash","floor":5},{"not_picked":["Compile Driver","Static Discharge"],"picked":"Cold Snap","floor":7},{"not_picked":["Multi-Cast","Redo"],"picked":"Fusion","floor":8},{"not_picked":["Ball Lightning","Steam"],"picked":"Sunder","floor":10},{"not_picked":["Turbo","Double Energy"],"picked":"Scrape","floor":11},{"not_picked":["BootSequence","Turbo"],"picked":"Genetic Algorithm","floor":13},{"not_picked":["Seek","Buffer"],"picked":"Echo Form","floor":16},{"not_picked":["Stack","Turbo"],"picked":"Cold Snap","floor":18},{"not_picked":["Reinforced Body","Conserve Battery"],"picked":"Hologram","floor":20},{"not_picked":["Fusion","Beam Cell"],"picked":"Melter","floor":21}],"player_experience":379091,"relics_obtained":[{"floor":7,"key":"Whetstone"},{"floor":9,"key":"Ancient Tea Set"},{"floor":10,"key":"Potion Belt"}],"event_choices":[{"damage_healed":0,"gold_gain":0,"player_choice":"Upgraded","damage_taken":0,"max_hp_gain":0,"max_hp_loss":0,"event_name":"Upgrade Shrine","floor":3,"gold_loss":0,"cards_upgraded":["Go for the Eyes"]}],"is_beta":false,"boss_relics":[{"not_picked":["Tiny House","SlaversCollar"],"picked":"Pandora\u0027s Box"}],"items_purged_floors":[14],"is_endless":false,"potions_floor_spawned":[2,4,5,10,20],"killed_by":"Snake Plant","ascension_level":6}}