{"host":"zgbhbccg3hs73yp6","time":1612854716,"event":{"mods":["ATMod(°¢èªMod)","AchievementEnabler","BaseMod","Colored Powertips","Minty Spire (QoL Compilation)","StSLib","The Bug Knight"],"gold_per_floor":[111,111,127,137,137,167,167,195,195,46,58,58,82,7,7,136,136,154,174,174,54,54,94,125,138,138,158,171,195,195,219,219,350,350,371,396,464,266,266,305,305,324,351,372,372,705,725,742,742,742,742,742,0,32,32],"floor_reached":56,"language":"ZHS","playtime":4223,"items_purged":["Injury","Strike_P+1"],"score":1286,"play_id":"73c5dcfb-b318-4114-9bd1-0c6f9164a454","local_time":"20210209151156","is_ascension_mode":false,"campfire_choices":[{"floor":15.0,"key":"RECALL"},{"data":"AT_FamilyPortrait","floor":32.0,"key":"SMITH"},{"data":"AT_OneInchPunch","floor":41,"key":"SMITH"},{"data":"AT_RealColorLess","floor":49,"key":"SMITH"},{"data":"Madness","floor":52,"key":"SMITH"}],"circlet_count":0,"master_deck":["Strike_P+1","Strike_P+1","Strike_P+1","Defend_P+1","Defend_P+1","Defend_P+1","Defend_P+1","Eruption","Vigilance","AT_FamilyPortrait+1","Prostrate+1","Sanctity","FlyingSleeves","JustLucky","BowlingBash","Perseverance","DeceiveReality","AT_RealColorLess+1","AT_EmpoweredMortalDraw","CutThroughFate","FlurryOfBlows+1","Sanctity+1","AT_OneInchPunch+1","RitualDagger","Wallop","AT_DivineConfetti","Prostrate","ThirdEye+1","Study","Prostrate","AT_ChampionStep","Ragnarok","CrushJoints+1","ThirdEye+1","AT_ChampionStep+1","PathToVictory","Madness","Madness+1","CutThroughFate","SandsOfTime","BowlingBash+1","Consecrate+1","Consecrate+1","EmptyMind+1","Prostrate","AT_OneInchPunch","FollowUp","Apotheosis","FlyingSleeves"],"relics":["PureWater","AT_ATBox","AT_SeraphEmbrace","WarpedTongs","Mummified Hand","AT_RabadonDeathcap","AT_SunfireAegis","AT_MortalBlade","Meat on the Bone","Red Mask","AT_RedTearstoneRing","Anchor","Runic Pyramid","Prayer Wheel","Bronze Scales","PreservedInsect","Toy Ornithopter","Pear","Lantern","Medical Kit","War Paint","Ginger"],"acts_visited":["TheCity","TheBeyond","TheEnding"],"potions_floor_usage":[37,37,50,54],"damage_taken":[{"damage":6.0,"enemies":"2 Louse","floor":1.0,"turns":3.0},{"damage":4.0,"enemies":"Cultist","floor":3.0,"turns":3.0},{"damage":8.0,"enemies":"Small Slimes","floor":4.0,"turns":6.0},{"damage":13.0,"enemies":"Lagavulin","floor":6.0,"turns":7.0},{"damage":29.0,"enemies":"3 Sentries","floor":8.0,"turns":10.0},{"damage":0.0,"enemies":"2 Fungi Beasts","floor":11.0,"turns":3.0},{"damage":0.0,"enemies":"Blue Slaver","floor":13.0,"turns":3.0},{"damage":0.0,"enemies":"Slime Boss","floor":16.0,"turns":6.0},{"damage":0.0,"enemies":"2 Thieves","floor":18.0,"turns":2.0},{"damage":0.0,"enemies":"3 Byrds","floor":19.0,"turns":1.0},{"damage":17.0,"enemies":"Slavers","floor":23.0,"turns":3.0},{"damage":0.0,"enemies":"Masked Bandits","floor":24.0,"turns":3.0},{"damage":27.0,"enemies":"Shelled Parasite and Fungi","floor":25.0,"turns":4.0},{"damage":7.0,"enemies":"Snake Plant","floor":27.0,"turns":3.0},{"damage":0.0,"enemies":"Chosen and Byrds","floor":28.0,"turns":5.0},{"damage":0.0,"enemies":"Cultist and Chosen","floor":29.0,"turns":3.0},{"damage":0.0,"enemies":"Sentry and Sphere","floor":31.0,"turns":2.0},{"damage":2.0,"enemies":"Champ","floor":33.0,"turns":4.0},{"damage":0.0,"enemies":"Orb Walker","floor":35.0,"turns":3.0},{"damage":0.0,"enemies":"3 Shapes","floor":36.0,"turns":3.0},{"damage":24,"enemies":"2 Orb Walkers","floor":37,"turns":3},{"damage":7,"enemies":"Nemesis","floor":40,"turns":3},{"damage":0,"enemies":"Maw","floor":42,"turns":4},{"damage":0,"enemies":"Jaw Worm Horde","floor":44,"turns":4},{"damage":0,"enemies":"Transient","floor":47,"turns":5},{"damage":0,"enemies":"Maw","floor":48,"turns":4},{"damage":33,"enemies":"Time Eater","floor":50,"turns":6},{"damage":20,"enemies":"Shield and Spear","floor":54,"turns":4},{"damage":61,"enemies":"The Heart","floor":55,"turns":4}],"seed_played":"-4290465910110482486","potions_obtained":[{"floor":6.0,"key":"Swift Potion"},{"floor":11.0,"key":"Fruit Juice"},{"floor":16.0,"key":"BlessingOfTheForge"},{"floor":18.0,"key":"DistilledChaos"},{"floor":24.0,"key":"Block Potion"},{"floor":25.0,"key":"Dexterity Potion"},{"floor":28.0,"key":"EntropicBrew"},{"floor":35.0,"key":"FearPotion"},{"floor":36.0,"key":"ColorlessPotion"},{"floor":47,"key":"Swift Potion"},{"floor":48,"key":"Strength Potion"}],"is_trial":false,"path_per_floor":["M","?","M","M","?","E","?","E","T","$","M","?","M","$","R","B",null,"M","M","?","$","?","E","?","M","T","M","M","M","?","M","R","B",null,"M","M","?","$","?","E","R","M","T","M","T","?","M","M","R","B",null,"R","$","E","B",null],"character_chosen":"WATCHER","items_purchased":["AT_SunfireAegis","Sanctity","AT_OneInchPunch","PathToVictory","Bronze Scales","Lantern","Medical Kit","War Paint","Apotheosis"],"campfire_rested":0,"item_purchase_floors":[10,21,21,38,38,53,53,53,53],"current_hp_per_floor":[66,66,62,54,54,41,41,12,12,12,17,17,17,17,17,17,77,77,77,77,77,71,54,54,39,39,44,50,50,50,50,50,48,77,77,77,53,53,43,48,48,48,48,48,58,58,58,58,58,42,87,87,87,67,18],"gold":32,"neow_bonus":"RANDOM_COMMON_RELIC","is_daily":false,"chose_seed":false,"campfire_upgraded":4,"win_rate":0.0,"timestamp":1612854716,"path_taken":["M","?","?","M","?","E","?","E","T","$","M","?","M","?","R","BOSS","M","M","?","$","?","E","?","M","T","M","M","M","?","M","R","BOSS","M","M","?","$","?","E","R","M","T","M","?","?","M","M","R","BOSS","R","$","E","BOSS"],"items_purchased_type":["Relic","Card","Card","Card","Relic","Relic","Relic","Relic","Card"],"build_version":"2020-12-22","purchased_purges":2,"victory":true,"max_hp_per_floor":[72,72,72,72,72,72,72,72,72,72,77,77,77,77,77,77,77,77,77,77,77,77,77,77,77,77,77,77,77,77,77,77,77,77,77,77,77,77,77,77,77,77,77,77,87,87,87,87,87,87,87,87,87,87,87],"card_choices":[{"not_picked":["BattleHymn","ThirdEye"],"picked":"Prostrate","floor":1.0},{"not_picked":["BowlingBash","WheelKick"],"picked":"Sanctity","floor":3.0},{"not_picked":["Crescendo","Collect"],"picked":"FlyingSleeves","floor":4.0},{"not_picked":["FlurryOfBlows","Evaluate"],"picked":"JustLucky","floor":6.0},{"not_picked":["Conclude","FlurryOfBlows"],"picked":"BowlingBash","floor":8.0},{"not_picked":["InnerPeace","WaveOfTheHand"],"picked":"Perseverance","floor":11.0},{"not_picked":["FlurryOfBlows","Weave"],"picked":"DeceiveReality","floor":13.0},{"not_picked":["Blasphemy","Vault"],"picked":"AT_RealColorLess","floor":16.0},{"not_picked":["ReachHeaven","Conclude"],"picked":"CutThroughFate","floor":18.0},{"not_picked":["ClearTheMind","Conclude"],"picked":"FlurryOfBlows+1","floor":19.0},{"not_picked":["Protect","Halt"],"picked":"Wallop","floor":23.0},{"not_picked":["BowlingBash","EmptyMind+1"],"picked":"AT_DivineConfetti","floor":24.0},{"not_picked":["PathToVictory+1","EmptyBody"],"picked":"Prostrate","floor":25.0},{"not_picked":["Halt+1","ClearTheMind"],"picked":"ThirdEye+1","floor":27.0},{"not_picked":["Indignation+1","Crescendo"],"picked":"Study","floor":28.0},{"not_picked":["AT_SoftenMuscles","EmptyBody"],"picked":"Prostrate","floor":29.0},{"not_picked":["AT_DivineConfetti","FlurryOfBlows+1"],"picked":"AT_ChampionStep","floor":31.0},{"not_picked":["ConjureBlade","MasterReality"],"picked":"Ragnarok","floor":33.0},{"not_picked":["AT_SoftenMuscles","EmptyFist+1"],"picked":"CrushJoints+1","floor":35.0},{"not_picked":["Halt","Fasting2+1"],"picked":"ThirdEye+1","floor":36.0},{"not_picked":["Halt","JustLucky"],"picked":"AT_ChampionStep+1","floor":37},{"not_picked":["Tantrum+1","FlurryOfBlows"],"picked":"CutThroughFate","floor":40},{"not_picked":["Conclude","JustLucky"],"picked":"SandsOfTime","floor":42},{"not_picked":["Halt+1","FearNoEvil"],"picked":"BowlingBash+1","floor":42},{"not_picked":["ClearTheMind","Prostrate+1"],"picked":"Consecrate+1","floor":44},{"not_picked":["ThirdEye+1","Halt+1"],"picked":"Consecrate+1","floor":44},{"not_picked":["JustLucky","PathToVictory"],"picked":"EmptyMind+1","floor":47},{"not_picked":["LikeWater+1","SashWhip+1"],"picked":"Prostrate","floor":47},{"not_picked":["BowlingBash","AT_RealColorLess"],"picked":"AT_OneInchPunch","floor":48},{"not_picked":["FlurryOfBlows+1","Evaluate"],"picked":"FollowUp","floor":48},{"not_picked":["ThirdEye","CrushJoints"],"picked":"FlyingSleeves","floor":54}],"player_experience":55855,"relics_obtained":[{"floor":6.0,"key":"Mummified Hand"},{"floor":8.0,"key":"AT_RabadonDeathcap"},{"floor":23.0,"key":"Meat on the Bone"},{"floor":24.0,"key":"Red Mask"},{"floor":26.0,"key":"AT_RedTearstoneRing"},{"floor":37,"key":"Prayer Wheel"},{"floor":40,"key":"PreservedInsect"},{"floor":43,"key":"Toy Ornithopter"},{"floor":45,"key":"Pear"},{"floor":54,"key":"Ginger"}],"event_choices":[{"damage_healed":0.0,"max_hp_gain":0.0,"max_hp_loss":0.0,"gold_gain":0.0,"event_name":"Accursed Blacksmith","player_choice":"Rummage","floor":2.0,"gold_loss":0.0,"damage_taken":0.0,"relics_obtained":["WarpedTongs"],"cards_obtained":["Pain"]},{"cards_removed":["Pain"],"damage_healed":0.0,"max_hp_gain":0.0,"max_hp_loss":0.0,"gold_gain":0.0,"event_name":"Living Wall","player_choice":"Forget","floor":5.0,"gold_loss":0.0,"damage_taken":0.0},{"damage_healed":0.0,"max_hp_gain":0.0,"max_hp_loss":0.0,"gold_gain":0.0,"event_name":"Liars Game","player_choice":"Ignored","floor":7.0,"gold_loss":0.0,"damage_taken":0.0},{"damage_healed":0.0,"max_hp_gain":0.0,"max_hp_loss":0.0,"gold_gain":0.0,"event_name":"Golden Idol","player_choice":"Take Wound","floor":12.0,"gold_loss":0.0,"damage_taken":0.0,"relics_obtained":["Golden Idol"],"cards_obtained":["Injury"]},{"damage_healed":0.0,"max_hp_gain":0.0,"max_hp_loss":0.0,"gold_gain":0.0,"event_name":"Back to Basics","player_choice":"Simplicity","floor":20.0,"gold_loss":0.0,"damage_taken":0.0,"cards_upgraded":["Strike_P","Strike_P","Strike_P","Strike_P","Defend_P","Defend_P","Defend_P","Defend_P"]},{"damage_healed":0.0,"max_hp_gain":0.0,"max_hp_loss":0.0,"gold_gain":0.0,"event_name":"Nest","player_choice":"Joined the Cult","floor":22.0,"gold_loss":0.0,"damage_taken":6.0,"cards_obtained":["RitualDagger"]},{"damage_healed":0.0,"max_hp_gain":0.0,"max_hp_loss":0.0,"gold_gain":0.0,"event_name":"Masked Bandits","player_choice":"Fought Bandits","floor":24.0,"gold_loss":0.0,"damage_taken":0.0},{"damage_healed":0.0,"max_hp_gain":0.0,"max_hp_loss":0.0,"gold_gain":0.0,"event_name":"The Mausoleum","player_choice":"Opened","floor":30.0,"gold_loss":0.0,"damage_taken":0.0,"relics_obtained":["Anchor"]},{"damage_healed":0,"gold_gain":0,"player_choice":"Fight","damage_taken":0,"max_hp_gain":0,"max_hp_loss":0,"event_name":"Mysterious Sphere","floor":37,"gold_loss":0},{"damage_healed":0,"gold_gain":0,"player_choice":"Embrace Madness","damage_taken":10,"max_hp_gain":0,"max_hp_loss":0,"event_name":"Winding Halls","floor":39,"gold_loss":0,"cards_obtained":["Madness","Madness"]},{"damage_healed":0,"gold_gain":333,"player_choice":"Gave Idol","damage_taken":0,"max_hp_gain":0,"max_hp_loss":0,"event_name":"The Moai Head","floor":46,"relics_lost":["Golden Idol"],"gold_loss":0}],"is_beta":false,"boss_relics":[{"not_picked":["Empty Cage","Tiny House"],"picked":"AT_MortalBlade"},{"not_picked":["Runic Dome","Busted Crown"],"picked":"Runic Pyramid"}],"items_purged_floors":[14,53],"is_endless":false,"potions_floor_spawned":[6,11,16,18,24,25,28,35,36,47,48],"ascension_level":0}}