{"host":"y9jgkjnf95sujozk","time":1612879687,"event":{"mods":["2.2 Compatiblity","AchievementEnabler","Act Like it!","BaseMod","BetterRewards","Block Reminder","Colored Map","Colored Powertips","Friendly Minions","Gensokyo","GifTheSpireLib","Hallownest","Hermit","Highlight Path","HololiveMod","Hubris","Infinite Spire","Jorbs\u0027s Wanderer Trilogy","Koishi","Marisa（霧雨　魔理沙）","Minty Spire (QoL Compilation)","Quick Restart","Random Character Button","Rare Cards Sparkle","Reimu（博??梦）","Remilia（蕾米莉?）","Replay The Spire","Shop Mod","StSLib","SuperFastMode","The Bug Knight","The Cursed","The Disciple","The Hierophant","The Jungle","The Runesmith","The Senshi","The Servant 0.9.4"],"gold_per_floor":[109,11,31,31,42,42,42,42,69,39,54,54,54,68,68,172,172,174,166,166],"floor_reached":19,"language":"ENG","playtime":462,"items_purged":[],"score":188,"play_id":"59a7742a-99f8-49c4-9891-ecd981fd6b68","local_time":"20210209150807","is_ascension_mode":true,"campfire_choices":[{"data":"True Grit","floor":8,"key":"SMITH"},{"floor":12,"key":"REST"},{"floor":15,"key":"REST"}],"circlet_count":0,"master_deck":["Strike_R+1","Strike_R","Strike_R","Strike_R","Strike_R","Defend_R","Defend_R","Defend_R+1","Defend_R","Bash","Hemokinesis","Rupture","Good Instincts","True Grit+1","Dark Embrace+1","Feel No Pain","Iron Wave","Combust","Fiend Fire","Hololive_RevenueRecovery","m_Survivalism","Demon Form","Impatience","infinitespire:UltimateForm","Brutality"],"relics":["Burning Blood","Simple Rune","ReplayTheSpireMod:SealedPack"],"acts_visited":["Exordium","TheCity"],"potions_floor_usage":[16,16,19],"damage_taken":[{"damage":9,"enemies":"Small Slimes","floor":1,"turns":4},{"damage":11,"enemies":"2 Louse","floor":3,"turns":3},{"damage":2,"enemies":"Cultist","floor":5,"turns":4},{"damage":4,"enemies":"Looter","floor":10,"turns":4},{"damage":27,"enemies":"Gremlin Gang","floor":11,"turns":6},{"damage":15,"enemies":"3 Louse","floor":14,"turns":5},{"damage":58,"enemies":"Slime Boss","floor":16,"turns":9},{"damage":42,"enemies":"Shell Parasite","floor":18,"turns":9},{"damage":53,"enemies":"Chosen","floor":19,"turns":6}],"seed_played":"7098928671711511695","potions_obtained":[{"floor":1,"key":"Dexterity Potion"},{"floor":11,"key":"Swift Potion"},{"floor":16,"key":"AttackPotion"}],"is_trial":false,"path_per_floor":["M","$","M","$","M","?","?","R","T","M","M","R","?","M","R","B",null,"M","M"],"character_chosen":"IRONCLAD","items_purchased":["Hemokinesis","Good Instincts"],"campfire_rested":2,"item_purchase_floors":[0,2],"current_hp_per_floor":[77,77,72,72,76,80,80,80,80,80,59,80,80,71,80,28,80,44,0,0],"gold":166,"neow_bonus":"","is_daily":false,"chose_seed":false,"campfire_upgraded":1,"win_rate":0.0,"timestamp":1612879687,"path_taken":["M","$","M","$","M","?","?","R","T","?","M","R","?","M","R","BOSS","M","M"],"items_purchased_type":["Card","Card"],"build_version":"2020-12-22","purchased_purges":0,"victory":false,"max_hp_per_floor":[80,80,80,80,80,80,80,80,80,80,80,80,80,80,80,80,80,80,80,80],"card_choices":[{"not_picked":["Iron Wave","Flame Barrier"],"picked":"Rupture","floor":1},{"not_picked":["Iron Wave","Havoc"],"picked":"True Grit","floor":3},{"not_picked":["hubris:SharpeningStone","Body Slam"],"picked":"Dark Embrace","floor":5},{"not_picked":["Carnage","hubris:CleavingFinish"],"picked":"Feel No Pain","floor":10},{"not_picked":["Run Through","Immolate"],"picked":"Iron Wave","floor":11},{"not_picked":["Warcry","Sever Soul"],"picked":"Combust","floor":14},{"not_picked":["Demonic Infusion","Eclipse"],"picked":"Fiend Fire","floor":16},{"not_picked":["stsjorbsmod:EyeOfTheStorm","hierophant:Punish"],"picked":"m_Survivalism","floor":17},{"not_picked":["Limit Break","Bludgeon"],"picked":"Demon Form","floor":17},{"not_picked":["Forethought","Finesse"],"picked":"Impatience","floor":17},{"not_picked":["ReplayTheSpireMod:Echoes of Time","infinitespire:SealOfDarkness+"],"picked":"infinitespire:UltimateForm","floor":17},{"not_picked":["Perfected Strike","Iron Wave"],"picked":"Brutality","floor":18}],"player_experience":131614,"relics_obtained":[{"floor":9,"key":"Simple Rune"}],"event_choices":[{"damage_healed":0,"gold_gain":0,"player_choice":"Upgraded","damage_taken":0,"max_hp_gain":0,"max_hp_loss":0,"event_name":"Upgrade Shrine","floor":7,"gold_loss":0,"cards_upgraded":["Dark Embrace"]},{"damage_healed":0,"gold_gain":0,"player_choice":"Ignored","damage_taken":0,"max_hp_gain":0,"max_hp_loss":0,"event_name":"Purifier","floor":13,"gold_loss":0}],"is_beta":false,"boss_relics":[{"not_picked":["Calling Bell","Astrolabe"],"picked":"ReplayTheSpireMod:SealedPack"}],"items_purged_floors":[],"is_endless":false,"potions_floor_spawned":[1,11,16],"killed_by":"Chosen","ascension_level":4}}