{"host":"1vy6j31128f61x2z","time":1612900916,"event":{"mods":["AchievementEnabler","BaseMod","Colored Powertips","Minty Spire (QoL Compilation)","Permanent Neow"],"gold_per_floor":[114,114,15,35,53,53,85,100,126,154,166,184,184,202,202,304,304,314,314,333,346,361,361,308,340,340,340,350,450,467,121,121,219,219,233,247,37,1036,1036,1036,1036,1036,1036,1036,1036,1036,436,447,447,447],"floor_reached":51,"language":"ENG","playtime":3113,"items_purged":["Defend_P","Defend_P","Normality"],"score":677,"play_id":"c2ce4168-c514-4275-bb3e-51ba041a6e8d","local_time":"20210209150155","is_ascension_mode":false,"campfire_choices":[{"data":"Halt","floor":6.0,"key":"SMITH"},{"data":"Perseverance","floor":13.0,"key":"SMITH"},{"data":"Wallop","floor":15.0,"key":"SMITH"},{"data":"FearNoEvil","floor":23.0,"key":"SMITH"},{"data":"WheelKick","floor":27.0,"key":"SMITH"},{"data":"BowlingBash","floor":32,"key":"SMITH"},{"data":"Ragnarok","floor":40,"key":"SMITH"},{"data":"Crescendo","floor":41,"key":"SMITH"},{"data":"Meditate","floor":42,"key":"SMITH"},{"data":"FlurryOfBlows","floor":49,"key":"SMITH"}],"circlet_count":0,"master_deck":["Strike_P","Strike_P","Strike_P","Strike_P","Eruption+1","Vigilance+1","Halt+1","Crescendo+1","ClearTheMind","FearNoEvil+1","Meditate+1","Wallop+1","FlyingSleeves","Protect","Perseverance+1","Judgement+1","FlurryOfBlows+1","WaveOfTheHand","Collect","SashWhip+1","Protect+1","WheelKick+1","BowlingBash+1","Protect+1","InnerPeace+1","Ragnarok+1","Swivel+1","FollowUp+1","Normality","Dark Shackles+1","InnerPeace+1","Mind Blast","FlurryOfBlows+1"],"relics":["HolyWater","Bronze Scales","Happy Flower","Ancient Tea Set","Coffee Dripper","WingedGreaves","Lantern","Letter Opener","Ice Cream","Toxic Egg 2","Bottled Flame","War Paint","Kunai","ClockworkSouvenir","Nunchaku"],"acts_visited":["Exordium","TheCity","TheBeyond"],"potions_floor_usage":[30,33,50,50],"damage_taken":[{"damage":0.0,"enemies":"Jaw Worm","floor":1.0,"turns":3.0},{"damage":0.0,"enemies":"Cultist","floor":4.0,"turns":2.0},{"damage":0.0,"enemies":"2 Louse","floor":5.0,"turns":2.0},{"damage":13.0,"enemies":"Lagavulin","floor":7.0,"turns":5.0},{"damage":0.0,"enemies":"Red Slaver","floor":8.0,"turns":2.0},{"damage":8.0,"enemies":"3 Sentries","floor":10.0,"turns":5.0},{"damage":16.0,"enemies":"Large Slime","floor":11.0,"turns":4.0},{"damage":1.0,"enemies":"3 Louse","floor":12.0,"turns":3.0},{"damage":2.0,"enemies":"Looter","floor":14.0,"turns":2.0},{"damage":4.0,"enemies":"The Guardian","floor":16.0,"turns":8.0},{"damage":0.0,"enemies":"Spheric Guardian","floor":18.0,"turns":3.0},{"damage":0.0,"enemies":"3 Byrds","floor":20.0,"turns":3.0},{"damage":0.0,"enemies":"Snecko","floor":21.0,"turns":4.0},{"damage":6.0,"enemies":"3 Cultists","floor":22.0,"turns":5.0},{"damage":2.0,"enemies":"Gremlin Leader","floor":25.0,"turns":8.0},{"damage":1,"enemies":"Snake Plant","floor":28,"turns":3},{"damage":4,"enemies":"Colosseum Slavers","floor":29,"turns":2},{"damage":0,"enemies":"Colosseum Nobs","floor":29,"turns":2},{"damage":5,"enemies":"Centurion and Healer","floor":30,"turns":3},{"damage":5,"enemies":"Collector","floor":33,"turns":7},{"damage":0,"enemies":"3 Darklings","floor":35,"turns":2},{"damage":0,"enemies":"3 Shapes","floor":36,"turns":1},{"damage":0,"enemies":"Jaw Worm Horde","floor":48,"turns":2},{"damage":18,"enemies":"Donu and Deca","floor":50,"turns":5}],"seed_played":"-4662277156625462478","potions_obtained":[{"floor":1.0,"key":"CultistPotion"},{"floor":7.0,"key":"PowerPotion"},{"floor":8.0,"key":"DuplicationPotion"},{"floor":10.0,"key":"StancePotion"},{"floor":30,"key":"Ambrosia"},{"floor":33,"key":"SteroidPotion"}],"is_trial":false,"path_per_floor":["M","?","$","M","M","R","E","M","T","E","M","M","R","M","R","B",null,"M","?","M","M","M","R","?","E","T","R","M","?","M","$","R","B",null,"M","M","$","?","?","R","R","R","T","?","?","?","$","M","R","B",null],"character_chosen":"WATCHER","items_purchased":["Crescendo","Bottled Flame","Crescendo+1","War Paint","ClockworkSouvenir","InnerPeace+1","Nunchaku","Mind Blast"],"campfire_rested":0,"item_purchase_floors":[3,31,37,37,47,47,47,47],"current_hp_per_floor":[72,72,72,72,72,72,59,59,59,51,35,34,34,32,32,28,72,72,72,72,72,66,66,66,64,64,64,63,59,54,54,54,49,72,72,72,72,72,72,72,72,72,72,72,72,72,72,72,72,54],"gold":447,"neow_bonus":"REMOVE_CARD","is_daily":false,"chose_seed":false,"campfire_upgraded":10,"win_rate":0.0,"timestamp":1612900915,"path_taken":["M","?","$","M","M","R","E","M","T","E","M","?","R","?","R","BOSS","M","?","?","M","M","R","?","E","T","R","?","?","M","$","R","BOSS","M","M","$","?","?","R","R","R","T","?","?","?","$","?","R","BOSS"],"items_purchased_type":["Card","Relic","Card","Relic","Relic","Card","Relic","Card"],"build_version":"2020-12-22","purchased_purges":3,"victory":true,"max_hp_per_floor":[72,72,72,72,72,72,72,72,72,72,72,72,72,72,72,72,72,72,72,72,72,72,72,72,72,72,72,72,72,72,72,72,72,72,72,72,72,72,72,72,72,72,72,72,72,72,72,72,72,72],"card_choices":[{"not_picked":["LikeWater","FollowUp"],"picked":"Halt","floor":1.0},{"not_picked":["FlurryOfBlows","Consecrate"],"picked":"ClearTheMind","floor":4.0},{"not_picked":["ThirdEye","Conclude"],"picked":"FearNoEvil","floor":5.0},{"not_picked":["ThirdEye","DevaForm"],"picked":"Meditate","floor":7.0},{"not_picked":["TalkToTheHand","EmptyBody"],"picked":"Wallop","floor":8.0},{"not_picked":["ClearTheMind","FearNoEvil"],"picked":"FlyingSleeves","floor":10.0},{"not_picked":["SashWhip","Weave"],"picked":"Protect","floor":11.0},{"not_picked":["BowlingBash","CutThroughFate"],"picked":"Perseverance","floor":12.0},{"not_picked":["EmptyFist","Meditate","Evaluate"],"picked":"SKIP","floor":14.0},{"not_picked":["Brilliance","MasterReality"],"picked":"Judgement","floor":16.0},{"not_picked":["Weave","SashWhip+1"],"picked":"FlurryOfBlows+1","floor":18.0},{"not_picked":["DeceiveReality","Consecrate+1"],"picked":"Collect","floor":20.0},{"not_picked":["Protect+1","Conclude+1"],"picked":"SashWhip+1","floor":21.0},{"not_picked":["Evaluate","EmptyBody"],"picked":"Protect+1","floor":22.0},{"not_picked":["Sanctity","Swivel"],"picked":"WheelKick","floor":25.0},{"not_picked":["WreathOfFlame","Evaluate+1"],"picked":"BowlingBash","floor":28},{"not_picked":["BowlingBash","Pray+1"],"picked":"Protect+1","floor":29},{"not_picked":["CarveReality","CrushJoints"],"picked":"InnerPeace+1","floor":30},{"not_picked":["MasterReality","Scrawl+1"],"picked":"Ragnarok","floor":33},{"not_picked":["BowlingBash+1","Study"],"picked":"Swivel+1","floor":35},{"not_picked":["Nirvana","Consecrate"],"picked":"FollowUp+1","floor":36},{"not_picked":["Madness+1","Magnetism"],"picked":"Dark Shackles+1","floor":46},{"not_picked":["DeceiveReality+1","Evaluate+1"],"picked":"FlurryOfBlows","floor":48}],"player_experience":19560,"relics_obtained":[{"floor":7.0,"key":"Bronze Scales"},{"floor":9.0,"key":"Happy Flower"},{"floor":10.0,"key":"Ancient Tea Set"},{"floor":25.0,"key":"Lantern"},{"floor":26.0,"key":"Letter Opener"},{"floor":29,"key":"Ice Cream"},{"floor":29,"key":"Toxic Egg 2"},{"floor":43,"key":"Kunai"}],"event_choices":[{"damage_healed":0.0,"max_hp_gain":0.0,"max_hp_loss":0.0,"gold_gain":0.0,"event_name":"Upgrade Shrine","player_choice":"Upgraded","floor":2.0,"gold_loss":0.0,"damage_taken":0.0,"cards_upgraded":["Eruption"]},{"damage_healed":0.0,"max_hp_gain":0.0,"max_hp_loss":0.0,"gold_gain":0.0,"cards_transformed":["Defend_P"],"event_name":"Transmorgrifier","player_choice":"Transformed","floor":19.0,"gold_loss":0.0,"damage_taken":0.0,"cards_obtained":["WaveOfTheHand"]},{"damage_healed":0.0,"max_hp_gain":0.0,"max_hp_loss":0.0,"gold_gain":0.0,"event_name":"WeMeetAgain","player_choice":"Paid Gold","floor":24.0,"gold_loss":53.0,"damage_taken":0.0,"relics_obtained":["WingedGreaves"]},{"damage_healed":0,"gold_gain":0,"player_choice":"Fight","damage_taken":0,"max_hp_gain":0,"max_hp_loss":0,"event_name":"Colosseum","floor":29,"gold_loss":0},{"damage_healed":0,"gold_gain":0,"player_choice":"Fought Nobs","damage_taken":0,"max_hp_gain":0,"max_hp_loss":0,"event_name":"Colosseum","floor":29,"gold_loss":0},{"damage_healed":0,"gold_gain":999,"player_choice":"Gold","damage_taken":0,"max_hp_gain":0,"max_hp_loss":0,"event_name":"MindBloom","floor":38,"gold_loss":0,"cards_obtained":["Normality","Normality"]},{"cards_removed":["Crescendo"],"damage_healed":0,"gold_gain":0,"player_choice":"Removed Skill","damage_taken":0,"max_hp_gain":0,"max_hp_loss":0,"event_name":"Falling","floor":39,"gold_loss":0},{"damage_healed":0,"gold_gain":0,"player_choice":"Ignored","damage_taken":0,"max_hp_gain":0,"max_hp_loss":0,"event_name":"Tomb of Lord Red Mask","floor":44,"gold_loss":0},{"damage_healed":0,"gold_gain":0,"player_choice":"Ignored","damage_taken":0,"max_hp_gain":0,"max_hp_loss":0,"event_name":"Mysterious Sphere","floor":45,"gold_loss":0},{"damage_healed":0,"gold_gain":0,"player_choice":"Memory 1","damage_taken":0,"max_hp_gain":0,"max_hp_loss":0,"event_name":"SensoryStone","floor":46,"gold_loss":0}],"is_beta":false,"boss_relics":[{"not_picked":["Fusion Hammer","Runic Dome"],"picked":"Coffee Dripper"},{"not_picked":["Runic Pyramid","Sozu"],"picked":"HolyWater"}],"items_purged_floors":[3,31,47],"is_endless":false,"potions_floor_spawned":[1,7,8,10,11,16,18,22,25,28,30,33],"ascension_level":0}}