{"host":"yml0ux6c8lqydjlc","time":1612908282,"event":{"mods":["Aspiration","BaseMod","Conspire","Downfall","Hermit","Jedi Mod","Minty Spire (QoL Compilation)","Robot Space Explorer","StSLib"],"gold_per_floor":[111,111,123,136,147,147,147],"floor_reached":6,"language":"ENG","playtime":4452,"items_purged":[],"score":38,"play_id":"154619ee-ef3b-42c4-9e6d-97c1d0bf3bdd","local_time":"20210209170442","is_ascension_mode":false,"campfire_choices":[],"circlet_count":0,"master_deck":["Strike_G","Strike_G","Strike_G","Strike_G","Strike_G","Defend_G","Defend_G","Defend_G","Defend_G","Defend_G","Survivor","Neutralize","Outmaneuver","Quick Slash","Flying Knee","Blur"],"relics":["Ring of the Snake"],"acts_visited":["Exordium"],"potions_floor_usage":[4],"damage_taken":[{"damage":1,"enemies":"conspire:RoseBush","floor":1,"turns":4},{"damage":0,"enemies":"Small Slimes","floor":3,"turns":5},{"damage":4,"enemies":"Jaw Worm","floor":4,"turns":4},{"damage":12,"enemies":"Blue Slaver","floor":5,"turns":4},{"damage":68,"enemies":"Gremlin Nob","floor":6,"turns":5}],"seed_played":"-6321867425668929138","potions_obtained":[{"floor":0,"key":"SmokeBomb"},{"floor":0,"key":"Slimebound:ThreeZeroPotion"},{"floor":0,"key":"Explosive Potion"},{"floor":1,"key":"jedi:StrikingPotion"},{"floor":3,"key":"jedi:StrikingPotion"}],"is_trial":false,"path_per_floor":["M","?","M","M","M","E"],"character_chosen":"THE_SILENT","items_purchased":[],"campfire_rested":0,"item_purchase_floors":[],"current_hp_per_floor":[69,69,69,65,53,0,0],"gold":147,"neow_bonus":"THREE_SMALL_POTIONS","is_daily":false,"chose_seed":false,"campfire_upgraded":0,"win_rate":0.0,"timestamp":1612908282,"path_taken":["M","?","M","M","M","E"],"items_purchased_type":[],"build_version":"2020-12-22","purchased_purges":0,"victory":false,"max_hp_per_floor":[70,70,70,70,70,70,70],"card_choices":[{"not_picked":["jedi:collectorvenom","All Out Attack"],"picked":"Outmaneuver","floor":1},{"not_picked":["Dagger Spray","Choke"],"picked":"Quick Slash","floor":3},{"not_picked":["Backflip","Eviscerate"],"picked":"Flying Knee","floor":4},{"not_picked":["Quick Slash","Flechettes"],"picked":"Blur","floor":5}],"player_experience":35428,"relics_obtained":[],"event_choices":[{"damage_healed":0,"gold_gain":0,"player_choice":"Disagree","damage_taken":0,"max_hp_gain":0,"max_hp_loss":0,"event_name":"conspire:LoneGhost","floor":2,"gold_loss":0}],"is_beta":false,"boss_relics":[],"items_purged_floors":[],"is_endless":false,"potions_floor_spawned":[1,3],"killed_by":"Gremlin Nob","ascension_level":0}}