{"host":"0qlrtuw7bw78ucw4","time":1612871161,"event":{"mods":["BaseMod","Downfall","Minty Spire (QoL Compilation)","StSLib"],"gold_per_floor":[99,112,112,22,122,142,142,142,161,161,69,98,114,114,132,132,132,132],"floor_reached":16,"language":"ENG","playtime":774,"items_purged":["Decay"],"score":175,"play_id":"009d6991-4c12-48ae-9dd5-3d315dc1b612","local_time":"20210209224601","is_ascension_mode":true,"campfire_choices":[{"data":"Guardian:TwinSlam","floor":1,"key":"SMITH"},{"data":"Guardian:CurlUp","floor":8,"key":"SMITH"},{"data":"Guardian:ExploitGems","floor":10,"key":"SMITH"}],"circlet_count":0,"master_deck":["AscendersBane","Guardian:Strike_Guardian+1","Guardian:Strike_Guardian+1","Guardian:Defend_Guardian+1","Guardian:Defend_Guardian","Guardian:Defend_Guardian","Guardian:CurlUp+1","Guardian:TwinSlam+1","Guardian:ExploitGems+1","downfall:Icky","Guardian:SpikerProtocol","Guardian:SpikerProtocol","Guardian:CompilePackage","Guardian:RevengeProtocol","Guardian:PolyBeam","downfall:Malfunctioning","Guardian:Gem_Green"],"relics":["Guardian:ModeShifter","Lantern","Smiling Mask"],"acts_visited":["Exordium"],"potions_floor_usage":[],"damage_taken":[{"damage":10,"enemies":"2 Louse","floor":2,"turns":3},{"damage":7,"enemies":"downfall:FleeingMerchant","floor":4,"turns":4},{"damage":5,"enemies":"Cultist","floor":6,"turns":4},{"damage":3,"enemies":"Jaw Worm","floor":9,"turns":5},{"damage":0,"enemies":"downfall:FleeingMerchant","floor":11,"turns":4},{"damage":16,"enemies":"Gremlin Nob","floor":12,"turns":5},{"damage":0,"enemies":"Exordium Wildlife","floor":13,"turns":1},{"damage":0,"enemies":"Red Slaver","floor":15,"turns":6},{"damage":49,"enemies":"IC_STATUS_ARCHETYPE","floor":16,"turns":10}],"seed_played":"-8991897893053812060","potions_obtained":[{"floor":2,"key":"Ancient Potion"},{"floor":6,"key":"LiquidBronze"}],"is_trial":false,"path_per_floor":["R","M","?","$","?","M","T","R","M","R","$","E","M","?","M","B"],"character_chosen":"GUARDIAN","items_purchased":["Guardian:CompilePackage"],"campfire_rested":0,"item_purchase_floors":[11],"current_hp_per_floor":[72,62,62,55,55,50,50,50,47,47,47,31,31,31,31,0,0,0],"gold":132,"neow_bonus":"TEN_PERCENT_HP_BONUS","is_daily":false,"chose_seed":false,"campfire_upgraded":3,"win_rate":0.0,"timestamp":1612871161,"path_taken":["R","M","?","?","?","?","T","R","M","R","?","E","M","?","M","BOSS"],"items_purchased_type":["Card"],"build_version":"2020-12-22","purchased_purges":1,"victory":false,"max_hp_per_floor":[79,79,79,79,79,79,79,79,79,79,79,79,79,79,79,79,79,79],"card_choices":[{"not_picked":["Guardian:Gem_Lightblue","Guardian:DecasProtection"],"picked":"Guardian:Gem_White","floor":2},{"not_picked":["Guardian:TemporalShield","Guardian:Preprogram"],"picked":"Guardian:ExploitGems","floor":4},{"not_picked":["Guardian:PiercingHide","Guardian:Recover"],"picked":"Guardian:SpikerProtocol","floor":6},{"not_picked":["Guardian:Gem_Red","Guardian:BronzeArmor"],"picked":"Guardian:Gem_Cyan","floor":9},{"not_picked":["Guardian:Gem_Lightblue","Guardian:TemporalShield"],"picked":"Guardian:SpikerProtocol","floor":11},{"not_picked":["Guardian:TimeBomb","Guardian:PiercingHide"],"picked":"Guardian:RevengeProtocol","floor":12},{"not_picked":["Guardian:Gem_Green","Guardian:CrystalBeam"],"picked":"Guardian:PolyBeam","floor":13},{"not_picked":["Guardian:ShieldCharger","Guardian:Gem_Blue"],"picked":"Guardian:Gem_Green","floor":15}],"player_experience":973373,"relics_obtained":[{"floor":7,"key":"Lantern"},{"floor":12,"key":"Smiling Mask"}],"event_choices":[],"is_beta":false,"boss_relics":[],"items_purged_floors":[4],"is_endless":false,"potions_floor_spawned":[2,6,15],"killed_by":"IC_STATUS_ARCHETYPE","ascension_level":15}}