{"host":"r91i8wii3z9p67t1","time":1612873763,"event":{"mods":["BaseMod","Minty Spire (QoL Compilation)","Relic Stats","StSLib"],"gold_per_floor":[211,68,79,95,95,112,187,187,187,187,5,30,47,60,60,159,159,177,196,212,225,22,57,70,169,169,169,70,104,104,116,116,220,220,233,243,18,18,18,18],"floor_reached":41,"language":"ENG","playtime":2417,"items_purged":["Strike_G","Strike_G","Strike_G","Strike_G"],"score":871,"play_id":"2466556c-490e-4cf5-8baa-04711b46d7e2","local_time":"20210209202923","is_ascension_mode":true,"campfire_choices":[{"data":"Blade Dance","floor":10,"key":"SMITH"},{"data":"Accuracy","floor":15,"key":"SMITH"},{"data":"Choke","floor":27,"key":"SMITH"},{"data":"Finisher","floor":30,"key":"SMITH"},{"data":"Leg Sweep","floor":32,"key":"SMITH"}],"circlet_count":0,"master_deck":["Defend_G","Defend_G","Defend_G","Defend_G","Survivor","Neutralize","Leg Sweep+1","Footwork","Blade Dance+1","Blade Dance+1","Choke+1","Corpse Explosion","Accuracy+1","Malaise","Infinite Blades+1","Blade Dance+1","Malaise","Finisher+1","Infinite Blades+1","Adrenaline","Blur","Acrobatics+1","Calculated Gamble+1","Reflex+1","Outmaneuver+1"],"relics":["Ring of the Snake","Matryoshka","Membership Card","Meat on the Bone","Philosopher\u0027s Stone","PreservedInsect","Medical Kit","Juzu Bracelet","Regal Pillow","Sundial","Ninja Scroll","Cursed Key","Orrery","Anchor"],"acts_visited":["Exordium","TheCity","TheBeyond"],"potions_floor_usage":[6,12,20,29,40,40,40],"damage_taken":[{"damage":0,"enemies":"2 Louse","floor":1,"turns":3},{"damage":1,"enemies":"Jaw Worm","floor":3,"turns":8},{"damage":4,"enemies":"Cultist","floor":4,"turns":6},{"damage":0,"enemies":"Lots of Slimes","floor":6,"turns":1},{"damage":6,"enemies":"3 Sentries","floor":12,"turns":8},{"damage":0,"enemies":"Exordium Wildlife","floor":13,"turns":4},{"damage":0,"enemies":"Large Slime","floor":14,"turns":4},{"damage":11,"enemies":"Hexaghost","floor":16,"turns":7},{"damage":0,"enemies":"Chosen","floor":18,"turns":3},{"damage":1,"enemies":"Shell Parasite","floor":19,"turns":5},{"damage":1,"enemies":"Shelled Parasite and Fungi","floor":20,"turns":2},{"damage":7,"enemies":"Snake Plant","floor":21,"turns":6},{"damage":19,"enemies":"Slavers","floor":23,"turns":2},{"damage":9,"enemies":"Centurion and Healer","floor":24,"turns":6},{"damage":4,"enemies":"Book of Stabbing","floor":29,"turns":5},{"damage":0,"enemies":"Snecko","floor":31,"turns":2},{"damage":26,"enemies":"Automaton","floor":33,"turns":5},{"damage":0,"enemies":"3 Darklings","floor":35,"turns":3},{"damage":0,"enemies":"3 Shapes","floor":36,"turns":1},{"damage":23,"enemies":"Donu and Deca","floor":40,"turns":3}],"seed_played":"-7456492780538907825","potions_obtained":[{"floor":1,"key":"Explosive Potion"},{"floor":12,"key":"EssenceOfSteel"},{"floor":14,"key":"Energy Potion"},{"floor":16,"key":"LiquidMemories"},{"floor":18,"key":"DuplicationPotion"},{"floor":23,"key":"BlessingOfTheForge"},{"floor":24,"key":"Strength Potion"},{"floor":29,"key":"ColorlessPotion"}],"is_trial":false,"path_per_floor":["M","$","M","M","?","M","?","?","T","R","$","E","M","M","R","B",null,"M","M","M","M","$","E","M","?","T","R","$","E","R","M","R","B",null,"M","M","$","?","?","B",null],"character_chosen":"THE_SILENT","items_purchased":["Footwork","Membership Card","DistilledChaos","PreservedInsect","Medical Kit","Finisher","Orrery","Anchor"],"campfire_rested":0,"item_purchase_floors":[2,11,11,22,22,28,37,37],"current_hp_per_floor":[63,63,62,58,51,51,40,40,40,40,40,34,46,46,46,47,64,64,63,62,55,55,36,39,39,39,39,39,47,47,47,47,33,61,61,61,61,61,61,38],"gold":18,"neow_bonus":"HUNDRED_GOLD","is_daily":false,"chose_seed":false,"campfire_upgraded":5,"win_rate":0.0,"timestamp":1612873763,"path_taken":["M","$","M","M","?","M","?","?","T","R","$","E","M","?","R","BOSS","M","?","M","M","$","E","M","?","T","R","$","E","R","M","R","BOSS","M","M","$","?","?","BOSS"],"items_purchased_type":["Card","Relic","Potion","Relic","Relic","Card","Relic","Relic"],"build_version":"2020-12-22","purchased_purges":4,"victory":true,"max_hp_per_floor":[70,70,70,70,70,70,70,70,70,70,70,70,70,70,70,70,70,70,70,70,70,70,70,70,70,70,70,70,70,70,70,70,70,70,70,70,70,70,70,70],"relic_stats":{"Regal Pillow":0,"counters":[20,84],"Sundial":[2],"PreservedInsect":80,"Juzu Bracelet":1,"Medical Kit":[0],"Cursed Key":0,"obtain_stats":[{"Regal Pillow":26,"PreservedInsect":22,"Juzu Bracelet":23,"Medical Kit":22,"Cursed Key":34,"Anchor":37,"Matryoshka":9,"Sundial":26,"Ninja Scroll":29,"Orrery":37,"Philosopher\u0027s Stone":17,"Membership Card":11,"Ring of the Snake":0,"Meat on the Bone":12},{"Regal Pillow":14,"PreservedInsect":12,"Juzu Bracelet":13,"Medical Kit":12,"Cursed Key":17,"Anchor":19,"Matryoshka":4,"Sundial":14,"Ninja Scroll":15,"Orrery":19,"Philosopher\u0027s Stone":8,"Membership Card":4,"Ring of the Snake":0,"Meat on the Bone":5},{"Regal Pillow":65,"PreservedInsect":57,"Juzu Bracelet":59,"Medical Kit":57,"Cursed Key":77,"Anchor":81,"Matryoshka":18,"Sundial":65,"Ninja Scroll":70,"Orrery":81,"Philosopher\u0027s Stone":41,"Membership Card":18,"Ring of the Snake":0,"Meat on the Bone":26}],"Ring of the Snake":[40],"Meat on the Bone":60},"card_choices":[{"not_picked":["Outmaneuver","Bane"],"picked":"Leg Sweep","floor":1},{"not_picked":["Outmaneuver","Bane","Sucker Punch"],"picked":"SKIP","floor":3},{"not_picked":["Escape Plan","Sucker Punch"],"picked":"Blade Dance","floor":4},{"not_picked":["Escape Plan","Reflex"],"picked":"Blade Dance","floor":6},{"not_picked":["Distraction","Setup"],"picked":"Choke","floor":12},{"not_picked":["Footwork","Noxious Fumes"],"picked":"Corpse Explosion","floor":13},{"not_picked":["Caltrops","Backflip"],"picked":"Accuracy","floor":14},{"not_picked":["Tools of the Trade","Bullet Time"],"picked":"Malaise","floor":16},{"not_picked":["Flechettes","Choke+1","Outmaneuver"],"picked":"SKIP","floor":18},{"not_picked":["Crippling Poison","Outmaneuver","Slice+1"],"picked":"SKIP","floor":19},{"not_picked":["Blade Dance","Poisoned Stab+1"],"picked":"Infinite Blades+1","floor":20},{"not_picked":["Quick Slash","Bane"],"picked":"Blade Dance+1","floor":21},{"not_picked":["Flechettes+1","Setup+1","Deflect"],"picked":"SKIP","floor":23},{"not_picked":["All Out Attack+1","Poisoned Stab"],"picked":"Malaise","floor":24},{"not_picked":["Bane","Acrobatics"],"picked":"Infinite Blades+1","floor":29},{"not_picked":["Dagger Throw+1","PiercingWail","Bane"],"picked":"SKIP","floor":31},{"not_picked":["Die Die Die","Bullet Time"],"picked":"Adrenaline","floor":33},{"not_picked":["Prepared","Flying Knee","Sucker Punch+1"],"picked":"SKIP","floor":35},{"not_picked":["Prepared","Dagger Spray"],"picked":"Blur","floor":36},{"not_picked":["PiercingWail+1","Dagger Spray+1"],"picked":"Acrobatics+1","floor":37},{"not_picked":["Finisher+1","Catalyst"],"picked":"Calculated Gamble+1","floor":37},{"not_picked":["Outmaneuver","Heel Hook"],"picked":"Reflex+1","floor":37},{"not_picked":["All Out Attack","Distraction+1"],"picked":"Outmaneuver+1","floor":37}],"player_experience":1026464,"relics_obtained":[{"floor":9,"key":"Matryoshka"},{"floor":12,"key":"Meat on the Bone"},{"floor":23,"key":"Juzu Bracelet"},{"floor":26,"key":"Regal Pillow"},{"floor":26,"key":"Sundial"},{"floor":29,"key":"Ninja Scroll"}],"event_choices":[{"cards_removed":["Strike_G"],"damage_healed":0,"gold_gain":0,"player_choice":"Card Removal","damage_taken":7,"max_hp_gain":0,"max_hp_loss":0,"event_name":"Golden Wing","floor":5,"gold_loss":0},{"damage_healed":0,"gold_gain":75,"player_choice":"Gather Gold","damage_taken":11,"max_hp_gain":0,"max_hp_loss":0,"event_name":"World of Goop","floor":7,"gold_loss":0},{"damage_healed":0,"gold_gain":0,"player_choice":"Grow","damage_taken":0,"max_hp_gain":0,"max_hp_loss":0,"event_name":"Living Wall","floor":8,"gold_loss":0,"cards_upgraded":["Blade Dance"]},{"damage_healed":0,"gold_gain":99,"player_choice":"Stole From Cult","damage_taken":0,"max_hp_gain":0,"max_hp_loss":0,"event_name":"Nest","floor":25,"gold_loss":0},{"cards_removed":["Defend_G"],"damage_healed":0,"gold_gain":0,"player_choice":"Removed Skill","damage_taken":0,"max_hp_gain":0,"max_hp_loss":0,"event_name":"Falling","floor":38,"gold_loss":0},{"damage_healed":0,"gold_gain":0,"player_choice":"Took Portal","damage_taken":0,"max_hp_gain":0,"max_hp_loss":0,"event_name":"SecretPortal","floor":39,"gold_loss":0}],"is_beta":false,"boss_relics":[{"not_picked":["HoveringKite","Runic Dome"],"picked":"Philosopher\u0027s Stone"},{"not_picked":["Velvet Choker","Calling Bell"],"picked":"Cursed Key"}],"items_purged_floors":[2,22,28,37],"is_endless":false,"potions_floor_spawned":[1,12,14,16,18,23,24,29],"ascension_level":7}}