{"host":"gkm149kh1ihaqy0o","time":1612911552,"event":{"mods":["AchievementEnabler","BaseMod","Colored Powertips","Googly Eyes","Key Reminder","Minty Spire (QoL Compilation)","Permanent Neow","Quick Restart","Random Character Button","Rare Cards Sparkle","Relic Sorter","Relic Stats","SuperFastMode","Unceasing Turn Reminder","everything is the same but u backflip on backflip"],"gold_per_floor":[116,126,146,162,176,176,176,176],"floor_reached":7,"language":"ENG","playtime":380,"items_purged":[],"score":86,"play_id":"46ce00b9-ad6d-41f9-9739-166f054a02d7","local_time":"20210209165912","is_ascension_mode":true,"campfire_choices":[{"floor":6,"key":"REST"}],"circlet_count":0,"master_deck":["AscendersBane","Strike_R","Strike_R","Strike_R","Strike_R","Strike_R","Defend_R","Defend_R","Defend_R","Defend_R","Bash","Demon Form","Armaments","Clothesline","Pommel Strike","Juggernaut","Pommel Strike"],"relics":["Burning Blood"],"acts_visited":["Exordium"],"potions_floor_usage":[3],"damage_taken":[{"damage":7,"enemies":"Cultist","floor":1,"turns":5},{"damage":4,"enemies":"2 Louse","floor":2,"turns":4},{"damage":9,"enemies":"Small Slimes","floor":3,"turns":5},{"damage":13,"enemies":"Blue Slaver","floor":4,"turns":6},{"damage":35,"enemies":"Lots of Slimes","floor":5,"turns":5},{"damage":50,"enemies":"3 Sentries","floor":7,"turns":8}],"seed_played":"-3369309892036829264","potions_obtained":[{"floor":2,"key":"LiquidBronze"}],"is_trial":false,"path_per_floor":["M","M","M","M","M","R","E"],"character_chosen":"IRONCLAD","items_purchased":[],"campfire_rested":1,"item_purchase_floors":[],"current_hp_per_floor":[67,69,66,59,30,52,2,2],"gold":176,"neow_bonus":"ONE_RANDOM_RARE_CARD","is_daily":false,"chose_seed":false,"campfire_upgraded":0,"win_rate":0.0,"timestamp":1612911552,"path_taken":["M","M","M","M","?","R","E"],"items_purchased_type":[],"build_version":"2020-12-22","purchased_purges":0,"victory":false,"max_hp_per_floor":[75,75,75,75,75,75,75,75],"relic_stats":{"counters":[6,33],"obtain_stats":[{"Burning Blood":0},{"Burning Blood":0},{"Burning Blood":0}],"Burning Blood":30},"card_choices":[{"not_picked":["Headbutt","Dark Embrace"],"picked":"Armaments","floor":1},{"not_picked":["Body Slam","Dropkick"],"picked":"Clothesline","floor":2},{"not_picked":["Clothesline","Fire Breathing"],"picked":"Pommel Strike","floor":3},{"not_picked":["Pommel Strike","Burning Pact"],"picked":"Juggernaut","floor":4},{"not_picked":["Body Slam","Clash"],"picked":"Pommel Strike","floor":5}],"player_experience":654639,"relics_obtained":[],"event_choices":[],"is_beta":false,"boss_relics":[],"items_purged_floors":[],"is_endless":false,"potions_floor_spawned":[2],"killed_by":"3 Sentries","ascension_level":18}}