{"host":"7l2t4psy44vpcd9q","time":1612870039,"event":{"mods":["AchievementEnabler","BaseMod","DeckTracker","Minty Spire (QoL Compilation)","SuperFastMode"],"gold_per_floor":[110,110,124,124,141,141,175,175,175,207,229,73,38,67,67,138,138,157,176,176,203,220,220,220,220],"floor_reached":24,"language":"KOR","playtime":600,"items_purged":["Strike_R"],"score":424,"play_id":"0bf5bd51-079e-49e1-a6d2-782339c204f4","local_time":"20210209202719","is_ascension_mode":true,"campfire_choices":[{"data":"Whirlwind","floor":6.0,"key":"SMITH"},{"data":"Clothesline","floor":8.0,"key":"SMITH"},{"data":"Fire Breathing","floor":15.0,"key":"SMITH"},{"floor":23,"key":"REST"}],"circlet_count":0,"master_deck":["AscendersBane","Strike_R","Strike_R","Defend_R","Defend_R","Defend_R","Defend_R","Bash","Whirlwind+1","Fire Breathing+1","Body Slam","Clothesline+1","Shockwave","Flex","Inflame","Flame Barrier","Offering","Spot Weakness"],"relics":["Burning Blood","Paper Frog","Pen Nib","Sundial","Odd Mushroom","Akabeko","Empty Cage","Smiling Mask"],"acts_visited":["Exordium","TheCity"],"potions_floor_usage":[24,24],"damage_taken":[{"damage":4.0,"enemies":"Jaw Worm","floor":1.0,"turns":4.0},{"damage":8.0,"enemies":"2 Louse","floor":3.0,"turns":2.0},{"damage":1.0,"enemies":"Cultist","floor":5.0,"turns":3.0},{"damage":15.0,"enemies":"3 Sentries","floor":7.0,"turns":4.0},{"damage":30.0,"enemies":"Lagavulin","floor":10.0,"turns":7.0},{"damage":0.0,"enemies":"The Mushroom Lair","floor":11.0,"turns":2.0},{"damage":11.0,"enemies":"Gremlin Nob","floor":14.0,"turns":3.0},{"damage":51.0,"enemies":"Hexaghost","floor":16.0,"turns":9.0},{"damage":19.0,"enemies":"2 Thieves","floor":18.0,"turns":3.0},{"damage":28.0,"enemies":"Spheric Guardian","floor":19.0,"turns":4.0},{"damage":24,"enemies":"Snake Plant","floor":22,"turns":3},{"damage":38,"enemies":"Sentry and Sphere","floor":24,"turns":4}],"seed_played":"4021282692466180487","potions_obtained":[{"floor":3.0,"key":"Swift Potion"},{"floor":10.0,"key":"Swift Potion"},{"floor":11.0,"key":"Fire Potion"},{"floor":14.0,"key":"DuplicationPotion"},{"floor":19.0,"key":"HeartOfIron"},{"floor":22,"key":"Swift Potion"}],"is_trial":false,"path_per_floor":["M","?","M","?","M","R","E","R","T","E","?","$","?","E","R","B",null,"M","M","?","T","M","R","M"],"character_chosen":"IRONCLAD","items_purchased":["Inflame"],"campfire_rested":1,"item_purchase_floors":[12],"current_hp_per_floor":[70,70,68,73,78,78,69,69,69,45,51,51,71,66,66,21,65,52,30,30,30,12,36,0,0],"gold":220,"neow_bonus":"TRANSFORM_CARD","is_daily":false,"chose_seed":false,"campfire_upgraded":3,"win_rate":0.0,"timestamp":1612870039,"path_taken":["M","?","M","?","M","R","E","R","T","E","?","$","?","E","R","BOSS","M","M","?","?","?","R","M"],"items_purchased_type":["Card"],"build_version":"2020-12-22","purchased_purges":1,"victory":false,"max_hp_per_floor":[75,75,75,80,80,80,80,80,80,80,80,80,80,80,80,80,80,80,80,80,80,80,80,80,80],"card_choices":[{"not_picked":["Iron Wave","Havoc"],"picked":"Whirlwind","floor":1.0},{"not_picked":["Battle Trance","Entrench"],"picked":"Fire Breathing","floor":3.0},{"not_picked":["True Grit","Anger"],"picked":"Body Slam","floor":5.0},{"not_picked":["Anger","Sword Boomerang"],"picked":"Clothesline","floor":7.0},{"not_picked":["Burning Pact","Armaments"],"picked":"Shockwave","floor":10.0},{"not_picked":["Juggernaut","True Grit"],"picked":"Flex","floor":11.0},{"not_picked":["Whirlwind","Wild Strike"],"picked":"Flame Barrier","floor":14.0},{"not_picked":["Feed","Immolate"],"picked":"Offering","floor":16.0},{"not_picked":["Inflame","Headbutt"],"picked":"Spot Weakness","floor":18.0},{"not_picked":["Armaments","Sentinel+1","Whirlwind"],"picked":"SKIP","floor":19.0},{"not_picked":["Dual Wield","Searing Blow","Inflame"],"picked":"SKIP","floor":22}],"player_experience":1290803,"relics_obtained":[{"floor":7.0,"key":"Paper Frog"},{"floor":9.0,"key":"Pen Nib"},{"floor":10.0,"key":"Sundial"},{"floor":11.0,"key":"Odd Mushroom"},{"floor":14.0,"key":"Akabeko"},{"floor":21.0,"key":"Smiling Mask"}],"event_choices":[{"damage_healed":0.0,"max_hp_gain":0.0,"max_hp_loss":0.0,"gold_gain":0.0,"event_name":"Liars Game","player_choice":"Ignored","floor":2.0,"gold_loss":0.0,"damage_taken":0.0},{"damage_healed":0.0,"max_hp_gain":5.0,"max_hp_loss":0.0,"gold_gain":0.0,"event_name":"Big Fish","player_choice":"Donut","floor":4.0,"gold_loss":0.0,"damage_taken":0.0},{"damage_healed":0.0,"max_hp_gain":0.0,"max_hp_loss":0.0,"gold_gain":0.0,"event_name":"Mushrooms","player_choice":"Fought Mushrooms","floor":11.0,"gold_loss":0.0,"damage_taken":0.0},{"damage_healed":20.0,"max_hp_gain":0.0,"max_hp_loss":0.0,"gold_gain":0.0,"event_name":"The Cleric","player_choice":"Healed","floor":13.0,"gold_loss":35.0,"damage_taken":0.0},{"damage_healed":0.0,"max_hp_gain":0.0,"max_hp_loss":0.0,"gold_gain":0.0,"event_name":"The Mausoleum","player_choice":"Ignored","floor":20.0,"gold_loss":0.0,"damage_taken":0.0}],"is_beta":false,"boss_relics":[{"not_picked":["Calling Bell","Philosopher\u0027s Stone"],"picked":"Empty Cage"}],"items_purged_floors":[12],"is_endless":false,"potions_floor_spawned":[3,10,11,14,19,22],"killed_by":"Sentry and Sphere","ascension_level":20}}