{"host":"a5lz0e76zb3fcwkm","time":1612884635,"event":{"mods":["AchievementEnabler","BaseMod","Colored Map","Colored Powertips","Minty Spire (QoL Compilation)","StSLib","SuperFastMode"],"gold_per_floor":[115,128,128,143,160,192,192,218,244,244,244,274,274,324,324,324,324],"floor_reached":16,"language":"KOR","playtime":257,"items_purged":[],"score":236,"play_id":"e8a919e7-d5c1-4e57-b954-ac1e09b0e2df","local_time":"20210210003035","is_ascension_mode":true,"campfire_choices":[{"data":"Body Slam","floor":7.0,"key":"SMITH"},{"floor":11.0,"key":"REST"},{"data":"Evolve","floor":13.0,"key":"SMITH"},{"floor":15.0,"key":"REST"}],"circlet_count":0,"master_deck":["AscendersBane","Strike_R+1","Strike_R","Strike_R+1","Strike_R","Strike_R","Defend_R","Defend_R","Defend_R","Defend_R","Bash","Bludgeon+1","Fire Breathing","Seeing Red","Power Through","Body Slam+1","Second Wind","Evolve+1"],"relics":["Burning Blood","Bronze Scales","Whetstone","Orichalcum"],"acts_visited":["Exordium"],"potions_floor_usage":[16],"damage_taken":[{"damage":7.0,"enemies":"2 Louse","floor":1.0,"turns":3.0},{"damage":6.0,"enemies":"Cultist","floor":2.0,"turns":3.0},{"damage":20.0,"enemies":"Small Slimes","floor":4.0,"turns":4.0},{"damage":9.0,"enemies":"Exordium Thugs","floor":5.0,"turns":5.0},{"damage":22.0,"enemies":"3 Sentries","floor":6.0,"turns":6.0},{"damage":32.0,"enemies":"Gremlin Nob","floor":8.0,"turns":4.0},{"damage":24.0,"enemies":"Lagavulin","floor":12.0,"turns":8.0},{"damage":34,"enemies":"The Guardian","floor":16,"turns":6}],"seed_played":"8479326039099486828","potions_obtained":[{"floor":4.0,"key":"Block Potion"},{"floor":6.0,"key":"SteroidPotion"},{"floor":12.0,"key":"EssenceOfSteel"}],"is_trial":false,"path_per_floor":["M","M","?","M","M","E","R","E","T","?","R","E","R","?","R","B"],"character_chosen":"IRONCLAD","items_purchased":[],"campfire_rested":2,"item_purchase_floors":[],"current_hp_per_floor":[67,67,67,53,50,34,34,8,8,8,30,12,12,5,27,0,0],"gold":324,"neow_bonus":"THREE_RARE_CARDS","is_daily":false,"chose_seed":false,"campfire_upgraded":2,"win_rate":0.0,"timestamp":1612884635,"path_taken":["M","M","?","M","M","E","R","E","T","?","R","E","R","?","R","BOSS"],"items_purchased_type":[],"build_version":"2020-12-22","purchased_purges":0,"victory":false,"max_hp_per_floor":[75,75,75,75,75,75,75,75,75,75,75,75,75,75,75,75,75],"card_choices":[{"not_picked":["Fiend Fire","Juggernaut"],"picked":"Bludgeon","floor":0.0},{"not_picked":["Pommel Strike","Dark Embrace"],"picked":"Fire Breathing","floor":1.0},{"not_picked":["Heavy Blade","Flame Barrier"],"picked":"Seeing Red","floor":2.0},{"not_picked":["Armaments","Body Slam"],"picked":"Power Through","floor":4.0},{"not_picked":["Power Through","Cleave"],"picked":"Body Slam","floor":5.0},{"not_picked":["Limit Break","Sword Boomerang","Searing Blow"],"picked":"SKIP","floor":6.0},{"not_picked":["Fire Breathing","True Grit"],"picked":"Second Wind","floor":8.0},{"not_picked":["Clothesline","Reckless Charge"],"picked":"Evolve","floor":12.0}],"player_experience":1852923,"relics_obtained":[{"floor":6.0,"key":"Bronze Scales"},{"floor":8.0,"key":"Whetstone"},{"floor":12.0,"key":"Orichalcum"}],"event_choices":[{"damage_healed":0.0,"max_hp_gain":0.0,"max_hp_loss":0.0,"gold_gain":0.0,"event_name":"Upgrade Shrine","player_choice":"Upgraded","floor":3.0,"gold_loss":0.0,"damage_taken":0.0,"cards_upgraded":["Bludgeon"]},{"cards_removed":["Shame"],"damage_healed":0.0,"max_hp_gain":0.0,"max_hp_loss":0.0,"gold_gain":0.0,"event_name":"Living Wall","player_choice":"Forget","floor":10.0,"gold_loss":0.0,"damage_taken":0.0},{"damage_healed":0.0,"max_hp_gain":0.0,"max_hp_loss":0.0,"gold_gain":50.0,"event_name":"FaceTrader","player_choice":"Touch","floor":14.0,"gold_loss":0.0,"damage_taken":7.0}],"is_beta":false,"boss_relics":[],"items_purged_floors":[],"is_endless":false,"potions_floor_spawned":[4,6,12],"killed_by":"The Guardian","ascension_level":20}}