{"host":"epc8efk9vrywpcsw","time":1612880273,"event":{"mods":["BaseMod","Minty Spire (QoL Compilation)","Relic Stats","StSLib"],"gold_per_floor":[112,112,123,44,0,34,34,34,34],"floor_reached":8,"language":"ENG","playtime":205,"items_purged":[],"score":108,"play_id":"5d5853fc-1831-4c5d-9218-f0e1c165b088","local_time":"20210209151753","is_ascension_mode":true,"campfire_choices":[],"circlet_count":0,"master_deck":["AscendersBane","Strike_G","Strike_G","Strike_G","Strike_G","Strike_G","Defend_G","Defend_G","Defend_G","Defend_G","Defend_G","Survivor","Neutralize","Escape Plan","Dagger Spray","Noxious Fumes","Backflip"],"relics":["Runic Pyramid","White Beast Statue","Regal Pillow"],"acts_visited":["Exordium"],"potions_floor_usage":[6],"damage_taken":[{"damage":0,"enemies":"Small Slimes","floor":1,"turns":5},{"damage":6,"enemies":"Cultist","floor":3,"turns":5},{"damage":22,"enemies":"Lagavulin","floor":6,"turns":6},{"damage":26,"enemies":"Gremlin Nob","floor":8,"turns":4}],"seed_played":"5376780360072818056","potions_obtained":[{"floor":2,"key":"AttackPotion"},{"floor":2,"key":"Swift Potion"}],"is_trial":false,"path_per_floor":["M","?","M","$","?","E","?","E"],"character_chosen":"THE_SILENT","items_purchased":["Noxious Fumes"],"campfire_rested":0,"item_purchase_floors":[4],"current_hp_per_floor":[59,59,53,53,53,31,31,5,5],"gold":34,"neow_bonus":"BOSS_RELIC","is_daily":false,"chose_seed":false,"campfire_upgraded":0,"win_rate":0.0,"timestamp":1612880273,"path_taken":["M","?","?","$","?","E","?","E"],"items_purchased_type":["Card"],"build_version":"2020-12-22","purchased_purges":0,"victory":false,"max_hp_per_floor":[66,66,66,66,66,66,66,66,66],"relic_stats":{"Regal Pillow":0,"counters":[4,20],"obtain_stats":[{"Regal Pillow":7,"White Beast Statue":6,"Ring of the Snake":0,"Runic Pyramid":0},{"Regal Pillow":3,"White Beast Statue":3,"Ring of the Snake":0,"Runic Pyramid":0},{"Regal Pillow":16,"White Beast Statue":16,"Ring of the Snake":0,"Runic Pyramid":0}]},"card_choices":[{"not_picked":["Slice","Outmaneuver"],"picked":"Escape Plan","floor":1},{"not_picked":["Acrobatics","Calculated Gamble"],"picked":"Dagger Spray","floor":3},{"not_picked":["Slice","Acrobatics"],"picked":"Backflip","floor":6}],"player_experience":505366,"relics_obtained":[{"floor":6,"key":"White Beast Statue"}],"event_choices":[{"damage_healed":0,"gold_gain":0,"player_choice":"Got Potions","damage_taken":0,"max_hp_gain":0,"max_hp_loss":0,"event_name":"Lab","floor":2,"gold_loss":0},{"damage_healed":0,"gold_gain":0,"player_choice":"Left Gold","damage_taken":0,"max_hp_gain":0,"max_hp_loss":0,"event_name":"World of Goop","floor":5,"gold_loss":44},{"damage_healed":0,"gold_gain":0,"player_choice":"Searched \u00271\u0027 times","damage_taken":0,"relics_obtained":["Regal Pillow"],"max_hp_gain":0,"max_hp_loss":0,"event_name":"Dead Adventurer","floor":7,"gold_loss":0}],"is_beta":false,"boss_relics":[],"items_purged_floors":[],"is_endless":false,"potions_floor_spawned":[],"killed_by":"Gremlin Nob","ascension_level":20}}