{"host":"ylc7rmysbrk5cxws","time":1612872258,"event":{"mods":["100% Spire Juice","ATMod(∞¢Ë™Mod)","Act Like it!","Arknights","BaseMod","Friendly Minions","Gensokyo","Koishi","Marisa£®ÏF”Í°°ƒß¿Ì…≥£©","Minty Spire (QoL Compilation)","Prisma Mod","Spicy Shops","StSLib","The Alterego","The Animator","The Construct","The Servant 0.9.4","UnlockEverythingMod","Waifu the Spire","Yakumo Yukari mod","Yuyuko","°æπ¶ƒ‹Mod°øªÏ„Á÷Æª∑–ﬁ∏¥≤π∂°"],"gold_per_floor":[119,119,119,150,174,206,1,16,16,16,16,51,51,69,69,186,186,208,208,231,146,236,236,258,285,309,338,355,355,310,314,314],"floor_reached":31,"language":"ZHS","playtime":1991,"items_purged":[],"score":247,"play_id":"a12dc292-9a3c-4e7a-99e1-a889a147f9fb","local_time":"20210209200417","is_ascension_mode":false,"campfire_choices":[{"data":"animator:Ainz","floor":11,"key":"SMITH"},{"data":"animator:YunYun","floor":13,"key":"SMITH"},{"data":"animator:NarberalGamma","floor":15,"key":"SMITH"},{"data":"animator:Shizu","floor":23,"key":"SMITH"}],"circlet_count":0,"master_deck":["animator:Strike_Konosuba","animator:Defend_Konosuba","animator:Strike","animator:Strike","animator:Strike","animator:Defend","animator:Defend","animator:Defend","animator:Kazuma","animator:Aqua+1","animator:GazelDwargon","animator:Ainz+1","animator:Cirno","animator:Azekura","animator:YunYun+1","animator:UneriGinkaku","animator:NarberalGamma+1","animator:Chris","animator:PandorasActor","animator:Entoma+1","animator:FielNirvalen","animator:Shizu+1","animator:Cocytus","animator:Hans","animator:Shion","animator:Benimaru","animator:Darkness","animator:Shion+1","animator:Demiurge"],"relics":["animator:LivingPicture","animator:TheMissingPiece","AT_ATBox","AT_BellDemon","AT_RabadonDeathcap","animator:HeavyHalberd","AT_RedTearstoneRing","SlaversCollar","animator:EngravedStaff"],"acts_visited":["Exordium","TheCity"],"potions_floor_usage":[24,27,28,28],"damage_taken":[{"damage":0.0,"enemies":"2 Louse","floor":1.0,"turns":4.0},{"damage":4.0,"enemies":"ats:Genji","floor":4.0,"turns":7.0},{"damage":5.0,"enemies":"Cultist","floor":5.0,"turns":4.0},{"damage":17.0,"enemies":"Lagavulin","floor":6.0,"turns":8.0},{"damage":5,"enemies":"Looter","floor":8,"turns":2},{"damage":6,"enemies":"3 Sentries","floor":12,"turns":7},{"damage":0,"enemies":"Exordium Wildlife","floor":14,"turns":4},{"damage":17,"enemies":"Hexaghost","floor":16,"turns":13},{"damage":12,"enemies":"Spheric Guardian","floor":18,"turns":4},{"damage":12,"enemies":"Shell Parasite","floor":20,"turns":7},{"damage":16,"enemies":"Cultist and Chosen","floor":24,"turns":6},{"damage":8,"enemies":"Centurion and Healer","floor":25,"turns":7},{"damage":19,"enemies":"Shelled Parasite and Fungi","floor":27,"turns":4},{"damage":0,"enemies":"Snake Plant","floor":28,"turns":3},{"damage":10,"enemies":"Snecko","floor":31,"turns":2}],"seed_played":"3431733501485862974","potions_obtained":[{"floor":1.0,"key":"LiquidBronze"},{"floor":12,"key":"PanachePotion"},{"floor":14,"key":"animator:FalseLifePotion"},{"floor":16,"key":"SpeedPotion"},{"floor":24,"key":"animator:FalseLifePotion"},{"floor":28,"key":"CultistPotion"}],"is_trial":false,"path_per_floor":["M","?","?","M","M","E","$","M","T","?","R","E","R","M","R","B",null,"M","$","M","?","?","R","M","M","T","M","M","?","$","M"],"character_chosen":"THE_ANIMATOR","items_purchased":["animator:Chris","AT_RabadonDeathcap","animator:Demiurge"],"campfire_rested":0,"item_purchase_floors":[7,7,30],"current_hp_per_floor":[66,66,66,65,61,47,47,45,45,50,50,47,47,52,52,38,73,61,61,53,53,41,41,28,23,23,7,10,10,10,0,0],"gold":314,"neow_bonus":"UPGRADE_CARD","is_daily":false,"chose_seed":false,"campfire_upgraded":4,"win_rate":0.0,"timestamp":1612872257,"path_taken":["M","?","?","M","M","E","$","?","T","?","R","E","R","M","R","BOSS","M","$","M","?","?","R","?","M","T","M","M","?","$","M"],"items_purchased_type":["Card","Relic","Card"],"build_version":"2020-12-22","purchased_purges":0,"victory":false,"max_hp_per_floor":[66,66,66,66,66,66,66,66,66,71,71,71,71,73,73,73,73,73,73,74,74,74,74,74,74,74,74,74,74,74,74,74],"card_choices":[{"not_picked":["animator:Hakurou","animator:DwarfShaman"],"picked":"animator:GazelDwargon","floor":1.0},{"not_picked":["animator:Vesta","animator:Berserker"],"picked":"animator:YunYun","floor":4.0},{"not_picked":["animator:Rider","animator:Kazuma"],"picked":"animator:UneriGinkaku","floor":5.0},{"not_picked":["animator:Entoma","animator:Cocytus"],"picked":"animator:NarberalGamma","floor":6.0},{"not_picked":["animator:Vesta","animator:Togame"],"picked":"animator:PandorasActor","floor":8},{"not_picked":["animator:Kaijin","animator:GuildGirl"],"picked":"animator:Entoma","floor":12},{"not_picked":["animator:Priestess","animator:Souei"],"picked":"animator:FielNirvalen","floor":14},{"not_picked":["animator:Saber","animator:Wiz"],"picked":"animator:Shizu","floor":16},{"not_picked":["animator:Entoma","animator:Sebas"],"picked":"animator:Cocytus","floor":18},{"not_picked":["animator:DolaCouronne","animator:Demiurge"],"picked":"animator:Hans","floor":20},{"not_picked":["animator:Illya","animator:Lancer"],"picked":"animator:Shion","floor":24},{"not_picked":["animator:Emonzaemon","animator:Alexander"],"picked":"animator:Benimaru","floor":25},{"not_picked":["animator:YunYun","animator:Kazuma"],"picked":"animator:Darkness","floor":27},{"not_picked":["animator:Kaijin","animator:Millim+1"],"picked":"animator:Shion+1","floor":28}],"player_experience":88325,"relics_obtained":[{"floor":6.0,"key":"AT_BellDemon"},{"floor":9,"key":"animator:HeavyHalberd"},{"floor":12,"key":"AT_RedTearstoneRing"}],"event_choices":[{"damage_healed":0.0,"max_hp_gain":0.0,"max_hp_loss":0.0,"gold_gain":0.0,"event_name":"Golden Idol","player_choice":"Ignored","floor":2.0,"gold_loss":0.0,"damage_taken":0.0},{"damage_healed":0.0,"max_hp_gain":0.0,"max_hp_loss":0.0,"gold_gain":0.0,"event_name":"Match and Keep!","player_choice":"3 cards matched","floor":3.0,"gold_loss":0.0,"damage_taken":0.0,"cards_obtained":["animator:Ainz","animator:Cirno","animator:Azekura"]},{"damage_healed":0,"gold_gain":0,"player_choice":"Donut","damage_taken":0,"max_hp_gain":5,"max_hp_loss":0,"event_name":"Big Fish","floor":10,"gold_loss":0},{"damage_healed":0,"gold_gain":0,"player_choice":"Obtained Relic","damage_taken":0,"relics_obtained":["animator:EngravedStaff"],"max_hp_gain":0,"max_hp_loss":0,"event_name":"Addict","floor":21,"gold_loss":85},{"damage_healed":0,"gold_gain":90,"player_choice":"GOLD ","damage_taken":12,"max_hp_gain":0,"max_hp_loss":0,"event_name":"Knowing Skull","floor":22,"potions_obtained":[],"gold_loss":0,"cards_obtained":[]},{"damage_healed":0,"gold_gain":0,"player_choice":"Ignored","damage_taken":0,"max_hp_gain":0,"max_hp_loss":0,"event_name":"Beggar","floor":29,"gold_loss":0}],"is_beta":false,"boss_relics":[{"not_picked":["Velvet Choker","Ectoplasm"],"picked":"SlaversCollar"}],"items_purged_floors":[],"is_endless":false,"potions_floor_spawned":[1,12,14,16,24,28],"killed_by":"Snecko","ascension_level":0}}