{"host":"m4ma59c07ng6aza7","time":1612911480,"event":{"mods":["2.2 Compatiblity","AchievementEnabler","Act Like it!","AlwaysNeverKeys","Aspiration","BaseMod","Better Altar","Better Note","Better Sensory Stone","Better Skull","Better Third Choice","BetterRewards","Block Reminder","Colored Map","Colored Powertips","Conspire","Curses Come First","Dark Map","DeckTracker","Defuse TimeMaze Blight","Energized Spire","GifTheSpireLib","Halation","Highlight Path","Hubris","Infinite Spire","Minty Spire (QoL Compilation)","Permanent Neow","Quick Restart","Rare Cards Sparkle","RatMod","Relic Filter","Relic Sorter","Relic Stats","Replay The Spire","Reworked Bosses","Shop Mod","Spikes Relics","StSLib","Stuff the Spire","SuperFastMode","The Blue Laboratory","The Sage","Uncapped","Unceasing Turn Reminder","UnlockEverythingMod","Waifu the Spire","egg"],"gold_per_floor":[111,131,81,45,61,61,12,32,56,56,75,88,88,122,122,220,220,235,235,335,355,1,1,13,26,26,26,51,61,60,85,85,187,187,219,219,121,142,0,0,13,13,37,72,72,111,111,111,111,111,111,111,44,80,80,80],"floor_reached":55,"language":"ENG","playtime":6291,"items_purged":["Voices","Strike_R"],"score":968,"play_id":"0d141896-538a-478d-b6d0-855e4645241d","local_time":"20210209145800","is_ascension_mode":false,"campfire_choices":[{"data":"Armaments","floor":6.0,"key":"SMITH"},{"data":"Defend_R","floor":10.0,"key":"SMITH"},{"data":"Body Slam","floor":15.0,"key":"SMITH"},{"data":"Defend_R","floor":23.0,"key":"SMITH"},{"data":"Defend_R+1","floor":27.0,"key":"SMITH"},{"data":"Armaments","floor":32.0,"key":"SMITH"},{"data":"Armaments","floor":40,"key":"SMITH"},{"floor":42,"key":"RECALL"},{"floor":45,"key":"REST"},{"data":"PlatinumSkin","floor":49,"key":"SMITH"},{"data":"Defend_R+1","floor":52,"key":"SMITH"}],"circlet_count":0,"master_deck":["Strike_R","Strike_R","Strike_R","Defend_R+1","Defend_R+1","Defend_R+2","Defend_R+2","Armaments+1","Shrug It Off","Shrug It Off","Iron Wave","Body Slam+1","Armaments+1","Armaments+1","Impervious","Good Instincts","PlatinumSkin+1","hubris:ReadiedAction+1"],"relics":["Burning Blood","Simple Rune","Ring of Peace","Ring of Fury","Anchor","Sandwich","MerchantsRug","King of Hearts","Replay:Bottled Flurry","Replay:Accelerometer","infinitespire:EvilPickle","sagemod:Falmels_Amulet","Red Mask","infinitespire:PuzzleCube","RollingBoulder","StuffTheSpire:Barrel","StuffTheSpire:Experiment12"],"acts_visited":["Exordium","TheCity","TheBeyond","TheEnding"],"potions_floor_usage":[],"damage_taken":[{"damage":8.0,"enemies":"Jaw Worm","floor":1.0,"turns":6.0},{"damage":1.0,"enemies":"2 Louse","floor":2.0,"turns":4.0},{"damage":0.0,"enemies":"Cultist","floor":5.0,"turns":6.0},{"damage":1.0,"enemies":"3 Louse","floor":8.0,"turns":6.0},{"damage":1.0,"enemies":"Red Slaver","floor":11.0,"turns":6.0},{"damage":10.0,"enemies":"Exordium Thugs","floor":12.0,"turns":6.0},{"damage":8.0,"enemies":"Lagavulin","floor":14.0,"turns":10.0},{"damage":75.0,"enemies":"Fading Forest","floor":16.0,"turns":11.0},{"damage":8.0,"enemies":"3 Byrds","floor":18.0,"turns":5.0},{"damage":0.0,"enemies":"conspire:FuzzyDice","floor":21.0,"turns":6.0},{"damage":6.0,"enemies":"Cultist and Chosen","floor":24.0,"turns":6.0},{"damage":10.0,"enemies":"Snake Plant","floor":25.0,"turns":5.0},{"damage":0.0,"enemies":"3 Cultists","floor":29.0,"turns":6.0},{"damage":0.0,"enemies":"Book of Stabbing","floor":31.0,"turns":6.0},{"damage":31.0,"enemies":"Pondfish","floor":33.0,"turns":12.0},{"damage":0.0,"enemies":"3 Darklings","floor":35.0,"turns":7.0},{"damage":9,"enemies":"3 Shapes","floor":38,"turns":4},{"damage":0,"enemies":"Maw","floor":41,"turns":7},{"damage":54,"enemies":"Reptomancer","floor":44,"turns":5},{"damage":0,"enemies":"R_Hoarder","floor":46,"turns":12},{"damage":11,"enemies":"infinitespire:MassOfShapes","floor":50,"turns":13},{"damage":12,"enemies":"Shield and Spear","floor":54,"turns":9},{"damage":87,"enemies":"The Heart","floor":55,"turns":12}],"seed_played":"-7650677442300253127","potions_obtained":[{"floor":5.0,"key":"SteroidPotion"},{"floor":8.0,"key":"Fire Potion"},{"floor":14.0,"key":"SteroidPotion"},{"floor":18.0,"key":"blueLaboratory:BubblePotion"},{"floor":21.0,"key":"BloodPotion"},{"floor":29.0,"key":"blueLaboratory:SavagePotion"},{"floor":31.0,"key":"Block Potion"},{"floor":44,"key":"Strength Potion"},{"floor":46,"key":"blueLaboratory:Moonshine"}],"is_trial":false,"path_per_floor":["M","M","?","$","M","R","$","M","T","R","M","M","?","E","R","B",null,"M","?","?","M","$","R","M","M","T","R","T","M","$","E","R","B",null,"M","?","$","M","?","R","M","R","T","E","R","E","?","?","R","B",null,"R","$","E","B"],"character_chosen":"IRONCLAD","items_purchased":["Shrug It Off","Iron Wave","MerchantsRug","King of Hearts","Armaments","Good Instincts"],"campfire_rested":1,"item_purchase_floors":[4,7,22,22,30,37],"current_hp_per_floor":[78,80,80,80,80,80,80,80,80,80,80,76,76,74,74,11,80,78,78,78,80,80,80,80,76,76,76,76,80,80,80,80,71,80,80,80,80,77,77,77,80,80,80,32,56,62,62,62,62,57,80,80,80,80,0,0],"gold":80,"neow_bonus":"RANDOM_EVENT","is_daily":false,"chose_seed":false,"campfire_upgraded":9,"win_rate":0.0,"timestamp":1612911480,"path_taken":["M","M","?","$","M","R","$","M","T","R","M","M","?","E","R","BOSS","M","?","?","M","$","R","M","?","T","R","?","M","$","E","R","BOSS","M","?","$","M","?","R","M","R","T","E","R","E","?","?","R","BOSS","R","$","E","BOSS"],"items_purchased_type":["Card","Card","Relic","Relic","Card","Card"],"build_version":"2020-12-22","purchased_purges":2,"victory":false,"max_hp_per_floor":[80,80,80,80,80,80,80,80,80,80,80,80,80,80,80,80,80,80,80,80,80,80,80,80,80,80,80,80,80,80,80,80,80,80,80,80,80,80,80,80,80,80,80,80,80,80,80,80,80,80,80,80,80,80,80,80],"relic_stats":{"counters":[23,170],"obtain_stats":[{"MerchantsRug":22,"Replay:Accelerometer":31,"StuffTheSpire:Barrel":46,"sagemod:Falmels_Amulet":34,"King of Hearts":22,"Burning Blood":0,"Sandwich":17,"infinitespire:EvilPickle":33,"StuffTheSpire:Experiment12":54,"Anchor":14,"Ring of Peace":13,"Simple Rune":9,"Ring of Fury":13,"RollingBoulder":44,"Replay:Bottled Flurry":26,"Red Mask":39,"infinitespire:PuzzleCube":43},{"MerchantsRug":10,"Replay:Accelerometer":14,"StuffTheSpire:Barrel":20,"sagemod:Falmels_Amulet":15,"King of Hearts":10,"Burning Blood":0,"Sandwich":8,"infinitespire:EvilPickle":15,"StuffTheSpire:Experiment12":22,"Anchor":7,"Ring of Peace":6,"Simple Rune":4,"Ring of Fury":6,"RollingBoulder":19,"Replay:Bottled Flurry":12,"Red Mask":17,"infinitespire:PuzzleCube":18},{"MerchantsRug":66,"Replay:Accelerometer":89,"StuffTheSpire:Barrel":136,"sagemod:Falmels_Amulet":101,"King of Hearts":66,"Burning Blood":0,"Sandwich":55,"infinitespire:EvilPickle":101,"StuffTheSpire:Experiment12":158,"Anchor":44,"Ring of Peace":34,"Simple Rune":22,"Ring of Fury":34,"RollingBoulder":124,"Replay:Bottled Flurry":77,"Red Mask":112,"infinitespire:PuzzleCube":119}],"Burning Blood":92},"card_choices":[{"not_picked":["True Grit","ReplayTheSpireMod:Limb From Limb"],"picked":"Armaments","floor":1.0},{"not_picked":["Thunderclap","StuffTheSpire:Slingshot","Clash"],"picked":"SKIP","floor":2.0},{"not_picked":["Havoc","Headbutt","StuffTheSpire:Slingshot"],"picked":"SKIP","floor":5.0},{"not_picked":["Havoc","Shockwave","StuffTheSpire:RockThrow"],"picked":"SKIP","floor":8.0},{"not_picked":["Immolate","Seeing Red"],"picked":"Body Slam","floor":11.0},{"not_picked":["ReplayTheSpireMod:LeadingStrike","Sever Soul","Clothesline"],"picked":"SKIP","floor":12.0},{"not_picked":["Pommel Strike","Clash","Hemogenesis"],"picked":"SKIP","floor":14.0},{"not_picked":["Second Wind","Hemokinesis+1","Evolve"],"picked":"SKIP","floor":18.0},{"not_picked":["Pommel Strike","Run Through","BarbarianYell"],"picked":"SKIP","floor":21.0},{"not_picked":["Intimidate","Warcry","Battle Trance+1"],"picked":"SKIP","floor":24.0},{"not_picked":["Reckless Charge","Dropkick+1","Warcry"],"picked":"SKIP","floor":25.0},{"not_picked":["ReplayTheSpireMod:LeadingStrike","Shockwave"],"picked":"Armaments","floor":29.0},{"not_picked":["Double Tap","Sever Soul","Dropkick+1"],"picked":"SKIP","floor":31.0},{"not_picked":["Demonic Infusion","Fiend Fire"],"picked":"Impervious","floor":33.0},{"not_picked":["Clothesline+1","Uppercut","Fire Breathing+1"],"picked":"SKIP","floor":35.0},{"not_picked":["Replay:Undeath\u0027s Touch+1","Fire Breathing","Abandon"],"picked":"SKIP","floor":38},{"not_picked":["True Grit","Run Through","Bludgeon"],"picked":"SKIP","floor":41},{"not_picked":["Seeing Red","Armaments","Replay:Undeath\u0027s Touch+1"],"picked":"SKIP","floor":44},{"not_picked":["Armaments","conspire:Charge+1","Havoc"],"picked":"SKIP","floor":46},{"not_picked":["Blind","HandOfGreed"],"picked":"PlatinumSkin","floor":48},{"not_picked":["StuffTheSpire:Incineration+1","Twin Strike+1"],"picked":"hubris:ReadiedAction+1","floor":54}],"player_experience":36844,"relics_obtained":[{"floor":9.0,"key":"Simple Rune"},{"floor":13.0,"key":"Ring of Peace"},{"floor":13.0,"key":"Ring of Fury"},{"floor":14.0,"key":"Anchor"},{"floor":26.0,"key":"Replay:Bottled Flurry"},{"floor":31.0,"key":"Replay:Accelerometer"},{"floor":43,"key":"infinitespire:PuzzleCube"},{"floor":44,"key":"RollingBoulder"},{"floor":46,"key":"StuffTheSpire:Barrel"},{"floor":54,"key":"StuffTheSpire:Experiment12"}],"event_choices":[{"cards_removed":["Bash"],"damage_healed":0.0,"max_hp_gain":0.0,"max_hp_loss":0.0,"gold_gain":0.0,"event_name":"Living Wall","player_choice":"Forget","floor":0.0,"gold_loss":0.0,"damage_taken":0.0},{"cards_removed":["Strike_R"],"damage_healed":0.0,"max_hp_gain":0.0,"max_hp_loss":0.0,"gold_gain":0.0,"event_name":"The Cleric","player_choice":"Card Removal","floor":3.0,"gold_loss":50.0,"damage_taken":0.0},{"cards_removed":["Voices"],"damage_healed":0.0,"max_hp_gain":0.0,"max_hp_loss":0.0,"gold_gain":0.0,"event_name":"betterNote:BetterNote","player_choice":"Give","floor":19.0,"gold_loss":0.0,"damage_taken":0.0,"cards_obtained":["Strike_G"]},{"damage_healed":0.0,"max_hp_gain":0.0,"max_hp_loss":0.0,"gold_gain":100.0,"event_name":"Golden Shrine","player_choice":"Pray","floor":20.0,"gold_loss":0.0,"damage_taken":0.0},{"damage_healed":0.0,"max_hp_gain":0.0,"max_hp_loss":0.0,"gold_gain":0.0,"event_name":"conspire:Investor","player_choice":"Leave","floor":36.0,"gold_loss":0.0,"damage_taken":0.0},{"damage_healed":0,"gold_gain":0,"player_choice":"Paid","damage_taken":0,"relics_obtained":["Red Mask"],"max_hp_gain":0,"max_hp_loss":0,"event_name":"Tomb of Lord Red Mask","floor":39,"gold_loss":142},{"damage_healed":0,"gold_gain":3,"player_choice":"1","damage_taken":0,"max_hp_gain":0,"max_hp_loss":0,"event_name":"betterStone:BetterStone","floor":48,"gold_loss":0}],"is_beta":false,"boss_relics":[{"not_picked":["hubris:RunicObelisk","energizedSpire:SpiderWeb"],"picked":"Sandwich"},{"not_picked":["Mark of Pain","StuffTheSpire:RunicHypercube"],"picked":"sagemod:Falmels_Amulet"}],"items_purged_floors":[22,53],"is_endless":false,"potions_floor_spawned":[5,8,14,18,21,29,31,44,46],"killed_by":"The Heart","ascension_level":0}}