{"host":"btj53a7qlsawl9sy","time":1612847594,"event":{"mods":["100% Spire Juice","ATMod(∞¢Ë™Mod)","Act Like it!","Arknights","BaseMod","Better Vampires","Colored Powertips","Dota2Spire","Gensokyo","Luminous","Marisa£®ÏF”Í°°ƒß¿Ì…≥£©","Marked Mod","Minty Spire (QoL Compilation)","Quick Restart","Reimu£®≤©¿ˆ¡È√Œ£©","Relic Stats","Remilia£®¿Ÿ√◊¿Ú—«£©","Replay The Spire","Spicy Shops","StSLib","The Administrix","The Servant 0.9.4","Yakumo Yukari mod","Youmu£®ªÍ∆«—˝√Œ£©","Yuyuko","°æ“≈ŒÔø®≈∆°øREMEMod","≤–¡Ù÷ÆŒÔ"],"gold_per_floor":[109,109,129,144,144,172,172,197,243,243,261,261,273,283,283,382,382,397,417,433,433,200,200,233,233,256,256,256],"floor_reached":27,"language":"ZHS","playtime":1207,"items_purged":[],"score":255,"play_id":"33dc0324-bf25-4393-90f6-7441e1309cc8","local_time":"20210209131314","is_ascension_mode":true,"campfire_choices":[{"floor":7.0,"key":"REST"},{"floor":10.0,"key":"REST"},{"data":"AT_RightCognition","floor":12.0,"key":"SMITH"},{"floor":15.0,"key":"REST"},{"floor":23.0,"key":"REST"}],"circlet_count":0,"master_deck":["Strike_B","Strike_B","Strike_B","Defend_B","Defend_B","Defend_B","Zap","Dualcast","AT_DrawKnifeCut","Luminous:Date_of_Light_Luminous","Go for the Eyes","Hello World","Leap","Go for the Eyes","Reboot","Sweeping Beam","Conserve Battery","AT_RightCognition+1","Stack","Chill","Replay:Sluggish","Gensokyo:AllTheWorldsEvil","Clumsy","BasicCrystalCard","Turbo","Defragment+1","Melter","Stack","Fusion","Genetic Algorithm","Auto Shields","Loop"],"relics":["AT_ATBox","REME_ComplimentaryCards","PlaceholderMod:LiveLive","Question Card","Replay:Baseball","Replay:Ancient Bell","Centennial Puzzle","AT_BellowingDragoncrestRing","Ginger","Prayer Wheel","CaptainsWheel","Medical Kit","ReplayTheSpireMod:Shallot","Bag of Marbles"],"acts_visited":["Exordium","TheCity"],"potions_floor_usage":[],"damage_taken":[{"damage":6.0,"enemies":"Jaw Worm","floor":1.0,"turns":3.0},{"damage":4.0,"enemies":"Cultist","floor":3.0,"turns":3.0},{"damage":2.0,"enemies":"2 Louse","floor":4.0,"turns":2.0},{"damage":8.0,"enemies":"Lagavulin","floor":6.0,"turns":7.0},{"damage":31.0,"enemies":"Gremlin Nob","floor":8.0,"turns":5.0},{"damage":1.0,"enemies":"Lots of Slimes","floor":11.0,"turns":2.0},{"damage":8.0,"enemies":"Large Slime","floor":13.0,"turns":4.0},{"damage":10.0,"enemies":"Exordium Thugs","floor":14.0,"turns":4.0},{"damage":7.0,"enemies":"Hexaghost","floor":16.0,"turns":11.0},{"damage":4.0,"enemies":"3 Byrds","floor":18.0,"turns":7.0},{"damage":5.0,"enemies":"2 Thieves","floor":19.0,"turns":4.0},{"damage":42.0,"enemies":"Shelled Parasite and Fungi","floor":20.0,"turns":8.0},{"damage":35.0,"enemies":"Gremlin Leader","floor":24.0,"turns":8.0},{"damage":0,"enemies":"Cultist and Chosen","floor":27,"turns":2}],"seed_played":"6677935853259788300","potions_obtained":[{"floor":6.0,"key":"DuplicationPotion"},{"floor":13.0,"key":"Swift Potion"},{"floor":14.0,"key":"FearPotion"},{"floor":20.0,"key":"Milkshake"},{"floor":24.0,"key":"Strength Potion"}],"is_trial":false,"path_per_floor":["M","?","M","M","?","E","R","E","T","R","M","R","M","M","R","B",null,"M","M","M","?","$","R","E","?","T","M"],"character_chosen":"DEFECT","items_purchased":["Medical Kit","Genetic Algorithm"],"campfire_rested":4,"item_purchase_floors":[22,22],"current_hp_per_floor":[69,69,65,63,63,55,75,44,44,66,65,65,57,47,69,62,75,71,66,24,24,24,46,11,11,11,11,11],"gold":256,"neow_bonus":"BOSS_RELIC","is_daily":false,"chose_seed":false,"campfire_upgraded":1,"win_rate":0.0,"timestamp":1612847594,"path_taken":["M","?","M","?","?","E","R","E","T","R","M","R","M","?","R","BOSS","M","M","M","?","?","R","E","?","T","M"],"items_purchased_type":["Relic","Card"],"build_version":"2020-12-22","purchased_purges":0,"victory":false,"max_hp_per_floor":[75,75,75,75,75,75,75,75,75,75,75,75,75,75,75,75,75,75,75,75,75,75,75,75,75,75,75,75],"relic_stats":{"Centennial Puzzle":[12],"counters":[14,70],"Prayer Wheel":3,"Ginger":[5],"Question Card":16,"Medical Kit":[1],"obtain_stats":[{"AT_ATBox":0,"Replay:Ancient Bell":17,"Ginger":17,"Question Card":6,"Medical Kit":22,"PlaceholderMod:LiveLive":0,"Replay:Baseball":8,"Centennial Puzzle":17,"CaptainsWheel":21,"AT_BellowingDragoncrestRing":17,"ReplayTheSpireMod:Shallot":24,"Prayer Wheel":18,"Bag of Marbles":26,"Cracked Core":0,"REME_ComplimentaryCards":0},{"AT_ATBox":0,"Replay:Ancient Bell":9,"Ginger":9,"Question Card":4,"Medical Kit":12,"PlaceholderMod:LiveLive":0,"Replay:Baseball":5,"Centennial Puzzle":9,"CaptainsWheel":12,"AT_BellowingDragoncrestRing":9,"ReplayTheSpireMod:Shallot":13,"Prayer Wheel":10,"Bag of Marbles":13,"Cracked Core":0,"REME_ComplimentaryCards":0},{"AT_ATBox":0,"Replay:Ancient Bell":41,"Ginger":41,"Question Card":15,"Medical Kit":60,"PlaceholderMod:LiveLive":0,"Replay:Baseball":20,"Centennial Puzzle":41,"CaptainsWheel":60,"AT_BellowingDragoncrestRing":41,"ReplayTheSpireMod:Shallot":68,"Prayer Wheel":42,"Bag of Marbles":68,"Cracked Core":0,"REME_ComplimentaryCards":0}]},"card_choices":[{"not_picked":["AT_HeatAcrobatics","Gash"],"picked":"Go for the Eyes","floor":1.0},{"not_picked":["Time Bomb","Hologram"],"picked":"Leap","floor":3.0},{"not_picked":["Genetic Algorithm","Rebound"],"picked":"Go for the Eyes","floor":4.0},{"not_picked":["Loop","Go for the Eyes"],"picked":"Sweeping Beam","floor":6.0},{"not_picked":["Cold Snap","Sunder","Glacier"],"picked":"Conserve Battery","floor":8.0},{"not_picked":["ReplayTheSpireMod:Calculation Training","Panic Button","Rip and Tear"],"picked":"AT_RightCognition","floor":11.0},{"not_picked":["Gash","Leap","Panic Button"],"picked":"Stack","floor":13.0},{"not_picked":["Go for the Eyes","Panic Button","Steam"],"picked":"Chill","floor":14.0},{"not_picked":["Buffer","ReplayRNGCard","Hyperbeam"],"picked":"ReplayTheSpireMod:Fabricate Wheel","floor":16.0},{"not_picked":["Shame","Wraith","Lust_TH"],"picked":"Replay:Sluggish","floor":17.0},{"not_picked":["ReplayTheSpireMod:IOU","Sickly","Replay:Sluggish"],"picked":"Gensokyo:AllTheWorldsEvil","floor":17.0},{"not_picked":["Looming Evil","Poor:ReiMu","Voices"],"picked":"Clumsy","floor":17.0},{"not_picked":["Consume","Sweeping Beam","Meteor Strike"],"picked":"BasicCrystalCard","floor":18.0},{"not_picked":["Consume","Rebound","Doom and Gloom"],"picked":"Turbo","floor":18.0},{"not_picked":["Sweeping Beam","Stack","Coolheaded+1"],"picked":"Defragment+1","floor":19.0},{"not_picked":["BasicCrystalCard","Barrage","ReplaySort"],"picked":"Melter","floor":19.0},{"not_picked":["Streamline","BasicCrystalCard","Rebound"],"picked":"Stack","floor":20.0},{"not_picked":["Beam Cell","Heatsinks","Rebound+1"],"picked":"Fusion","floor":20.0},{"not_picked":["Mirror Shield","Coolheaded","Rebound"],"picked":"Auto Shields","floor":24.0}],"player_experience":154619,"relics_obtained":[{"floor":6.0,"key":"Question Card"},{"floor":8.0,"key":"Replay:Baseball"},{"floor":24.0,"key":"ReplayTheSpireMod:Shallot"},{"floor":26.0,"key":"Bag of Marbles"}],"event_choices":[{"damage_healed":0.0,"max_hp_gain":0.0,"max_hp_loss":0.0,"gold_gain":0.0,"cards_transformed":["Defend_B"],"event_name":"Transmorgrifier","player_choice":"Transformed","floor":2.0,"gold_loss":0.0,"damage_taken":0.0,"cards_obtained":["Hello World"]},{"damage_healed":0.0,"max_hp_gain":0.0,"max_hp_loss":0.0,"gold_gain":0.0,"event_name":"Match and Keep!","player_choice":"1 cards matched","floor":5.0,"gold_loss":0.0,"damage_taken":0.0,"cards_obtained":["Reboot"]},{"damage_healed":0.0,"max_hp_gain":0.0,"max_hp_loss":0.0,"gold_gain":0.0,"event_name":"WeMeetAgain","player_choice":"Gave Potion","floor":21.0,"gold_loss":0.0,"damage_taken":0.0,"relics_obtained":["CaptainsWheel"]},{"damage_healed":0.0,"max_hp_gain":0.0,"max_hp_loss":0.0,"gold_gain":0.0,"cards_transformed":["Strike_B"],"event_name":"Transmorgrifier","player_choice":"Transformed","floor":25.0,"gold_loss":0.0,"damage_taken":0.0,"cards_obtained":["Loop"]}],"is_beta":false,"boss_relics":[{"not_picked":["Replay:Bronze Core","REME_ChargedStone"],"picked":"Replay:Ancient Bell"},{"not_picked":["Lantern","PlaceholderMod:DeVermisMysteriis"],"picked":"Centennial Puzzle"},{"not_picked":["PlaceholderMod:DaolothFragment","Cables"],"picked":"AT_BellowingDragoncrestRing"},{"not_picked":["AT_Kusabimaru","Shovel"],"picked":"Ginger"}],"items_purged_floors":[],"is_endless":false,"potions_floor_spawned":[6,13,14,20,24],"killed_by":"Cultist and Chosen","ascension_level":1}}