{"host":"824exx23qlyrdtjz","time":1612894391,"event":{"mods":["BaseMod","Colored Map","Downfall","Minty Spire (QoL Compilation)","StSLib"],"gold_per_floor":[99,116,116,116,132,32,55,230,230,230,230,230,244,262,281,378,378,378,391,410,423,60,88,88,188,203,220,235,135,135,135,135],"floor_reached":30,"language":"ENG","playtime":1242,"items_purged":["Doubt"],"score":222,"play_id":"a838003c-08d1-4b47-90a1-ad3e5012ebfc","local_time":"20210209131311","is_ascension_mode":false,"campfire_choices":[{"floor":1,"key":"RECALL"},{"data":"Slimebound:ComboTackle","floor":6,"key":"SMITH"},{"data":"Slimebound:Split","floor":10,"key":"SMITH"},{"data":"Slimebound:SlimeSpikes","floor":12,"key":"SMITH"},{"data":"Slimebound:Grow","floor":18,"key":"SMITH"},{"floor":29,"key":"REST"}],"circlet_count":0,"master_deck":["Slimebound:Strike_Slimebound","Slimebound:Strike_Slimebound","Slimebound:Tackle","Slimebound:Defend_Slimebound","Slimebound:Defend_Slimebound","Slimebound:Defend_Slimebound","Slimebound:Defend_Slimebound","Slimebound:Split+1","Slimebound:CorrosiveSpit","Slimebound:ComboTackle+1","Slimebound:GoopSpray","Slimebound:SlimeSpikes+1","Slimebound:Grow+1","Slimebound:HauntingLick","Slimebound:SamplingLick","Slimebound:DouseInSlime","Slimebound:GoopTackle","Slimebound:Replication+1","Slimebound:RollThrough","Slimebound:Split+1","Slimebound:MegaLick","Slimebound:SlimeSpikes","Slimebound:Grow+1","Slimebound:ComboTackle+1"],"relics":["Slimebound:AbsorbEndCombat","Vajra","downfall:HeartBlessingRed","Oddly Smooth Stone","Busted Crown","DollysMirror","Red Mask","White Beast Statue","downfall:HeartBlessingBlue"],"acts_visited":["Exordium","TheCity"],"potions_floor_usage":[13,16,16,16,20,21,22,26,26,27,28,28,30],"damage_taken":[{"damage":2,"enemies":"Small Slimes","floor":2,"turns":4},{"damage":3,"enemies":"2 Louse","floor":5,"turns":3},{"damage":0,"enemies":"Cultist","floor":11,"turns":1},{"damage":15,"enemies":"Lots of Slimes","floor":13,"turns":3},{"damage":6,"enemies":"Exordium Thugs","floor":14,"turns":5},{"damage":4,"enemies":"Blue Slaver","floor":15,"turns":4},{"damage":5,"enemies":"IC_STATUS_ARCHETYPE","floor":16,"turns":7},{"damage":0,"enemies":"Chosen","floor":19,"turns":4},{"damage":1,"enemies":"3 Byrds","floor":20,"turns":4},{"damage":9,"enemies":"Snake Plant","floor":21,"turns":3},{"damage":3,"enemies":"downfall:FleeingMerchant","floor":22,"turns":4},{"damage":25,"enemies":"Masked Bandits","floor":23,"turns":5},{"damage":41,"enemies":"downfall:LadyInBlue","floor":25,"turns":11},{"damage":8,"enemies":"3 Cultists","floor":26,"turns":4},{"damage":0,"enemies":"Snecko","floor":27,"turns":4},{"damage":17,"enemies":"Sentry and Sphere","floor":28,"turns":6},{"damage":52,"enemies":"Gremlin Leader","floor":30,"turns":5}],"seed_played":"-4040964300316611718","potions_obtained":[{"floor":2,"key":"sneckomod:MuddlingPotion"},{"floor":9,"key":"Strength Potion"},{"floor":9,"key":"DuplicationPotion"},{"floor":14,"key":"Slimebound:SlimedPotion"},{"floor":15,"key":"AttackPotion"},{"floor":16,"key":"Slimebound:SlimedPotion"},{"floor":19,"key":"Swift Potion"},{"floor":20,"key":"Energy Potion"},{"floor":25,"key":"Strength Potion"},{"floor":25,"key":"Weak Potion"},{"floor":25,"key":"Swift Potion"},{"floor":26,"key":"Weak Potion"},{"floor":27,"key":"SkillPotion"},{"floor":28,"key":"Fire Potion"}],"is_trial":false,"path_per_floor":["R","M","?","?","M","R","T","?","?","R","M","R","M","M","M","B",null,"R","M","M","M","$","?","T","?","M","M","M","R","E"],"character_chosen":"SLIMEBOUND","items_purchased":["Slimebound:RollThrough","DollysMirror","Slimebound:MegaLick"],"campfire_rested":1,"item_purchase_floors":[22,22,22],"current_hp_per_floor":[65,63,63,63,62,62,62,62,62,62,62,62,51,49,49,50,65,65,65,65,56,61,42,42,9,9,13,4,36,0,0,0],"gold":135,"neow_bonus":"RANDOM_COMMON_RELIC","is_daily":false,"chose_seed":false,"campfire_upgraded":4,"win_rate":0.0,"timestamp":1612894391,"path_taken":["R","M","?","?","M","R","T","?","?","R","M","R","M","M","M","BOSS","R","M","M","M","$","?","T","?","M","M","?","R","E"],"items_purchased_type":["Card","Relic","Card"],"build_version":"2020-12-22","purchased_purges":1,"victory":false,"max_hp_per_floor":[65,65,65,65,65,65,65,65,65,65,65,65,65,65,65,65,65,65,65,65,65,65,65,65,65,65,65,65,75,75,75,75],"card_choices":[{"not_picked":["Slimebound:FormOfPuddle","Slimebound:Dissolve"],"picked":"Slimebound:ComboTackle","floor":2},{"not_picked":["Slimebound:SplitBruiser","Slimebound:Recollect"],"picked":"Slimebound:GoopSpray","floor":5},{"not_picked":["Slimebound:ComboTackle","Slimebound:MegaLick"],"picked":"Slimebound:SlimeSpikes","floor":11},{"not_picked":["Slimebound:GoopSpray","Slimebound:SpikyOuterGoop"],"picked":"Slimebound:Grow","floor":13},{"not_picked":["Slimebound:PressTheAttack","Slimebound:DouseInSlime"],"picked":"Slimebound:HauntingLick","floor":14},{"not_picked":["Slimebound:FormOfPuddle","Slimebound:SplitLeeching"],"picked":"Slimebound:SamplingLick","floor":15},{"not_picked":["Slimebound:Teamwork","Slimebound:TagTeam"],"picked":"Slimebound:DouseInSlime","floor":16},{"not_picked":[],"picked":"Slimebound:GoopTackle","floor":19},{"not_picked":["Slimebound:GrowthPunch+1"],"picked":"SKIP","floor":20},{"not_picked":["Slimebound:DivideAndConquer"],"picked":"SKIP","floor":21},{"not_picked":[],"picked":"Slimebound:Replication+1","floor":22},{"not_picked":[],"picked":"Slimebound:SlimeSpikes","floor":23},{"not_picked":[],"picked":"Slimebound:Grow+1","floor":26},{"not_picked":[],"picked":"Slimebound:ComboTackle+1","floor":27},{"not_picked":["Slimebound:SplitLeeching"],"picked":"SKIP","floor":28}],"player_experience":199100,"relics_obtained":[{"floor":7,"key":"Oddly Smooth Stone"},{"floor":23,"key":"Red Mask"},{"floor":25,"key":"White Beast Statue"}],"event_choices":[{"cards_removed":["Slimebound:Strike_Slimebound"],"damage_healed":0,"gold_gain":0,"player_choice":"Card Removal","damage_taken":0,"max_hp_gain":0,"max_hp_loss":0,"event_name":"The Cleric","floor":4,"gold_loss":0},{"damage_healed":0,"gold_gain":0,"player_choice":"Got Potions","damage_taken":0,"max_hp_gain":0,"max_hp_loss":0,"event_name":"Lab","floor":9,"gold_loss":0},{"damage_healed":0,"gold_gain":0,"player_choice":"Fought Bandits","damage_taken":0,"max_hp_gain":0,"max_hp_loss":0,"event_name":"Masked Bandits","floor":23,"gold_loss":0}],"is_beta":false,"boss_relics":[{"not_picked":["Black Star","Slimebound:AbsorbEndCombatUpgraded"],"picked":"Busted Crown"}],"items_purged_floors":[22],"is_endless":false,"potions_floor_spawned":[2,14,15,16,19,20,25,26,27,28],"killed_by":"Gremlin Leader","ascension_level":0}}