{"host":"9q13bdr84c6iv3c6","time":1612901349,"event":{"mods":["BaseMod","Colored Powertips","Downfall","Hermit","Minty Spire (QoL Compilation)","Replay The Spire","StSLib"],"gold_per_floor":[99,110,124,143,155,155,155,189,189,189,189,35,20,55,68,68,82,187,187,187,198,64,64,64,64,91,76,76,90,61,111,141,161,174,272,272,72,91,111,127,127,151,226,226,226,226],"floor_reached":44,"language":"ENG","playtime":3422,"items_purged":["Replay:Hysterical Blindness"],"score":713,"play_id":"e4cb8260-506a-431a-8b1d-2be20267cbf7","local_time":"20210209140909","is_ascension_mode":false,"campfire_choices":[{"data":"hexamod:Sear","floor":1.0,"key":"SMITH"},{"data":"hexamod:SearingWound","floor":11.0,"key":"SMITH"},{"data":"hexamod:Hexaguard","floor":20.0,"key":"SMITH"},{"data":"hexamod:Haunt","floor":25.0,"key":"SMITH"},{"data":"hexamod:CatchUp","floor":28.0,"key":"SMITH"},{"data":"hexamod:Hexaguard","floor":37,"key":"SMITH"}],"circlet_count":0,"master_deck":["hexamod:Defend+1","hexamod:Defend+1","hexamod:Defend","hexamod:Defend","hexamod:Sear+1","hexamod:Float+1","hexamod:ThirdSeal","hexamod:GhostOfSpirePast+1","hexamod:Hexaguard+1","hexamod:Hexaguard+1","hexamod:SpectersWail+1","hexamod:FastForward","hexamod:Hexaguard+1","hexamod:SoulSteal+1","hexamod:SearingWound+1","hexamod:GhostShield+1","hexamod:FourthSeal","hexamod:ExtraCrispy","hexamod:UnleashSpirits+1","hexamod:WildfireWeapon+1","hexamod:SixthSeal","hexamod:GhostShield","hexamod:FirstSeal","hexamod:CatchUp+1","hexamod:CatchUp+1","hexamod:HexaLevel","hexamod:GhostShield+1","hexamod:NightmareGuise+1","hexamod:Haunt+1","hexamod:SixthSeal","hexamod:GhostflameInferno+1","hexamod:EmpoweredFlame+1","Bite","Bite","Bite+1","Bite+1","Bite","ReplayTheSpireMod:Splinters","hexamod:GhostShield+1","hexamod:RainOfEmbers+1","hexamod:ChargedBarrage","hexamod:TimeOfNeed+1","downfall:Aged","ReplayTheSpireMod:IOU","hexamod:HeatCrush+1","hexamod:DynamicBlow","hexamod:Again+1","Looming Evil","hexamod:WildfireWeapon","hexamod:ThirdSeal","hexamod:HauntingEcho+1","hexamod:SoulSteal+1","hexamod:ChargedBarrage+1","hexamod:HauntingEcho+1","hexamod:Hexaguard+1","hexamod:SecondSeal","hexamod:AdvancingGuard+1","hexamod:AdvancingGuard+1","hexamod:DynamicBlow+1","hexamod:InspiringFlames+1","Writhe","Amnesia"],"relics":["hexamod:SpiritBrand","PreservedInsect","ReplayTheSpireMod:Lightbulb","Cursed Key","ReplayTheSpireMod:CursedCoin","Bag of Preparation","hexamod:SoulConsumer","Ring of Hypnosis","Ring of Greed","MealTicket","Blue Doll","Strawberry","Astrolabe","downfall:HeartBlessingGreen","downfall:HeartBlessingBlue","Chameleon Ring"],"acts_visited":["Exordium","TheCity","TheBeyond"],"potions_floor_usage":[34,35,35,35],"damage_taken":[{"damage":0.0,"enemies":"Small Slimes","floor":2.0,"turns":3.0},{"damage":0.0,"enemies":"Cultist","floor":3.0,"turns":4.0},{"damage":6.0,"enemies":"Jaw Worm","floor":4.0,"turns":4.0},{"damage":0.0,"enemies":"Large Slime","floor":5.0,"turns":5.0},{"damage":1.0,"enemies":"3 Sentries","floor":8.0,"turns":8.0},{"damage":0.0,"enemies":"downfall:FleeingMerchant","floor":12.0,"turns":4.0},{"damage":3.0,"enemies":"downfall:FleeingMerchant","floor":13.0,"turns":4.0},{"damage":11.0,"enemies":"Lagavulin","floor":14.0,"turns":7.0},{"damage":9.0,"enemies":"Blue Slaver","floor":15.0,"turns":7.0},{"damage":8.0,"enemies":"Exordium Wildlife","floor":17.0,"turns":3.0},{"damage":13.0,"enemies":"SI_SHIV_ARCHETYPE","floor":18.0,"turns":14.0},{"damage":13.0,"enemies":"Spheric Guardian","floor":21.0,"turns":8.0},{"damage":2.0,"enemies":"downfall:FleeingMerchant","floor":22.0,"turns":4.0},{"damage":18.0,"enemies":"downfall:FleeingMerchant","floor":27.0,"turns":4.0},{"damage":20.0,"enemies":"3 Byrds","floor":29.0,"turns":5.0},{"damage":13.0,"enemies":"downfall:FleeingMerchant","floor":30.0,"turns":4.0},{"damage":50.0,"enemies":"Gremlin Leader","floor":32.0,"turns":7.0},{"damage":25,"enemies":"Sentry and Sphere","floor":33,"turns":7},{"damage":4,"enemies":"Snecko","floor":34,"turns":5},{"damage":19,"enemies":"DF_ARCHETYPE_CLAW","floor":35,"turns":8},{"damage":25,"enemies":"3 Shapes","floor":38,"turns":6},{"damage":11,"enemies":"Orb Walker","floor":39,"turns":4},{"damage":8,"enemies":"4 Shapes","floor":40,"turns":4},{"damage":82,"enemies":"Transient","floor":42,"turns":5}],"seed_played":"8386237558085235357","potions_obtained":[{"floor":3.0,"key":"SkillPotion"},{"floor":4.0,"key":"Block Potion"},{"floor":5.0,"key":"AttackPotion"},{"floor":8.0,"key":"Weak Potion"},{"floor":13.0,"key":"Toxic Potion"},{"floor":14.0,"key":"hexamod:InfernoChargePotion"},{"floor":17.0,"key":"BlessingOfTheForge"},{"floor":27.0,"key":"Fruit Juice"},{"floor":29.0,"key":"Languid Potion"},{"floor":30.0,"key":"sneckomod:MuddlingPotion"},{"floor":32,"key":"Toxic Potion"},{"floor":32,"key":"Elixir"},{"floor":33,"key":"hexamod:EctoCoolerPotion"},{"floor":33,"key":"LiquidMemories"},{"floor":34,"key":"Fire Potion"},{"floor":35,"key":"Strength Potion"},{"floor":39,"key":"Dexterity Potion"},{"floor":40,"key":"EssenceOfSteel"},{"floor":42,"key":"Flashbang"}],"is_trial":false,"path_per_floor":["R","M","M","M","M","PTL","PTL","E","T","?","R","$","$","E","M","?","M","B",null,"R","M","$","?","?","R","T","$","R","M","$","?","E","M","M","B",null,"R","M","M","M","?","M","T","?"],"character_chosen":"THE_SPIRIT","items_purchased":["hexamod:ExtraCrispy","hexamod:UnleashSpirits","ReplayTheSpireMod:CursedCoin","hexamod:GhostflameInferno+1","hexamod:EmpoweredFlame","hexamod:TimeOfNeed","hexamod:SoulConsumer"],"campfire_rested":0,"item_purchase_floors":[12,12,22,22,22,30,30],"current_hp_per_floor":[77,77,77,71,71,71,71,70,70,70,70,70,67,56,56,49,50,46,77,77,71,71,71,71,71,71,67,67,55,48,48,24,12,23,17,89,99,92,84,94,94,16,16,0,0,0],"gold":226,"neow_bonus":"TEN_PERCENT_HP_BONUS","is_daily":false,"chose_seed":false,"campfire_upgraded":6,"win_rate":0.0,"timestamp":1612901349,"path_taken":["R","M","M","M","M","PTL","PTL","E","T","?","R","?","$","E","?","?","M","BOSS","R","M","$","?","?","R","T","$","R","M","?","?","E","M","M","BOSS","R","M","M","M","?","M","T","?"],"items_purchased_type":["Card","Card","Relic","Card","Card","Card","Relic"],"build_version":"2020-12-22","purchased_purges":1,"victory":false,"max_hp_per_floor":[77,77,77,77,77,77,77,77,77,77,77,77,77,77,77,77,77,77,77,77,77,77,77,77,77,77,82,82,82,82,82,89,89,89,89,89,99,99,99,99,99,99,99,99,99,99],"card_choices":[{"not_picked":["hexamod:BurningTouch","hexamod:GhostOfSpireFuture"],"picked":"hexamod:ThirdSeal","floor":2.0},{"not_picked":["hexamod:NecessarySacrifice","hexamod:SwordOfDarkness"],"picked":"hexamod:GhostOfSpirePast","floor":3.0},{"not_picked":["hexamod:Firestarter","hexamod:GhostOfSpirePast"],"picked":"hexamod:Hexaguard","floor":3.0},{"not_picked":["hexamod:SpectersWail","hexamod:StepThrough"],"picked":"hexamod:Hexaguard","floor":4.0},{"not_picked":["hexamod:NightmareStrike","hexamod:Rewind"],"picked":"hexamod:SpectersWail","floor":4.0},{"not_picked":["hexamod:SpectralAdrenaline","hexamod:GhostLash"],"picked":"hexamod:FastForward","floor":5.0},{"not_picked":["hexamod:ShieldOfDarkness","hexamod:SwordOfDarkness"],"picked":"hexamod:Hexaguard","floor":5.0},{"not_picked":["hexamod:NightmareStrike","hexamod:FastForward"],"picked":"hexamod:SoulSteal","floor":8.0},{"not_picked":["hexamod:Again","hexamod:InspiringFlames"],"picked":"hexamod:SearingWound","floor":8.0},{"not_picked":["hexamod:InspiringFlames","hexamod:NightmareStrike"],"picked":"hexamod:GhostShield","floor":12.0},{"not_picked":["hexamod:InspiringFlames","hexamod:SpectersWail"],"picked":"hexamod:FourthSeal","floor":12.0},{"not_picked":["hexamod:Hexaguard","hexamod:ExtraCrispy"],"picked":"hexamod:WildfireWeapon","floor":13.0},{"not_picked":["hexamod:BurningTouch","hexamod:ThirdSeal"],"picked":"hexamod:SixthSeal","floor":13.0},{"not_picked":["hexamod:ExtraCrispy","hexamod:InspiringFlames"],"picked":"hexamod:GhostShield","floor":14.0},{"not_picked":["hexamod:SoulSteal","hexamod:GhostOfSpirePast"],"picked":"hexamod:FirstSeal","floor":14.0},{"not_picked":["hexamod:SoulSteal","hexamod:Again"],"picked":"hexamod:CatchUp","floor":15.0},{"not_picked":["hexamod:Firestarter","hexamod:PhantomFireball","hexamod:SwordOfDarkness"],"picked":"SKIP","floor":15.0},{"not_picked":["hexamod:GhostLash","hexamod:ShieldOfDarkness"],"picked":"hexamod:CatchUp","floor":17.0},{"not_picked":["hexamod:UnleashSpirits","hexamod:GhostflameInferno"],"picked":"hexamod:HexaLevel","floor":18.0},{"not_picked":["hexamod:UnleashSpirits","hexamod:SearingWound"],"picked":"hexamod:ParanormalForm","floor":18.0},{"not_picked":["hexamod:HauntingEcho","hexamod:HeatMetal+1"],"picked":"hexamod:GhostShield+1","floor":21.0},{"not_picked":["hexamod:Hexaguard","hexamod:EtherealExpedition"],"picked":"hexamod:NightmareGuise+1","floor":21.0},{"not_picked":["hexamod:BacktrackSmack","hexamod:Firestarter"],"picked":"hexamod:Haunt","floor":22.0},{"not_picked":["hexamod:BurningTouch","hexamod:InspiringFlames"],"picked":"hexamod:SixthSeal","floor":22.0},{"not_picked":["hexamod:SixthSeal","hexamod:HeatMetal"],"picked":"hexamod:SkipABeat","floor":27.0},{"not_picked":["hexamod:SpectralAdrenaline","hexamod:GhostOfSpireFuture"],"picked":"hexamod:GhostShield","floor":29.0},{"not_picked":["hexamod:HeatMetal+1","hexamod:HeatShield+1"],"picked":"hexamod:RainOfEmbers+1","floor":29.0},{"not_picked":["hexamod:PhantomFireball+1","hexamod:RecurringNightmare"],"picked":"hexamod:Haunt","floor":30.0},{"not_picked":["hexamod:GhostOfSpireFuture","hexamod:HeatMetal+1"],"picked":"hexamod:ChargedBarrage","floor":30.0},{"not_picked":["hexamod:Haunt","hexamod:ThirdSeal"],"picked":"hexamod:HeatCrush","floor":32},{"not_picked":["hexamod:CatchUp+1","hexamod:ExtraCrispy+1"],"picked":"hexamod:DynamicBlow","floor":33},{"not_picked":["hexamod:Haunt","hexamod:GhostOfSpirePast+1","hexamod:BurningTouch"],"picked":"SKIP","floor":33},{"not_picked":["hexamod:GhostOfSpireFuture","hexamod:SwordOfDarkness"],"picked":"hexamod:Again","floor":34},{"not_picked":["hexamod:ParanormalForm","hexamod:TimeWarp"],"picked":"hexamod:WildfireWeapon","floor":35},{"not_picked":["hexamod:Haunt+1","hexamod:CatchUp"],"picked":"hexamod:ChargedBarrage+1","floor":38},{"not_picked":["hexamod:GhostShield+1","hexamod:CatchUp"],"picked":"hexamod:HauntingEcho+1","floor":38},{"not_picked":["hexamod:HeatMetal","hexamod:FastForward","hexamod:Again"],"picked":"SKIP","floor":38},{"not_picked":["hexamod:SpectersWail","hexamod:FourthSeal"],"picked":"hexamod:Hexaguard+1","floor":39},{"not_picked":["hexamod:HeatShield+1","hexamod:GhostflameInferno"],"picked":"hexamod:SecondSeal","floor":39},{"not_picked":["hexamod:FourthSeal","hexamod:SpectersWail+1","hexamod:BurningTouch"],"picked":"SKIP","floor":39},{"not_picked":["hexamod:SpectersWail","hexamod:GhostLash+1"],"picked":"hexamod:AdvancingGuard+1","floor":40},{"not_picked":["hexamod:GhostLash","hexamod:BurningTouch"],"picked":"hexamod:AdvancingGuard+1","floor":40},{"not_picked":["hexamod:HauntingEcho+1","hexamod:Hexaguard"],"picked":"hexamod:DynamicBlow+1","floor":42},{"not_picked":["hexamod:EmpoweredFlame+1","hexamod:HauntingEcho+1"],"picked":"hexamod:InspiringFlames+1","floor":42}],"player_experience":22074,"relics_obtained":[{"floor":8.0,"key":"PreservedInsect"},{"floor":14.0,"key":"Blood Vial"},{"floor":26.0,"key":"Bag of Preparation"},{"floor":31.0,"key":"Ring of Hypnosis"},{"floor":31.0,"key":"Ring of Greed"},{"floor":31.0,"key":"MealTicket"},{"floor":31.0,"key":"Blue Doll"},{"floor":32,"key":"Strawberry"},{"floor":43,"key":"Chameleon Ring"}],"event_choices":[{"damage_healed":0.0,"max_hp_gain":0.0,"max_hp_loss":0.0,"gold_gain":0.0,"event_name":"Accursed Blacksmith","player_choice":"Forge","floor":10.0,"gold_loss":0.0,"damage_taken":0.0,"cards_upgraded":["hexamod:SoulSteal"]},{"damage_healed":0.0,"max_hp_gain":0.0,"max_hp_loss":0.0,"gold_gain":0.0,"event_name":"Scrap Ooze","player_choice":"Success","floor":16.0,"gold_loss":0.0,"damage_taken":7.0,"relics_obtained":["ReplayTheSpireMod:Lightbulb"]},{"damage_healed":0.0,"max_hp_gain":0.0,"max_hp_loss":0.0,"gold_gain":0.0,"event_name":"Vampires","player_choice":"Became a vampire (Vial)","floor":23.0,"relics_lost":["Blood Vial"],"gold_loss":0.0,"damage_taken":0.0,"cards_obtained":["Bite","Bite","Bite","Bite","Bite"]}],"is_beta":false,"boss_relics":[{"not_picked":["Runic Pyramid","Replay:Bronze Core"],"picked":"Cursed Key"},{"not_picked":["SacredBark","hexamod:IceCube"],"picked":"Astrolabe"}],"items_purged_floors":[22],"is_endless":false,"potions_floor_spawned":[3,4,5,8,17,18,29,32,33,34,39,40],"ascension_level":0}}