{"host":"ad59wuc8ynh8u2z6","time":1612882708,"event":{"mods":["AchievementEnabler","BaseMod","Colored Powertips","DeckTracker","Highlight Path","Minty Spire (QoL Compilation)","Permanent Neow"],"gold_per_floor":[16,33,33,48,48,48,74,74,74,100,112,37,62,62,62,162,162,173,248,94,113,113,146,159,176,201,2,35,35,35,66,66,163,163,179,198,131,142,142,177,187,222,222,172,224,224,239,239,239,239,239,239,148,183,183],"floor_reached":56,"language":"ENG","playtime":3475,"items_purged":["Strike_B","Zap","Defend_B","Defend_B+1"],"score":1632,"play_id":"d41bfc4f-d184-4c36-9406-3f74e320f9a0","local_time":"20210209155828","is_ascension_mode":true,"campfire_choices":[{"data":"Darkness","floor":6.0,"key":"SMITH"},{"data":"Defragment","floor":8.0,"key":"SMITH"},{"data":"Coolheaded","floor":15.0,"key":"SMITH"},{"data":"Defragment","floor":32.0,"key":"SMITH"},{"floor":49,"key":"RECALL"},{"data":"Defragment","floor":52,"key":"SMITH"}],"circlet_count":0,"master_deck":["Defend_B+1","Dualcast","Darkness+1","Glacier","Defragment+1","Coolheaded+1","Core Surge+1","Defragment+1","Defragment+1","Seek","Amplify","Coolheaded+1","Capacitor"],"relics":["Cracked Core","Bottled Lightning","Toy Ornithopter","PreservedInsect","War Paint","Philosopher\u0027s Stone","DataDisk","Smiling Mask","Nunchaku","Vajra","Tiny Chest","Omamori","Strawberry","Centennial Puzzle","Velvet Choker","Eternal Feather","Regal Pillow","Whetstone","Art of War","FossilizedHelix","Gremlin Horn","Blood Vial"],"acts_visited":["Exordium","TheCity","TheBeyond","TheEnding"],"potions_floor_usage":[55,55],"damage_taken":[{"damage":0.0,"enemies":"Small Slimes","floor":1.0,"turns":3.0},{"damage":1.0,"enemies":"2 Louse","floor":2.0,"turns":3.0},{"damage":0.0,"enemies":"Jaw Worm","floor":4.0,"turns":3.0},{"damage":9.0,"enemies":"3 Sentries","floor":7.0,"turns":9.0},{"damage":1.0,"enemies":"Gremlin Nob","floor":10.0,"turns":4.0},{"damage":2.0,"enemies":"3 Louse","floor":11.0,"turns":4.0},{"damage":0.0,"enemies":"Lagavulin","floor":13.0,"turns":8.0},{"damage":31.0,"enemies":"Hexaghost","floor":16.0,"turns":12.0},{"damage":1.0,"enemies":"2 Thieves","floor":18.0,"turns":4.0},{"damage":0.0,"enemies":"Shell Parasite","floor":21.0,"turns":4.0},{"damage":28.0,"enemies":"Gremlin Leader","floor":23.0,"turns":11.0},{"damage":0.0,"enemies":"Cultist and Chosen","floor":24.0,"turns":6.0},{"damage":0.0,"enemies":"Centurion and Healer","floor":25.0,"turns":7.0},{"damage":13.0,"enemies":"Slavers","floor":28.0,"turns":9.0},{"damage":17.0,"enemies":"Gremlin Leader","floor":31.0,"turns":7.0},{"damage":0.0,"enemies":"Collector","floor":33.0,"turns":17.0},{"damage":0.0,"enemies":"3 Darklings","floor":35.0,"turns":5.0},{"damage":11.0,"enemies":"3 Shapes","floor":36.0,"turns":3.0},{"damage":0.0,"enemies":"Writhing Mass","floor":38.0,"turns":4.0},{"damage":0,"enemies":"Giant Head","floor":40,"turns":7},{"damage":4,"enemies":"3 Darklings","floor":41,"turns":6},{"damage":12,"enemies":"Nemesis","floor":42,"turns":7},{"damage":8,"enemies":"2 Orb Walkers","floor":45,"turns":9},{"damage":0,"enemies":"Spire Growth","floor":47,"turns":4},{"damage":0,"enemies":"Time Eater","floor":50,"turns":9},{"damage":11,"enemies":"Shield and Spear","floor":54,"turns":6},{"damage":42,"enemies":"The Heart","floor":55,"turns":8}],"seed_played":"4007119648694367038","potions_obtained":[{"floor":1.0,"key":"Energy Potion"},{"floor":4.0,"key":"EssenceOfSteel"},{"floor":7.0,"key":"PowerPotion"},{"floor":11.0,"key":"Swift Potion"},{"floor":21.0,"key":"FairyPotion"},{"floor":24.0,"key":"PowerPotion"},{"floor":33.0,"key":"FocusPotion"}],"is_trial":false,"path_per_floor":["M","M","?","M","?","R","E","R","T","E","M","$","E","$","R","B",null,"M","?","$","M","?","E","M","M","T","$","E","T","?","E","R","B",null,"M","M","?","M","T","E","M","E","T","$","?","?","M","T","R","B",null,"R","$","E","B",null],"character_chosen":"DEFECT","items_purchased":["DataDisk","Tiny Chest","Capacitor"],"campfire_rested":0,"item_purchase_floors":[20,27,53],"current_hp_per_floor":[75,74,74,74,74,74,65,65,65,64,62,62,62,62,62,31,75,74,67,67,67,67,39,39,39,39,39,26,33,33,16,16,16,82,82,71,71,71,71,71,67,55,55,55,47,47,47,47,53,53,82,82,82,71,40],"gold":183,"neow_bonus":"REMOVE_TWO","is_daily":false,"chose_seed":false,"campfire_upgraded":5,"win_rate":0.0,"timestamp":1612882708,"path_taken":["M","M","?","M","?","R","E","R","T","E","M","$","E","?","R","BOSS","M","?","$","?","?","E","M","M","T","$","E","?","?","E","R","BOSS","M","M","?","M","?","E","M","E","T","?","?","?","M","?","R","BOSS","R","$","E","BOSS"],"items_purchased_type":["Relic","Relic","Card"],"build_version":"2020-12-22","purchased_purges":4,"victory":true,"max_hp_per_floor":[75,75,75,75,75,75,75,75,75,75,75,75,75,75,75,75,75,75,75,75,75,75,75,75,75,75,75,75,82,82,82,82,82,82,82,82,82,82,82,82,82,82,82,82,82,82,82,82,82,82,82,82,82,82,82],"card_choices":[{"not_picked":["Hologram","Reinforced Body"],"picked":"Darkness","floor":1.0},{"not_picked":["Gash","Steam Power","Chaos"],"picked":"SKIP","floor":2.0},{"not_picked":["Recycle","Hologram"],"picked":"Glacier","floor":4.0},{"not_picked":["Lockon","Hello World"],"picked":"Defragment","floor":7.0},{"not_picked":["Ball Lightning","Conserve Battery","Reinforced Body"],"picked":"SKIP","floor":10.0},{"not_picked":["Turbo","Recycle","Undo"],"picked":"SKIP","floor":11.0},{"not_picked":["Static Discharge","Streamline"],"picked":"Coolheaded","floor":13.0},{"not_picked":["All For One","Thunder Strike"],"picked":"Core Surge","floor":16.0},{"not_picked":["Glacier","Storm"],"picked":"Defragment","floor":18.0},{"not_picked":["Doom and Gloom","Chaos","Storm"],"picked":"SKIP","floor":21.0},{"not_picked":["Steam Power","Turbo","Cold Snap"],"picked":"SKIP","floor":23.0},{"not_picked":["Steam","Sweeping Beam","Go for the Eyes"],"picked":"SKIP","floor":24.0},{"not_picked":["Steam+1","Chill+1","Compile Driver"],"picked":"SKIP","floor":25.0},{"not_picked":["Compile Driver","Sweeping Beam"],"picked":"Defragment","floor":28.0},{"not_picked":["Reboot","Scrape+1","Undo+1"],"picked":"SKIP","floor":31.0},{"not_picked":["Amplify","Hyperbeam"],"picked":"Seek","floor":33.0},{"not_picked":["Compile Driver","Stack","FTL+1"],"picked":"SKIP","floor":35.0},{"not_picked":["Stack+1","Streamline"],"picked":"Amplify","floor":36.0},{"not_picked":["Steam+1","Cold Snap+1","Compile Driver+1"],"picked":"SKIP","floor":38.0},{"not_picked":["Consume","Sunder","Redo"],"picked":"SKIP","floor":40},{"not_picked":["Stack","Leap","Beam Cell"],"picked":"SKIP","floor":41},{"not_picked":["Thunder Strike","Double Energy"],"picked":"Coolheaded+1","floor":42},{"not_picked":["Beam Cell+1","Chaos","Lockon+1"],"picked":"SKIP","floor":47},{"not_picked":["Storm","Auto Shields","Turbo+1"],"picked":"SKIP","floor":54}],"player_experience":79677,"relics_obtained":[{"floor":7.0,"key":"Bottled Lightning"},{"floor":9.0,"key":"Toy Ornithopter"},{"floor":10.0,"key":"PreservedInsect"},{"floor":13.0,"key":"War Paint"},{"floor":23.0,"key":"Nunchaku"},{"floor":26.0,"key":"Vajra"},{"floor":28.0,"key":"Omamori"},{"floor":29.0,"key":"Strawberry"},{"floor":31.0,"key":"Centennial Puzzle"},{"floor":40,"key":"Regal Pillow"},{"floor":42,"key":"Whetstone"},{"floor":43,"key":"Art of War"},{"floor":45,"key":"FossilizedHelix"},{"floor":48,"key":"Gremlin Horn"},{"floor":54,"key":"Blood Vial"}],"event_choices":[{"cards_removed":["Strike_B"],"damage_healed":0.0,"max_hp_gain":0.0,"max_hp_loss":0.0,"gold_gain":0.0,"event_name":"Living Wall","player_choice":"Forget","floor":3.0,"gold_loss":0.0,"damage_taken":0.0},{"damage_healed":0.0,"max_hp_gain":0.0,"max_hp_loss":0.0,"gold_gain":0.0,"event_name":"The Cleric","player_choice":"Leave","floor":5.0,"gold_loss":0.0,"damage_taken":0.0},{"damage_healed":0.0,"max_hp_gain":0.0,"max_hp_loss":0.0,"gold_gain":75.0,"event_name":"FaceTrader","player_choice":"Touch","floor":19.0,"gold_loss":0.0,"damage_taken":7.0},{"damage_healed":0.0,"max_hp_gain":0.0,"max_hp_loss":0.0,"gold_gain":0.0,"event_name":"The Mausoleum","player_choice":"Opened","floor":22.0,"gold_loss":0.0,"damage_taken":0.0,"relics_obtained":["Smiling Mask"]},{"cards_removed":["Defend_B"],"damage_healed":0.0,"max_hp_gain":0.0,"max_hp_loss":0.0,"gold_gain":0.0,"event_name":"Back to Basics","player_choice":"Elegance","floor":30.0,"gold_loss":0.0,"damage_taken":0.0},{"damage_healed":0.0,"max_hp_gain":0.0,"max_hp_loss":0.0,"gold_gain":0.0,"event_name":"WeMeetAgain","player_choice":"Paid Gold","floor":37.0,"gold_loss":67.0,"damage_taken":0.0,"relics_obtained":["Eternal Feather"]},{"damage_healed":0,"gold_gain":0,"player_choice":"Fight","damage_taken":0,"max_hp_gain":0,"max_hp_loss":0,"event_name":"Mysterious Sphere","floor":45,"gold_loss":0},{"damage_healed":0,"gold_gain":0,"player_choice":"Ignored","damage_taken":0,"max_hp_gain":0,"max_hp_loss":0,"event_name":"Tomb of Lord Red Mask","floor":46,"gold_loss":0}],"is_beta":false,"boss_relics":[{"not_picked":["Ectoplasm","Busted Crown"],"picked":"Philosopher\u0027s Stone"},{"not_picked":["Astrolabe","Tiny House"],"picked":"Velvet Choker"}],"items_purged_floors":[12,27,44,53],"is_endless":false,"potions_floor_spawned":[1,4,7,10,11,21,23,24,33,35,36,42,47],"ascension_level":4}}