{"host":"za1qviwhp34x909e","time":1612865696,"event":{"mods":["BaseMod","Colored Map","Colored Powertips","Highlight Path","Minty Spire (QoL Compilation)","Quick Restart"],"gold_per_floor":[118,21,33,50,225,259,259,284,284,125,142,4,33,58,58,163,163,175,175,175,175,185,185,218,218,218,93,107,307,338,188,188,188,188],"floor_reached":33,"language":"ENG","playtime":1548,"items_purged":["Doubt","Strike_R","Defend_R","Strike_R"],"score":434,"play_id":"4fbbeca2-2c44-4137-a9fb-38ac87403e54","local_time":"20210209041456","is_ascension_mode":true,"campfire_choices":[{"data":"Flame Barrier","floor":7.0,"key":"SMITH"},{"data":"Metallicize","floor":15.0,"key":"SMITH"},{"floor":23,"key":"DIG"},{"floor":25,"key":"DIG"},{"floor":32,"key":"DIG"}],"circlet_count":0,"master_deck":["Strike_R","Defend_R","Defend_R","Defend_R","Bash","Pommel Strike","Flame Barrier+1","Shrug It Off","Metallicize+1","Battle Trance","Pommel Strike","Rage","Rampage+1","Shrug It Off","Carnage+1","Pummel+1","Offering","Shockwave","Dropkick+1","Sever Soul+1","RitualDagger+1","Shrug It Off","Flame Barrier+1","Wild Strike+1"],"relics":["Burning Blood","NeowsBlessing","Pear","Molten Egg 2","Pantograph","Nunchaku","Red Skull","Cursed Key","Shovel","Bronze Scales","PreservedInsect","Tiny Chest","Peace Pipe","Paper Frog"],"acts_visited":["Exordium","TheCity"],"potions_floor_usage":[28,33],"damage_taken":[{"damage":0.0,"enemies":"Cultist","floor":1.0,"turns":1.0},{"damage":0.0,"enemies":"2 Louse","floor":3.0,"turns":1.0},{"damage":0.0,"enemies":"Jaw Worm","floor":4.0,"turns":1.0},{"damage":19.0,"enemies":"Gremlin Nob","floor":6.0,"turns":4.0},{"damage":44.0,"enemies":"3 Sentries","floor":8.0,"turns":12.0},{"damage":8.0,"enemies":"Blue Slaver","floor":11.0,"turns":4.0},{"damage":5.0,"enemies":"Lagavulin","floor":13.0,"turns":7.0},{"damage":18.0,"enemies":"The Guardian","floor":16.0,"turns":13.0},{"damage":6.0,"enemies":"3 Byrds","floor":18.0,"turns":4.0},{"damage":6.0,"enemies":"2 Thieves","floor":22.0,"turns":3.0},{"damage":13,"enemies":"Gremlin Leader","floor":24,"turns":5},{"damage":25,"enemies":"Shelled Parasite and Fungi","floor":28,"turns":4},{"damage":29,"enemies":"Slavers","floor":30,"turns":4},{"damage":56,"enemies":"Automaton","floor":33,"turns":8}],"seed_played":"738333337318046151","potions_obtained":[{"floor":1.0,"key":"CultistPotion"},{"floor":4.0,"key":"ColorlessPotion"},{"floor":6.0,"key":"ElixirPotion"},{"floor":22,"key":"Energy Potion"},{"floor":28,"key":"Ancient Potion"}],"is_trial":false,"path_per_floor":["M","$","M","M","?","E","R","E","T","$","M","$","E","T","R","B",null,"M","?","?","?","M","R","E","R","T","$","M","?","E","$","R","B"],"character_chosen":"IRONCLAD","items_purchased":["Flame Barrier","Shrug It Off","Rampage+1","Strength Potion","Carnage+1"],"campfire_rested":0,"item_purchase_floors":[2,2,10,10,12],"current_hp_per_floor":[78,78,80,80,80,77,77,39,39,39,37,37,38,38,38,51,80,80,80,80,74,74,74,67,67,67,67,48,48,25,25,25,0,0],"gold":188,"neow_bonus":"THREE_ENEMY_KILL","is_daily":false,"chose_seed":false,"campfire_upgraded":2,"win_rate":0.0,"timestamp":1612865696,"path_taken":["M","$","?","M","?","E","R","E","T","$","M","$","E","?","R","BOSS","M","?","?","?","M","R","E","R","T","$","M","?","E","$","R","BOSS"],"items_purchased_type":["Card","Card","Card","Potion","Card"],"build_version":"2020-12-22","purchased_purges":4,"victory":false,"max_hp_per_floor":[80,80,80,80,80,90,90,90,90,90,90,90,90,90,90,90,90,90,90,90,90,90,90,90,90,90,90,90,90,90,90,90,90,90],"card_choices":[{"not_picked":["Second Wind","Flex"],"picked":"Pommel Strike","floor":1.0},{"not_picked":["Heavy Blade","Feel No Pain"],"picked":"Metallicize","floor":3.0},{"not_picked":["Warcry","Body Slam"],"picked":"Battle Trance","floor":4.0},{"not_picked":["Limit Break","Searing Blow"],"picked":"Pommel Strike","floor":6.0},{"not_picked":["Flex","Twin Strike+1"],"picked":"Rage","floor":8.0},{"not_picked":["Infernal Blade","Flame Barrier"],"picked":"Shrug It Off","floor":11.0},{"not_picked":["Anger+1","Body Slam+1"],"picked":"Pummel+1","floor":13.0},{"not_picked":["Immolate+1","Bludgeon+1"],"picked":"Offering","floor":16.0},{"not_picked":["Cleave+1","Body Slam+1"],"picked":"Shockwave","floor":18.0},{"not_picked":["Anger+1","Havoc+1"],"picked":"Shrug It Off","floor":22},{"not_picked":["Blood for Blood+1","Entrench"],"picked":"Flame Barrier+1","floor":24},{"not_picked":["Twin Strike+1","Body Slam+1"],"picked":"Wild Strike+1","floor":28},{"not_picked":["Corruption","Heavy Blade+1","Ghostly Armor"],"picked":"SKIP","floor":30}],"player_experience":661490,"relics_obtained":[{"floor":6.0,"key":"Pear"},{"floor":8.0,"key":"Molten Egg 2"},{"floor":9.0,"key":"Pantograph"},{"floor":13.0,"key":"Nunchaku"},{"floor":14.0,"key":"Red Skull"},{"floor":23,"key":"Bronze Scales"},{"floor":24,"key":"PreservedInsect"},{"floor":25,"key":"Tiny Chest"},{"floor":30,"key":"Peace Pipe"},{"floor":32,"key":"Paper Frog"}],"event_choices":[{"damage_healed":0.0,"max_hp_gain":0.0,"max_hp_loss":0.0,"gold_gain":175.0,"event_name":"Liars Game","player_choice":"AGREE","floor":5.0,"gold_loss":0.0,"damage_taken":0.0,"cards_obtained":["Doubt"]},{"damage_healed":0.0,"max_hp_gain":0.0,"max_hp_loss":0.0,"gold_gain":0.0,"event_name":"The Mausoleum","player_choice":"Opened","floor":19.0,"gold_loss":0.0,"damage_taken":0.0,"relics_obtained":["Shovel"]},{"damage_healed":0.0,"max_hp_gain":0.0,"max_hp_loss":0.0,"gold_gain":0.0,"cards_transformed":["Strike_R","Strike_R"],"event_name":"Drug Dealer","player_choice":"Became Test Subject","floor":20.0,"gold_loss":0.0,"damage_taken":0.0,"cards_obtained":["Dropkick","Sever Soul"]},{"damage_healed":0.0,"max_hp_gain":0.0,"max_hp_loss":0.0,"gold_gain":0.0,"event_name":"Nest","player_choice":"Joined the Cult","floor":21.0,"gold_loss":0.0,"damage_taken":6.0,"cards_obtained":["RitualDagger"]},{"damage_healed":0,"gold_gain":250,"player_choice":"Bet on Owner","damage_taken":0,"max_hp_gain":0,"max_hp_loss":0,"event_name":"The Joust","floor":29,"gold_loss":50}],"is_beta":false,"boss_relics":[{"not_picked":["Ectoplasm","Runic Pyramid"],"picked":"Cursed Key"}],"items_purged_floors":[10,12,27,31],"is_endless":false,"potions_floor_spawned":[1,4,6,22,28],"killed_by":"Automaton","ascension_level":9}}