{"host":"1ekl8hlbnopmdapi","time":1612900516,"event":{"mods":["AchievementEnabler","BaseMod","Colored Map","Colored Powertips","DeckTracker","Downfall","Googly Eyes","Highlight Path","Minty Spire (QoL Compilation)","Relic Sorter","StSLib","Synergy Search"],"gold_per_floor":[99,116,116,136,155,174,174,203,214,225,235,135,154,168,180,281,281,281,266,266,281,281,192,216,216,44,57,71,89,89,114,114,114,114],"floor_reached":32,"language":"ENG","playtime":1335,"items_purged":[],"score":318,"play_id":"9c603c0a-9480-425c-8186-63efcc32ffa9","local_time":"20210209145516","is_ascension_mode":false,"campfire_choices":[{"floor":1,"key":"RECALL"},{"floor":12,"key":"REST"},{"data":"Slimebound:Split","floor":18,"key":"SMITH"},{"floor":30,"key":"REST"}],"circlet_count":0,"master_deck":["Slimebound:Strike_Slimebound+1","Slimebound:Strike_Slimebound+1","Slimebound:Strike_Slimebound+1","Slimebound:Tackle","Slimebound:Defend_Slimebound+1","Slimebound:Defend_Slimebound+1","Slimebound:Defend_Slimebound+1","Slimebound:Defend_Slimebound+1","Slimebound:Split+1","Slimebound:CorrosiveSpit","Slimebound:LivingWall","Slimebound:SplitBruiser","Slimebound:Schlurp","Slimebound:SplitMire","Slimebound:DisruptingSlam","Slimebound:LeechingTouch","Slimebound:SplitMire","Slimebound:RollThrough","Slimebound:MinionMaster","Slimebound:ItLooksTasty","Slimebound:Overexert","Slimebound:SplitMire","Slimebound:LeechEnergy","Slimebound:SplitLeeching","Slimebound:MassFeed","CurseOfTheBell","CurseOfTheBell","Pain","downfall:Bewildered","Slimebound:MassRepurpose","Slimebound:PressTheAttack","Slimebound:Prepare","Slimebound:SlimeSpikes+1","Slimebound:FormOfPuddle","Slimebound:SplitLeeching","Slimebound:AcidTongue+1"],"relics":["Slimebound:AbsorbEndCombat","StrikeDummy","Pantograph","downfall:HeartBlessingRed","Oddly Smooth Stone","downfall:ExtraCursedBell","Dream Catcher","Question Card","Lizard Tail","Strange Spoon","Juzu Bracelet"],"acts_visited":["Exordium","TheCity"],"potions_floor_usage":[9,14,28,29,32,32],"damage_taken":[{"damage":2,"enemies":"2 Louse","floor":2,"turns":3},{"damage":4,"enemies":"Cultist","floor":4,"turns":4},{"damage":0,"enemies":"Jaw Worm","floor":5,"turns":3},{"damage":8,"enemies":"Lots of Slimes","floor":6,"turns":4},{"damage":23,"enemies":"Lagavulin","floor":8,"turns":6},{"damage":3,"enemies":"Large Slime","floor":9,"turns":5},{"damage":2,"enemies":"Blue Slaver","floor":10,"turns":4},{"damage":2,"enemies":"3 Louse","floor":11,"turns":4},{"damage":3,"enemies":"Exordium Wildlife","floor":13,"turns":2},{"damage":0,"enemies":"Exordium Thugs","floor":14,"turns":4},{"damage":3,"enemies":"Exordium Wildlife","floor":15,"turns":3},{"damage":36,"enemies":"WA_ARCHETYPE_RETAIN","floor":16,"turns":8},{"damage":13,"enemies":"downfall:FleeingMerchant","floor":19,"turns":4},{"damage":24,"enemies":"Spheric Guardian","floor":21,"turns":4},{"damage":15,"enemies":"downfall:FleeingMerchant","floor":23,"turns":4},{"damage":20,"enemies":"downfall:FleeingMerchant","floor":26,"turns":4},{"damage":21,"enemies":"Centurion and Healer","floor":27,"turns":5},{"damage":7,"enemies":"Snake Plant","floor":28,"turns":4},{"damage":41,"enemies":"Cultist and Chosen","floor":29,"turns":6},{"damage":38,"enemies":"Book of Stabbing","floor":31,"turns":7},{"damage":30,"enemies":"Sentry and Sphere","floor":32,"turns":5}],"seed_played":"-9072475017986336908","potions_obtained":[{"floor":6,"key":"Ancient Potion"},{"floor":8,"key":"Block Potion"},{"floor":9,"key":"Fruit Juice"},{"floor":11,"key":"Swift Potion"},{"floor":27,"key":"champ:CounterPotion"},{"floor":28,"key":"SpeedPotion"}],"is_trial":false,"path_per_floor":["R","M","?","M","M","M","T","E","M","M","M","R","M","M","M","B",null,"R","$","?","M","?","$","T","?","$","M","M","M","R","E","M"],"character_chosen":"SLIMEBOUND","items_purchased":["Slimebound:MassFeed","Strange Spoon"],"campfire_rested":2,"item_purchase_floors":[23,26],"current_hp_per_floor":[59,57,57,57,61,61,61,42,50,50,54,78,77,82,81,54,82,82,75,75,57,41,32,32,37,19,6,3,24,51,21,0,0,0],"gold":114,"neow_bonus":"TWENTY_PERCENT_HP_BONUS","is_daily":false,"chose_seed":false,"campfire_upgraded":1,"win_rate":0.0,"timestamp":1612900516,"path_taken":["R","M","?","?","M","M","T","E","M","M","M","R","M","M","M","BOSS","R","$","?","M","?","$","T","?","?","M","?","M","R","E","M"],"items_purchased_type":["Card","Relic"],"build_version":"2020-12-22","purchased_purges":0,"victory":false,"max_hp_per_floor":[77,77,77,77,77,77,77,77,82,82,82,82,82,82,82,82,82,82,82,82,82,87,87,87,92,92,92,92,92,92,92,92,92,92],"card_choices":[{"not_picked":["Slimebound:ItLooksTasty","Slimebound:LeechEnergy"],"picked":"Slimebound:LivingWall","floor":2},{"not_picked":["Slimebound:HauntingLick","Slimebound:ComboTackle"],"picked":"Slimebound:SplitBruiser","floor":4},{"not_picked":["Slimebound:ComboTackle","Slimebound:LeechingTouch"],"picked":"Slimebound:Schlurp","floor":5},{"not_picked":["Slimebound:FinishingTackle","Slimebound:LeechingTouch"],"picked":"Slimebound:SplitMire","floor":6},{"not_picked":["Slimebound:MegaLick","Slimebound:WasteNot","Slimebound:Dissolve"],"picked":"SKIP","floor":8},{"not_picked":["Slimebound:MegaLick","Slimebound:ComboTackle"],"picked":"Slimebound:DisruptingSlam","floor":9},{"not_picked":["Slimebound:Schlurp","Slimebound:FinishingTackle"],"picked":"Slimebound:LeechingTouch","floor":10},{"not_picked":["Slimebound:HauntingLick","Slimebound:LeechEnergy"],"picked":"Slimebound:SplitMire","floor":11},{"not_picked":["Slimebound:ComboTackle","Slimebound:SlimeTap"],"picked":"Slimebound:RollThrough","floor":13},{"not_picked":["Slimebound:LeechEnergy","Slimebound:GrowthPunch"],"picked":"Slimebound:MinionMaster","floor":14},{"not_picked":["Slimebound:LeechEnergy","Slimebound:LeechingTouch"],"picked":"Slimebound:ItLooksTasty","floor":15},{"not_picked":["Slimebound:DuplicatedForm","Slimebound:MinionMaster"],"picked":"Slimebound:Overexert","floor":16},{"not_picked":["Slimebound:RollThrough","Slimebound:ProtectTheBoss"],"picked":"Slimebound:SplitMire","floor":19},{"not_picked":["Slimebound:GoopTackle","Slimebound:RainOfGoop"],"picked":"Slimebound:LeechEnergy","floor":21},{"not_picked":["Slimebound:Prepare","Slimebound:DisruptingSlam"],"picked":"Slimebound:SplitLeeching","floor":23},{"not_picked":["Slimebound:LeechingTouch","Slimebound:ForwardTackle","Slimebound:SlimeSpikes+1"],"picked":"Slimebound:PressTheAttack","floor":26},{"not_picked":["Slimebound:GrowthPunch","Slimebound:FinishingTackle","Slimebound:FlameTackle"],"picked":"Slimebound:Prepare","floor":27},{"not_picked":["Slimebound:FormOfPuddle","Slimebound:Equalize","Slimebound:WasteNot"],"picked":"Slimebound:SlimeSpikes+1","floor":28},{"not_picked":["Slimebound:LeechEnergy","Slimebound:RollThrough","Slimebound:LivingWall"],"picked":"Slimebound:FormOfPuddle","floor":29},{"not_picked":["Slimebound:Prepare","Slimebound:LevelUp","Slimebound:HauntingLick"],"picked":"Slimebound:SplitLeeching","floor":30},{"not_picked":["Slimebound:LeechEnergy","Slimebound:PressTheAttack","Slimebound:SplitMire"],"picked":"Slimebound:AcidTongue+1","floor":31}],"player_experience":539116,"relics_obtained":[{"floor":7,"key":"StrikeDummy"},{"floor":8,"key":"Pantograph"},{"floor":24,"key":"Oddly Smooth Stone"},{"floor":25,"key":"Dream Catcher"},{"floor":25,"key":"Question Card"},{"floor":25,"key":"Lizard Tail"},{"floor":31,"key":"Juzu Bracelet"}],"event_choices":[{"damage_healed":0,"gold_gain":0,"player_choice":"Ignored","damage_taken":0,"max_hp_gain":0,"max_hp_loss":0,"event_name":"NoteForYourself","floor":3,"gold_loss":0}],"is_beta":false,"boss_relics":[{"not_picked":["Snecko Eye","Pandora\u0027s Box","Runic Dome"]}],"items_purged_floors":[],"is_endless":false,"potions_floor_spawned":[6,8,9,11,13,27,28],"killed_by":"Sentry and Sphere","ascension_level":0}}