{"host":"zsnmfqgcm92hlreo","time":1612839371,"event":{"mods":["AchievementEnabler","BaseMod","Bestiary","Block Reminder","Colored Map","Colored Powertips","Minty Spire (QoL Compilation)","Permanent Neow","Quick Restart","Relic Stats","StSLib","Weighted Paths"],"gold_per_floor":[117,130,142,142,142,180,180,219,219,255,279,323,337,355,355,451,451,464,464,483,144,144,188,188,188],"floor_reached":24,"language":"ENG","playtime":881,"items_purged":["Strike_R"],"score":492,"play_id":"34df0250-a123-4ddd-bd04-7afb4a95f32e","local_time":"20210208205611","is_ascension_mode":true,"campfire_choices":[{"floor":7.0,"key":"REST"},{"floor":15.0,"key":"REST"}],"circlet_count":0,"master_deck":["AscendersBane","Strike_R+1","Strike_R+1","Strike_R+1","Defend_R+1","Defend_R+1","Defend_R+1","Defend_R+1","Bash","Rampage","Feel No Pain","Fire Breathing","Battle Trance+1","Inflame","Rupture","Immolate","Sword Boomerang","Impervious","Offering","Heavy Blade","Battle Trance"],"relics":["Fusion Hammer","Golden Idol","InkBottle","Ancient Tea Set","Bottled Lightning","War Paint","Bag of Marbles","Runic Dome","Gremlin Horn","Eternal Feather","Sundial"],"acts_visited":["Exordium","TheCity"],"potions_floor_usage":[],"damage_taken":[{"damage":0.0,"enemies":"2 Louse","floor":1.0,"turns":3.0},{"damage":8.0,"enemies":"Small Slimes","floor":2.0,"turns":3.0},{"damage":1.0,"enemies":"Cultist","floor":3.0,"turns":3.0},{"damage":20.0,"enemies":"Lagavulin","floor":6.0,"turns":6.0},{"damage":12.0,"enemies":"3 Sentries","floor":8.0,"turns":5.0},{"damage":29.0,"enemies":"Gremlin Nob","floor":10.0,"turns":4.0},{"damage":2.0,"enemies":"2 Fungi Beasts","floor":11.0,"turns":4.0},{"damage":14.0,"enemies":"Lagavulin","floor":12.0,"turns":6.0},{"damage":1.0,"enemies":"Exordium Thugs","floor":13.0,"turns":3.0},{"damage":0.0,"enemies":"Blue Slaver","floor":14.0,"turns":2.0},{"damage":17.0,"enemies":"The Guardian","floor":16.0,"turns":7.0},{"damage":14.0,"enemies":"Shell Parasite","floor":18.0,"turns":3.0},{"damage":12,"enemies":"Spheric Guardian","floor":20,"turns":3},{"damage":3,"enemies":"Gremlin Leader","floor":23,"turns":4},{"damage":36,"enemies":"Snecko","floor":24,"turns":3}],"seed_played":"-7841359827496098699","potions_obtained":[{"floor":1.0,"key":"DuplicationPotion"},{"floor":3.0,"key":"LiquidMemories"},{"floor":6.0,"key":"Regen Potion"},{"floor":12.0,"key":"Explosive Potion"},{"floor":16.0,"key":"EssenceOfSteel"}],"is_trial":false,"path_per_floor":["M","M","M","?","?","E","R","E","T","E","M","E","M","M","R","B",null,"M","?","M","$","?","E","M"],"character_chosen":"IRONCLAD","items_purchased":["Eternal Feather"],"campfire_rested":2,"item_purchase_floors":[21],"current_hp_per_floor":[68,60,59,52,52,32,52,40,40,11,21,7,6,6,26,9,53,39,39,27,27,27,24,0,0],"gold":188,"neow_bonus":"BOSS_RELIC","is_daily":false,"chose_seed":false,"campfire_upgraded":0,"win_rate":0.0,"timestamp":1612839371,"path_taken":["M","M","M","?","?","E","R","E","T","E","M","E","M","M","R","BOSS","M","?","?","$","?","E","M"],"items_purchased_type":["Relic"],"build_version":"2020-12-22","purchased_purges":1,"victory":false,"max_hp_per_floor":[75,75,75,75,68,68,68,68,68,68,68,68,68,68,68,68,68,68,68,68,68,68,68,68,68],"relic_stats":{"Gremlin Horn":[2,4],"counters":[15,59],"Golden Idol":79,"Sundial":[0],"Eternal Feather":0,"War Paint":["Defend_R","Battle Trance"],"obtain_stats":[{"Runic Dome":17,"Gremlin Horn":19,"Golden Idol":5,"Sundial":23,"Eternal Feather":21,"Fusion Hammer":0,"Bag of Marbles":12,"Bottled Lightning":9,"War Paint":10,"Ancient Tea Set":8,"Burning Blood":0,"InkBottle":6},{"Runic Dome":11,"Gremlin Horn":12,"Golden Idol":3,"Sundial":14,"Eternal Feather":13,"Fusion Hammer":0,"Bag of Marbles":8,"Bottled Lightning":5,"War Paint":6,"Ancient Tea Set":5,"Burning Blood":0,"InkBottle":4},{"Runic Dome":46,"Gremlin Horn":49,"Golden Idol":9,"Sundial":56,"Eternal Feather":52,"Fusion Hammer":0,"Bag of Marbles":34,"Bottled Lightning":20,"War Paint":24,"Ancient Tea Set":20,"Burning Blood":0,"InkBottle":15}],"InkBottle":[8]},"card_choices":[{"not_picked":["Wild Strike","Rage"],"picked":"Rampage","floor":1.0},{"not_picked":["Heavy Blade","Wild Strike"],"picked":"Feel No Pain","floor":2.0},{"not_picked":["Twin Strike","Shockwave"],"picked":"Fire Breathing","floor":3.0},{"not_picked":["Second Wind","Hemokinesis"],"picked":"Battle Trance","floor":6.0},{"not_picked":["Burning Pact","Pommel Strike"],"picked":"Inflame","floor":8.0},{"not_picked":["Thunderclap","Armaments"],"picked":"Rupture","floor":10.0},{"not_picked":["Uppercut","Clothesline"],"picked":"Immolate","floor":11.0},{"not_picked":["Infernal Blade","Clash","Sword Boomerang"],"picked":"SKIP","floor":12.0},{"not_picked":["Infernal Blade","Clash"],"picked":"Sword Boomerang","floor":12.0},{"not_picked":["Perfected Strike","Burning Pact","Flex"],"picked":"SKIP","floor":13.0},{"not_picked":["Infernal Blade","Twin Strike"],"picked":"Impervious","floor":14.0},{"not_picked":["Bludgeon","Feed"],"picked":"Offering","floor":16.0},{"not_picked":["Iron Wave","Headbutt"],"picked":"Heavy Blade","floor":18.0},{"not_picked":["Iron Wave+1","Clothesline"],"picked":"Battle Trance","floor":20},{"not_picked":["Blood for Blood","Ghostly Armor","Anger"],"picked":"SKIP","floor":23}],"player_experience":1053462,"relics_obtained":[{"floor":6.0,"key":"InkBottle"},{"floor":8.0,"key":"Ancient Tea Set"},{"floor":9.0,"key":"Bottled Lightning"},{"floor":10.0,"key":"War Paint"},{"floor":12.0,"key":"Bag of Marbles"},{"floor":23,"key":"Sundial"}],"event_choices":[{"cards_removed":["Strike_R"],"damage_healed":0.0,"max_hp_gain":0.0,"max_hp_loss":0.0,"gold_gain":0.0,"event_name":"Golden Wing","player_choice":"Card Removal","floor":4.0,"gold_loss":0.0,"damage_taken":7.0},{"damage_healed":0.0,"max_hp_gain":0.0,"max_hp_loss":7.0,"gold_gain":0.0,"event_name":"Golden Idol","player_choice":"Lose Max HP","floor":5.0,"gold_loss":0.0,"damage_taken":0.0,"relics_obtained":["Golden Idol"]},{"damage_healed":0.0,"max_hp_gain":0.0,"max_hp_loss":0.0,"gold_gain":0.0,"event_name":"WeMeetAgain","player_choice":"Gave Potion","floor":19.0,"gold_loss":0.0,"damage_taken":0.0,"relics_obtained":["Gremlin Horn"]},{"damage_healed":0,"gold_gain":0,"player_choice":"Simplicity","damage_taken":0,"max_hp_gain":0,"max_hp_loss":0,"event_name":"Back to Basics","floor":22,"gold_loss":0,"cards_upgraded":["Strike_R","Strike_R","Strike_R","Defend_R","Defend_R","Defend_R"]}],"is_beta":false,"boss_relics":[{"not_picked":["Ectoplasm","Empty Cage"],"picked":"Runic Dome"}],"items_purged_floors":[21],"is_endless":false,"potions_floor_spawned":[1,3,6,8,12,16,18],"killed_by":"Snecko","ascension_level":20}}