{"host":"x7btokbb0w2jhl7e","time":1612848376,"event":{"mods":["Act Like it!","BaseMod","Gensokyo","Minty Spire (QoL Compilation)","Quick Restart","StSLib","TestMod"],"gold_per_floor":[111,111,211,40,57,92,105,105,105,120,200,211,243,255,255,329,329,344,362,242,642,892,921,921,939,939,939,939,969,969,969,969,1047,1047,1064,1064,1084,842,860,885,898,928,978,1011,1011,1045,571,571,571,571,571,571,571,14,39,39],"floor_reached":57,"language":"ZHS","playtime":3019,"items_purged":["Strike_G","Strike_G"],"score":3502,"play_id":"e5c0159a-9841-4cf6-ab79-e557471df09f","local_time":"20210209132616","is_ascension_mode":true,"campfire_choices":[{"data":"Noxious Fumes","floor":8.0,"key":"SMITH"},{"data":"Neutralize","floor":15.0,"key":"SMITH"},{"data":"Acrobatics","floor":24.0,"key":"SMITH"},{"data":"Acrobatics","floor":30.0,"key":"SMITH"},{"data":"Blade Dance","floor":32.0,"key":"SMITH"},{"data":"Entrench","floor":45.0,"key":"SMITH"},{"floor":49.0,"key":"RECALL"},{"data":"Footwork","floor":53.0,"key":"SMITH"}],"circlet_count":0,"master_deck":["AscendersBane","Defend_G","Defend_G","Defend_G","Defend_G","Defend_G","Neutralize+1","Noxious Fumes+1","Crippling Poison","Blade Dance+1","Acrobatics+1","Venomology","Footwork+1","Acrobatics+1","Terror+1","Quick Slash+1","Gensokyo:GreaterSplit","Doubt","Body Slam","After Image","Entrench+1","Seek","Acrobatics","Offering"],"relics":["Ring of the Snake","testmod-TestBox","testmod-EnergyCheck","NeowsBlessing","Gensokyo:Justice","Tough Bandages","testmod-CrystalShield","testmod-HeartOfDaVinci","testmod-Motorcycle","testmod-BatchProcessingSystem","Gensokyo:LionMask","Old Coin","testmod-BouquetWithThorns","testmod-Muramasa","Prayer Wheel","Kunai","testmod-LifeArmor","testmod-Prudence","Nunchaku","Paper Frog","Burning Blood","Happy Flower","testmod-Alchemist","Frozen Eye","TwistedFunnel","testmod-TurbochargingSystem","OrangePellets","Symbiotic Virus","Self Forming Clay","Letter Opener","Ginger"],"acts_visited":["Gensokyo:Gensokyo","Gensokyo:Gensokyoer","Gensokyo:Gensokyoest","TheEnding"],"potions_floor_usage":[56,56,56,56],"damage_taken":[{"damage":0.0,"enemies":"Gensokyo:3_Fairies","floor":1.0,"turns":1.0},{"damage":0.0,"enemies":"Gensokyo:2_Kodama","floor":5.0,"turns":1.0},{"damage":0.0,"enemies":"Gensokyo:Aya","floor":6.0,"turns":1.0},{"damage":1.0,"enemies":"Gensokyo:Gryphon","floor":7.0,"turns":3.0},{"damage":7.0,"enemies":"Gensokyo:2_Rabbits","floor":10.0,"turns":6.0},{"damage":4.0,"enemies":"Gensokyo:VengefulSpirit","floor":12.0,"turns":5.0},{"damage":6.0,"enemies":"Gensokyo:Cirno","floor":13.0,"turns":5.0},{"damage":0.0,"enemies":"Gensokyo:LivingMonolith","floor":14.0,"turns":3.0},{"damage":0.0,"enemies":"Gensokyo:Kokoro","floor":16.0,"turns":2.0},{"damage":0.0,"enemies":"Gensokyo:2_Gloops","floor":18.0,"turns":4.0},{"damage":3.0,"enemies":"Gensokyo:AngelMirror","floor":19.0,"turns":4.0},{"damage":5.0,"enemies":"Gensokyo:AngelMirror","floor":21.0,"turns":6.0},{"damage":6.0,"enemies":"Gensokyo:Tenshi","floor":23.0,"turns":4.0},{"damage":0.0,"enemies":"Gensokyo:Wraith","floor":25.0,"turns":4.0},{"damage":0.0,"enemies":"Gensokyo:Reisen","floor":29.0,"turns":4.0},{"damage":0.0,"enemies":"Gensokyo:Eiki","floor":33.0,"turns":2.0},{"damage":0.0,"enemies":"Gensokyo:3_Boulders","floor":35.0,"turns":2.0},{"damage":0.0,"enemies":"Gensokyo:AncientGuardian","floor":37.0,"turns":2.0},{"damage":0.0,"enemies":"Gensokyo:SeedOfUnknown","floor":39.0,"turns":3.0},{"damage":0.0,"enemies":"Gensokyo:Kasen","floor":40.0,"turns":3.0},{"damage":0.0,"enemies":"Gensokyo:AtlasGolem","floor":41.0,"turns":3.0},{"damage":0.0,"enemies":"Gensokyo:Marisa","floor":42.0,"turns":2.0},{"damage":0.0,"enemies":"Gensokyo:Kasen","floor":44.0,"turns":4.0},{"damage":0.0,"enemies":"Gensokyo:Marisa","floor":46.0,"turns":2.0},{"damage":0.0,"enemies":"Gensokyo:Yuyuko","floor":50.0,"turns":3.0},{"damage":0.0,"enemies":"Gensokyo:Shinki","floor":51.0,"turns":4.0},{"damage":0.0,"enemies":"Shield and Spear","floor":55.0,"turns":2.0},{"damage":10,"enemies":"The Heart","floor":56,"turns":4}],"seed_played":"8366532069075316939","potions_obtained":[{"floor":1.0,"key":"SteroidPotion"},{"floor":6.0,"key":"SneckoOil"},{"floor":10.0,"key":"Poison Potion"},{"floor":13.0,"key":"testmod-SpacePotion"},{"floor":14.0,"key":"testmod-TestPotion"},{"floor":19.0,"key":"Fire Potion"},{"floor":25.0,"key":"Explosive Potion"},{"floor":42.0,"key":"Swift Potion"},{"floor":44.0,"key":"BlessingOfTheForge"}],"is_trial":false,"path_per_floor":["M","?","?","$","M","E","M","R","T","M","T","M","E","M","R","B",null,"M","M","?","?","?","E","R","M","T","?","T","E","R","?","R","B",null,"M","?","M","$","M","E","M","E","T","E","R","E","COS","?","R","B","B",null,"R","$","E","B",null],"character_chosen":"THE_SILENT","items_purchased":["PreservedInsect","Nunchaku","OrangePellets","Symbiotic Virus","Acrobatics"],"campfire_rested":0,"item_purchase_floors":[4,38,54,54,54],"current_hp_per_floor":[59,59,59,59,59,59,58,58,58,51,51,47,41,41,41,41,60,60,57,57,52,52,46,46,46,46,46,46,46,46,46,46,46,57,57,57,57,57,57,57,57,57,57,61,61,61,61,61,61,61,61,61,61,61,61,57],"gold":39,"neow_bonus":"THREE_ENEMY_KILL","is_daily":false,"chose_seed":false,"campfire_upgraded":7,"win_rate":0.0,"timestamp":1612848376,"path_taken":["M","?","?","$","M","E","M","R","T","M","?","?","E","M","R","BOSS","M","M","?","?","?","E","R","M","T","?","?","E","R","?","R","BOSS","M","?","M","$","M","E","M","E","T","E","R","E","COS","?","R","BOSS","BOSS","R","$","E","BOSS"],"items_purchased_type":["Relic","Relic","Relic","Relic","Card"],"build_version":"2020-12-22","purchased_purges":2,"victory":true,"max_hp_per_floor":[66,66,66,66,66,66,66,66,66,66,66,66,66,66,66,66,66,66,66,66,66,61,61,61,61,61,61,61,61,61,61,61,61,61,61,61,61,61,61,61,61,61,61,61,61,61,61,61,61,61,61,61,61,61,61,61],"card_choices":[{"not_picked":["Expertise","Dodge and Roll","Dagger Throw"],"picked":"SKIP","floor":1.0},{"not_picked":["Cloak And Dagger","Sucker Punch","Acrobatics"],"picked":"SKIP","floor":5.0},{"not_picked":["Flying Knee","Dash"],"picked":"Noxious Fumes","floor":6.0},{"not_picked":["Deadly Poison","Poisoned Stab"],"picked":"Crippling Poison","floor":7.0},{"not_picked":["Infinite Blades","Bane","Prepared"],"picked":"SKIP","floor":10.0},{"not_picked":["All Out Attack","Envenom","Flying Knee"],"picked":"SKIP","floor":12.0},{"not_picked":["All Out Attack","Envenom","Flying Knee"],"picked":"SKIP","floor":12.0},{"not_picked":["Riddle With Holes","Backflip"],"picked":"Blade Dance","floor":13.0},{"not_picked":["PiercingWail","Quick Slash"],"picked":"Acrobatics","floor":14.0},{"not_picked":["Wraith Form v2","Night Terror"],"picked":"Venomology","floor":16.0},{"not_picked":["Reflex","Flying Knee"],"picked":"Footwork","floor":18.0},{"not_picked":["PiercingWail","Underhanded Strike","Burst"],"picked":"SKIP","floor":19.0},{"not_picked":["Doppelganger","Expertise"],"picked":"Acrobatics","floor":23.0},{"not_picked":["Underhanded Strike","Deflect","Sucker Punch"],"picked":"SKIP","floor":25.0},{"not_picked":["Poisoned Stab","Grand Finale","Prepared"],"picked":"SKIP","floor":29.0},{"not_picked":["Calculated Gamble+1","Dodge and Roll"],"picked":"Terror+1","floor":35.0},{"not_picked":["Prepared","Riddle With Holes"],"picked":"Quick Slash+1","floor":35.0},{"not_picked":["Deflect","Footwork+1","Choke"],"picked":"SKIP","floor":37.0},{"not_picked":["Leg Sweep+1","Masterful Stab","Skewer"],"picked":"SKIP","floor":37.0},{"not_picked":["Poisoned Stab","Finisher","Dagger Throw"],"picked":"SKIP","floor":39.0},{"not_picked":["Backstab","Masterful Stab","Deflect"],"picked":"SKIP","floor":39.0},{"not_picked":["Dash","Choke","Bouncing Flask"],"picked":"SKIP","floor":40.0},{"not_picked":["Slice","Dagger Spray"],"picked":"After Image","floor":41.0},{"not_picked":["Poisoned Stab","Cloak And Dagger","Distraction"],"picked":"SKIP","floor":41.0},{"not_picked":["Poisoned Stab","Cloak And Dagger","Distraction"],"picked":"SKIP","floor":41.0},{"not_picked":["Poisoned Stab","Cloak And Dagger","Distraction"],"picked":"SKIP","floor":41.0},{"not_picked":["Outmaneuver","Infinite Blades+1","Noxious Fumes"],"picked":"SKIP","floor":42.0},{"not_picked":["Finisher","Flying Knee","Masterful Stab+1"],"picked":"SKIP","floor":44.0},{"not_picked":["Footwork","Well Laid Plans","Die Die Die"],"picked":"SKIP","floor":46.0},{"not_picked":["Dagger Spray","Slice","Dagger Throw"],"picked":"SKIP","floor":55.0}],"player_experience":247142,"relics_obtained":[{"floor":6.0,"key":"Tough Bandages"},{"floor":9.0,"key":"testmod-CrystalShield"},{"floor":11.0,"key":"testmod-HeartOfDaVinci"},{"floor":13.0,"key":"testmod-Motorcycle"},{"floor":21.0,"key":"Old Coin"},{"floor":21.0,"key":"testmod-BouquetWithThorns"},{"floor":23.0,"key":"testmod-Muramasa"},{"floor":26.0,"key":"Prayer Wheel"},{"floor":28.0,"key":"Kunai"},{"floor":29.0,"key":"testmod-LifeArmor"},{"floor":40.0,"key":"Paper Frog"},{"floor":42.0,"key":"Burning Blood"},{"floor":44.0,"key":"Happy Flower"},{"floor":46.0,"key":"testmod-Alchemist"},{"floor":55.0,"key":"Letter Opener"}],"event_choices":[],"is_beta":false,"boss_relics":[{"not_picked":["WristBlade","testmod-DreamHouse"],"picked":"testmod-BatchProcessingSystem"},{"not_picked":["Velvet Choker","testmod-CardMagician"],"picked":"testmod-Prudence"}],"items_purged_floors":[38,54],"is_endless":false,"potions_floor_spawned":[1,6,10,13,14,19,25,33,41,42,44],"ascension_level":20}}