{"host":"8fuipfsvjht9cgcs","time":1612911604,"event":{"mods":["AchievementEnabler","BaseMod","Colored Map","Colored Powertips","DeckTracker","Friendly Minions","Kiyohime£¨?ýï£©","Marisa£¨Ùöéë¡¡Øª×âÞÞ£©","Minty Spire (QoL Compilation)","Prisma Mod","StSLib","SuperFastMode","The Cursed","The Gatherer"],"gold_per_floor":[113,44,54,54,73,107,107,29,29,43,43,43],"floor_reached":11,"language":"KOR","playtime":237,"items_purged":[],"score":95,"play_id":"5e54e66f-edc6-4085-a87b-8b4217715af2","local_time":"20210210120004","is_ascension_mode":true,"campfire_choices":[{"floor":7,"key":"REST"}],"circlet_count":0,"master_deck":["Strike_B","Strike_B","Strike_B","Strike_B","Defend_B","Defend_B","Defend_B","Defend_B","Zap","Dualcast","White Noise","Capacitor","Compile Driver","Turbo","Skim","Reinforced Body"],"relics":["Black Star","Ornamental Fan","Smiling Mask","Juzu Bracelet","Blue Candle"],"acts_visited":["Exordium"],"potions_floor_usage":[6],"damage_taken":[{"damage":13,"enemies":"Jaw Worm","floor":1,"turns":4},{"damage":1,"enemies":"Cultist","floor":3,"turns":3},{"damage":0,"enemies":"Small Slimes","floor":5,"turns":2},{"damage":56,"enemies":"Lagavulin","floor":6,"turns":8},{"damage":17,"enemies":"Red Slaver","floor":10,"turns":4},{"damage":4,"enemies":"Gremlin Nob","floor":11,"turns":3}],"seed_played":"-1249848227071564676","potions_obtained":[{"floor":1,"key":"Swift Potion"}],"is_trial":false,"path_per_floor":["M","$","M","?","M","E","R","?","T","M","E"],"character_chosen":"DEFECT","items_purchased":["Capacitor"],"campfire_rested":1,"item_purchase_floors":[2],"current_hp_per_floor":[55,55,54,59,59,3,27,27,27,10,6,6],"gold":43,"neow_bonus":"BOSS_RELIC","is_daily":false,"chose_seed":false,"campfire_upgraded":0,"win_rate":0.0,"timestamp":1612911604,"path_taken":["M","$","M","?","M","E","R","?","T","M","E"],"items_purchased_type":["Card"],"build_version":"2020-12-22","purchased_purges":0,"victory":false,"max_hp_per_floor":[75,75,75,80,80,80,80,80,80,80,80,80],"card_choices":[{"not_picked":["Stack","Barrage"],"picked":"White Noise","floor":1},{"not_picked":["Sweeping Beam","Auto Shields"],"picked":"Compile Driver","floor":3},{"not_picked":["Tempest","Gash"],"picked":"Turbo","floor":5},{"not_picked":["Genetic Algorithm","Rainbow"],"picked":"Skim","floor":6},{"not_picked":["Rebound","Turbo"],"picked":"Reinforced Body","floor":10}],"player_experience":482297,"relics_obtained":[{"floor":6,"key":"Ornamental Fan"},{"floor":6,"key":"Smiling Mask"},{"floor":9,"key":"Blue Candle"}],"event_choices":[{"damage_healed":0,"gold_gain":0,"player_choice":"Donut","damage_taken":0,"max_hp_gain":5,"max_hp_loss":0,"event_name":"Big Fish","floor":4,"gold_loss":0},{"damage_healed":0,"gold_gain":0,"player_choice":"Paid Gold","damage_taken":0,"relics_obtained":["Juzu Bracelet"],"max_hp_gain":0,"max_hp_loss":0,"event_name":"WeMeetAgain","floor":8,"gold_loss":78}],"is_beta":false,"boss_relics":[],"items_purged_floors":[],"is_endless":false,"potions_floor_spawned":[1],"killed_by":"Gremlin Nob","ascension_level":6}}