{"host":"8nctav4lo34mnono","time":1612873090,"event":{"mods":["BaseMod","Bestiary","Highlight Path","Minty Spire (QoL Compilation)","Relic Stats","Slay the Relics Exporter"],"gold_per_floor":[110,121,139,159,170,170,198,198,222,222,236,247,274,234,234,335,335,348,364,289,389,7,7,39,39,39,78,78,106,124,159,159,260,260,278,298,316,335,370,418,418,418,418,463,241,276,276,276,276,296],"floor_reached":51,"language":"ENG","playtime":3336,"items_purged":["Havoc"],"score":1155,"play_id":"7700f392-8041-4921-9aee-443a432879d7","local_time":"20210209121810","is_ascension_mode":true,"campfire_choices":[{"data":"Uppercut","floor":6.0,"key":"SMITH"},{"data":"Bash","floor":8.0,"key":"SMITH"},{"floor":15.0,"key":"REST"},{"data":"Rupture","floor":23.0,"key":"SMITH"},{"data":"True Grit","floor":25.0,"key":"SMITH"},{"data":"Offering","floor":32.0,"key":"SMITH"},{"data":"Brutality","floor":41.0,"key":"SMITH"},{"data":"Impervious","floor":47,"key":"SMITH"},{"data":"Spot Weakness","floor":49,"key":"SMITH"}],"circlet_count":0,"master_deck":["AscendersBane","Bash+1","Rampage","Bloodletting+1","Uppercut+1","Dropkick","Rupture+1","True Grit+1","Shrug It Off","Ghostly Armor","Reaper","Sever Soul","Spot Weakness+1","Sentinel","Offering+1","Reaper","Cleave","Combust","HandOfGreed","Dark Embrace+1","Impervious+1","Flex+1","Brutality+1","Spot Weakness+1","Evolve+1"],"relics":["Burning Blood","Oddly Smooth Stone","Centennial Puzzle","Omamori","Pandora\u0027s Box","PreservedInsect","MealTicket","InkBottle","Red Skull","FossilizedHelix","Snecko Eye","Mummified Hand","Kunai","Sling"],"acts_visited":["Exordium","TheCity","TheBeyond"],"potions_floor_usage":[46],"damage_taken":[{"damage":1.0,"enemies":"Cultist","floor":1.0,"turns":3.0},{"damage":12.0,"enemies":"Small Slimes","floor":2.0,"turns":4.0},{"damage":5.0,"enemies":"Jaw Worm","floor":3.0,"turns":2.0},{"damage":9.0,"enemies":"Looter","floor":4.0,"turns":3.0},{"damage":19.0,"enemies":"Lots of Slimes","floor":5.0,"turns":4.0},{"damage":9.0,"enemies":"Gremlin Nob","floor":7.0,"turns":3.0},{"damage":3.0,"enemies":"2 Fungi Beasts","floor":11.0,"turns":2.0},{"damage":3.0,"enemies":"Exordium Wildlife","floor":12.0,"turns":3.0},{"damage":8.0,"enemies":"Lagavulin","floor":13.0,"turns":6.0},{"damage":31.0,"enemies":"Hexaghost","floor":16.0,"turns":13.0},{"damage":33.0,"enemies":"Spheric Guardian","floor":18.0,"turns":4.0},{"damage":21.0,"enemies":"Chosen","floor":19.0,"turns":6.0},{"damage":33.0,"enemies":"Book of Stabbing","floor":24.0,"turns":5.0},{"damage":14.0,"enemies":"Centurion and Healer","floor":27.0,"turns":4.0},{"damage":33.0,"enemies":"Gremlin Leader","floor":29.0,"turns":5.0},{"damage":33.0,"enemies":"Chosen and Byrds","floor":30.0,"turns":6.0},{"damage":21.0,"enemies":"Book of Stabbing","floor":31.0,"turns":4.0},{"damage":98.0,"enemies":"Champ","floor":33.0,"turns":10.0},{"damage":25.0,"enemies":"3 Shapes","floor":35.0,"turns":3.0},{"damage":6.0,"enemies":"Orb Walker","floor":36.0,"turns":2.0},{"damage":33.0,"enemies":"3 Darklings","floor":37.0,"turns":5.0},{"damage":7.0,"enemies":"Maw","floor":38.0,"turns":6.0},{"damage":26.0,"enemies":"Sphere and 2 Shapes","floor":39.0,"turns":4.0},{"damage":43.0,"enemies":"Giant Head","floor":40.0,"turns":7.0},{"damage":19,"enemies":"Nemesis","floor":44,"turns":5},{"damage":33,"enemies":"Writhing Mass","floor":46,"turns":4},{"damage":60,"enemies":"Time Eater","floor":50,"turns":9}],"seed_played":"5830420240837448176","potions_obtained":[{"floor":1.0,"key":"PowerPotion"},{"floor":2.0,"key":"PowerPotion"},{"floor":11.0,"key":"DistilledChaos"},{"floor":13.0,"key":"Weak Potion"},{"floor":14.0,"key":"Regen Potion"},{"floor":14.0,"key":"Ancient Potion"},{"floor":29.0,"key":"BloodPotion"},{"floor":31.0,"key":"Swift Potion"},{"floor":35.0,"key":"BloodPotion"},{"floor":36.0,"key":"Weak Potion"},{"floor":38.0,"key":"Weak Potion"}],"is_trial":false,"path_per_floor":["M","M","M","M","M","R","E","R","T","?","M","M","E","?","R","B",null,"M","M","?","?","$","R","E","R","T","M","?","E","M","E","R","B",null,"M","M","M","M","M","E","R","?","T","E","$","M","R","?","R","B",null],"character_chosen":"IRONCLAD","items_purchased":["PreservedInsect","Combust","HandOfGreed","Sling"],"campfire_rested":1,"item_purchase_floors":[22,22,22,45],"current_hp_per_floor":[56,50,51,48,35,35,32,32,32,16,19,22,20,20,44,19,65,55,50,50,50,50,50,50,50,50,77,77,79,78,80,80,57,74,80,80,76,80,60,80,80,80,80,77,80,72,72,72,72,49],"gold":296,"neow_bonus":"TRANSFORM_TWO_CARDS","is_daily":false,"chose_seed":false,"campfire_upgraded":8,"win_rate":0.0,"timestamp":1612873090,"path_taken":["M","M","?","M","M","R","E","R","T","?","M","M","E","?","R","BOSS","M","?","?","?","$","R","E","R","T","?","?","E","M","E","R","BOSS","M","M","M","M","M","E","R","?","T","E","$","?","R","?","R","BOSS"],"items_purchased_type":["Relic","Card","Card","Relic"],"build_version":"2020-12-22","purchased_purges":1,"victory":true,"max_hp_per_floor":[80,80,80,80,80,80,80,80,80,80,80,80,80,80,80,80,80,80,80,80,80,80,80,80,80,80,80,80,80,80,80,80,80,80,80,80,80,80,80,80,80,80,80,80,80,80,80,76,76,76],"relic_stats":{"Centennial Puzzle":[60],"counters":[27,132],"Mummified Hand":[24],"Snecko Eye":[106,110,115,104],"Pandora\u0027s Box":["Sever Soul","Spot Weakness","Havoc","Sentinel","Offering","Reaper","Cleave"],"MealTicket":3,"PreservedInsect":345,"Kunai":[4],"obtain_stats":[{"Oddly Smooth Stone":7,"PreservedInsect":22,"Omamori":13,"Sling":45,"Burning Blood":0,"Centennial Puzzle":9,"Mummified Hand":40,"Snecko Eye":34,"Pandora\u0027s Box":17,"MealTicket":24,"Kunai":44,"InkBottle":26,"Red Skull":29,"FossilizedHelix":31},{"Oddly Smooth Stone":6,"PreservedInsect":12,"Omamori":9,"Sling":25,"Burning Blood":0,"Centennial Puzzle":6,"Mummified Hand":24,"Snecko Eye":18,"Pandora\u0027s Box":10,"MealTicket":13,"Kunai":25,"InkBottle":13,"Red Skull":15,"FossilizedHelix":17},{"Oddly Smooth Stone":19,"PreservedInsect":53,"Omamori":30,"Sling":119,"Burning Blood":0,"Centennial Puzzle":19,"Mummified Hand":114,"Snecko Eye":87,"Pandora\u0027s Box":43,"MealTicket":58,"Kunai":119,"InkBottle":58,"Red Skull":67,"FossilizedHelix":77}],"Burning Blood":138,"InkBottle":[29]},"card_choices":[{"not_picked":["Body Slam","Thunderclap"],"picked":"Uppercut","floor":1.0},{"not_picked":["Flex","Sword Boomerang"],"picked":"Dropkick","floor":2.0},{"not_picked":["Dual Wield","Evolve"],"picked":"Rupture","floor":3.0},{"not_picked":["Wild Strike","Havoc"],"picked":"True Grit","floor":4.0},{"not_picked":["Rupture","Warcry"],"picked":"Shrug It Off","floor":5.0},{"not_picked":["Spot Weakness","Perfected Strike"],"picked":"Warcry","floor":7.0},{"not_picked":["Fiend Fire","Sword Boomerang"],"picked":"Ghostly Armor","floor":11.0},{"not_picked":["Clash","Perfected Strike","Second Wind"],"picked":"SKIP","floor":12.0},{"not_picked":["Havoc","Pummel","Clothesline"],"picked":"SKIP","floor":13.0},{"not_picked":["Demon Form","Limit Break"],"picked":"Reaper","floor":16.0},{"not_picked":["True Grit","Shrug It Off","Sword Boomerang"],"picked":"SKIP","floor":18.0},{"not_picked":["Twin Strike","Infernal Blade+1","Cleave"],"picked":"SKIP","floor":19.0},{"not_picked":["Pummel","Clash","Shockwave"],"picked":"SKIP","floor":24.0},{"not_picked":["Warcry","Uppercut+1"],"picked":"Dark Embrace","floor":27.0},{"not_picked":["Bloodletting","Perfected Strike"],"picked":"Impervious","floor":29.0},{"not_picked":["Shrug It Off","Shockwave","Headbutt"],"picked":"SKIP","floor":30.0},{"not_picked":["Double Tap","Searing Blow"],"picked":"Flex+1","floor":31.0},{"not_picked":["Double Tap","Demon Form"],"picked":"Brutality","floor":33.0},{"not_picked":["Warcry","Clothesline+1","Flex"],"picked":"SKIP","floor":35.0},{"not_picked":["Havoc","Clothesline","Pommel Strike"],"picked":"SKIP","floor":36.0},{"not_picked":["Carnage+1","Anger","Hemokinesis+1"],"picked":"SKIP","floor":37.0},{"not_picked":["Dark Embrace","Pommel Strike","Warcry+1"],"picked":"SKIP","floor":38.0},{"not_picked":["Wild Strike+1","Sever Soul+1","Thunderclap"],"picked":"SKIP","floor":39.0},{"not_picked":["Clothesline+1","Shrug It Off","Brutality"],"picked":"SKIP","floor":40.0},{"not_picked":["Intimidate","Iron Wave+1"],"picked":"Spot Weakness+1","floor":44},{"not_picked":["Combust","Wild Strike+1"],"picked":"Evolve+1","floor":46}],"player_experience":364194,"relics_obtained":[{"floor":7.0,"key":"Oddly Smooth Stone"},{"floor":9.0,"key":"Centennial Puzzle"},{"floor":13.0,"key":"Omamori"},{"floor":24.0,"key":"MealTicket"},{"floor":26.0,"key":"InkBottle"},{"floor":29.0,"key":"Red Skull"},{"floor":31.0,"key":"FossilizedHelix"},{"floor":40.0,"key":"Mummified Hand"},{"floor":44,"key":"Kunai"}],"event_choices":[{"damage_healed":0.0,"max_hp_gain":0.0,"max_hp_loss":0.0,"gold_gain":0.0,"event_name":"Shining Light","player_choice":"Entered Light","floor":10.0,"gold_loss":0.0,"damage_taken":16.0,"cards_upgraded":["Bloodletting","Strike_R"]},{"damage_healed":0.0,"max_hp_gain":0.0,"max_hp_loss":0.0,"gold_gain":0.0,"event_name":"The Woman in Blue","player_choice":"Bought 3 Potions","floor":14.0,"gold_loss":0.0,"damage_taken":0.0},{"cards_removed":["Warcry"],"damage_healed":0.0,"max_hp_gain":0.0,"max_hp_loss":0.0,"gold_gain":0.0,"event_name":"Beggar","player_choice":"Gave Gold","floor":20.0,"gold_loss":75.0,"damage_taken":0.0},{"damage_healed":0.0,"max_hp_gain":0.0,"max_hp_loss":0.0,"gold_gain":100.0,"event_name":"Golden Shrine","player_choice":"Pray","floor":21.0,"gold_loss":0.0,"damage_taken":0.0},{"damage_healed":0.0,"max_hp_gain":0.0,"max_hp_loss":0.0,"gold_gain":0.0,"event_name":"Vampires","player_choice":"Ignored","floor":28.0,"gold_loss":0.0,"damage_taken":0.0},{"damage_healed":0.0,"max_hp_gain":0.0,"max_hp_loss":0.0,"gold_gain":0.0,"event_name":"Accursed Blacksmith","player_choice":"Forge","floor":42.0,"gold_loss":0.0,"damage_taken":0.0,"cards_upgraded":["Dark Embrace"]},{"damage_healed":0,"gold_gain":0,"player_choice":"Max HP","damage_taken":0,"max_hp_gain":0,"max_hp_loss":4,"event_name":"Winding Halls","floor":48,"gold_loss":0}],"is_beta":false,"boss_relics":[{"not_picked":["Tiny House","Empty Cage"],"picked":"Pandora\u0027s Box"},{"not_picked":["Black Star","Velvet Choker"],"picked":"Snecko Eye"}],"items_purged_floors":[45],"is_endless":false,"potions_floor_spawned":[1,2,11,13,16,29,31,35,36,38],"ascension_level":11}}