{"host":"Lucas","time":1612908035,"event":{"mods":["BaseMod","Downfall","Minty Spire (QoL Compilation)","READ ME - Guardian Mod","StSLib","The Cursed","The Disciple","The Necromancer","The Servant 0.9.4"],"gold_per_floor":[99,109,122,135,98,198,246,246,256,256,272,300,750,376,391,495,495,495,508,135,147,147,180,180,180,197,182,132,117,117,117,132,234,234,234,252,252,244,256,273,573,397,397,417,427,454,454,454],"floor_reached":47,"language":"ENG","playtime":3837,"items_purged":[],"score":674,"play_id":"d5dd4c71-5cc8-4757-95c3-e391d6d37930","local_time":"20210209220035","is_ascension_mode":true,"campfire_choices":[{"data":"TheCursedMod:CursedWand","floor":1,"key":"SMITH"},{"data":"TheCursedMod:Hemoplague","floor":8,"key":"SMITH"},{"data":"expansioncontent:QuickStudy","floor":18,"key":"SMITH"},{"floor":25,"key":"REST"},{"data":"TheCursedMod:VoidForm","floor":30,"key":"SMITH"},{"data":"TheCursedMod:VoidForm","floor":35,"key":"SMITH"}],"circlet_count":0,"master_deck":["TheCursedMod:Strike_TheCursed","TheCursedMod:Strike_TheCursed","TheCursedMod:Strike_TheCursed","TheCursedMod:Defend_TheCursed","TheCursedMod:Defend_TheCursed","TheCursedMod:Defend_TheCursed","TheCursedMod:Defend_TheCursed+1","TheCursedMod:CursedWand+1","TheCursedMod:CleanUpWorkshop","TheCursedMod:Dregs","TheCursedMod:Neurasthenia","TheCursedMod:Hemoplague+1","TheCursedMod:ManaBullet","TheCursedMod:Hemoplague+1","TheCursedMod:ReleasedStrength","TheCursedMod:VitalStrike+1","TheCursedMod:NeowsMight","downfall:Malfunctioning","TheCursedMod:CircleOfBlood","TheCursedMod:ReleasedKnowledge","downfall:Icky","downfall:Icky","downfall:Icky","TheCursedMod:CursedAmulet","TheCursedMod:CursedStaff","TheCursedMod:CursedBlade","expansioncontent:QuickStudy+1","TheCursedMod:LuckyCharm","TheCursedMod:Stigma","TheCursedMod:VoidForm+1","TheCursedMod:Torture","TheCursedMod:HellsGateOpen","TheCursedMod:HellfireBreathing","TheCursedMod:CursedAmulet+1","TheCursedMod:WearCloak+1","Pride","TheCursedMod:BlessingInDisguise","TheCursedMod:WearCloak","TheCursedMod:CircleOfFlame+1","TheCursedMod:CursedShiv+1","TheCursedMod:CursedBoomerang+1","TheCursedMod:CircleOfCorruption","TheCursedMod:SaltUponWound","TheCursedMod:VoidForm+1","TheCursedMod:SaltUponWound","TheCursedMod:CursedSpellbook","TheCursedMod:SpitefulStrike","TheCursedMod:Mangle+1","TheCursedMod:CursedRelics","TheCursedMod:HellfireBreathing","Doubt","TheCursedMod:RapidMovement+1","TheCursedMod:DoubleShield+1","TheCursedMod:ReleasedStrength","TheCursedMod:Torture+1"],"relics":["TheCursedMod:BlackMagic101","Juzu Bracelet","Eternal Feather","Sozu","Prayer Wheel","Orichalcum","Singing Bowl","TheCursedMod:BloodyHarpoon","MutagenicStrength","TheCursedMod:FourLeafCloverCharm","Blood Vial","HornCleat","Old Coin","Whetstone"],"acts_visited":["Exordium","TheCity","TheBeyond"],"potions_floor_usage":[11,12,16,16],"damage_taken":[{"damage":0,"enemies":"Cultist","floor":2,"turns":4},{"damage":0,"enemies":"Jaw Worm","floor":3,"turns":5},{"damage":0,"enemies":"Small Slimes","floor":4,"turns":4},{"damage":10,"enemies":"downfall:FleeingMerchant","floor":5,"turns":4},{"damage":11,"enemies":"3 Louse","floor":9,"turns":4},{"damage":17,"enemies":"Exordium Wildlife","floor":11,"turns":4},{"damage":18,"enemies":"3 Sentries","floor":12,"turns":6},{"damage":0,"enemies":"downfall:FleeingMerchant","floor":14,"turns":4},{"damage":9,"enemies":"Blue Slaver","floor":15,"turns":3},{"damage":17,"enemies":"WA_ARCHETYPE_RETAIN","floor":16,"turns":6},{"damage":12,"enemies":"Spheric Guardian","floor":19,"turns":4},{"damage":5,"enemies":"downfall:FleeingMerchant","floor":20,"turns":4},{"damage":10,"enemies":"Shell Parasite","floor":21,"turns":4},{"damage":58,"enemies":"Gremlin Leader","floor":23,"turns":7},{"damage":5,"enemies":"Snecko","floor":26,"turns":5},{"damage":0,"enemies":"downfall:FleeingMerchant","floor":27,"turns":4},{"damage":4,"enemies":"downfall:FleeingMerchant","floor":29,"turns":4},{"damage":0,"enemies":"Cultist and Chosen","floor":32,"turns":6},{"damage":34,"enemies":"SI_MIRROR_ARCHETYPE","floor":33,"turns":8},{"damage":16,"enemies":"Orb Walker","floor":36,"turns":3},{"damage":16,"enemies":"downfall:FleeingMerchant","floor":38,"turns":3},{"damage":21,"enemies":"3 Darklings","floor":39,"turns":6},{"damage":14,"enemies":"Sphere and 2 Shapes","floor":40,"turns":4},{"damage":11,"enemies":"Spire Growth","floor":44,"turns":4},{"damage":17,"enemies":"Writhing Mass","floor":45,"turns":4},{"damage":57,"enemies":"Giant Head","floor":46,"turns":8},{"damage":5,"enemies":"3 Darklings","floor":47,"turns":4}],"seed_played":"4965378294146015673","potions_obtained":[{"floor":2,"key":"AttackPotion"},{"floor":4,"key":"champ:CounterPotion"},{"floor":12,"key":"DistilledChaos"},{"floor":15,"key":"ColorlessPotion"}],"is_trial":false,"path_per_floor":["R","M","M","M","$","?","T","R","M","?","M","E","?","$","M","B",null,"R","M","$","M","?","E","T","R","M","$","?","$","R","?","M","B",null,"R","M","?","$","M","M","T","$","?","M","M","E","M"],"character_chosen":"THE_CURSED","items_purchased":["TheCursedMod:VitalStrike","TheCursedMod:CursedStaff","TheCursedMod:CursedBlade","expansioncontent:QuickStudy","TheCursedMod:LuckyCharm","TheCursedMod:HellfireBreathing","Prayer Wheel","Blood Vial","HornCleat","TheCursedMod:CursedRelics","TheCursedMod:HellfireBreathing"],"campfire_rested":1,"item_purchase_floors":[5,14,14,14,14,20,20,38,38,42,42],"current_hp_per_floor":[75,75,75,75,65,65,65,65,54,54,37,23,23,27,22,9,75,75,63,64,60,60,2,2,45,44,46,75,71,75,75,75,41,75,75,59,59,45,28,20,20,20,81,70,57,2,0,0],"gold":454,"neow_bonus":"ONE_RANDOM_RARE_CARD","is_daily":false,"chose_seed":false,"campfire_upgraded":5,"win_rate":0.0,"timestamp":1612908035,"path_taken":["R","M","M","?","$","?","T","R","M","?","M","E","?","$","M","BOSS","R","M","$","M","?","E","T","R","M","$","?","?","R","?","M","BOSS","R","M","?","$","M","M","T","$","?","M","M","E","M"],"items_purchased_type":["Card","Card","Card","Card","Card","Card","Relic","Relic","Relic","Card","Card"],"build_version":"2020-12-18","purchased_purges":0,"victory":false,"max_hp_per_floor":[75,75,75,75,75,75,75,75,75,75,75,75,75,75,75,75,75,75,75,75,75,75,75,75,75,75,75,75,75,75,75,75,75,75,75,75,75,77,77,81,81,81,81,81,83,83,83,83],"card_choices":[{"not_picked":["TheCursedMod:SoulReap","TheCursedMod:PrepareRite"],"picked":"TheCursedMod:Hemoplague","floor":2},{"not_picked":["TheCursedMod:CursedShiv","TheCursedMod:FleshFromBone"],"picked":"TheCursedMod:ManaBullet","floor":3},{"not_picked":["TheCursedMod:RavingStaff","TheCursedMod:Stretching"],"picked":"TheCursedMod:Hemoplague","floor":4},{"not_picked":["TheCursedMod:CircleOfBlood","TheCursedMod:LuckyCharm"],"picked":"TheCursedMod:ReleasedStrength","floor":5},{"not_picked":["TheCursedMod:TacticalStrike","TheCursedMod:RapidMovement"],"picked":"TheCursedMod:NeowsMight","floor":9},{"not_picked":["TheCursedMod:AbyssShockwave","TheCursedMod:CursedMace"],"picked":"TheCursedMod:CircleOfBlood","floor":11},{"not_picked":["TheCursedMod:AshesToAshes","TheCursedMod:Obscuration"],"picked":"TheCursedMod:ReleasedKnowledge","floor":12},{"not_picked":["TheCursedMod:ReleasedKnowledge","TheCursedMod:Wield"],"picked":"TheCursedMod:CursedAmulet","floor":14},{"not_picked":["TheCursedMod:Stretching","TheCursedMod:VitalStrike"],"picked":"TheCursedMod:Stigma","floor":15},{"not_picked":["TheCursedMod:ForbiddenAlchemy","TheCursedMod:OutForBlood"],"picked":"TheCursedMod:VoidForm","floor":16},{"not_picked":["TheCursedMod:CursedStaff","TheCursedMod:EmpowerCircles"],"picked":"TheCursedMod:Torture","floor":19},{"not_picked":["TheCursedMod:Wield+1","TheCursedMod:Stretching"],"picked":"TheCursedMod:HellsGateOpen","floor":20},{"not_picked":["TheCursedMod:CursedMace+1","TheCursedMod:Wield"],"picked":"TheCursedMod:CursedAmulet+1","floor":21},{"not_picked":["TheCursedMod:Obscuration+1","TheCursedMod:Wield"],"picked":"TheCursedMod:WearCloak+1","floor":21},{"not_picked":["TheCursedMod:Stretching+1","TheCursedMod:CircleOfFocus"],"picked":"TheCursedMod:BlessingInDisguise","floor":23},{"not_picked":["TheCursedMod:Obscuration","TheCursedMod:Stretching+1"],"picked":"TheCursedMod:WearCloak","floor":26},{"not_picked":["TheCursedMod:Wield+1","TheCursedMod:Evocation+1"],"picked":"TheCursedMod:CircleOfFlame+1","floor":26},{"not_picked":["TheCursedMod:BloodBarrier+1","TheCursedMod:StingEye"],"picked":"TheCursedMod:CursedShiv+1","floor":27},{"not_picked":["TheCursedMod:RapidMovement","TheCursedMod:HellsGateOpen"],"picked":"TheCursedMod:CursedBoomerang","floor":29},{"not_picked":["TheCursedMod:TacticalStrike","TheCursedMod:BlessingInDisguise+1"],"picked":"TheCursedMod:CircleOfCorruption","floor":32},{"not_picked":["TheCursedMod:Hemoplague+1","TheCursedMod:CursedAmulet"],"picked":"TheCursedMod:SaltUponWound","floor":32},{"not_picked":["TheCursedMod:CircleOfAbyss","TheCursedMod:ParallelWorld"],"picked":"TheCursedMod:VoidForm","floor":33},{"not_picked":["TheCursedMod:CursedBlade","TheCursedMod:CursedBoomerang"],"picked":"TheCursedMod:SaltUponWound","floor":36},{"not_picked":["TheCursedMod:Stretching+1","TheCursedMod:FleshFromBone"],"picked":"TheCursedMod:CursedSpellbook","floor":36},{"not_picked":["TheCursedMod:SoulCrush+1","TheCursedMod:CursedMace+1","TheCursedMod:SpitefulPlan+1"],"picked":"Singing Bowl","floor":38},{"not_picked":["TheCursedMod:AntiAging","TheCursedMod:RavingStaff+1"],"picked":"TheCursedMod:SpitefulStrike","floor":39},{"not_picked":["TheCursedMod:CircleOfFlame","TheCursedMod:CursedArmor"],"picked":"TheCursedMod:Mangle+1","floor":39},{"not_picked":["TheCursedMod:CursedArmor","TheCursedMod:EmpowerCircles+1","TheCursedMod:Wield"],"picked":"Singing Bowl","floor":40},{"not_picked":["TheCursedMod:FleshFromBone","TheCursedMod:Wield","TheCursedMod:FuryStrike+1"],"picked":"Singing Bowl","floor":40},{"not_picked":["TheCursedMod:ForbiddenAlchemy","TheCursedMod:CircleOfAmplification+1"],"picked":"TheCursedMod:RapidMovement+1","floor":44},{"not_picked":["TheCursedMod:CursedAmulet","TheCursedMod:ReleasedKnowledge+1"],"picked":"TheCursedMod:DoubleShield+1","floor":44},{"not_picked":["TheCursedMod:Stretching+1","TheCursedMod:SpitefulStrike"],"picked":"TheCursedMod:ReleasedStrength","floor":45},{"not_picked":["TheCursedMod:Wield","TheCursedMod:SpitefulStrike+1","TheCursedMod:CursedAmulet"],"picked":"Singing Bowl","floor":45},{"not_picked":["TheCursedMod:StingEye","TheCursedMod:Evocation+1"],"picked":"TheCursedMod:Torture+1","floor":46}],"player_experience":1300910,"relics_obtained":[{"floor":7,"key":"Juzu Bracelet"},{"floor":12,"key":"Eternal Feather"},{"floor":23,"key":"Singing Bowl"},{"floor":24,"key":"TheCursedMod:BloodyHarpoon"},{"floor":41,"key":"Old Coin"},{"floor":46,"key":"Whetstone"}],"event_choices":[{"damage_healed":0,"gold_gain":0,"player_choice":"Stole Relic","damage_taken":0,"relics_obtained":["Orichalcum"],"max_hp_gain":0,"max_hp_loss":0,"event_name":"Addict","floor":22,"gold_loss":0,"cards_obtained":["Pride"]},{"damage_healed":0,"gold_gain":0,"player_choice":"Inject Mutagens","damage_taken":0,"relics_obtained":["MutagenicStrength"],"max_hp_gain":0,"max_hp_loss":0,"event_name":"Drug Dealer","floor":31,"gold_loss":0},{"cards_removed":["TheCursedMod:Strike_TheCursed"],"damage_healed":0,"gold_gain":0,"player_choice":"Removed Attack","damage_taken":0,"max_hp_gain":0,"max_hp_loss":0,"event_name":"Falling","floor":37,"gold_loss":0}],"is_beta":true,"boss_relics":[{"not_picked":["Pandora\u0027s Box","Coffee Dripper"],"picked":"Sozu"},{"not_picked":["Tiny House","Snecko Eye"],"picked":"TheCursedMod:FourLeafCloverCharm"}],"items_purged_floors":[],"is_endless":false,"potions_floor_spawned":[2,4,12,15,19,26,32,40,45],"killed_by":"3 Darklings","ascension_level":1}}