{"host":"v3qphhcqhwfpabne","time":1612858395,"event":{"mods":["100% Spire Juice","2.2 Compatiblity","AchievementEnabler","BaseMod","CapriCore","DeckTracker","KinomotoSakuraMod(ÙÊñýÜâ?)","Koishi","Marisa£¨Ùöéë¡¡Øª×âÞÞ£©","Minty Spire (QoL Compilation)","Permanent Neow","Prisma Mod","StSLib","Td1madao Mod","The Bug Knight","The Cursed","The Immortal","The Runesmith","WarShipGirlsR/??á´Ò³R mod"],"gold_per_floor":[119,129,54,71,71,71,132,132,132,147,147,160,189,189,189,286,286,302,319,336,336,355,355,365,365,365,365,365],"floor_reached":27,"language":"KOR","playtime":1175,"items_purged":["Strike_R"],"score":305,"play_id":"96f439e6-0e34-47f5-847b-e02b86718348","local_time":"20210209171315","is_ascension_mode":true,"campfire_choices":[{"data":"Armaments","floor":6,"key":"SMITH"},{"data":"Entrench","floor":8,"key":"SMITH"},{"data":"True Grit","floor":11,"key":"SMITH"},{"data":"Bludgeon","floor":15,"key":"SMITH"},{"floor":23,"key":"REST"},{"data":"Body Slam","floor":25,"key":"SMITH"}],"circlet_count":0,"master_deck":["Strike_R+1","Strike_R+1","Strike_R+1","Strike_R+1","Defend_R+1","Defend_R+1","Defend_R+1","Defend_R+1","Bash+1","Armaments+1","Cleave","Flame Barrier+1","Entrench+1","Flame Barrier","True Grit+1","Bludgeon+1","Offering","Shrug It Off","Body Slam+1","Seeing Red+1","Barricade"],"relics":["Burning Blood","Prayer Wheel","Smiling Mask","Incense Burner","Darkstone Periapt","SlaversCollar","Sundial"],"acts_visited":["Exordium","TheCity"],"potions_floor_usage":[12,27,27],"damage_taken":[{"damage":9,"enemies":"Jaw Worm","floor":1,"turns":5},{"damage":0,"enemies":"2 Louse","floor":2,"turns":4},{"damage":0,"enemies":"Cultist","floor":4,"turns":4},{"damage":25,"enemies":"3 Sentries","floor":7,"turns":8},{"damage":0,"enemies":"Blue Slaver","floor":10,"turns":5},{"damage":0,"enemies":"Looter","floor":12,"turns":5},{"damage":18,"enemies":"Gremlin Nob","floor":13,"turns":6},{"damage":3,"enemies":"The Guardian","floor":16,"turns":11},{"damage":2,"enemies":"3 Byrds","floor":18,"turns":2},{"damage":9,"enemies":"Shell Parasite","floor":19,"turns":5},{"damage":41,"enemies":"Snecko","floor":20,"turns":6},{"damage":22,"enemies":"Centurion and Healer","floor":22,"turns":10},{"damage":12,"enemies":"Cultist and Chosen","floor":24,"turns":10},{"damage":39,"enemies":"Book of Stabbing","floor":27,"turns":5}],"seed_played":"3372796091835463423","potions_obtained":[{"floor":7,"key":"LiquidMemories"},{"floor":10,"key":"SpeedPotion"},{"floor":12,"key":"Ancient Potion"},{"floor":13,"key":"Energy Potion"},{"floor":22,"key":"HeartOfIron"}],"is_trial":false,"path_per_floor":["M","M","$","M","?","R","?","R","T","M","R","M","E","?","R","B",null,"M","M","M","?","M","R","M","R","T","E"],"character_chosen":"IRONCLAD","items_purchased":[],"campfire_rested":1,"item_purchase_floors":[],"current_hp_per_floor":[69,72,72,72,58,58,39,39,39,45,45,51,39,39,39,42,72,72,69,34,34,18,39,33,33,33,0,0],"gold":365,"neow_bonus":"ONE_RARE_RELIC","is_daily":false,"chose_seed":false,"campfire_upgraded":5,"win_rate":0.0,"timestamp":1612858395,"path_taken":["M","M","$","M","?","R","?","R","T","M","R","M","E","?","R","BOSS","M","M","M","?","M","R","M","R","T","E"],"items_purchased_type":[],"build_version":"2020-12-22","purchased_purges":1,"victory":false,"max_hp_per_floor":[72,72,72,72,72,72,72,72,72,72,72,72,72,72,72,72,72,72,72,72,72,72,72,72,72,72,72,72],"card_choices":[{"not_picked":["Seeing Red","Havoc"],"picked":"Armaments","floor":1},{"not_picked":["Flex","Pommel Strike","Armaments"],"picked":"SKIP","floor":1},{"not_picked":["Clothesline","Shockwave"],"picked":"Cleave","floor":2},{"not_picked":["Anger","Battle Trance","Blood for Blood"],"picked":"SKIP","floor":2},{"not_picked":["Body Slam","Headbutt"],"picked":"Flame Barrier","floor":4},{"not_picked":["Fire Breathing","Disarm","Headbutt"],"picked":"SKIP","floor":4},{"not_picked":["Dual Wield","Armaments"],"picked":"Entrench","floor":7},{"not_picked":["Inflame","Infernal Blade"],"picked":"Flame Barrier","floor":10},{"not_picked":["Disarm","Hemokinesis"],"picked":"True Grit","floor":10},{"not_picked":["Perfected Strike","Evolve"],"picked":"Bludgeon","floor":12},{"not_picked":["Clothesline","Perfected Strike","Armaments"],"picked":"SKIP","floor":12},{"not_picked":["Pommel Strike","Clothesline","Perfected Strike"],"picked":"SKIP","floor":13},{"not_picked":["Fiend Fire","Exhume"],"picked":"Offering","floor":16},{"not_picked":["Combust","Havoc"],"picked":"Shrug It Off","floor":18},{"not_picked":["Headbutt","Dual Wield+1"],"picked":"Body Slam","floor":18},{"not_picked":["Iron Wave+1","Searing Blow"],"picked":"Seeing Red+1","floor":19},{"not_picked":["Havoc","Dark Embrace","Cleave"],"picked":"SKIP","floor":19},{"not_picked":["Shrug It Off","Iron Wave","Uppercut+1"],"picked":"SKIP","floor":20},{"not_picked":["Sever Soul","Burning Pact","Sword Boomerang+1"],"picked":"SKIP","floor":20},{"not_picked":["Twin Strike","Pommel Strike"],"picked":"Barricade","floor":22},{"not_picked":["Perfected Strike","Dual Wield+1","Twin Strike"],"picked":"SKIP","floor":22},{"not_picked":["Power Through","Thunderclap","Warcry"],"picked":"SKIP","floor":24},{"not_picked":["Combust","Sword Boomerang","Iron Wave+1"],"picked":"SKIP","floor":24}],"player_experience":142180,"relics_obtained":[{"floor":9,"key":"Incense Burner"},{"floor":13,"key":"Darkstone Periapt"},{"floor":26,"key":"Sundial"}],"event_choices":[{"damage_healed":0,"gold_gain":0,"player_choice":"Entered Light","damage_taken":14,"max_hp_gain":0,"max_hp_loss":0,"event_name":"Shining Light","floor":5,"gold_loss":0,"cards_upgraded":["Flame Barrier","Bash"]},{"damage_healed":0,"gold_gain":0,"player_choice":"Searched \u00272\u0027 times","damage_taken":0,"relics_obtained":["Smiling Mask"],"max_hp_gain":0,"max_hp_loss":0,"event_name":"Dead Adventurer","floor":7,"gold_loss":0},{"damage_healed":0,"gold_gain":0,"player_choice":"Bought 0 Potions","damage_taken":0,"max_hp_gain":0,"max_hp_loss":0,"event_name":"The Woman in Blue","floor":14,"gold_loss":0},{"damage_healed":0,"gold_gain":0,"player_choice":"Simplicity","damage_taken":0,"max_hp_gain":0,"max_hp_loss":0,"event_name":"Back to Basics","floor":21,"gold_loss":0,"cards_upgraded":["Strike_R","Strike_R","Strike_R","Strike_R","Defend_R","Defend_R","Defend_R","Defend_R"]}],"is_beta":false,"boss_relics":[{"not_picked":["Ectoplasm","SacredBark"],"picked":"SlaversCollar"}],"items_purged_floors":[3],"is_endless":false,"potions_floor_spawned":[7,10,12,13,16,18,20,22],"killed_by":"Book of Stabbing","ascension_level":3}}