{"host":"tr12w2fixbnujl15","time":1612910436,"event":{"mods":["100% Spire Juice","2.2 Compatiblity","A Penny For Your Troubles","BaseMod","Better Skull","Better Vampires","BetterRewards","CapriCore","Clockwork Mod","Colored Powertips","Evolution","Gremlin Skip","Hermit","Hubris","Infinite Spire","JesterMod","Kalas","KinomotoSakuraMod(????)","Koishi","Mad Scientist","Magitek Elite","Mathematician","Minty Spire (QoL Compilation)","Permanent Neow","Quick Restart","Reimu??????","Relic Filter","Remilia_Scarlet Moed?????·?????3.3.5","Replay The Spire","Shop Mod","StSLib","SuperFastMode","The Accelerator","The Bug Knight","The Construct","The Cursed","The Hayseed","The Hierophant","The Immortal","The Mystic","The Necromancer","The Runesmith","The Sage","The Senshi","The Servant 0.9.4","The Spell Scribe","The Vixen","TheFirefly","TheSwordswoman","TheVelvet","Transform Curses","WarShipGirlsR/????R mod","Yakumo Yukari mod","[IsaacMod]????"],"gold_per_floor":[115,133,133,183,173,188,188,223,223,276,37,55,105,105,116,116,211,211,222,222,68,80,99,130,130,160,187,187,199,199,218,218,218,319,319,331,331,351,351,351,376,391,406,429,429,429,445,445,472,472,496],"floor_reached":52,"language":"ENG","playtime":4219,"items_purged":[],"score":822,"play_id":"073e2763-dda8-437a-9a41-407a386ca666","local_time":"20210209174036","is_ascension_mode":false,"campfire_choices":[{"data":"FIFO Queue","floor":7,"key":"SMITH"},{"data":"Chaos","floor":9,"key":"SMITH"},{"floor":14,"key":"REST"},{"floor":16,"key":"REST"},{"floor":25,"key":"REST"},{"floor":33,"key":"REST"},{"floor":48,"key":"REST"},{"floor":50,"key":"REST"}],"circlet_count":0,"master_deck":["Cold Snap","Cold Snap","Cold Snap","Cold Snap+1","Leap","Leap","Leap","Leap","Zap","Dualcast","Barrage","Skim","FIFO Queue+1","Chaos+1","Multi-Cast+1","Redo","Turbo","Aggregate+1","hubris:Ukulele+1","Double Energy","Barrage","Crystallizer+1","Mirror Shield+1","Gash+1","Genetic Algorithm","Static Discharge","Turbo+1","Gash","Chaos","Conserve Battery","Conserve Battery","Sweeping Beam","Fission","Leap+1","Storm+1","Darkness+1","hubris:InfiniteBlow+12","Sweeping Beam+1","Capacitor","hubris:InfiniteBlow+12","FIFO Queue","Sunder+1"],"relics":["Cracked Core","EVO:Axolotl","HushsDoor","DeathBook","infinitespire:Lucky Rock","Carrot","Bag of Marbles","Gremlin Food","MerchantsRug","Symbiotic Virus","MoneyPower","construct:ClawGrip","hubris:GlazedTorus","hubris:SlimyHat","Runesmith:AutoHammer","Blue Doll","Sundial","MagicMushroom","hubris:Towel","Girya","SalivaCoin"],"acts_visited":["Exordium","TheCity","TheBeyond"],"potions_floor_usage":[8,13,34,34,36,41],"damage_taken":[{"damage":0,"enemies":"Jaw Worm","floor":1,"turns":4},{"damage":0,"enemies":"Cultist","floor":2,"turns":3},{"damage":11,"enemies":"Hiden Room Battle","floor":4,"turns":2},{"damage":3,"enemies":"3 Louse","floor":6,"turns":4},{"damage":0,"enemies":"3 Sentries","floor":8,"turns":7},{"damage":0,"enemies":"2 Fungi Beasts","floor":12,"turns":2},{"damage":10,"enemies":"Hiden Room Battle","floor":13,"turns":5},{"damage":0,"enemies":"Red Slaver","floor":15,"turns":2},{"damage":24,"enemies":"Hexaghost","floor":17,"turns":7},{"damage":0,"enemies":"Spheric Guardian","floor":19,"turns":3},{"damage":0,"enemies":"3 Byrds","floor":22,"turns":1},{"damage":30,"enemies":"Centurion and Healer","floor":23,"turns":3},{"damage":37,"enemies":"Slavers","floor":24,"turns":4},{"damage":18,"enemies":"Book of Stabbing","floor":26,"turns":5},{"damage":25,"enemies":"Snake Plant","floor":29,"turns":3},{"damage":0,"enemies":"Sentry and Sphere","floor":31,"turns":3},{"damage":7,"enemies":"Collector","floor":34,"turns":6},{"damage":17,"enemies":"3 Shapes","floor":36,"turns":3},{"damage":7,"enemies":"3 Darklings","floor":38,"turns":6},{"damage":38,"enemies":"Nightmare","floor":41,"turns":7},{"damage":5,"enemies":"4 Shapes","floor":42,"turns":2},{"damage":4,"enemies":"Jaw Worm Horde","floor":43,"turns":3},{"damage":0,"enemies":"Maw","floor":47,"turns":4},{"damage":14,"enemies":"HollowMod:SlobberingHusk","floor":49,"turns":4},{"damage":15,"enemies":"hubris:GrandSnecko","floor":51,"turns":7}],"seed_played":"-3654265282635385342","potions_obtained":[{"floor":4,"key":"Toxic Potion"},{"floor":6,"key":"Fire Potion"},{"floor":12,"key":"Cursed Concoction"},{"floor":22,"key":"Explosive Potion"},{"floor":23,"key":"Reflective Coating"},{"floor":26,"key":"Energy Potion"},{"floor":31,"key":"SkillPotion"},{"floor":38,"key":"PowerPotion"},{"floor":41,"key":"Swift Potion"},{"floor":47,"key":"SteroidPotion"},{"floor":49,"key":"Swift Potion"}],"is_trial":false,"path_per_floor":["M","M","M","?","?","M","R","E","R","T","$","M","?","R","M","R","B",null,"M","AVR","$","M","M","E","R","E","T","?","M","?","M","?","R","B",null,"M","?","M","?","?","NM","M","M","T","?","?","M","R","M","R","B",null],"character_chosen":"DEFECT","items_purchased":["MerchantsRug","Aggregate+1","hubris:Ukulele","Genetic Algorithm","Static Discharge"],"campfire_rested":6,"item_purchase_floors":[11,11,11,21,21],"current_hp_per_floor":[87,87,87,76,76,73,73,73,73,73,73,73,48,74,74,87,63,87,87,87,87,87,57,20,46,28,28,57,32,32,32,32,58,51,94,77,77,71,71,71,34,30,27,27,27,27,28,56,43,71,57],"gold":496,"neow_bonus":"RANDOM_COMMON_RELIC","is_daily":false,"chose_seed":false,"campfire_upgraded":2,"win_rate":0.0,"timestamp":1612910436,"path_taken":["M","M","M","?","?","M","R","E","R","T","$","M","?","R","M","R","BOSS","M","AVR","?","M","M","E","R","E","T","?","M","?","M","?","R","BOSS","M","?","M","?","?","NM","?","M","T","?","?","?","R","M","R","BOSS"],"items_purchased_type":["Relic","Card","Card","Card","Card"],"build_version":"2020-12-22","purchased_purges":0,"victory":true,"max_hp_per_floor":[87,87,87,87,87,87,87,87,87,87,87,87,87,87,87,87,87,87,87,87,87,87,87,87,87,87,87,87,87,87,87,87,87,87,94,94,94,94,94,94,94,94,94,94,94,94,94,94,94,94,94],"card_choices":[{"not_picked":[],"picked":"Bomb","floor":0},{"not_picked":["Rebound","Auto Shields"],"picked":"Barrage","floor":1},{"not_picked":["Reinforced Body","Stack"],"picked":"Skim","floor":2},{"not_picked":["Glacier","Fusion"],"picked":"FIFO Queue","floor":4},{"not_picked":[],"picked":"Chaos","floor":5},{"not_picked":[],"picked":"Multi-Cast","floor":5},{"not_picked":["ReplayTheSpireMod:System Scan","Bomb"],"picked":"Redo","floor":6},{"not_picked":["BasicCrystalCard","Mirror Shield"],"picked":"Turbo","floor":8},{"not_picked":["Aggregate","Distribution"],"picked":"Double Energy","floor":12},{"not_picked":["Leap","Streamline"],"picked":"Barrage","floor":13},{"not_picked":["Leap","Hologram"],"picked":"Crystallizer","floor":15},{"not_picked":["Multi-Cast","Hyperbeam"],"picked":"Mirror Shield","floor":17},{"not_picked":["Go for the Eyes","Redo+1"],"picked":"Gash","floor":19},{"not_picked":["hubris:PowerSurge","Cold Snap+1"],"picked":"Turbo+1","floor":22},{"not_picked":["Sunder","Leap+1"],"picked":"Gash","floor":23},{"not_picked":["Steam Power","Crystallizer"],"picked":"Chaos","floor":24},{"not_picked":["hubris:Prefetch","Hologram+1"],"picked":"Conserve Battery","floor":26},{"not_picked":["Go for the Eyes","Hologram"],"picked":"Conserve Battery","floor":29},{"not_picked":["Loop","Cancel"],"picked":"Sweeping Beam","floor":31},{"not_picked":["Biased Cognition","hubris:Prefetch"],"picked":"Fission","floor":34},{"not_picked":["hubris:Ukulele+1","Hologram+1"],"picked":"Leap+1","floor":36},{"not_picked":["Go for the Eyes","Beam Cell+1"],"picked":"Storm","floor":38},{"not_picked":["Barrage","ReplayTheSpireMod:Repulse"],"picked":"Darkness+1","floor":41},{"not_picked":["ReplayTheSpireMod:Haul","infinitespire:TheBestDefense"],"picked":"hubris:InfiniteBlow+12","floor":41},{"not_picked":["Beam Cell","Ball Lightning+1"],"picked":"Sweeping Beam+1","floor":42},{"not_picked":["ReplayRNGCard","Beam Cell"],"picked":"Capacitor","floor":43},{"not_picked":["Ball Lightning","Sweeping Beam+1"],"picked":"FIFO Queue","floor":47},{"not_picked":["Conserve Battery+1","Auto Shields+1"],"picked":"Sunder+1","floor":49}],"player_experience":100258,"relics_obtained":[{"floor":4,"key":"infinitespire:Lucky Rock"},{"floor":4,"key":"Carrot"},{"floor":8,"key":"Bag of Marbles"},{"floor":10,"key":"Gremlin Food"},{"floor":13,"key":"Symbiotic Virus"},{"floor":13,"key":"MoneyPower"},{"floor":24,"key":"hubris:SlimyHat"},{"floor":26,"key":"Runesmith:AutoHammer"},{"floor":27,"key":"Blue Doll"},{"floor":41,"key":"Girya"},{"floor":44,"key":"SalivaCoin"}],"event_choices":[{"damage_healed":0,"gold_gain":0,"player_choice":"Fight","damage_taken":0,"max_hp_gain":0,"max_hp_loss":0,"event_name":"HidenRoomEvent","floor":4,"gold_loss":0},{"damage_healed":0,"gold_gain":0,"player_choice":"Fight","damage_taken":0,"max_hp_gain":0,"max_hp_loss":0,"event_name":"HidenRoomEvent","floor":13,"gold_loss":0},{"damage_healed":29,"gold_gain":0,"player_choice":"Heal","damage_taken":0,"max_hp_gain":0,"max_hp_loss":0,"event_name":"The Library","floor":28,"gold_loss":0},{"damage_healed":0,"gold_gain":0,"player_choice":"Ignored","damage_taken":0,"max_hp_gain":0,"max_hp_loss":0,"event_name":"Cursed Tome","floor":30,"gold_loss":0},{"damage_healed":0,"gold_gain":0,"player_choice":"Copied","damage_taken":0,"max_hp_gain":0,"max_hp_loss":0,"event_name":"Duplicator","floor":45,"gold_loss":0,"cards_obtained":["hubris:InfiniteBlow"]}],"is_beta":false,"boss_relics":[{"not_picked":["Kintsugi","Velvet Choker"],"picked":"construct:ClawGrip"},{"not_picked":[]},{"not_picked":["jesterMod:MachoBrace","Inserter"],"picked":"MagicMushroom"},{"not_picked":[]}],"items_purged_floors":[],"is_endless":false,"potions_floor_spawned":[4,6,12,22,23,26,29,31,38,41,47,49],"ascension_level":0}}