{"host":"lehbxtjrpalkmwwj","time":1612881286,"event":{"mods":["Aspiration","BaseMod","Colored Map","Colored Powertips","Conspire","GungeonMod","KomeijiMod","Lobotomy","Minty Spire (QoL Compilation)","Quick Restart","Replay The Spire","Shop Mod","StSLib","The Cursed","The Poker Player","[IsaacMod]ÒÔÈö¼âËþ"],"gold_per_floor":[118,131,131,16,16,16,48,120,145,170,189,1,30,41,41,143,143,156,172,172,187,207,207,207,507,507,507,527,540,551,567,585,585,585,683,683,697,707,288,301,319,348,348,373,398,426,438,473,493,508,508,508,508,508,116,142,142],"floor_reached":58,"language":"ZHS","playtime":2067,"items_purged":[],"score":1753,"play_id":"63534145-0636-4686-97ac-a06cc8fb988a","local_time":"20210209223446","is_ascension_mode":true,"campfire_choices":[{"floor":6.0,"key":"RECALL"},{"data":"EpicFetus","floor":15.0,"key":"SMITH"},{"data":"ElectricPowerLearning","floor":15.0,"key":"SMITH"},{"data":"Buffer","floor":23.0,"key":"SMITH"},{"data":"Defragment","floor":23.0,"key":"SMITH"},{"data":"Electrodynamics","floor":27.0,"key":"SMITH"},{"data":"Tempest","floor":27.0,"key":"SMITH"},{"data":"ReplayRNGCard","floor":33.0,"key":"SMITH"},{"data":"Bludgeon","floor":33.0,"key":"SMITH"},{"data":"Meteor Strike","floor":43.0,"key":"SMITH"},{"data":"Mirror Shield","floor":43.0,"key":"SMITH"},{"data":"Core Surge","floor":51,"key":"SMITH"},{"data":"Time Bomb","floor":51,"key":"SMITH"},{"data":"Amplify","floor":54,"key":"SMITH"},{"data":"Seek","floor":54,"key":"SMITH"}],"circlet_count":0,"master_deck":["Strike_B","Strike_B","Defend_B","Defend_B+1","Defend_B+1","Zap","Dualcast+1","EpicFetus+1","EpicFetus+1","Cold Snap","Fusion","Clash","ElectricPowerLearning+1","Tempest+1","Hologram+1","Bludgeon+1","Cold Snap","Creative AI","Ball Lightning","Fusion+1","Electrodynamics+1","Buffer+1","Defragment+1","Genetic Algorithm+1","Go for the Eyes+1","Fan+1","ReplayRNGCard+1","Doom and Gloom+1","ReplayGash+1","Lockon+1","Darkness+1","Glacier+1","Ball Lightning","conspire:Rain+1","Steam+1","Echo Form","Echo Form","Panic Button+1","ReplaySort+1","Chill+1","Barrage","Redo+1","Mirror Shield+1","Meteor Strike+1","Streamline+1","Consume+1","Seek+1","Time Bomb+1","Loop+1","Core Surge+1","Amplify+1","ReplaySort+1","Lockon+1","Reaper","Time Bomb+1","Clash+1","Creative AI","FIFO Queue"],"relics":["Cracked Core","HushsDoor","Chaos","aspiration:Nostalgia","Replay:M_SmolderingBlood","Ring of Chaos","Replay:Rubber Ducky","Garlic","aspiration:HatOfInfinitePower","Omamori","Damocles","Replay:Arrowhead","Ring of the Snake","GuppysCollar","GuppysPaw","DoctorsRemote","Snecko Eye","AnarchistCookbook","Solar Panel","Bag of Preparation","Astrolabe","DemoMod:Metronome","aspiration:EnhancedActuators","conspire:SeveredTorchhead","DemoMod:RatBoots","DemoMod:ResourcefulSack","DemoMod:PartiallyEatenCheese","Orichalcum","BlankCard","Prayer Wheel","Simple Rune","DemoMod:VorpalBullet","DemoMod:WhiteGuonStone","Pen Nib","Ice Cream","DemoMod:GlassGuonStoneRelic","Orrery","Prayer Wheel","conspire:BottledYoYo","MomsKnife","D4","White Beast Statue","aspiration:HummingbirdHeart","DemoMod:ResourcefulSack","Gambling Chip","Replay:Wax Seal","aspiration:MysteriousAuxiliaryCore","conspire:SpecialSausage","aspiration:BursterCore","Symbiotic Virus","ReplayTheSpireMod:Lightbulb","BookofShadows"],"acts_visited":["Exordium","TheCity","TheCity","TheBeyond","TheEnding"],"potions_floor_usage":[57,57,57],"damage_taken":[{"damage":1.0,"enemies":"Cultist","floor":1.0,"turns":3.0},{"damage":12.0,"enemies":"Jaw Worm","floor":2.0,"turns":3.0},{"damage":12.0,"enemies":"3 Sentries","floor":7.0,"turns":3.0},{"damage":1.0,"enemies":"Lagavulin","floor":10.0,"turns":5.0},{"damage":0.0,"enemies":"2 Louse","floor":11.0,"turns":3.0},{"damage":0.0,"enemies":"Gremlin Nob","floor":13.0,"turns":2.0},{"damage":0.0,"enemies":"Exordium Thugs","floor":14.0,"turns":3.0},{"damage":0.0,"enemies":"Hexaghost","floor":16.0,"turns":5.0},{"damage":0.0,"enemies":"Chosen","floor":18.0,"turns":3.0},{"damage":0.0,"enemies":"conspire:FuzzyDice","floor":19.0,"turns":3.0},{"damage":0.0,"enemies":"Centurion and Healer","floor":21.0,"turns":3.0},{"damage":0.0,"enemies":"conspire:HollyBat","floor":22.0,"turns":6.0},{"damage":0.0,"enemies":"DemoMod:Red_and_blue_shotgun_kin","floor":28.0,"turns":2.0},{"damage":0.0,"enemies":"DemoMod:Veteran_shot_gun_kin_and_bullet_kin","floor":29.0,"turns":3.0},{"damage":0.0,"enemies":"DemoMod:Veteran_shot_gun_kin_and_blue_shotgun_kin_with_gunsinger","floor":30.0,"turns":2.0},{"damage":0.0,"enemies":"DemoMod:Red_and_blue_shotgun_kin_with_gunsinger","floor":31.0,"turns":2.0},{"damage":0.0,"enemies":"DemoMod:Veteran_shot_gun_kin_and_red_shotgun_kin_with_gunsinger","floor":32.0,"turns":3.0},{"damage":0.0,"enemies":"DemoMod:ResourcefulRat","floor":35.0,"turns":7.0},{"damage":0.0,"enemies":"3 Darklings","floor":37.0,"turns":3.0},{"damage":0.0,"enemies":"Orb Walker","floor":38.0,"turns":1.0},{"damage":0.0,"enemies":"Jaw Worm Horde","floor":40.0,"turns":2.0},{"damage":0.0,"enemies":"Sphere and 2 Shapes","floor":41.0,"turns":3.0},{"damage":0.0,"enemies":"R_Hoarder","floor":42.0,"turns":4.0},{"damage":0.0,"enemies":"Reptomancer","floor":44.0,"turns":4.0},{"damage":0.0,"enemies":"Nemesis","floor":46.0,"turns":1.0},{"damage":0.0,"enemies":"Writhing Mass","floor":47.0,"turns":4.0},{"damage":0.0,"enemies":"R_Hoarder","floor":48.0,"turns":5.0},{"damage":0.0,"enemies":"3 Darklings","floor":49.0,"turns":3.0},{"damage":0.0,"enemies":"Spire Growth","floor":50.0,"turns":2.0},{"damage":0,"enemies":"Donu and Deca","floor":52,"turns":3},{"damage":0,"enemies":"Shield and Spear","floor":56,"turns":1},{"damage":0,"enemies":"The Heart","floor":57,"turns":5}],"seed_played":"-1251787368778262551","potions_obtained":[{"floor":2.0,"key":"PowerPotion"},{"floor":10.0,"key":"Ancient Potion"},{"floor":13.0,"key":"EssenceOfSteel"},{"floor":14.0,"key":"PowerPotion"},{"floor":19.0,"key":"PotionOfCapacity"},{"floor":31.0,"key":"SpeedPotion"},{"floor":35.0,"key":"Fire Potion"},{"floor":41.0,"key":"Dexterity Potion"},{"floor":48.0,"key":"BlessingOfTheForge"}],"is_trial":false,"path_per_floor":["M","M","?","$","?","R","E","?","T","E","M","$","E","M","R","B",null,"M","M","?","M","M","R","$","?","T","R","M","M","M","M","M","R","B","B",null,"M","M","$","M","M","E","R","E","T","E","M","E","M","M","R","B",null,"R","$","E","B",null],"character_chosen":"DEFECT","items_purchased":["DemoMod:GnawedKey","Omamori","Hologram+1","GuppysCollar","GuppysPaw","DemoMod:WhiteGuonStone","Echo Form","Pen Nib","Creative AI","Symbiotic Virus","FocusPotion"],"campfire_rested":0,"item_purchase_floors":[4,12,12,17,17,39,39,39,55,55,55],"current_hp_per_floor":[74,62,44,44,44,44,32,32,32,31,31,31,31,31,31,31,52,46,46,46,46,46,46,46,46,46,46,46,46,46,46,46,46,46,46,46,46,46,46,46,46,46,46,46,46,46,46,46,46,46,46,46,46,46,46,46,22],"gold":142,"neow_bonus":"NOSTALGIA","is_daily":false,"chose_seed":false,"campfire_upgraded":14,"win_rate":0.0,"timestamp":1612881286,"path_taken":["M","?","?","?","?","R","E","?","T","E","M","$","E","M","R","BOSS","M","M","?","M","M","R","$","?","T","R","M","M","M","M","M","R","BOSS","BOSS","M","M","$","M","M","E","R","E","T","E","M","E","M","?","R","BOSS","R","$","E","BOSS"],"items_purchased_type":["Relic","Relic","Card","Relic","Relic","Relic","Card","Relic","Card","Relic","Potion"],"build_version":"2020-12-22","purchased_purges":0,"victory":true,"max_hp_per_floor":[75,75,75,75,75,75,75,75,75,75,75,75,75,75,75,75,52,46,46,46,46,46,46,46,46,46,46,46,46,46,46,46,46,46,46,46,46,46,46,46,46,46,46,46,46,46,46,46,46,46,46,46,46,46,46,46,22],"card_choices":[{"not_picked":[],"picked":"EpicFetus","floor":0.0},{"not_picked":[],"picked":"EpicFetus","floor":0.0},{"not_picked":["ReplayTheSpireMod:Repulse","Turbo"],"picked":"Cold Snap","floor":1.0},{"not_picked":["Halt","Cancel"],"picked":"Fusion","floor":2.0},{"not_picked":["Hologram","ReplaySort"],"picked":"Clash","floor":7.0},{"not_picked":["Lockon","Infernal Blade"],"picked":"ElectricPowerLearning","floor":10.0},{"not_picked":["Go for the Eyes","Rebound"],"picked":"Tempest","floor":11.0},{"not_picked":["Ball Lightning","Darkness"],"picked":"Bludgeon","floor":13.0},{"not_picked":["Headbutt","Scrape"],"picked":"Cold Snap","floor":14.0},{"not_picked":["ReplayTheSpireMod:Omega Cannon","Hyperbeam"],"picked":"Creative AI","floor":16.0},{"not_picked":["BasicCrystalCard","ReplayTheSpireMod:System Scan"],"picked":"Ball Lightning","floor":18.0},{"not_picked":["Beam Cell","Hologram+1"],"picked":"Fusion+1","floor":19.0},{"not_picked":["Static Discharge","Streamline+1"],"picked":"Buffer","floor":21.0},{"not_picked":["Hologram","Steam"],"picked":"Defragment","floor":22.0},{"not_picked":["Self Repair","Rebound","Redo"],"picked":"SKIP","floor":28.0},{"not_picked":["Leap+1","Loop"],"picked":"ReplayRNGCard","floor":29.0},{"not_picked":["Sweeping Beam+1","Ball Lightning+1"],"picked":"Doom and Gloom+1","floor":30.0},{"not_picked":["Barrage+1","Leap"],"picked":"ReplayGash+1","floor":31.0},{"not_picked":["Beam Cell","Double Energy"],"picked":"Lockon+1","floor":32.0},{"not_picked":["All For One","Seek"],"picked":"ReplayTheSpireMod:Fabricate Wheel","floor":35.0},{"not_picked":["Beam Cell","Redo"],"picked":"Darkness+1","floor":36.0},{"not_picked":["Hologram","Sweeping Beam+1"],"picked":"Glacier+1","floor":37.0},{"not_picked":["Hologram+1","Glacier"],"picked":"Ball Lightning","floor":37.0},{"not_picked":["Fusion","Cold Snap"],"picked":"conspire:Rain+1","floor":38.0},{"not_picked":["Hello World","Rebound"],"picked":"Steam+1","floor":38.0},{"not_picked":["Aggregate+1","Skim"],"picked":"Panic Button+1","floor":40.0},{"not_picked":["Pulse","Turbo"],"picked":"ReplaySort+1","floor":40.0},{"not_picked":["Steam","Redo"],"picked":"Chill+1","floor":41.0},{"not_picked":["BootSequence","Hologram+1"],"picked":"Barrage","floor":41.0},{"not_picked":["Crystallizer","Gash+1"],"picked":"Redo+1","floor":41.0},{"not_picked":["Steam","ReplaySolidLightProjector+1"],"picked":"Mirror Shield","floor":41.0},{"not_picked":["Sweeping Beam+1","Hologram"],"picked":"Meteor Strike","floor":42.0},{"not_picked":["Stack","BootSequence"],"picked":"Streamline+1","floor":44.0},{"not_picked":["Turbo","Redo+1"],"picked":"Consume+1","floor":46.0},{"not_picked":["Aggregate","Crystallizer+1"],"picked":"Seek","floor":47.0},{"not_picked":["Coolheaded+1","Barrage"],"picked":"Time Bomb+1","floor":47.0},{"not_picked":["Hologram+1","BootSequence+1"],"picked":"Loop+1","floor":47.0},{"not_picked":["Sweeping Beam","Redo+1"],"picked":"Core Surge","floor":48.0},{"not_picked":["Turbo+1","Panic Button"],"picked":"Amplify","floor":49.0},{"not_picked":["Compile Driver","BasicCrystalCard+1"],"picked":"ReplaySort+1","floor":49.0},{"not_picked":["Redo+1","Turbo+1"],"picked":"Lockon+1","floor":49.0},{"not_picked":["Rip and Tear+1","Beam Cell"],"picked":"Reaper","floor":50.0},{"not_picked":["Stack+1","Reprogram"],"picked":"Time Bomb","floor":50.0},{"not_picked":["Blizzard+1","Redo"],"picked":"Clash+1","floor":50.0},{"not_picked":["Coolheaded+1","Streamline"],"picked":"FIFO Queue","floor":56}],"player_experience":154934,"relics_obtained":[{"floor":7.0,"key":"Replay:Rubber Ducky"},{"floor":9.0,"key":"Garlic"},{"floor":10.0,"key":"aspiration:HatOfInfinitePower"},{"floor":13.0,"key":"Damocles"},{"floor":14.0,"key":"Replay:Arrowhead"},{"floor":18.0,"key":"DoctorsRemote"},{"floor":19.0,"key":"Snecko Eye"},{"floor":21.0,"key":"AnarchistCookbook"},{"floor":22.0,"key":"Solar Panel"},{"floor":28.0,"key":"Bag of Preparation"},{"floor":29.0,"key":"Astrolabe"},{"floor":30.0,"key":"DemoMod:Metronome"},{"floor":31.0,"key":"aspiration:EnhancedActuators"},{"floor":32.0,"key":"conspire:SeveredTorchhead"},{"floor":36.0,"key":"DemoMod:RatBoots"},{"floor":36.0,"key":"DemoMod:ResourcefulSack"},{"floor":36.0,"key":"DemoMod:PartiallyEatenCheese"},{"floor":36.0,"key":"Orichalcum"},{"floor":36.0,"key":"BlankCard"},{"floor":37.0,"key":"Simple Rune"},{"floor":38.0,"key":"DemoMod:VorpalBullet"},{"floor":40.0,"key":"Ice Cream"},{"floor":41.0,"key":"Orrery"},{"floor":42.0,"key":"conspire:BottledYoYo"},{"floor":42.0,"key":"MomsKnife"},{"floor":44.0,"key":"D4"},{"floor":44.0,"key":"White Beast Statue"},{"floor":46.0,"key":"aspiration:HummingbirdHeart"},{"floor":46.0,"key":"DemoMod:ResourcefulSack"},{"floor":47.0,"key":"Gambling Chip"},{"floor":48.0,"key":"Replay:Wax Seal"},{"floor":48.0,"key":"aspiration:MysteriousAuxiliaryCore"},{"floor":49.0,"key":"conspire:SpecialSausage"},{"floor":50.0,"key":"aspiration:BursterCore"},{"floor":56,"key":"ReplayTheSpireMod:Lightbulb"},{"floor":56,"key":"BookofShadows"}],"event_choices":[{"damage_healed":0.0,"max_hp_gain":0.0,"max_hp_loss":0.0,"gold_gain":0.0,"event_name":"Scrap Ooze","player_choice":"Success","floor":3.0,"gold_loss":0.0,"damage_taken":18.0,"relics_obtained":["Ring of Chaos"]},{"damage_healed":0.0,"max_hp_gain":0.0,"max_hp_loss":0.0,"gold_gain":72.0,"event_name":"Golden Wing","player_choice":"Gained Gold","floor":8.0,"gold_loss":0.0,"damage_taken":0.0},{"damage_healed":0.0,"max_hp_gain":0.0,"max_hp_loss":0.0,"gold_gain":0.0,"event_name":"The Library","player_choice":"Read","floor":20.0,"gold_loss":0.0,"damage_taken":0.0,"cards_obtained":["Electrodynamics"]}],"is_beta":false,"boss_relics":[{"not_picked":["PreservedInsect","ReplayTheSpireMod:ShopPack"],"picked":"Ring of the Snake"},{"not_picked":[]},{"not_picked":[]}],"items_purged_floors":[],"is_endless":false,"potions_floor_spawned":[2,10,13,14,19,31,35,41,44,46,47,48,49,50,56],"ascension_level":3}}