{"host":"fevvm7bbzuh4s1jc","time":1612914035,"event":{"mods":["BaseMod","Highlight Path","Minty Spire (QoL Compilation)","Relic Stats"],"gold_per_floor":[109,20,20,20,44,44,80,80,80,118,134,134,134,169,169,294,294,308,356,409,317,360,360,426,426,478,478,531,247,247,247,247,373,373,387,436,497,527,527],"floor_reached":38,"language":"ENG","playtime":1507,"items_purged":["Strike_P+1"],"score":1020,"play_id":"958fffd2-8928-47b7-8554-d677c22b05d5","local_time":"20210209184035","is_ascension_mode":true,"campfire_choices":[{"data":"Tantrum","floor":6.0,"key":"SMITH"},{"data":"Meditate","floor":8.0,"key":"SMITH"},{"data":"Wish","floor":15.0,"key":"SMITH"},{"floor":23,"key":"REST"},{"floor":25,"key":"REST"},{"floor":30,"key":"RECALL"},{"data":"Eruption","floor":32,"key":"SMITH"}],"circlet_count":0,"master_deck":["AscendersBane","Strike_P+1","Defend_P+1","Defend_P+1","Eruption+1","Vigilance+1","Tantrum+1","Meditate+1","CarveReality","CutThroughFate+1","Halt+1","Consecrate+1","Wish+1","LessonLearned+1","EmptyFist+1","CutThroughFate+1","TalkToTheHand+1","JustLucky+1","Injury","FlurryOfBlows+1","Adaptation+1","TalkToTheHand+1","Blasphemy+1","Worship+1","WreathOfFlame+1","TalkToTheHand+1","MentalFortress+1"],"relics":["PureWater","NeowsBlessing","Shuriken","Golden Idol","Darkstone Periapt","Mercury Hourglass","Molten Egg 2","Ornamental Fan","Cursed Key","Turnip","InkBottle","Nunchaku","Astrolabe","TungstenRod"],"acts_visited":["Exordium","TheCity","TheBeyond"],"potions_floor_usage":[22,36],"damage_taken":[{"damage":0.0,"enemies":"Cultist","floor":1.0,"turns":1.0},{"damage":0.0,"enemies":"Jaw Worm","floor":5.0,"turns":1.0},{"damage":0.0,"enemies":"Lagavulin","floor":7.0,"turns":1.0},{"damage":7.0,"enemies":"3 Sentries","floor":10.0,"turns":4.0},{"damage":0.0,"enemies":"Small Slimes","floor":11.0,"turns":2.0},{"damage":0.0,"enemies":"Lagavulin","floor":14.0,"turns":3.0},{"damage":12.0,"enemies":"Hexaghost","floor":16.0,"turns":5.0},{"damage":3,"enemies":"Chosen","floor":18,"turns":3},{"damage":28,"enemies":"Shell Parasite","floor":19,"turns":4},{"damage":8,"enemies":"3 Cultists","floor":20,"turns":3},{"damage":0,"enemies":"Cultist and Chosen","floor":22,"turns":5},{"damage":4,"enemies":"Book of Stabbing","floor":24,"turns":4},{"damage":15,"enemies":"Shelled Parasite and Fungi","floor":28,"turns":4},{"damage":0,"enemies":"Champ","floor":33,"turns":6},{"damage":16,"enemies":"3 Shapes","floor":35,"turns":4},{"damage":11,"enemies":"Orb Walker","floor":36,"turns":4},{"damage":0,"enemies":"Mind Bloom Boss Battle","floor":37,"turns":3},{"damage":44,"enemies":"Jaw Worm Horde","floor":38,"turns":2}],"seed_played":"-7013555916594432886","potions_obtained":[{"floor":1.0,"key":"CultistPotion"},{"floor":10.0,"key":"AttackPotion"},{"floor":14.0,"key":"Strength Potion"},{"floor":20,"key":"Ambrosia"},{"floor":28,"key":"Weak Potion"},{"floor":37,"key":"SteroidPotion"}],"is_trial":false,"path_per_floor":["M","$","?","?","M","R","E","R","T","E","M","?","?","E","R","B",null,"M","M","M","?","M","R","E","R","T","?","M","$","R","?","R","B",null,"M","M","?","M"],"character_chosen":"WATCHER","items_purchased":["Meditate","Adaptation","Nunchaku"],"campfire_rested":2,"item_purchase_floors":[2,29,29],"current_hp_per_floor":[61,61,43,43,43,43,43,43,43,36,36,29,29,29,29,17,51,48,20,12,12,12,30,26,44,50,50,35,35,35,35,35,35,60,44,33,33,0,0],"gold":527,"neow_bonus":"THREE_ENEMY_KILL","is_daily":false,"chose_seed":false,"campfire_upgraded":4,"win_rate":0.0,"timestamp":1612914035,"path_taken":["M","?","?","?","M","R","E","R","T","E","M","?","?","E","R","BOSS","M","M","?","?","?","R","E","R","T","?","M","$","R","?","R","BOSS","M","M","?","M"],"items_purchased_type":["Card","Card","Relic"],"build_version":"2020-12-22","purchased_purges":1,"victory":false,"max_hp_per_floor":[68,68,68,62,62,62,62,62,62,62,62,62,62,62,62,62,62,62,62,62,62,62,62,62,62,68,68,68,68,68,68,68,68,68,68,68,68,68,68],"relic_stats":{"Darkstone Periapt":6,"counters":[18,58],"Golden Idol":108,"Astrolabe":["Worship","WreathOfFlame","TalkToTheHand"],"Cursed Key":1,"Mercury Hourglass":[186],"Nunchaku":[5],"Shuriken":[32],"Ornamental Fan":[108],"Turnip":[4],"obtain_stats":[{"Darkstone Periapt":7,"NeowsBlessing":0,"Golden Idol":4,"Astrolabe":34,"Cursed Key":17,"Mercury Hourglass":9,"Nunchaku":29,"Shuriken":3,"Ornamental Fan":14,"Molten Egg 2":10,"Turnip":21,"PureWater":0,"InkBottle":24,"TungstenRod":37},{"Darkstone Periapt":3,"NeowsBlessing":0,"Golden Idol":1,"Astrolabe":14,"Cursed Key":7,"Mercury Hourglass":3,"Nunchaku":13,"Shuriken":1,"Ornamental Fan":6,"Molten Egg 2":4,"Turnip":10,"PureWater":0,"InkBottle":12,"TungstenRod":17},{"Darkstone Periapt":3,"NeowsBlessing":0,"Golden Idol":1,"Astrolabe":45,"Cursed Key":16,"Mercury Hourglass":3,"Nunchaku":39,"Shuriken":1,"Ornamental Fan":11,"Molten Egg 2":6,"Turnip":26,"PureWater":0,"InkBottle":35,"TungstenRod":56}],"InkBottle":[9],"TungstenRod":3},"card_choices":[{"not_picked":["WindmillStrike","FollowUp"],"picked":"Tantrum","floor":1.0},{"not_picked":["SashWhip","CrushJoints"],"picked":"CarveReality","floor":5.0},{"not_picked":["FlyingSleeves","CrushJoints"],"picked":"CutThroughFate","floor":7.0},{"not_picked":["Devotion","Evaluate"],"picked":"Halt","floor":10.0},{"not_picked":["Study","ThirdEye"],"picked":"Consecrate+1","floor":11.0},{"not_picked":["Protect","Prostrate"],"picked":"Wish","floor":14.0},{"not_picked":["DevaForm","SpiritShield"],"picked":"LessonLearned+1","floor":16.0},{"not_picked":["FlurryOfBlows+1","Evaluate"],"picked":"EmptyFist+1","floor":18},{"not_picked":["Tantrum+1","BowlingBash+1"],"picked":"CutThroughFate+1","floor":19},{"not_picked":["Conclude+1","Evaluate+1"],"picked":"TalkToTheHand+1","floor":20},{"not_picked":["Perseverance","Judgement"],"picked":"JustLucky+1","floor":22},{"not_picked":["EmptyFist+1","Protect","SashWhip+1"],"picked":"SKIP","floor":24},{"not_picked":["Crescendo","FollowUp+1"],"picked":"FlurryOfBlows+1","floor":28},{"not_picked":["DevaForm","SpiritShield"],"picked":"Blasphemy","floor":33},{"not_picked":["Prostrate+1","Crescendo"],"picked":"MentalFortress","floor":35},{"not_picked":["BowlingBash+1","ConjureBlade","Adaptation"],"picked":"SKIP","floor":36}],"player_experience":2820082,"relics_obtained":[{"floor":7.0,"key":"Darkstone Periapt"},{"floor":9.0,"key":"Mercury Hourglass"},{"floor":10.0,"key":"Molten Egg 2"},{"floor":14.0,"key":"Ornamental Fan"},{"floor":24,"key":"InkBottle"},{"floor":37,"key":"TungstenRod"}],"event_choices":[{"damage_healed":0.0,"max_hp_gain":0.0,"max_hp_loss":0.0,"gold_gain":0.0,"event_name":"Scrap Ooze","player_choice":"Success","floor":3.0,"gold_loss":0.0,"damage_taken":18.0,"relics_obtained":["Shuriken"]},{"damage_healed":0.0,"max_hp_gain":0.0,"max_hp_loss":6.0,"gold_gain":0.0,"event_name":"Golden Idol","player_choice":"Lose Max HP","floor":4.0,"gold_loss":0.0,"damage_taken":0.0,"relics_obtained":["Golden Idol"]},{"cards_removed":["Strike_P"],"damage_healed":0.0,"max_hp_gain":0.0,"max_hp_loss":0.0,"gold_gain":0.0,"event_name":"Golden Wing","player_choice":"Card Removal","floor":12.0,"gold_loss":0.0,"damage_taken":7.0},{"damage_healed":0.0,"max_hp_gain":0.0,"max_hp_loss":0.0,"gold_gain":0.0,"event_name":"Accursed Blacksmith","player_choice":"Forge","floor":13.0,"gold_loss":0.0,"damage_taken":0.0,"cards_upgraded":["CutThroughFate"]},{"damage_healed":0,"gold_gain":0,"player_choice":"Paid Gold","damage_taken":0,"relics_obtained":["Turnip"],"max_hp_gain":0,"max_hp_loss":0,"event_name":"WeMeetAgain","floor":21,"gold_loss":92},{"damage_healed":0,"gold_gain":0,"player_choice":"Simplicity","damage_taken":0,"max_hp_gain":0,"max_hp_loss":0,"event_name":"Back to Basics","floor":27,"gold_loss":0,"cards_upgraded":["Strike_P","Strike_P","Strike_P","Defend_P","Defend_P"]},{"damage_healed":0,"gold_gain":0,"player_choice":"Read","damage_taken":0,"max_hp_gain":0,"max_hp_loss":0,"event_name":"The Library","floor":31,"gold_loss":0,"cards_obtained":["TalkToTheHand"]},{"damage_healed":0,"gold_gain":0,"player_choice":"Fight","damage_taken":0,"max_hp_gain":0,"max_hp_loss":0,"event_name":"MindBloom","floor":37,"gold_loss":0}],"is_beta":false,"boss_relics":[{"not_picked":["Coffee Dripper","Tiny House"],"picked":"Cursed Key"},{"not_picked":["Sozu","Philosopher\u0027s Stone"],"picked":"Astrolabe"}],"items_purged_floors":[29],"is_endless":false,"potions_floor_spawned":[1,10,14,20,28,37],"killed_by":"Jaw Worm Horde","ascension_level":20}}