{"host":"w8xisjf5mgmfjvmt","time":1612835005,"event":{"mods":["BaseMod","BetterRewards","Challenge The Spire","Conspire","Energized Spire","Filter the Spire","Minty Spire (QoL Compilation)","Quarter Circle Forward PUNCH!","Quick Restart","Relic Filter Mod","Relic Stats","Reliquary","Replay The Spire","Shop Mod","Spicy Shops","StSLib","Thieving Mod","¡¾ÒÅÎï¿¨ÅÆ¡¿REMEMod","óô»ðÖ¸ÄÏ"],"gold_per_floor":[115,115,115,132,149,174,0,29,29,29,29],"floor_reached":10,"language":"ZHS","playtime":248,"items_purged":[],"score":152,"play_id":"50761ee1-8c02-4dd7-904c-32dd35b729bb","local_time":"20210209094325","is_ascension_mode":true,"campfire_choices":[],"circlet_count":0,"master_deck":["AscendersBane","Strike_R","Strike_R","Strike_R","Strike_R","Defend_R","Defend_R","Defend_R","Defend_R","Bash","Feed","Pommel Strike","Sword Boomerang","Armaments","True Grit","Madness","Injury","Juggernaut"],"relics":["REME_ComplimentaryCards","Philosopher\u0027s Stone","Gambling Chip","Replay:Wax Seal","ClockworkSouvenir","qcfpunch:Broken_Tusk","Replay:Bottled Steam","Meat on the Bone"],"acts_visited":["Exordium"],"potions_floor_usage":[],"damage_taken":[{"damage":3.0,"enemies":"Small Slimes","floor":1.0,"turns":3.0},{"damage":0.0,"enemies":"Jaw Worm","floor":4.0,"turns":3.0},{"damage":0.0,"enemies":"Cultist","floor":5.0,"turns":2.0},{"damage":62.0,"enemies":"Gremlin Nob","floor":6.0,"turns":5.0},{"damage":10,"enemies":"Lagavulin","floor":8,"turns":5},{"damage":0,"enemies":"3 Sentries","floor":10,"turns":1}],"seed_played":"7706506928962398890","potions_obtained":[{"floor":8,"key":"Ancient Potion"}],"is_trial":false,"path_per_floor":["M","?","?","M","M","E","$","E","T","E"],"character_chosen":"IRONCLAD","items_purchased":["Replay:Wax Seal","ClockworkSouvenir","qcfpunch:Broken_Tusk"],"campfire_rested":0,"item_purchase_floors":[7,7,7],"current_hp_per_floor":[68,68,68,71,74,12,12,2,2,2,2],"gold":29,"neow_bonus":"BOSS_RELIC","is_daily":false,"chose_seed":false,"campfire_upgraded":0,"win_rate":0.0,"timestamp":1612835005,"path_taken":["M","?","?","M","M","E","$","E","T","E"],"items_purchased_type":["Relic","Relic","Relic"],"build_version":"2020-12-22","purchased_purges":0,"victory":false,"max_hp_per_floor":[78,78,78,81,84,84,84,84,84,84,84],"relic_stats":{"counters":[6,19],"Gambling Chip":[10],"obtain_stats":[{"qcfpunch:Broken_Tusk":7,"Gambling Chip":6,"Philosopher\u0027s Stone":0,"Replay:Wax Seal":7,"Burning Blood":0,"REME_ComplimentaryCards":0,"ClockworkSouvenir":7,"Replay:Bottled Steam":8,"Meat on the Bone":9},{"qcfpunch:Broken_Tusk":4,"Gambling Chip":4,"Philosopher\u0027s Stone":0,"Replay:Wax Seal":4,"Burning Blood":0,"REME_ComplimentaryCards":0,"ClockworkSouvenir":4,"Replay:Bottled Steam":5,"Meat on the Bone":5},{"qcfpunch:Broken_Tusk":13,"Gambling Chip":13,"Philosopher\u0027s Stone":0,"Replay:Wax Seal":13,"Burning Blood":0,"REME_ComplimentaryCards":0,"ClockworkSouvenir":13,"Replay:Bottled Steam":18,"Meat on the Bone":18}],"Meat on the Bone":0},"card_choices":[{"not_picked":["Seeing Red","Anger"],"picked":"Pommel Strike","floor":1.0},{"not_picked":["Evolve","Dropkick"],"picked":"Sword Boomerang","floor":4.0},{"not_picked":["Rage","Headbutt"],"picked":"Armaments","floor":5.0},{"not_picked":["Sword Boomerang","Twin Strike"],"picked":"True Grit","floor":6.0},{"not_picked":["Twin Strike","Cleave"],"picked":"Juggernaut","floor":8}],"player_experience":1316570,"relics_obtained":[{"floor":6.0,"key":"Gambling Chip"},{"floor":8,"key":"Replay:Bottled Steam"},{"floor":9,"key":"Meat on the Bone"}],"event_choices":[{"damage_healed":0.0,"max_hp_gain":0.0,"max_hp_loss":0.0,"gold_gain":0.0,"event_name":"Liars Game","player_choice":"Ignored","floor":3.0,"gold_loss":0.0,"damage_taken":0.0}],"is_beta":false,"boss_relics":[],"items_purged_floors":[],"is_endless":false,"potions_floor_spawned":[8],"killed_by":"3 Sentries","ascension_level":20}}