{"host":"hbvn1mkfq2iixsau","time":1612904494,"event":{"mods":["AchievementEnabler","Act Like it!","BaseMod","Better Altar","Better Match","Better Sensory Stone","Better Skull","Better Third Choice","Colored Map","Downfall","Minty Spire (QoL Compilation)","Quick Restart","Relic Stats","Shop Mod","StSLib"],"gold_per_floor":[99,199,199,199,199,199,246,246,246,275,275,305,305,405,420,520,520,520,217,217,232,242,260,260,260,290,301,201,201,201,241,259,367,367,367,394,413,438,460,460,484,504,538,338,363,376,392,417,445,445,445,445],"floor_reached":50,"language":"ENG","playtime":4100,"items_purged":[],"score":736,"play_id":"02863fc7-af8c-4b60-82fe-252af6a6c70a","local_time":"20210209230134","is_ascension_mode":true,"campfire_choices":[{"data":"Slimebound:Split","floor":1.0,"key":"SMITH"},{"data":"Slimebound:SplitLeeching","floor":9.0,"key":"SMITH"},{"data":"Bandage Up","floor":11.0,"key":"SMITH"},{"data":"Slimebound:RollThrough","floor":13.0,"key":"SMITH"},{"data":"Slimebound:TagTeam","floor":18.0,"key":"SMITH"},{"data":"Slimebound:OneTwoCombo","floor":28.0,"key":"SMITH"},{"data":"Slimebound:OneTwoCombo","floor":30.0,"key":"SMITH"},{"data":"Slimebound:MinionMaster","floor":35.0,"key":"SMITH"},{"floor":40.0,"key":"RECALL"},{"floor":44.0,"key":"DIG"}],"circlet_count":0,"master_deck":["Slimebound:Strike_Slimebound","Slimebound:Strike_Slimebound","Slimebound:Strike_Slimebound","Slimebound:Tackle","Slimebound:Defend_Slimebound","Slimebound:Defend_Slimebound","Slimebound:Defend_Slimebound","Slimebound:Defend_Slimebound","Slimebound:Split+1","Slimebound:CorrosiveSpit","Slimebound:SplitLeeching+1","Bandage Up+1","Slimebound:RollThrough+1","Slimebound:Split","Slimebound:LivingWall","Slimebound:GrowthPunch","Slimebound:TagTeam+1","Bandage Up","downfall:Icky","Slimebound:RollThrough","Slimebound:SplitAcid","Slimebound:SelfFormingGoo","CurseOfTheBell","Slimebound:OneTwoCombo+1","Slimebound:OneTwoCombo+1","Slimebound:SplitMire","Slimebound:LevelUp","Slimebound:SplitSpecialist","Slimebound:LevelUp","Slimebound:SplitLeeching+1","RitualDagger+1","Slimebound:SplitAcid","Slimebound:MinionMaster+1","Slimebound:SplitSpecialist","Slimebound:SplitMire+1","Slimebound:SplitLeeching","Slimebound:SplitBruiser","Slimebound:SplitBruiser+1","Slimebound:LeadByExample+1"],"relics":["Slimebound:AbsorbEndCombat","downfall:HeartsMalice","Anchor","Strawberry","PreservedInsect","Ornamental Fan","downfall:GremlinSack","Calling Bell","Centennial Puzzle","Question Card","Slimebound:SlimedSkullRelic","DollysMirror","MerchantsRug","Toy Ornithopter","downfall:HeartBlessingBlue","CeramicFish","Philosopher\u0027s Stone","Omamori","Shovel","downfall:HeartBlessingGreen","downfall:HeartBlessingRed","Singing Bowl","Akabeko","Mercury Hourglass"],"acts_visited":["Exordium","TheCity","TheBeyond"],"potions_floor_usage":[50],"damage_taken":[{"damage":0.0,"enemies":"2 Louse","floor":4.0,"turns":1.0},{"damage":0.0,"enemies":"Gremlin Nob","floor":10.0,"turns":1.0},{"damage":0.0,"enemies":"3 Sentries","floor":12.0,"turns":1.0},{"damage":16.0,"enemies":"3 Sentries","floor":14.0,"turns":4.0},{"damage":0.0,"enemies":"Small Slimes","floor":15.0,"turns":3.0},{"damage":8.0,"enemies":"SI_SHIV_ARCHETYPE","floor":16.0,"turns":9.0},{"damage":10.0,"enemies":"downfall:FleeingMerchant","floor":19.0,"turns":4.0},{"damage":0.0,"enemies":"Chosen","floor":20.0,"turns":1.0},{"damage":10.0,"enemies":"Shell Parasite","floor":21.0,"turns":4.0},{"damage":42.0,"enemies":"Cultist and Chosen","floor":22.0,"turns":6.0},{"damage":6.0,"enemies":"Sentry and Sphere","floor":23.0,"turns":4.0},{"damage":29.0,"enemies":"Book of Stabbing","floor":26.0,"turns":4.0},{"damage":8.0,"enemies":"Snecko","floor":27.0,"turns":4.0},{"damage":15.0,"enemies":"Slavers","floor":31.0,"turns":3.0},{"damage":13.0,"enemies":"Chosen and Byrds","floor":32.0,"turns":6.0},{"damage":13.0,"enemies":"IC_MUSHROOM_ARCHETYPE","floor":33.0,"turns":7.0},{"damage":26.0,"enemies":"3 Shapes","floor":36.0,"turns":3.0},{"damage":1.0,"enemies":"Orb Walker","floor":37.0,"turns":3.0},{"damage":4.0,"enemies":"Transient","floor":38.0,"turns":5.0},{"damage":0.0,"enemies":"Spire Growth","floor":39.0,"turns":3.0},{"damage":32.0,"enemies":"3 Darklings","floor":42.0,"turns":5.0},{"damage":18.0,"enemies":"Giant Head","floor":43.0,"turns":6.0},{"damage":31.0,"enemies":"Reptomancer","floor":45.0,"turns":4.0},{"damage":14.0,"enemies":"Jaw Worm Horde","floor":46.0,"turns":3.0},{"damage":27.0,"enemies":"4 Shapes","floor":47.0,"turns":3.0},{"damage":22.0,"enemies":"Nemesis","floor":48.0,"turns":3.0},{"damage":6.0,"enemies":"Transient","floor":49.0,"turns":5.0},{"damage":103,"enemies":"WA_ARCHETYPE_DIVINITY","floor":50,"turns":5}],"seed_played":"1980785650383831158","potions_obtained":[{"floor":10.0,"key":"SpeedPotion"},{"floor":12.0,"key":"BlessingOfTheForge"},{"floor":15.0,"key":"Ancient Potion"},{"floor":22.0,"key":"PowerPotion"},{"floor":27.0,"key":"sneckomod:MuddlingPotion"},{"floor":29.0,"key":"CultistPotion"},{"floor":31.0,"key":"Dexterity Potion"},{"floor":33.0,"key":"Slimebound:SpawnSlimePotion"},{"floor":42.0,"key":"hexamod:SoulburnPotion"},{"floor":47.0,"key":"FairyPotion"}],"is_trial":false,"path_per_floor":["R","?","?","M","?","?","T","T","R","E","R","E","R","?","M","B",null,"R","$","M","M","M","M","T","?","E","M","R","?","R","E","M","B",null,"R","M","M","M","M","R","T","M","E","R","E","M","M","E","M","B"],"character_chosen":"SLIMEBOUND","items_purchased":["DollysMirror","MerchantsRug"],"campfire_rested":0,"item_purchase_floors":[19,19],"current_hp_per_floor":[65,65,65,65,65,65,65,72,72,72,72,72,72,57,57,67,72,72,68,68,68,34,32,32,32,17,19,29,29,29,40,37,43,82,82,62,69,78,82,82,82,64,58,58,37,39,18,8,20,0,0,0],"gold":445,"neow_bonus":"THREE_ENEMY_KILL","is_daily":false,"chose_seed":false,"campfire_upgraded":8,"win_rate":0.0,"timestamp":1612904494,"path_taken":["R","?","?","?","?","?","T","?","R","E","R","E","R","?","M","BOSS","R","$","M","M","M","M","T","?","E","M","R","?","R","E","M","BOSS","R","M","M","M","M","R","T","M","E","R","E","M","M","E","M","BOSS"],"items_purchased_type":["Relic","Relic"],"build_version":"2020-12-22","purchased_purges":0,"victory":false,"max_hp_per_floor":[65,65,65,65,65,65,65,72,72,72,72,72,72,72,72,72,72,72,72,72,72,72,72,72,72,72,72,82,82,82,82,82,82,82,82,82,82,82,82,82,82,82,82,82,84,86,88,90,90,90,90,90],"relic_stats":{"Centennial Puzzle":[60],"Shovel":1,"Singing Bowl":8,"counters":[28,105],"Ornamental Fan":[188],"CeramicFish":72,"PreservedInsect":468,"Question Card":21,"obtain_stats":[{"Singing Bowl":44,"CeramicFish":31,"downfall:HeartBlessingGreen":44,"Centennial Puzzle":17,"downfall:BrokenWingStatue":5,"Shovel":43,"DollysMirror":19,"downfall:HeartBlessingBlue":28,"Strawberry":8,"Philosopher\u0027s Stone":34,"MerchantsRug":19,"downfall:HeartBlessingRed":44,"downfall:HeartsMalice":0,"PreservedInsect":10,"Omamori":41,"Question Card":17,"Akabeko":45,"Mercury Hourglass":48,"Calling Bell":17,"Anchor":7,"downfall:GremlinSack":14,"Ornamental Fan":12,"Slimebound:AbsorbEndCombat":0,"Slimebound:SlimedSkullRelic":17,"Toy Ornithopter":26},{"Singing Bowl":22,"CeramicFish":14,"downfall:HeartBlessingGreen":22,"Centennial Puzzle":6,"downfall:BrokenWingStatue":1,"Shovel":22,"DollysMirror":7,"downfall:HeartBlessingBlue":13,"Strawberry":1,"Philosopher\u0027s Stone":16,"MerchantsRug":7,"downfall:HeartBlessingRed":22,"downfall:HeartsMalice":0,"PreservedInsect":2,"Omamori":20,"Question Card":6,"Akabeko":23,"Mercury Hourglass":26,"Calling Bell":6,"Anchor":1,"downfall:GremlinSack":4,"Ornamental Fan":3,"Slimebound:AbsorbEndCombat":0,"Slimebound:SlimedSkullRelic":6,"Toy Ornithopter":12},{"Singing Bowl":82,"CeramicFish":44,"downfall:HeartBlessingGreen":82,"Centennial Puzzle":15,"downfall:BrokenWingStatue":0,"Shovel":82,"DollysMirror":19,"downfall:HeartBlessingBlue":41,"Strawberry":0,"Philosopher\u0027s Stone":57,"MerchantsRug":19,"downfall:HeartBlessingRed":82,"downfall:HeartsMalice":0,"PreservedInsect":0,"Omamori":71,"Question Card":15,"Akabeko":86,"Mercury Hourglass":95,"Calling Bell":15,"Anchor":0,"downfall:GremlinSack":4,"Ornamental Fan":0,"Slimebound:AbsorbEndCombat":0,"Slimebound:SlimedSkullRelic":15,"Toy Ornithopter":37}],"Toy Ornithopter":15,"Mercury Hourglass":[18]},"card_choices":[{"not_picked":["Slimebound:Schlurp","Slimebound:LeechingTouch"],"picked":"Slimebound:SplitLeeching","floor":4.0},{"not_picked":["Enlightenment","PanicButton"],"picked":"Bandage Up","floor":6.0},{"not_picked":["Slimebound:Nibble","Slimebound:GoopSpray","Slimebound:FlameTackle"],"picked":"SKIP","floor":10.0},{"not_picked":["Slimebound:RainOfGoop","Slimebound:GoopTackle"],"picked":"Slimebound:RollThrough","floor":12.0},{"not_picked":["Slimebound:FinishingTackle","Slimebound:Schlurp"],"picked":"Slimebound:RollThrough","floor":14.0},{"not_picked":["Slimebound:DivideAndConquer","Slimebound:GoopSpray"],"picked":"Slimebound:SplitAcid","floor":15.0},{"not_picked":["Slimebound:SlimeSlap","Slimebound:DuplicatedForm"],"picked":"Slimebound:SelfFormingGoo","floor":16.0},{"not_picked":["Slimebound:Prepare","Slimebound:HauntingLick","Slimebound:SlimeSpikes"],"picked":"Slimebound:OneTwoCombo","floor":19.0},{"not_picked":["Slimebound:PressTheAttack","Slimebound:FinishingTackle","Slimebound:Equalize+1"],"picked":"Slimebound:SplitMire","floor":20.0},{"not_picked":["Slimebound:DivideAndConquer","Slimebound:LeechEnergy+1","Slimebound:ComboTackle+1"],"picked":"Slimebound:LevelUp","floor":21.0},{"not_picked":["Slimebound:RejuvenatingLick+1","Slimebound:LeechEnergy","Slimebound:LeechingTouch+1"],"picked":"Slimebound:SplitSpecialist","floor":22.0},{"not_picked":["Slimebound:SplitMire+1","Slimebound:SlimeTap","Slimebound:HungryTackle"],"picked":"Slimebound:LevelUp","floor":23.0},{"not_picked":["Slimebound:Schlurp","Slimebound:GoopSpray","Slimebound:PressTheAttack","Slimebound:ViciousTackle"],"picked":"SKIP","floor":26.0},{"not_picked":["Slimebound:MegaLick","Slimebound:ProtectTheBoss","Slimebound:LivingWall"],"picked":"Slimebound:SplitLeeching+1","floor":27.0},{"not_picked":["Slimebound:ForwardTackle","Slimebound:SamplingLick","Slimebound:Replication+1"],"picked":"Slimebound:SplitAcid","floor":31.0},{"not_picked":["Slimebound:BestDefense+1","Slimebound:Prepare","Slimebound:Schlurp","Slimebound:AcidTongue"],"picked":"SKIP","floor":32.0},{"not_picked":["Slimebound:MassFeed","Slimebound:SelfFormingGoo","Slimebound:DuplicatedForm"],"picked":"Slimebound:MinionMaster","floor":33.0},{"not_picked":["Slimebound:SlimeSpikes","Slimebound:HauntingLick","Slimebound:GoopTackle"],"picked":"Slimebound:SplitSpecialist","floor":36.0},{"not_picked":["Slimebound:Schlurp","Slimebound:ServeAndProtect","Slimebound:LeechingTouch+1"],"picked":"Slimebound:SplitMire+1","floor":37.0},{"not_picked":["Slimebound:HauntingLick+1","Slimebound:RollThrough+1","Slimebound:DuplicatedForm"],"picked":"Slimebound:SplitLeeching","floor":38.0},{"not_picked":["Slimebound:Schlurp","Slimebound:SpikyOuterGoop+1","Slimebound:Recollect+1"],"picked":"Slimebound:SplitBruiser","floor":39.0},{"not_picked":["Slimebound:FlameTackle+1","Slimebound:SlimeSpikes+1","Slimebound:ItLooksTasty"],"picked":"Slimebound:SplitBruiser+1","floor":42.0},{"not_picked":["Slimebound:ServeAndProtect","Slimebound:RainOfGoop","Slimebound:HauntingLick","Slimebound:GrowthPunch"],"picked":"SKIP","floor":43.0},{"not_picked":["Slimebound:Nibble","Slimebound:ComboTackle","Slimebound:ProtectTheBoss","Slimebound:Repurpose+1"],"picked":"Singing Bowl","floor":45.0},{"not_picked":["Slimebound:HauntingLick","Slimebound:LeechingTouch+1","Slimebound:Equalize","Slimebound:TongueLash+1"],"picked":"Singing Bowl","floor":46.0},{"not_picked":["Slimebound:Replication","Slimebound:LeechEnergy+1","Slimebound:Prepare","Slimebound:RollThrough+1"],"picked":"Singing Bowl","floor":47.0},{"not_picked":["Slimebound:SplitMire+1","Slimebound:MegaLick","Slimebound:DivideAndConquer+1","Slimebound:MassFeed"],"picked":"Singing Bowl","floor":48.0},{"not_picked":["Slimebound:RejuvenatingLick","Slimebound:Prepare+1","Slimebound:LeechingTouch+1"],"picked":"Slimebound:LeadByExample+1","floor":49.0}],"player_experience":331703,"relics_obtained":[{"floor":7.0,"key":"Anchor"},{"floor":8.0,"key":"Strawberry"},{"floor":10.0,"key":"PreservedInsect"},{"floor":12.0,"key":"Ornamental Fan"},{"floor":14.0,"key":"downfall:GremlinSack"},{"floor":17.0,"key":"Centennial Puzzle"},{"floor":17.0,"key":"Question Card"},{"floor":17.0,"key":"Slimebound:SlimedSkullRelic"},{"floor":26.0,"key":"Toy Ornithopter"},{"floor":31.0,"key":"CeramicFish"},{"floor":41.0,"key":"Omamori"},{"floor":43.0,"key":"Shovel"},{"floor":44.0,"key":"Singing Bowl"},{"floor":45.0,"key":"Akabeko"},{"floor":48.0,"key":"Mercury Hourglass"}],"event_choices":[{"damage_healed":0.0,"max_hp_gain":0.0,"max_hp_loss":0.0,"gold_gain":0.0,"event_name":"NoteForYourself","player_choice":"Ignored","floor":3.0,"gold_loss":0.0,"damage_taken":0.0},{"damage_healed":0.0,"max_hp_gain":0.0,"max_hp_loss":0.0,"gold_gain":1.0,"event_name":"betterStone:BetterStone","player_choice":"1","floor":6.0,"gold_loss":0.0,"damage_taken":0.0},{"damage_healed":0.0,"max_hp_gain":0.0,"max_hp_loss":0.0,"gold_gain":0.0,"event_name":"Vampires","player_choice":"Ignored","floor":25.0,"gold_loss":0.0,"damage_taken":0.0}],"is_beta":false,"boss_relics":[{"not_picked":["Coffee Dripper","Empty Cage"],"picked":"Calling Bell"},{"not_picked":["Tiny House","Cursed Key"],"picked":"Philosopher\u0027s Stone"}],"items_purged_floors":[],"is_endless":false,"potions_floor_spawned":[10,12,15,22,27,31,33,38,42,43,45,47,48],"killed_by":"WA_ARCHETYPE_DIVINITY","ascension_level":1}}