{"host":"ttzdpsscxkem3xrs","time":1612857020,"event":{"mods":["BaseMod","Colored Map","Downfall","Minty Spire (QoL Compilation)","Replay The Spire","StSLib","The Cursed","The Hierophant"],"gold_per_floor":[109,109,34,34,48,48,77,104,128,160,203,203,203,203,203,293,293,234,253,253,63,66,95,95,78,157,157,157,117,117],"floor_reached":29,"language":"ENG","playtime":1633,"items_purged":["Doubt"],"score":301,"play_id":"c04ceeda-2e11-4bdd-8f49-6b5cce2a67e2","local_time":"20210208235020","is_ascension_mode":true,"campfire_choices":[{"data":"hierophant:ChurchCoffers","floor":6,"key":"SMITH"},{"floor":12,"key":"REST"},{"floor":15,"key":"REST"},{"floor":24,"key":"REST"}],"circlet_count":0,"master_deck":["hierophant:Strike_Hierophant","hierophant:Strike_Hierophant","hierophant:Strike_Hierophant","hierophant:Punish","hierophant:Defend_Hierophant","hierophant:Defend_Hierophant","hierophant:Defend_Hierophant","hierophant:ChurchCoffers+1","hierophant:Exaltation","hierophant:PassingBell","hierophant:RustyCrate","hierophant:Doubloon+1","hierophant:Doubloon+1","hierophant:OrnateJavelin","hierophant:Levitation","hierophant:Invocation","hierophant:Glossolalia","hierophant:Sermon+1","hierophant:RustyCrate","hierophant:Doubloon+1","hierophant:Doubloon+1"],"relics":["hierophant:PropheticMaskRelic","Durian","ReplayTheSpireMod:Ring of Collecting","Simple Rune","Ring of Hypnosis","Oddly Smooth Stone","Replay:Baseball","Golden Idol","ReplayTheSpireMod:Lightbulb","Fusion Hammer","Toolbox","Replay:Bottled Eggs","Replay:Bottled Flurry","ReplayTheSpireMod:Ring of Exchange","hierophant:DonationBoxRelic"],"acts_visited":["Exordium","TheCity"],"potions_floor_usage":[7,10,16,19,28,29],"damage_taken":[{"damage":13,"enemies":"Jaw Worm","floor":1,"turns":4},{"damage":0,"enemies":"2 Louse","floor":5,"turns":1},{"damage":8,"enemies":"Gremlin Nob","floor":7,"turns":3},{"damage":0,"enemies":"Small Slimes","floor":8,"turns":3},{"damage":14,"enemies":"3 Sentries","floor":10,"turns":4},{"damage":0,"enemies":"2 Fungi Beasts","floor":11,"turns":3},{"damage":65,"enemies":"Slime Boss","floor":16,"turns":18},{"damage":5,"enemies":"2 Thieves","floor":18,"turns":5},{"damage":4,"enemies":"3 Byrds","floor":19,"turns":6},{"damage":14,"enemies":"Snecko","floor":22,"turns":6},{"damage":4,"enemies":"Slavers","floor":23,"turns":5},{"damage":27,"enemies":"Gremlin Leader","floor":25,"turns":10},{"damage":0,"enemies":"Shelled Parasite and Fungi","floor":28,"turns":1},{"damage":25,"enemies":"3 Cultists","floor":29,"turns":4}],"seed_played":"1335737778812468452","potions_obtained":[{"floor":5,"key":"ColorlessPotion"},{"floor":7,"key":"CultistPotion"},{"floor":8,"key":"SneckoOil"},{"floor":10,"key":"Regen Potion"},{"floor":18,"key":"Swift Potion"},{"floor":19,"key":"SmokeBomb"},{"floor":23,"key":"Weak Potion"}],"is_trial":false,"path_per_floor":["M","?","$","?","M","R","E","M","T","E","M","R","?","?","R","B",null,"M","M","?","$","M","E","R","E","T","?","M","M"],"character_chosen":"HIEROPHANT","items_purchased":["hierophant:Sermon+1","Toolbox"],"campfire_rested":3,"item_purchase_floors":[21,21],"current_hp_per_floor":[60,60,60,60,60,60,52,52,52,38,38,59,41,41,62,6,56,51,47,47,47,33,29,50,23,23,23,23,0,0],"gold":117,"neow_bonus":"ONE_RARE_RELIC","is_daily":false,"chose_seed":false,"campfire_upgraded":1,"win_rate":0.0,"timestamp":1612857020,"path_taken":["M","?","$","?","M","R","E","M","T","E","M","R","?","?","R","BOSS","M","M","?","$","M","E","R","E","T","?","M","?"],"items_purchased_type":["Card","Relic"],"build_version":"2020-12-22","purchased_purges":1,"victory":false,"max_hp_per_floor":[73,73,73,73,73,73,73,73,73,73,73,73,73,73,73,73,73,73,73,73,73,73,73,73,73,73,73,73,73,73],"card_choices":[{"not_picked":["hierophant:RepressedViolence","hierophant:Chorus"],"picked":"hierophant:Exaltation","floor":1},{"not_picked":["hierophant:ConvertCurrency","hierophant:Mercenaries"],"picked":"hierophant:PassingBell","floor":5},{"not_picked":["hierophant:TollTheBells","hierophant:Shelter"],"picked":"hierophant:RustyCrate","floor":7},{"not_picked":["hierophant:OrnateBuckler","hierophant:CursedGold"],"picked":"hierophant:OrnateJavelin","floor":8},{"not_picked":["hierophant:Flagellation","hierophant:FlamingChariot"],"picked":"hierophant:Levitation","floor":10},{"not_picked":["hierophant:RepressedViolence","hierophant:Martyrdom","hierophant:Zeal"],"picked":"SKIP","floor":11},{"not_picked":["hierophant:BulkyChest","hierophant:MintersHammer"],"picked":"hierophant:Invocation","floor":16},{"not_picked":["hierophant:RustyCrate","hierophant:Doomsaying","hierophant:ThreeLashes+1"],"picked":"SKIP","floor":18},{"not_picked":["hierophant:SecretStash","hierophant:ConvertCurrency"],"picked":"hierophant:Glossolalia","floor":19},{"not_picked":["hierophant:AuricBeam+1","hierophant:Remorse","hierophant:RustyCrate"],"picked":"SKIP","floor":22},{"not_picked":["hierophant:Empathy","hierophant:AuricForm","hierophant:MirrorShield"],"picked":"SKIP","floor":23},{"not_picked":["hierophant:PassingBell+1","hierophant:RustyCrate","hierophant:FaithHealing"],"picked":"SKIP","floor":25},{"not_picked":["hierophant:PassingBell+1","hierophant:FaithHealing"],"picked":"hierophant:RustyCrate","floor":25}],"player_experience":1403206,"relics_obtained":[{"floor":2,"key":"ReplayTheSpireMod:Ring of Collecting"},{"floor":7,"key":"Simple Rune"},{"floor":9,"key":"Ring of Hypnosis"},{"floor":9,"key":"Oddly Smooth Stone"},{"floor":10,"key":"Replay:Baseball"},{"floor":23,"key":"Replay:Bottled Eggs"},{"floor":25,"key":"Replay:Bottled Flurry"},{"floor":26,"key":"ReplayTheSpireMod:Ring of Exchange"},{"floor":26,"key":"hierophant:DonationBoxRelic"}],"event_choices":[{"cards_removed":["hierophant:Strike_Hierophant"],"damage_healed":0,"gold_gain":0,"player_choice":"Forget","damage_taken":0,"max_hp_gain":0,"max_hp_loss":0,"event_name":"Living Wall","floor":4,"gold_loss":0},{"damage_healed":0,"gold_gain":0,"player_choice":"Take Damage","damage_taken":18,"relics_obtained":["Golden Idol"],"max_hp_gain":0,"max_hp_loss":0,"event_name":"Golden Idol","floor":13,"gold_loss":0},{"damage_healed":0,"gold_gain":0,"player_choice":"Searched \u00271\u0027 times","damage_taken":0,"relics_obtained":["ReplayTheSpireMod:Lightbulb"],"max_hp_gain":0,"max_hp_loss":0,"event_name":"Dead Adventurer","floor":14,"gold_loss":0},{"cards_removed":["hierophant:Defend_Hierophant"],"damage_healed":0,"gold_gain":0,"player_choice":"Purged","damage_taken":0,"max_hp_gain":0,"max_hp_loss":0,"event_name":"Purifier","floor":27,"gold_loss":0}],"is_beta":false,"boss_relics":[{"not_picked":["Painkiller Herb","Snecko Eye"],"picked":"Fusion Hammer"}],"items_purged_floors":[3],"is_endless":false,"potions_floor_spawned":[5,7,8,10,18,19,23],"killed_by":"3 Cultists","ascension_level":5}}