{"host":"6xsbn6ynqlzwllfm","time":1612898534,"event":{"mods":["2.2 Compatiblity","BaseMod","Bestiary","Colored Map","Colored Powertips","Curses Come First","Highlight Path","Keyboard Shortcuts","Minty Spire (QoL Compilation)","Relic Stats","Slay the Relics Exporter","StSLib","SuperFastMode"],"gold_per_floor":[110,128,128,142,155,194,194,194,194],"floor_reached":8,"language":"ENG","playtime":292,"items_purged":[],"score":116,"play_id":"56308310-3309-492a-8c55-46d43b990312","local_time":"20210209142214","is_ascension_mode":true,"campfire_choices":[{"data":"Double Tap","floor":7,"key":"SMITH"}],"circlet_count":0,"master_deck":["AscendersBane","Strike_R","Strike_R","Strike_R","Strike_R","Strike_R","Defend_R","Defend_R","Defend_R","Defend_R","Bash","Battle Trance","Cleave","Double Tap+1","Metallicize"],"relics":["Burning Blood","Sundial","CeramicFish"],"acts_visited":["Exordium"],"potions_floor_usage":[5],"damage_taken":[{"damage":9,"enemies":"Jaw Worm","floor":1,"turns":5},{"damage":1,"enemies":"Cultist","floor":2,"turns":3},{"damage":4,"enemies":"Small Slimes","floor":4,"turns":4},{"damage":9,"enemies":"Red Slaver","floor":5,"turns":5},{"damage":45,"enemies":"3 Sentries","floor":6,"turns":8},{"damage":54,"enemies":"Gremlin Nob","floor":8,"turns":4}],"seed_played":"-7398438347415610012","potions_obtained":[{"floor":1,"key":"Dexterity Potion"},{"floor":2,"key":"LiquidBronze"}],"is_trial":false,"path_per_floor":["M","M","?","M","M","E","R","E"],"character_chosen":"IRONCLAD","items_purchased":[],"campfire_rested":0,"item_purchase_floors":[],"current_hp_per_floor":[72,77,77,79,76,37,37,0,0],"gold":194,"neow_bonus":"TEN_PERCENT_HP_BONUS","is_daily":false,"chose_seed":false,"campfire_upgraded":1,"win_rate":0.0,"timestamp":1612898534,"path_taken":["M","M","?","?","M","E","R","E"],"items_purchased_type":[],"build_version":"2020-12-22","purchased_purges":0,"victory":false,"max_hp_per_floor":[82,82,82,82,82,82,82,82,82],"relic_stats":{"counters":[6,29],"Sundial":[4],"CeramicFish":9,"obtain_stats":[{"Sundial":3,"CeramicFish":6,"Burning Blood":0},{"Sundial":2,"CeramicFish":5,"Burning Blood":0},{"Sundial":8,"CeramicFish":25,"Burning Blood":0}],"Burning Blood":30},"card_choices":[{"not_picked":["Shockwave","True Grit"],"picked":"Pommel Strike","floor":1},{"not_picked":["Body Slam","Combust"],"picked":"Battle Trance","floor":2},{"not_picked":["Clothesline","Second Wind"],"picked":"Cleave","floor":4},{"not_picked":["Heavy Blade","Infernal Blade"],"picked":"Double Tap","floor":5},{"not_picked":["Warcry","Searing Blow"],"picked":"Metallicize","floor":6}],"player_experience":1418468,"relics_obtained":[{"floor":6,"key":"CeramicFish"}],"event_choices":[{"cards_removed":["Pommel Strike"],"damage_healed":0,"gold_gain":0,"player_choice":"Gave Card","damage_taken":0,"relics_obtained":["Sundial"],"max_hp_gain":0,"max_hp_loss":0,"event_name":"WeMeetAgain","floor":3,"gold_loss":0}],"is_beta":false,"boss_relics":[],"items_purged_floors":[],"is_endless":false,"potions_floor_spawned":[1,2,4],"killed_by":"Gremlin Nob","ascension_level":20}}