{"host":"v3qphhcqhwfpabne","time":1612854098,"event":{"mods":["100% Spire Juice","2.2 Compatiblity","AchievementEnabler","BaseMod","CapriCore","DeckTracker","KinomotoSakuraMod(ÙÊñýÜâ?)","Koishi","Marisa£¨Ùöéë¡¡Øª×âÞÞ£©","Minty Spire (QoL Compilation)","Permanent Neow","Prisma Mod","StSLib","Td1madao Mod","The Bug Knight","The Cursed","The Immortal","The Runesmith","WarShipGirlsR/??á´Ò³R mod"],"gold_per_floor":[20,20,32,46,56,56,56,56,83,98,116,130,17,36,36,135,135,155,139,39,39,54,89,4,4,4,4,29,29,46,71,71,176,176,191,211,86,86,86,86,117,218,218,253,272,290,301,94,94,94],"floor_reached":51,"language":"KOR","playtime":2953,"items_purged":["Strike_R","Strike_R","Strike_R","Clash+1"],"score":832,"play_id":"73ac28f6-cf01-40a0-8ee0-802798bcdb1f","local_time":"20210209160138","is_ascension_mode":true,"campfire_choices":[{"data":"Body Slam","floor":6,"key":"SMITH"},{"data":"Flame Barrier","floor":8,"key":"SMITH"},{"data":"Metallicize","floor":15,"key":"SMITH"},{"floor":25,"key":"REST"},{"data":"Berserk","floor":27,"key":"SMITH"},{"floor":29,"key":"REST"},{"floor":32,"key":"REST"},{"data":"RitualDagger","floor":40,"key":"SMITH"},{"data":"True Grit","floor":49,"key":"SMITH"}],"circlet_count":0,"master_deck":["Strike_R","Defend_R","Defend_R","Defend_R","Defend_R","Bash","Apotheosis+1","Evolve","Flame Barrier+1","Body Slam+1","Impervious","Metallicize+1","Sentinel","Berserk+1","RitualDagger+1","True Grit+1","Flame Barrier","True Grit+1","Shrug It Off","Reaper","Bloodletting+1","Finesse","Impervious","Metallicize+1","Body Slam+1"],"relics":["Burning Blood","Vajra","Black Star","PreservedInsect","MealTicket","FossilizedHelix","Magic Flower","Gremlin Horn","Strawberry","Paper Frog","SacredBark","Nunchaku","Molten Egg 2","Bottled Lightning","Centennial Puzzle","Runesmith:AutoHammer","Sundial","Anchor"],"acts_visited":["Exordium","TheCity","TheBeyond"],"potions_floor_usage":[23,23,30,31,33,33,44,50,50],"damage_taken":[{"damage":4,"enemies":"Jaw Worm","floor":1,"turns":4},{"damage":6,"enemies":"Cultist","floor":3,"turns":3},{"damage":11,"enemies":"2 Louse","floor":4,"turns":3},{"damage":2,"enemies":"Exordium Wildlife","floor":5,"turns":5},{"damage":11,"enemies":"Looter","floor":10,"turns":3},{"damage":2,"enemies":"2 Fungi Beasts","floor":11,"turns":4},{"damage":0,"enemies":"Blue Slaver","floor":12,"turns":3},{"damage":7,"enemies":"Looter","floor":14,"turns":4},{"damage":41,"enemies":"The Guardian","floor":16,"turns":14},{"damage":13,"enemies":"Chosen","floor":18,"turns":5},{"damage":11,"enemies":"2 Thieves","floor":19,"turns":4},{"damage":26,"enemies":"3 Cultists","floor":22,"turns":8},{"damage":59,"enemies":"Slavers","floor":23,"turns":11},{"damage":16,"enemies":"Book of Stabbing","floor":28,"turns":6},{"damage":4,"enemies":"Sentry and Sphere","floor":30,"turns":11},{"damage":57,"enemies":"Gremlin Leader","floor":31,"turns":9},{"damage":28,"enemies":"Collector","floor":33,"turns":18},{"damage":9,"enemies":"Orb Walker","floor":35,"turns":4},{"damage":21,"enemies":"3 Shapes","floor":36,"turns":9},{"damage":59,"enemies":"Nemesis","floor":41,"turns":11},{"damage":93,"enemies":"Giant Head","floor":44,"turns":15},{"damage":3,"enemies":"Spire Growth","floor":45,"turns":4},{"damage":11,"enemies":"Writhing Mass","floor":46,"turns":8},{"damage":7,"enemies":"Jaw Worm Horde","floor":47,"turns":8},{"damage":30,"enemies":"Donu and Deca","floor":50,"turns":14}],"seed_played":"3792756495110049107","potions_obtained":[{"floor":1,"key":"Ancient Potion"},{"floor":3,"key":"Strength Potion"},{"floor":10,"key":"Regen Potion"},{"floor":11,"key":"ColorlessPotion"},{"floor":12,"key":"BloodPotion"},{"floor":23,"key":"Strength Potion"},{"floor":28,"key":"AttackPotion"},{"floor":30,"key":"SteroidPotion"},{"floor":36,"key":"Strength Potion"},{"floor":44,"key":"Explosive Potion"},{"floor":46,"key":"Dexterity Potion"}],"is_trial":false,"path_per_floor":["M","?","M","M","M","R","$","R","T","M","M","M","$","M","R","B",null,"M","M","$","?","M","E","?","R","T","R","E","R","M","E","R","B",null,"M","M","$","?","?","R","E","$","T","E","M","M","M","$","R","B",null],"character_chosen":"IRONCLAD","items_purchased":["Metallicize","Clash+1","Bottled Lightning","Regen Potion","BloodPotion","Anchor"],"campfire_rested":3,"item_purchase_floors":[13,42,42,42,48,48],"current_hp_per_floor":[80,80,80,75,79,79,79,79,79,74,78,80,80,79,79,44,80,73,68,68,62,42,20,20,44,44,44,34,58,63,22,48,29,87,87,87,87,87,87,87,37,52,52,50,65,72,83,87,87,87],"gold":94,"neow_bonus":"RANDOM_COLORLESS_2","is_daily":false,"chose_seed":false,"campfire_upgraded":6,"win_rate":0.0,"timestamp":1612854098,"path_taken":["M","?","M","M","M","R","?","R","T","M","M","M","$","M","R","BOSS","M","M","$","?","M","E","?","R","T","R","E","R","M","E","R","BOSS","M","M","$","?","?","R","E","$","T","E","M","M","M","$","R","BOSS"],"items_purchased_type":["Card","Card","Relic","Potion","Potion","Relic"],"build_version":"2020-12-22","purchased_purges":4,"victory":true,"max_hp_per_floor":[80,80,80,80,80,80,80,80,80,80,80,80,80,80,80,80,80,80,80,80,80,80,80,80,80,80,80,80,80,80,87,87,87,87,87,87,87,87,87,87,87,87,87,87,87,87,87,87,87,87],"card_choices":[{"not_picked":["Thinking Ahead","Magnetism"],"picked":"Apotheosis","floor":0},{"not_picked":["Perfected Strike","Clash"],"picked":"Evolve","floor":1},{"not_picked":["Battle Trance","Twin Strike"],"picked":"Flame Barrier","floor":3},{"not_picked":["Flex","Pummel","Hemokinesis"],"picked":"SKIP","floor":4},{"not_picked":["Seeing Red","Pommel Strike"],"picked":"Body Slam","floor":5},{"not_picked":["Iron Wave","Perfected Strike","Pommel Strike"],"picked":"SKIP","floor":10},{"not_picked":["Iron Wave","Wild Strike"],"picked":"Impervious","floor":11},{"not_picked":["Wild Strike","Iron Wave","Body Slam"],"picked":"SKIP","floor":12},{"not_picked":["Shockwave","Second Wind"],"picked":"Sentinel","floor":14},{"not_picked":["Brutality","Immolate"],"picked":"Berserk","floor":16},{"not_picked":["Twin Strike","Sword Boomerang+1","Carnage"],"picked":"SKIP","floor":18},{"not_picked":["Headbutt","Body Slam","Perfected Strike"],"picked":"SKIP","floor":19},{"not_picked":["Heavy Blade","Anger"],"picked":"True Grit","floor":22},{"not_picked":["Havoc","Armaments","Second Wind"],"picked":"SKIP","floor":23},{"not_picked":["Dark Embrace+1","Corruption"],"picked":"Flame Barrier","floor":28},{"not_picked":["Power Through","Intimidate"],"picked":"True Grit+1","floor":30},{"not_picked":["Thunderclap","Warcry"],"picked":"Shrug It Off","floor":31},{"not_picked":["Limit Break","Offering"],"picked":"Reaper","floor":33},{"not_picked":["Perfected Strike+1","Second Wind","Wild Strike"],"picked":"SKIP","floor":35},{"not_picked":["Armaments+1","True Grit"],"picked":"Bloodletting+1","floor":36},{"not_picked":["Forethought","Trip"],"picked":"Finesse","floor":38},{"not_picked":["Headbutt+1","Bloodletting+1"],"picked":"Impervious","floor":41},{"not_picked":["Hemokinesis+1","Cleave+1","Uppercut+1"],"picked":"SKIP","floor":44},{"not_picked":["Hemokinesis+1","Battle Trance","Heavy Blade+1"],"picked":"SKIP","floor":45},{"not_picked":["Perfected Strike+1","Warcry+1"],"picked":"Metallicize+1","floor":46},{"not_picked":["Twin Strike+1","Warcry+1"],"picked":"Body Slam+1","floor":47}],"player_experience":136502,"relics_obtained":[{"floor":9,"key":"Vajra"},{"floor":23,"key":"PreservedInsect"},{"floor":23,"key":"MealTicket"},{"floor":28,"key":"Magic Flower"},{"floor":28,"key":"Gremlin Horn"},{"floor":31,"key":"Strawberry"},{"floor":31,"key":"Paper Frog"},{"floor":41,"key":"Nunchaku"},{"floor":41,"key":"Molten Egg 2"},{"floor":43,"key":"Centennial Puzzle"},{"floor":44,"key":"Runesmith:AutoHammer"},{"floor":44,"key":"Sundial"}],"event_choices":[{"damage_healed":0,"gold_gain":0,"player_choice":"Upgraded","damage_taken":0,"max_hp_gain":0,"max_hp_loss":0,"event_name":"Upgrade Shrine","floor":2,"gold_loss":0,"cards_upgraded":["Apotheosis"]},{"damage_healed":0,"gold_gain":0,"player_choice":"Joined the Cult","damage_taken":6,"max_hp_gain":0,"max_hp_loss":0,"event_name":"Nest","floor":21,"gold_loss":0,"cards_obtained":["RitualDagger"]},{"damage_healed":0,"gold_gain":0,"player_choice":"Obtained Relic","damage_taken":0,"relics_obtained":["FossilizedHelix"],"max_hp_gain":0,"max_hp_loss":0,"event_name":"Addict","floor":24,"gold_loss":85},{"damage_healed":0,"gold_gain":0,"player_choice":"Memory 1","damage_taken":0,"max_hp_gain":0,"max_hp_loss":0,"event_name":"SensoryStone","floor":38,"gold_loss":0},{"cards_removed":["Strike_R"],"damage_healed":0,"gold_gain":0,"player_choice":"Removed Attack","damage_taken":0,"max_hp_gain":0,"max_hp_loss":0,"event_name":"Falling","floor":39,"gold_loss":0}],"is_beta":false,"boss_relics":[{"not_picked":["Runic Pyramid","Sozu"],"picked":"Black Star"},{"not_picked":["Runic Cube","SlaversCollar"],"picked":"SacredBark"}],"items_purged_floors":[13,20,37,42],"is_endless":false,"potions_floor_spawned":[1,3,10,11,12,22,23,28,30,36,44,46,47],"ascension_level":2}}