{"host":"b9sas8jv6tsy9swm","time":1612855110,"event":{"mods":["AchievementEnabler","BaseMod","Minty Spire (QoL Compilation)","Permanent Neow","Quick Restart","Replay The Spire","StSLib"],"gold_per_floor":[118,134,144,154,154,184,184,202,202,229,242,148,176,190,190,292,292,206,121,171,183,38,66,86,118,118,143,143,175,194,211,211,315,315,330,346,346,357,92,126,126,126,126,152,179,210,33,59,59,59,59,59,59,87,87,87],"floor_reached":55,"language":"ZHS","playtime":3598,"items_purged":["Parasite","Injury"],"score":1023,"play_id":"58202e79-1115-4cd2-90b7-c4f909c8a26c","local_time":"20210209151830","is_ascension_mode":true,"campfire_choices":[{"data":"Eruption","floor":7.0,"key":"SMITH"},{"data":"Defend_P","floor":15.0,"key":"PURGE"},{"floor":28.0,"key":"RECALL"},{"data":"Ragnarok","floor":32.0,"key":"SMITH"},{"data":"DevaForm","floor":41.0,"key":"SMITH"},{"data":"Fasting2","floor":49.0,"key":"SMITH"},{"data":"ClearTheMind","floor":52.0,"key":"SMITH"}],"circlet_count":0,"master_deck":["Eruption+1","Vigilance+1","FollowUp+1","CutThroughFate+1","InnerPeace+1","LikeWater+1","ClearTheMind+1","FlurryOfBlows+1","Adaptation+1","Crescendo+1","Vault+1","Crescendo+1","LessonLearned+1","BowlingBash+1","Ragnarok+1","DevaForm+1","FearNoEvil+1","Crescendo+1","Fasting2+1"],"relics":["PureWater","Mummified Hand","Gremlin Horn","Eternal Feather","Odd Mushroom","Kintsugi","Bag of Preparation","Nunchaku","Bronze Scales","Bag of Marbles","ReplayTheSpireMod:TigerMarble","Snack Pack","Pandora\u0027s Box","ReplayTheSpireMod:CursedCoin","Replay:Towering Pillar of Hats","MealTicket","The Courier","Centennial Puzzle","Divine Protection","Medical Kit","Smiling Mask","Replay:Bottled Steam"],"acts_visited":["Exordium","TheCity","TheBeyond","TheEnding"],"potions_floor_usage":[55,55],"damage_taken":[{"damage":0.0,"enemies":"Small Slimes","floor":1.0,"turns":2.0},{"damage":3.0,"enemies":"Jaw Worm","floor":2.0,"turns":2.0},{"damage":0.0,"enemies":"2 Louse","floor":3.0,"turns":2.0},{"damage":7.0,"enemies":"Exordium Thugs","floor":4.0,"turns":3.0},{"damage":12.0,"enemies":"3 Sentries","floor":6.0,"turns":5.0},{"damage":2.0,"enemies":"Blue Slaver","floor":8.0,"turns":3.0},{"damage":0.0,"enemies":"Gremlin Nob","floor":10.0,"turns":3.0},{"damage":8.0,"enemies":"3 Louse","floor":11.0,"turns":2.0},{"damage":4.0,"enemies":"The Mushroom Lair","floor":13.0,"turns":2.0},{"damage":3.0,"enemies":"Exordium Wildlife","floor":14.0,"turns":3.0},{"damage":0.0,"enemies":"Slime Boss","floor":16.0,"turns":4.0},{"damage":0.0,"enemies":"Chosen","floor":18.0,"turns":3.0},{"damage":0.0,"enemies":"2 Thieves","floor":21.0,"turns":2.0},{"damage":0.0,"enemies":"Slavers","floor":23.0,"turns":3.0},{"damage":8.0,"enemies":"Snake Plant","floor":24.0,"turns":3.0},{"damage":10.0,"enemies":"Gremlin Leader","floor":25.0,"turns":3.0},{"damage":0.0,"enemies":"Replay:Snechameleon","floor":27.0,"turns":2.0},{"damage":0.0,"enemies":"Gremlin Leader","floor":29.0,"turns":2.0},{"damage":0.0,"enemies":"Snecko","floor":30.0,"turns":2.0},{"damage":0.0,"enemies":"Centurion and Healer","floor":31.0,"turns":2.0},{"damage":40.0,"enemies":"Champ","floor":33.0,"turns":4.0},{"damage":4.0,"enemies":"Orb Walker","floor":35.0,"turns":3.0},{"damage":0.0,"enemies":"3 Darklings","floor":36.0,"turns":2.0},{"damage":0.0,"enemies":"Maw","floor":38.0,"turns":3.0},{"damage":17.0,"enemies":"R_Hoarder","floor":40.0,"turns":5.0},{"damage":0.0,"enemies":"Reptomancer","floor":44.0,"turns":1.0},{"damage":0.0,"enemies":"Nemesis","floor":46.0,"turns":2.0},{"damage":0.0,"enemies":"R_Hoarder","floor":48.0,"turns":5.0},{"damage":12.0,"enemies":"Replay:Hell Engine","floor":50.0,"turns":4.0},{"damage":0.0,"enemies":"Shield and Spear","floor":54.0,"turns":2.0},{"damage":98,"enemies":"The Heart","floor":55,"turns":4}],"seed_played":"-2298275137049266547","potions_obtained":[{"floor":3.0,"key":"BottledMiracle"},{"floor":8.0,"key":"Explosive Potion"},{"floor":10.0,"key":"Regen Potion"},{"floor":13.0,"key":"ColorlessPotion"},{"floor":14.0,"key":"BlessingOfTheForge"},{"floor":21.0,"key":"Adrenaline Potion"},{"floor":24.0,"key":"Dexterity Potion"},{"floor":30.0,"key":"Weak Potion"},{"floor":33.0,"key":"Elixir"},{"floor":35.0,"key":"FearPotion"},{"floor":40.0,"key":"DistilledChaos"}],"is_trial":false,"path_per_floor":["M","M","M","M","?","E","R","M","T","E","M","$","?","M","R","B",null,"M","?","?","M","$","E","M","E","T","E","R","E","M","M","R","B",null,"M","M","?","M","$","E","R","?","T","E","T","E","$","E","R","B",null,"R","$","E","B"],"character_chosen":"WATCHER","items_purchased":["Adaptation","Crescendo","LessonLearned","ReplayTheSpireMod:CursedCoin","Replay:Towering Pillar of Hats","Fasting2","Medical Kit"],"campfire_rested":0,"item_purchase_floors":[12,12,22,39,39,47,47],"current_hp_per_floor":[65,62,62,55,55,43,43,41,41,41,33,33,34,31,40,40,65,65,65,65,65,62,62,54,44,44,44,53,53,57,62,62,28,62,60,62,62,62,62,47,56,56,56,60,60,62,62,62,62,56,62,62,62,62,0,0],"gold":87,"neow_bonus":"REMOVE_TWO","is_daily":false,"chose_seed":false,"campfire_upgraded":5,"win_rate":0.0,"timestamp":1612855110,"path_taken":["M","M","M","M","?","E","R","M","T","E","M","$","?","M","R","BOSS","M","?","?","M","$","E","M","E","T","E","R","E","M","M","R","BOSS","M","M","?","M","$","E","R","?","T","E","?","E","$","E","R","BOSS","R","$","E","BOSS"],"items_purchased_type":["Card","Card","Card","Relic","Relic","Card","Relic"],"build_version":"2020-12-22","purchased_purges":2,"victory":false,"max_hp_per_floor":[65,65,65,65,65,65,65,65,65,65,65,65,65,65,65,65,65,65,65,65,65,62,62,62,62,62,62,62,62,62,62,62,62,62,62,62,62,62,62,62,62,62,62,62,62,62,62,62,62,62,62,62,62,62,62,62],"card_choices":[{"not_picked":["SandsOfTime","Replay:BluntJabs"],"picked":"FollowUp","floor":1.0},{"not_picked":["LikeWater","WindmillStrike"],"picked":"Halt","floor":2.0},{"not_picked":["Evaluate","Devotion"],"picked":"CutThroughFate","floor":3.0},{"not_picked":["Protect","Conclude","Replay:AtTheReady"],"picked":"SKIP","floor":4.0},{"not_picked":["SashWhip","WheelKick"],"picked":"InnerPeace","floor":6.0},{"not_picked":["Replay:BluntJabs","EmptyBody"],"picked":"LikeWater","floor":8.0},{"not_picked":["Study","EmptyBody"],"picked":"ClearTheMind","floor":10.0},{"not_picked":["EmptyFist","Ragnarok"],"picked":"FlurryOfBlows","floor":11.0},{"not_picked":["Pray","Swivel"],"picked":"Study","floor":14.0},{"not_picked":["Ragnarok","Blasphemy"],"picked":"Vault","floor":16.0},{"not_picked":["ThirdEye","WaveOfTheHand","Prostrate"],"picked":"SKIP","floor":18.0},{"not_picked":["ThirdEye+1","CrushJoints"],"picked":"Crescendo","floor":21.0},{"not_picked":["Replay:ManipulateFuture+1","SashWhip+1","Crescendo"],"picked":"SKIP","floor":23.0},{"not_picked":["Evaluate+1","EmptyFist","MasterReality"],"picked":"SKIP","floor":24.0},{"not_picked":["FlurryOfBlows","Halt+1","Indignation"],"picked":"SKIP","floor":25.0},{"not_picked":["InnerPeace","Evaluate"],"picked":"BowlingBash+1","floor":27.0},{"not_picked":["EmptyFist","EmptyBody","Replay:AtTheReady"],"picked":"SKIP","floor":29.0},{"not_picked":["CrushJoints+1","WaveOfTheHand","PathToVictory+1"],"picked":"SKIP","floor":30.0},{"not_picked":["Indignation","Replay:BluntJabs"],"picked":"Ragnarok","floor":31.0},{"not_picked":["CutThroughFate","CrushJoints+1","ClearTheMind"],"picked":"SKIP","floor":35.0},{"not_picked":["FlurryOfBlows","Evaluate"],"picked":"FearNoEvil+1","floor":36.0},{"not_picked":["JustLucky+1","ThirdEye"],"picked":"Crescendo+1","floor":38.0},{"not_picked":["LikeWater","BattleHymn","Prostrate+1"],"picked":"SKIP","floor":40.0},{"not_picked":["ClearTheMind+1","WindmillStrike+1","BattleHymn+1"],"picked":"SKIP","floor":44.0},{"not_picked":["Protect","Vault","BowlingBash+1"],"picked":"SKIP","floor":46.0},{"not_picked":["Replay:Hum+1","Worship","Consecrate+1"],"picked":"SKIP","floor":48.0},{"not_picked":["ThirdEye","CrushJoints","Judgement"],"picked":"SKIP","floor":54.0}],"player_experience":370716,"relics_obtained":[{"floor":6.0,"key":"Mummified Hand"},{"floor":9.0,"key":"Gremlin Horn"},{"floor":10.0,"key":"Eternal Feather"},{"floor":13.0,"key":"Odd Mushroom"},{"floor":23.0,"key":"Nunchaku"},{"floor":25.0,"key":"Bronze Scales"},{"floor":26.0,"key":"Bag of Marbles"},{"floor":27.0,"key":"ReplayTheSpireMod:TigerMarble"},{"floor":29.0,"key":"Snack Pack"},{"floor":40.0,"key":"MealTicket"},{"floor":44.0,"key":"The Courier"},{"floor":45.0,"key":"Centennial Puzzle"},{"floor":46.0,"key":"Divine Protection"},{"floor":48.0,"key":"Smiling Mask"},{"floor":54.0,"key":"Replay:Bottled Steam"}],"event_choices":[{"damage_healed":0.0,"max_hp_gain":0.0,"max_hp_loss":0.0,"gold_gain":0.0,"event_name":"Liars Game","player_choice":"Ignored","floor":5.0,"gold_loss":0.0,"damage_taken":0.0},{"damage_healed":0.0,"max_hp_gain":0.0,"max_hp_loss":0.0,"gold_gain":0.0,"event_name":"Mushrooms","player_choice":"Fought Mushrooms","floor":13.0,"gold_loss":0.0,"damage_taken":0.0},{"damage_healed":0.0,"max_hp_gain":0.0,"max_hp_loss":0.0,"gold_gain":0.0,"event_name":"Addict","player_choice":"Obtained Relic","floor":19.0,"gold_loss":85.0,"damage_taken":0.0,"relics_obtained":["Bag of Preparation"]},{"damage_healed":0.0,"max_hp_gain":0.0,"max_hp_loss":0.0,"gold_gain":100.0,"event_name":"The Joust","player_choice":"Bet on Murderer","floor":20.0,"gold_loss":50.0,"damage_taken":0.0},{"cards_removed":["Halt"],"damage_healed":0.0,"max_hp_gain":0.0,"max_hp_loss":0.0,"gold_gain":0.0,"event_name":"Falling","player_choice":"Removed Skill","floor":37.0,"gold_loss":0.0,"damage_taken":0.0},{"damage_healed":0.0,"max_hp_gain":0.0,"max_hp_loss":0.0,"gold_gain":0.0,"event_name":"Tomb of Lord Red Mask","player_choice":"Ignored","floor":42.0,"gold_loss":0.0,"damage_taken":0.0}],"is_beta":false,"boss_relics":[{"not_picked":["ChewingGum","Coffee Dripper"],"picked":"Kintsugi"},{"not_picked":["Replay:Bronze Core","ReplayTheSpireMod:DimensionalGlitch"],"picked":"Pandora\u0027s Box"}],"items_purged_floors":[22,39],"is_endless":false,"potions_floor_spawned":[3,8,10,13,14,21,24,30,33,35,40,54],"killed_by":"The Heart","ascension_level":1}}