{"host":"aqym1xxr3lb31d9m","time":1612887842,"event":{"mods":["BaseMod","Block Reminder","Colored Map","Colored Powertips","DeckTracker","Highlight Path","Minty Spire (QoL Compilation)","Quick Restart","Random Character Button","StSLib","SuperFastMode","UnlockEverythingMod"],"gold_per_floor":[114,39,39,39,39,39,64,64,88,88,111,142,142,161,161,252,252,276,276,276,315,54,54,73,73,155,155,198,198,241,264,264,358,358,376,389,389,410,30,30,30],"floor_reached":40,"language":"JPN","playtime":1545,"items_purged":["Shame","Pain"],"score":840,"play_id":"f71a107c-00ac-4617-9fed-907b28cb9e6b","local_time":"20210210012402","is_ascension_mode":true,"campfire_choices":[{"data":"Twin Strike","floor":6.0,"key":"SMITH"},{"data":"Shrug It Off","floor":8.0,"key":"SMITH"},{"floor":15.0,"key":"REST"},{"floor":23.0,"key":"REST"},{"floor":25.0,"key":"REST"},{"floor":27.0,"key":"RECALL"},{"floor":32.0,"key":"REST"}],"circlet_count":0,"master_deck":["AscendersBane","Strike_R+1","Strike_R+1","Defend_R","Defend_R","Defend_R+1","Defend_R","The Bomb","Twin Strike+1","Shrug It Off+1","Reckless Charge","Sword Boomerang","Disarm","Shrug It Off","Barricade","Armaments","Offering","Shrug It Off","Wild Strike+1","True Grit","Burning Pact","Immolate","Havoc+1","Warcry+1","Demon Form","Clothesline"],"relics":["Burning Blood","Golden Idol","Vajra","Whetstone","StrikeDummy","WarpedTongs","Fusion Hammer","Red Mask","Toxic Egg 2","CaptainsWheel","Bottled Lightning","Mummified Hand","Velvet Choker","Incense Burner"],"acts_visited":["Exordium","TheCity","TheBeyond"],"potions_floor_usage":[],"damage_taken":[{"damage":1.0,"enemies":"Cultist","floor":1.0,"turns":3.0},{"damage":19.0,"enemies":"2 Louse","floor":7.0,"turns":3.0},{"damage":1.0,"enemies":"Jaw Worm","floor":11.0,"turns":3.0},{"damage":17.0,"enemies":"Lagavulin","floor":12.0,"turns":6.0},{"damage":8.0,"enemies":"3 Louse","floor":14.0,"turns":3.0},{"damage":14.0,"enemies":"Slime Boss","floor":16.0,"turns":8.0},{"damage":22.0,"enemies":"2 Thieves","floor":18.0,"turns":3.0},{"damage":35.0,"enemies":"Masked Bandits","floor":21.0,"turns":5.0},{"damage":6.0,"enemies":"Chosen","floor":24.0,"turns":5.0},{"damage":19.0,"enemies":"Gremlin Leader","floor":28.0,"turns":8.0},{"damage":12.0,"enemies":"Book of Stabbing","floor":30.0,"turns":6.0},{"damage":7.0,"enemies":"Sentry and Sphere","floor":31.0,"turns":4.0},{"damage":54.0,"enemies":"Automaton","floor":33.0,"turns":15.0},{"damage":10.0,"enemies":"3 Shapes","floor":35.0,"turns":6.0},{"damage":6,"enemies":"Orb Walker","floor":36,"turns":2},{"damage":24,"enemies":"Transient","floor":38,"turns":6},{"damage":51,"enemies":"Reptomancer","floor":40,"turns":3}],"seed_played":"5101861251913727543","potions_obtained":[{"floor":1.0,"key":"Strength Potion"},{"floor":11.0,"key":"Ancient Potion"},{"floor":14.0,"key":"Strength Potion"},{"floor":30.0,"key":"EssenceOfSteel"},{"floor":31.0,"key":"SkillPotion"}],"is_trial":false,"path_per_floor":["M","$","?","?","?","R","M","R","T","?","M","E","?","M","R","B",null,"M","?","?","?","$","R","M","R","T","R","E","T","E","M","R","B",null,"M","M","?","M","$","E"],"character_chosen":"IRONCLAD","items_purchased":["True Grit","Regen Potion","BloodPotion","Incense Burner","PowerPotion"],"campfire_rested":4,"item_purchase_floors":[22,22,22,39,39],"current_hp_per_floor":[73,73,50,50,32,32,19,19,19,19,24,13,13,11,31,23,57,41,41,41,12,12,32,32,52,52,52,54,54,48,60,68,20,56,52,52,52,34,34,0,0],"gold":30,"neow_bonus":"RANDOM_COLORLESS_2","is_daily":false,"chose_seed":false,"campfire_upgraded":2,"win_rate":0.0,"timestamp":1612887842,"path_taken":["M","$","?","?","?","R","M","R","T","?","?","E","?","?","R","BOSS","M","?","?","?","?","R","M","R","T","R","E","?","E","M","R","BOSS","M","M","?","M","$","E"],"items_purchased_type":["Card","Potion","Potion","Relic","Potion"],"build_version":"2020-12-22","purchased_purges":2,"victory":false,"max_hp_per_floor":[75,75,75,68,68,68,68,68,68,68,68,68,68,68,68,68,68,68,68,68,68,68,68,68,68,68,68,68,68,68,68,68,68,68,68,68,68,68,68,68,68],"card_choices":[{"not_picked":["Violence","Sadistic Nature"],"picked":"The Bomb","floor":0.0},{"not_picked":["Warcry","Body Slam"],"picked":"Twin Strike","floor":1.0},{"not_picked":["Thunderclap","Headbutt"],"picked":"Shrug It Off","floor":7.0},{"not_picked":["Warcry","Wild Strike"],"picked":"Sword Boomerang","floor":11.0},{"not_picked":["Shrug It Off","Pummel"],"picked":"Disarm","floor":12.0},{"not_picked":["Rage","Clash"],"picked":"Shrug It Off","floor":14.0},{"not_picked":["Double Tap","Brutality"],"picked":"Barricade","floor":16.0},{"not_picked":["Iron Wave","Pommel Strike"],"picked":"Armaments","floor":18.0},{"not_picked":["Rage","Havoc"],"picked":"Wild Strike+1","floor":21.0},{"not_picked":["Perfected Strike+1","Twin Strike"],"picked":"Burning Pact","floor":24.0},{"not_picked":["Rupture","Headbutt"],"picked":"Immolate","floor":28.0},{"not_picked":["Intimidate+1","Second Wind+1"],"picked":"Havoc+1","floor":30.0},{"not_picked":["Body Slam","Iron Wave"],"picked":"Warcry+1","floor":31.0},{"not_picked":["Double Tap+1","Limit Break+1"],"picked":"Demon Form","floor":33.0},{"not_picked":["Iron Wave","Pummel","Clash"],"picked":"SKIP","floor":35.0},{"not_picked":["Heavy Blade","Iron Wave"],"picked":"Clothesline","floor":36},{"not_picked":["Clash","Wild Strike","Warcry+1"],"picked":"SKIP","floor":38}],"player_experience":4190137,"relics_obtained":[{"floor":9.0,"key":"Whetstone"},{"floor":12.0,"key":"StrikeDummy"},{"floor":21.0,"key":"Red Mask"},{"floor":26.0,"key":"Toxic Egg 2"},{"floor":28.0,"key":"CaptainsWheel"},{"floor":29.0,"key":"Bottled Lightning"},{"floor":30.0,"key":"Mummified Hand"}],"event_choices":[{"damage_healed":0.0,"max_hp_gain":0.0,"max_hp_loss":0.0,"gold_gain":0.0,"event_name":"Shining Light","player_choice":"Entered Light","floor":3.0,"gold_loss":0.0,"damage_taken":23.0,"cards_upgraded":["Bash","Defend_R"]},{"damage_healed":0.0,"max_hp_gain":0.0,"max_hp_loss":7.0,"gold_gain":0.0,"event_name":"Golden Idol","player_choice":"Lose Max HP","floor":4.0,"gold_loss":0.0,"damage_taken":0.0,"relics_obtained":["Golden Idol"]},{"damage_healed":0.0,"max_hp_gain":0.0,"max_hp_loss":0.0,"gold_gain":0.0,"event_name":"Scrap Ooze","player_choice":"Success","floor":5.0,"gold_loss":0.0,"damage_taken":18.0,"relics_obtained":["Vajra"]},{"damage_healed":0.0,"max_hp_gain":0.0,"max_hp_loss":0.0,"gold_gain":0.0,"cards_transformed":["Strike_R"],"event_name":"Transmorgrifier","player_choice":"Transformed","floor":10.0,"gold_loss":0.0,"damage_taken":0.0,"cards_obtained":["Reckless Charge"]},{"damage_healed":0.0,"max_hp_gain":0.0,"max_hp_loss":0.0,"gold_gain":0.0,"event_name":"Accursed Blacksmith","player_choice":"Rummage","floor":13.0,"gold_loss":0.0,"damage_taken":0.0,"relics_obtained":["WarpedTongs"],"cards_obtained":["Pain"]},{"damage_healed":0.0,"max_hp_gain":0.0,"max_hp_loss":0.0,"gold_gain":0.0,"event_name":"Vampires","player_choice":"Ignored","floor":19.0,"gold_loss":0.0,"damage_taken":0.0},{"damage_healed":0.0,"max_hp_gain":0.0,"max_hp_loss":0.0,"gold_gain":0.0,"cards_transformed":["Strike_R","Strike_R"],"event_name":"Drug Dealer","player_choice":"Became Test Subject","floor":20.0,"gold_loss":0.0,"damage_taken":0.0,"cards_obtained":["Offering","Shrug It Off"]},{"damage_healed":0.0,"max_hp_gain":0.0,"max_hp_loss":0.0,"gold_gain":0.0,"event_name":"Masked Bandits","player_choice":"Fought Bandits","floor":21.0,"gold_loss":0.0,"damage_taken":0.0},{"cards_removed":["Bash"],"damage_healed":0,"gold_gain":0,"player_choice":"Removed Attack","damage_taken":0,"max_hp_gain":0,"max_hp_loss":0,"event_name":"Falling","floor":37,"gold_loss":0}],"is_beta":false,"boss_relics":[{"not_picked":["Astrolabe","Calling Bell"],"picked":"Fusion Hammer"},{"not_picked":["Coffee Dripper","Empty Cage"],"picked":"Velvet Choker"}],"items_purged_floors":[2,22],"is_endless":false,"potions_floor_spawned":[1,11,14,30,31],"killed_by":"Reptomancer","ascension_level":20}}