{"host":"avjwtc49fhlk6kym","time":1612892467,"event":{"mods":["AchievementEnabler","BaseMod","Better Match","Better Note","Better Third Choice","Colored Map","Colored Powertips","Displayed Cursed Tome","Highlight Path","Minty Spire (QoL Compilation)","Permanent Neow","Quick Restart","StSLib"],"gold_per_floor":[12,12,24,43,43,69,0,0,0,0,13,13,74,93,93,198,198,217,217,235,245,73,73,104,118,118,118,128,145,1,16,16,120,120,133,183,228,71,0,0,0,19,46,64,80,99,99,2,2,2,2,2,2,2,2],"floor_reached":54,"language":"ENG","playtime":2791,"items_purged":[],"score":659,"play_id":"452340d9-79fb-421b-8390-39d73092ed7b","local_time":"20210209124107","is_ascension_mode":false,"campfire_choices":[{"data":"Eruption","floor":8.0,"key":"SMITH"},{"data":"Wallop","floor":10.0,"key":"SMITH"},{"floor":15.0,"key":"REST"},{"floor":23.0,"key":"REST"},{"floor":32.0,"key":"REST"},{"data":"BattleHymn","floor":40.0,"key":"SMITH"},{"floor":47.0,"key":"RECALL"},{"floor":49.0,"key":"REST"},{"data":"Establishment","floor":52,"key":"SMITH"}],"circlet_count":0,"master_deck":["Strike_P","Defend_P","Defend_P","Defend_P","Eruption+1","Vigilance","Apotheosis+1","CutThroughFate","Strike_P+1","Wireheading","SandsOfTime","WheelKick","Wallop+1","BattleHymn+1","Endless Agony","FollowUp","Protect","Establishment+1","PathToVictory+1","FlurryOfBlows+1","TalkToTheHand","MasterReality","FollowUp+1","ThirdEye","FollowUp","Protect","PanicButton","BowlingBash","WheelKick+1","CutThroughFate","Wallop+1","ThirdEye+1","Consecrate+1"],"relics":["PureWater","MealTicket","Meat on the Bone","Mercury Hourglass","Toy Ornithopter","Astrolabe","Omamori","Singing Bowl","Pear","ClockworkSouvenir","VioletLotus","Bird Faced Urn","Pocketwatch","PreservedInsect","Red Mask"],"acts_visited":["Exordium","TheCity","TheBeyond","TheEnding"],"potions_floor_usage":[],"damage_taken":[{"damage":0.0,"enemies":"Small Slimes","floor":1.0,"turns":4.0},{"damage":0.0,"enemies":"Cultist","floor":3.0,"turns":2.0},{"damage":1.0,"enemies":"Jaw Worm","floor":4.0,"turns":3.0},{"damage":12.0,"enemies":"3 Sentries","floor":6.0,"turns":6.0},{"damage":4.0,"enemies":"Blue Slaver","floor":11.0,"turns":2.0},{"damage":14.0,"enemies":"3 Sentries","floor":13.0,"turns":5.0},{"damage":6.0,"enemies":"3 Louse","floor":14.0,"turns":2.0},{"damage":17.0,"enemies":"The Guardian","floor":16.0,"turns":8.0},{"damage":20.0,"enemies":"2 Thieves","floor":18.0,"turns":3.0},{"damage":26.0,"enemies":"3 Byrds","floor":20.0,"turns":4.0},{"damage":31.0,"enemies":"Cultist and Chosen","floor":21.0,"turns":7.0},{"damage":48.0,"enemies":"Book of Stabbing","floor":24.0,"turns":5.0},{"damage":8.0,"enemies":"Centurion and Healer","floor":25.0,"turns":5.0},{"damage":3.0,"enemies":"Snecko","floor":28.0,"turns":4.0},{"damage":27.0,"enemies":"Snake Plant","floor":29.0,"turns":5.0},{"damage":18.0,"enemies":"Cultist and Chosen","floor":31.0,"turns":5.0},{"damage":10.0,"enemies":"Champ","floor":33.0,"turns":9.0},{"damage":7.0,"enemies":"3 Shapes","floor":35.0,"turns":6.0},{"damage":0.0,"enemies":"Mind Bloom Boss Battle","floor":36.0,"turns":9.0},{"damage":35.0,"enemies":"2 Orb Walkers","floor":37.0,"turns":5.0},{"damage":14.0,"enemies":"Orb Walker","floor":42.0,"turns":4.0},{"damage":25.0,"enemies":"Sphere and 2 Shapes","floor":44.0,"turns":6.0},{"damage":41.0,"enemies":"Jaw Worm Horde","floor":45.0,"turns":7.0},{"damage":26.0,"enemies":"Spire Growth","floor":46.0,"turns":5.0},{"damage":107.0,"enemies":"Awakened One","floor":50.0,"turns":15.0},{"damage":97,"enemies":"Shield and Spear","floor":54,"turns":5}],"seed_played":"-5440697254099878258","potions_obtained":[{"floor":1.0,"key":"Swift Potion"},{"floor":6.0,"key":"Regen Potion"},{"floor":13.0,"key":"SpeedPotion"},{"floor":16.0,"key":"Block Potion"},{"floor":20.0,"key":"EssenceOfSteel"},{"floor":21.0,"key":"SpeedPotion"},{"floor":25.0,"key":"Block Potion"},{"floor":31.0,"key":"EntropicBrew"},{"floor":33.0,"key":"PowerPotion"},{"floor":35.0,"key":"Strength Potion"},{"floor":45.0,"key":"AttackPotion"},{"floor":46.0,"key":"BlessingOfTheForge"}],"is_trial":false,"path_per_floor":["M","?","M","M","?","E","$","R","T","R","M","?","?","M","R","B",null,"M","?","M","M","$","R","E","M","T","?","M","M","$","M","R","B",null,"M","?","?","$","?","R","?","M","T","M","M","M","R","$","R","B",null,"R","$","E"],"character_chosen":"WATCHER","items_purchased":["Wallop","Omamori","FollowUp","ClockworkSouvenir","PreservedInsect","FairyPotion"],"campfire_rested":4,"item_purchase_floors":[7,22,22,30,38,48],"current_hp_per_floor":[72,72,72,71,71,59,72,72,72,72,68,51,51,45,66,49,72,52,52,38,19,34,55,29,35,45,33,49,36,51,45,76,78,90,83,83,61,76,76,76,76,66,66,51,26,25,25,40,68,24,94,94,94,0,0],"gold":2,"neow_bonus":"RANDOM_COLORLESS_2","is_daily":false,"chose_seed":false,"campfire_upgraded":4,"win_rate":0.0,"timestamp":1612892467,"path_taken":["M","?","M","?","?","E","$","R","T","R","M","?","?","M","R","BOSS","M","?","M","M","$","R","E","M","T","?","M","M","?","M","R","BOSS","M","?","?","$","?","R","?","M","T","M","M","M","R","$","R","BOSS","R","$","E"],"items_purchased_type":["Card","Relic","Card","Relic","Relic","Potion"],"build_version":"2020-12-22","purchased_purges":0,"victory":false,"max_hp_per_floor":[72,72,72,72,72,72,72,72,72,72,72,72,72,72,72,72,72,72,72,72,72,72,72,72,74,84,84,86,88,88,88,88,90,90,90,90,92,92,92,92,92,92,92,94,94,94,94,94,94,94,94,94,94,94,94],"card_choices":[{"not_picked":["Metamorphosis","Violence"],"picked":"Apotheosis","floor":0.0},{"not_picked":["ThirdEye","PathToVictory"],"picked":"CutThroughFate","floor":1.0},{"not_picked":["WaveOfTheHand","SashWhip"],"picked":"Wireheading","floor":3.0},{"not_picked":["Halt","FlurryOfBlows"],"picked":"SandsOfTime","floor":4.0},{"not_picked":["PathToVictory","Meditate"],"picked":"WheelKick","floor":6.0},{"not_picked":["Vengeance","InnerPeace"],"picked":"BattleHymn","floor":11.0},{"not_picked":["CutThroughFate","Worship"],"picked":"FollowUp","floor":13.0},{"not_picked":["Vengeance","FollowUp"],"picked":"Protect","floor":14.0},{"not_picked":["Scrawl","Omniscience"],"picked":"Establishment","floor":16.0},{"not_picked":["EmptyBody","WaveOfTheHand"],"picked":"FlurryOfBlows+1","floor":18.0},{"not_picked":["FlyingSleeves","SashWhip+1"],"picked":"FollowUp+1","floor":20.0},{"not_picked":["MentalFortress","DevaForm"],"picked":"ThirdEye","floor":21.0},{"not_picked":["Nirvana","SignatureMove"],"picked":"Protect","floor":24.0},{"not_picked":["Consecrate","EmptyBody","FlurryOfBlows"],"picked":"Singing Bowl","floor":25.0},{"not_picked":["TalkToTheHand","Wireheading+1","FlurryOfBlows"],"picked":"Singing Bowl","floor":28.0},{"not_picked":["Consecrate","JustLucky","Evaluate"],"picked":"Singing Bowl","floor":29.0},{"not_picked":["Sanctity","Evaluate"],"picked":"BowlingBash","floor":31.0},{"not_picked":["MasterReality","Wish","Ragnarok"],"picked":"Singing Bowl","floor":33.0},{"not_picked":["MentalFortress+1","Sanctity"],"picked":"WheelKick+1","floor":35.0},{"not_picked":["EmptyFist","SashWhip"],"picked":"CutThroughFate","floor":36.0},{"not_picked":["Crescendo","CutThroughFate+1","FollowUp"],"picked":"Singing Bowl","floor":37.0},{"not_picked":["Fasting2","Pray"],"picked":"Wallop+1","floor":42.0},{"not_picked":["Collect","ClearTheMind","Indignation"],"picked":"Singing Bowl","floor":44.0},{"not_picked":["Pray","Collect+1"],"picked":"ThirdEye+1","floor":45.0},{"not_picked":["ClearTheMind","Fasting2"],"picked":"Consecrate+1","floor":46.0}],"player_experience":437928,"relics_obtained":[{"floor":6.0,"key":"MealTicket"},{"floor":9.0,"key":"Meat on the Bone"},{"floor":13.0,"key":"Toy Ornithopter"},{"floor":24.0,"key":"Singing Bowl"},{"floor":26.0,"key":"Pear"},{"floor":36.0,"key":"Bird Faced Urn"},{"floor":37.0,"key":"Pocketwatch"}],"event_choices":[{"damage_healed":0.0,"max_hp_gain":0.0,"max_hp_loss":0.0,"gold_gain":0.0,"event_name":"betterNote:BetterNote","player_choice":"Take","floor":2.0,"gold_loss":0.0,"damage_taken":0.0,"cards_obtained":["Strike_P"]},{"damage_healed":0.0,"max_hp_gain":0.0,"max_hp_loss":0.0,"gold_gain":0.0,"event_name":"Living Wall","player_choice":"Grow","floor":5.0,"gold_loss":0.0,"damage_taken":0.0,"cards_upgraded":["Apotheosis"]},{"damage_healed":0.0,"max_hp_gain":0.0,"max_hp_loss":0.0,"gold_gain":0.0,"event_name":"Dead Adventurer","player_choice":"Searched \u00271\u0027 times","floor":13.0,"gold_loss":0.0,"damage_taken":0.0},{"damage_healed":0.0,"max_hp_gain":0.0,"max_hp_loss":0.0,"gold_gain":0.0,"cards_transformed":["Study","Vengeance"],"event_name":"Drug Dealer","player_choice":"Became Test Subject","floor":19.0,"gold_loss":0.0,"damage_taken":0.0,"cards_obtained":["TalkToTheHand","MasterReality"]},{"damage_healed":0.0,"max_hp_gain":0.0,"max_hp_loss":0.0,"gold_gain":0.0,"event_name":"Knowing Skull","player_choice":"CARD ","floor":27.0,"potions_obtained":[],"gold_loss":0.0,"damage_taken":12.0,"cards_obtained":["PanicButton"]},{"damage_healed":0.0,"max_hp_gain":0.0,"max_hp_loss":0.0,"gold_gain":0.0,"event_name":"MindBloom","player_choice":"Fight","floor":36.0,"gold_loss":0.0,"damage_taken":0.0},{"damage_healed":0.0,"max_hp_gain":0.0,"max_hp_loss":0.0,"gold_gain":0.0,"event_name":"Mysterious Sphere","player_choice":"Fight","floor":37.0,"gold_loss":0.0,"damage_taken":0.0},{"damage_healed":0.0,"max_hp_gain":0.0,"max_hp_loss":0.0,"gold_gain":0.0,"event_name":"Tomb of Lord Red Mask","player_choice":"Paid","floor":39.0,"gold_loss":71.0,"damage_taken":0.0,"relics_obtained":["Red Mask"]},{"cards_removed":["Defend_P"],"damage_healed":0.0,"max_hp_gain":0.0,"max_hp_loss":0.0,"gold_gain":0.0,"event_name":"Falling","player_choice":"Removed Skill","floor":41.0,"gold_loss":0.0,"damage_taken":0.0}],"is_beta":false,"boss_relics":[{"not_picked":["Busted Crown","Velvet Choker"],"picked":"Astrolabe"},{"not_picked":["Empty Cage","Fusion Hammer"],"picked":"VioletLotus"}],"items_purged_floors":[],"is_endless":false,"potions_floor_spawned":[1,6,13,16,20,21,25,31,33,35,45,46],"killed_by":"Shield and Spear","ascension_level":0}}