{"host":"9fuvscx47tolndfl","time":1612859170,"event":{"mods":["100% Spire Juice","AchievementEnabler","Act Like it!","Arknights","Aspiration","BaseMod","Beaked The Cultist","Better Match","Better Note","Better Third Choice","CapriCore","Colored Map","Colored Powertips","Conspire","Downfall","GungeonMod","Halation","Hermit","Hubris","Infinite Spire","Jedi Mod","JesterMod","Jorbs\u0027s Wanderer Trilogy","Koishi","Luminous","Marisa????????","Minty Spire (QoL Compilation)","Prisma Mod","Rare Cards Sparkle","Remilia??????","Replay The Spire","Shade Mod","Shop Mod","StSLib","The Administrix","The Alterego","The Animator","The Bug Knight","The Construct","The Cursed","The Disciple","The Fake Hero","The Forsaken","The Hayseed","The Hierophant","The Immortal","The Jungle","The Mystic","The Necromancer","The Poker Player","The Problem Sleuth","The Runesmith","The Servant 0.9.4","The Trickster","TheBandit","TheHero","TheSwordswoman","Waifu the Spire","Wandering Minibosses","WarShipGirlsR/????R mod","Yuyuko","thorton","??????REMEMod"],"gold_per_floor":[118,129,140,140,154,189,189,207,259,259,293,293,11,22,22,124,124,140,153,31,31,31],"floor_reached":21,"language":"ENG","playtime":2209,"items_purged":[],"score":191,"play_id":"86d31b22-72c0-4609-819c-bbbcb70b3923","local_time":"20210209002610","is_ascension_mode":false,"campfire_choices":[{"floor":7,"key":"REST"},{"floor":10,"key":"REST"},{"floor":15,"key":"REST"}],"circlet_count":0,"master_deck":["mysticmod:Strike_Mystic+1","mysticmod:Strike_Mystic","mysticmod:Strike_Mystic","mysticmod:Strike_Mystic","mysticmod:Defend_Mystic","mysticmod:Defend_Mystic","mysticmod:Defend_Mystic","mysticmod:Defend_Mystic","mysticmod:ArcaneDodge","mysticmod:ShockingGrasp","mysticmod:DiviningBlow","Draining Mist","mysticmod:ComponentsPouch","mysticmod:Natural20","mysticmod:MagicMissile","mysticmod:HeavyStrike","mysticmod:ComboCaster","mysticmod:PureInstinct","mysticmod:SpellCombat+1","mysticmod:StyleChange","mysticmod:Alacrity","mysticmod:KnowledgePool","expansioncontent:Chronoboost","mysticmod:RapidCaster+1","mysticmod:Probe","mysticmod:Sideswipe","Blind"],"relics":["mysticmod:SpellBook","REME_ComplimentaryCards","Regal Pillow","Simple Rune","Gremlin Food","Happy Flower","beaked:SacredDeck"],"acts_visited":["Exordium","TheCity"],"potions_floor_usage":[6,16,16,16],"damage_taken":[{"damage":0,"enemies":"2 Louse","floor":1,"turns":4},{"damage":1,"enemies":"Small Slimes","floor":2,"turns":3},{"damage":13,"enemies":"Jaw Worm","floor":3,"turns":4},{"damage":7,"enemies":"Exordium Thugs","floor":5,"turns":5},{"damage":53,"enemies":"Lagavulin","floor":6,"turns":7},{"damage":12,"enemies":"Looter","floor":8,"turns":3},{"damage":27,"enemies":"3 Sentries","floor":11,"turns":7},{"damage":9,"enemies":"Blue Slaver","floor":14,"turns":3},{"damage":52,"enemies":"The Guardian","floor":16,"turns":10},{"damage":52,"enemies":"Shell Parasite","floor":18,"turns":7},{"damage":19,"enemies":"2 Thieves","floor":19,"turns":5},{"damage":19,"enemies":"Centurion and Healer","floor":21,"turns":2}],"seed_played":"-8696100363769689142","potions_obtained":[{"floor":1,"key":"Adrenaline Potion"},{"floor":5,"key":"AttackPotion"},{"floor":6,"key":"FearPotion"},{"floor":14,"key":"Dexterity Potion"},{"floor":19,"key":"Toxic Potion"}],"is_trial":false,"path_per_floor":["M","M","M","?","M","E","R","M","T","R","E","?","$","M","R","B",null,"M","M","$","M"],"character_chosen":"MYSTIC_CLASS","items_purchased":["mysticmod:SpellCombat+1","mysticmod:StyleChange","Happy Flower","mysticmod:Sideswipe","Blind"],"campfire_rested":3,"item_purchase_floors":[13,13,13,20,20],"current_hp_per_floor":[84,83,70,70,63,10,50,38,38,78,51,56,56,47,88,36,89,37,18,18,0,0],"gold":31,"neow_bonus":"TEN_PERCENT_HP_BONUS","is_daily":false,"chose_seed":false,"campfire_upgraded":0,"win_rate":0.0,"timestamp":1612859170,"path_taken":["M","M","M","?","M","E","R","M","T","R","E","?","$","M","R","BOSS","M","M","$","M"],"items_purchased_type":["Card","Card","Relic","Card","Card"],"build_version":"2020-12-22","purchased_purges":0,"victory":false,"max_hp_per_floor":[84,84,84,84,84,84,84,84,84,84,84,89,89,89,89,89,89,89,89,89,89,89],"card_choices":[{"not_picked":["mysticmod:Stoneskin","mysticmod:Shield"],"picked":"mysticmod:DiviningBlow","floor":1},{"not_picked":["mysticmod:Fly","mysticmod:LightningBolt"],"picked":"mysticmod:ComponentsPouch","floor":2},{"not_picked":["mysticmod:BladedDash","mysticmod:MagicMissile"],"picked":"mysticmod:Natural20","floor":3},{"not_picked":["mysticmod:Riposte","mysticmod:Feint"],"picked":"mysticmod:MagicMissile","floor":5},{"not_picked":["mysticmod:Fireball","mysticmod:BladeMaster"],"picked":"mysticmod:HeavyStrike","floor":6},{"not_picked":["mysticmod:DiviningBlow","mysticmod:EbbAndFlow"],"picked":"mysticmod:ComboCaster","floor":8},{"not_picked":["mysticmod:Shield","mysticmod:KeenEdge"],"picked":"mysticmod:PureInstinct","floor":11},{"not_picked":["mysticmod:LightningBolt","mysticmod:Daze"],"picked":"mysticmod:Alacrity","floor":14},{"not_picked":["mysticmod:MysticalShield","mysticmod:Natural20"],"picked":"mysticmod:KnowledgePool","floor":16},{"not_picked":["mysticmod:ComponentsPouch+1","mysticmod:EarthenWall"],"picked":"mysticmod:RapidCaster+1","floor":18},{"not_picked":["mysticmod:PureInstinct","mysticmod:ComponentsPouch"],"picked":"mysticmod:Probe","floor":19}],"player_experience":237234,"relics_obtained":[{"floor":6,"key":"Regal Pillow"},{"floor":9,"key":"Simple Rune"},{"floor":11,"key":"Gremlin Food"}],"event_choices":[{"damage_healed":0,"gold_gain":0,"player_choice":"Donut","damage_taken":0,"max_hp_gain":5,"max_hp_loss":0,"event_name":"Big Fish","floor":12,"gold_loss":0}],"is_beta":false,"boss_relics":[{"not_picked":["halation:CatFaceCupcake","Calling Bell"],"picked":"beaked:SacredDeck"}],"items_purged_floors":[],"is_endless":false,"potions_floor_spawned":[1,5,6,14,19],"killed_by":"Centurion and Healer","ascension_level":0}}