{"host":"xo0glkmxta74xh34","time":1612899796,"event":{"mods":["BaseMod","Downfall","Minty Spire (QoL Compilation)","Replay The Spire","StSLib"],"gold_per_floor":[99,115,19,32,48,63,63,63,63,119,136,207,268,268,294,294,294,294],"floor_reached":16,"language":"ENG","playtime":942,"items_purged":[],"score":111,"play_id":"745c9f19-9764-463e-bde9-9a6d2e577781","local_time":"20210209134316","is_ascension_mode":true,"campfire_choices":[{"floor":1,"key":"DIG"}],"circlet_count":0,"master_deck":["champ:Strike","champ:Strike","champ:Strike","champ:Strike","champ:Defend","champ:Defend","champ:Defend","champ:Defend","champ:Execute","champ:Taunt+1","champ:FanOfKnives","champ:IronFortress","champ:ArenaPreparation","Looming Evil","champ:Parry","champ:IronFortress","champ:PerfectedStrike","Pot Of Greed","Pot Of Greed","champ:ShieldThrow"],"relics":["Nunchaku","Eternal Feather","ReplayTheSpireMod:Ring of Challenge","Ring of Searing","Lizard Tail","Shovel","m_IronCrown","Grinning Jar"],"acts_visited":["Exordium"],"potions_floor_usage":[13,13,16],"damage_taken":[{"damage":21,"enemies":"Cultist","floor":2,"turns":4},{"damage":20,"enemies":"downfall:FleeingMerchant","floor":3,"turns":4},{"damage":17,"enemies":"Small Slimes","floor":4,"turns":2},{"damage":22,"enemies":"2 Louse","floor":5,"turns":3},{"damage":20,"enemies":"3 Louse","floor":6,"turns":3},{"damage":25,"enemies":"Red Slaver","floor":10,"turns":6},{"damage":45,"enemies":"Exordium Thugs","floor":11,"turns":5},{"damage":83,"enemies":"Gremlin Nob","floor":12,"turns":6},{"damage":14,"enemies":"2 Fungi Beasts","floor":13,"turns":4},{"damage":20,"enemies":"Large Slime","floor":15,"turns":5},{"damage":15,"enemies":"WA_ARCHETYPE_RETAIN","floor":16,"turns":4}],"seed_played":"-7444133671319717528","potions_obtained":[{"floor":4,"key":"Toxic Potion"},{"floor":10,"key":"Weak Potion"},{"floor":12,"key":"Block Potion"},{"floor":13,"key":"SteroidPotion"}],"is_trial":false,"path_per_floor":["R","M","$","M","M","M","T","?","?","M","M","E","M","?","M","B"],"character_chosen":"THE_CHAMP","items_purchased":["champ:IronFortress"],"campfire_rested":0,"item_purchase_floors":[3],"current_hp_per_floor":[90,89,89,82,75,65,65,65,58,48,43,30,26,26,12,0,0,0],"gold":294,"neow_bonus":"UPGRADE_CARD","is_daily":false,"chose_seed":false,"campfire_upgraded":0,"win_rate":0.0,"timestamp":1612899796,"path_taken":["R","M","$","?","?","M","T","?","?","M","M","E","M","?","M","BOSS"],"items_purchased_type":["Card"],"build_version":"2020-12-22","purchased_purges":0,"victory":false,"max_hp_per_floor":[90,90,90,90,90,90,90,90,90,90,90,90,90,90,90,90,90,90],"card_choices":[{"not_picked":["champ:StanceDance","champ:AdrenalArmor","champ:GutPunch"],"picked":"SKIP","floor":2},{"not_picked":["champ:AdrenalArmor","champ:Endure"],"picked":"champ:FanOfKnives","floor":3},{"not_picked":["champ:BerserkersShout","champ:DefensiveShout"],"picked":"champ:ArenaPreparation","floor":4},{"not_picked":["champ:BladeFlurry","champ:ViciousMockery","champ:Endure"],"picked":"SKIP","floor":5},{"not_picked":["champ:AdrenalArmor","champ:EndlessRage","champ:Circumvent"],"picked":"SKIP","floor":6},{"not_picked":["champ:EnGarde","champ:Haymaker"],"picked":"champ:Parry","floor":10},{"not_picked":["champ:TornadoPunch","champ:BerserkersShout"],"picked":"champ:IronFortress","floor":11},{"not_picked":["champ:StanceDance","champ:CrookedStrike"],"picked":"champ:PerfectedStrike","floor":12},{"not_picked":["champ:EnGarde","champ:Haymaker","champ:FalseCounter"],"picked":"SKIP","floor":13},{"not_picked":["champ:TornadoPunch","champ:SkillfulDodge"],"picked":"champ:ShieldThrow","floor":15}],"player_experience":444449,"relics_obtained":[{"floor":1,"key":"Nunchaku"},{"floor":7,"key":"Eternal Feather"},{"floor":8,"key":"ReplayTheSpireMod:Ring of Challenge"},{"floor":8,"key":"Ring of Searing"},{"floor":12,"key":"Shovel"},{"floor":15,"key":"Grinning Jar"}],"event_choices":[{"damage_healed":0,"gold_gain":0,"player_choice":"Success","damage_taken":7,"relics_obtained":["Lizard Tail"],"max_hp_gain":0,"max_hp_loss":0,"event_name":"Scrap Ooze","floor":9,"gold_loss":0}],"is_beta":false,"boss_relics":[],"items_purged_floors":[],"is_endless":false,"potions_floor_spawned":[4,10,12,13],"killed_by":"WA_ARCHETYPE_RETAIN","ascension_level":1}}