{"host":"v3qphhcqhwfpabne","time":1612850942,"event":{"mods":["100% Spire Juice","2.2 Compatiblity","AchievementEnabler","BaseMod","CapriCore","DeckTracker","KinomotoSakuraMod(ÙÊñýÜâ?)","Koishi","Marisa£¨Ùöéë¡¡Øª×âÞÞ£©","Minty Spire (QoL Compilation)","Permanent Neow","Prisma Mod","StSLib","Td1madao Mod","The Bug Knight","The Cursed","The Immortal","The Runesmith","WarShipGirlsR/??á´Ò³R mod"],"gold_per_floor":[17,29,46,16,30,30,30,30,30,30,49,61,61,80,80,80,80],"floor_reached":16,"language":"KOR","playtime":694,"items_purged":[],"score":103,"play_id":"c599659f-71b5-43d5-895a-1791bec2862b","local_time":"20210209150902","is_ascension_mode":true,"campfire_choices":[{"data":"Apotheosis","floor":6,"key":"SMITH"},{"data":"Reaper","floor":8,"key":"SMITH"},{"data":"Exhume","floor":15,"key":"SMITH"}],"circlet_count":0,"master_deck":["Strike_R","Strike_R","Strike_R","Strike_R","Defend_R","Defend_R+1","Defend_R","Defend_R","Bash+1","Apotheosis+1","Armaments","Burning Pact","Reaper+1","True Grit","Carnage","Exhume+1"],"relics":["Burning Blood"],"acts_visited":["Exordium"],"potions_floor_usage":[16],"damage_taken":[{"damage":9,"enemies":"2 Louse","floor":1,"turns":4},{"damage":0,"enemies":"Cultist","floor":2,"turns":4},{"damage":2,"enemies":"Jaw Worm","floor":3,"turns":6},{"damage":12,"enemies":"Looter","floor":4,"turns":4},{"damage":9,"enemies":"3 Louse","floor":5,"turns":5},{"damage":34,"enemies":"Large Slime","floor":11,"turns":12},{"damage":4,"enemies":"2 Fungi Beasts","floor":12,"turns":6},{"damage":12,"enemies":"Blue Slaver","floor":14,"turns":4},{"damage":40,"enemies":"Hexaghost","floor":16,"turns":14}],"seed_played":"-4484356460449207276","potions_obtained":[{"floor":2,"key":"ElixirPotion"},{"floor":5,"key":"Weak Potion"},{"floor":11,"key":"Explosive Potion"}],"is_trial":false,"path_per_floor":["M","M","M","M","M","R","$","R","T","?","M","M","?","M","R","B"],"character_chosen":"IRONCLAD","items_purchased":[],"campfire_rested":0,"item_purchase_floors":[],"current_hp_per_floor":[77,80,80,79,80,80,80,80,80,80,57,69,53,52,52,17,17],"gold":80,"neow_bonus":"RANDOM_COLORLESS_2","is_daily":false,"chose_seed":false,"campfire_upgraded":3,"win_rate":0.0,"timestamp":1612850942,"path_taken":["M","M","M","M","M","R","$","R","T","?","?","M","?","M","R","BOSS"],"items_purchased_type":[],"build_version":"2020-12-22","purchased_purges":0,"victory":false,"max_hp_per_floor":[80,80,80,80,80,80,80,80,80,80,80,80,80,80,80,80,80],"card_choices":[{"not_picked":["Mayhem","The Bomb"],"picked":"Apotheosis","floor":0},{"not_picked":["Twin Strike","Metallicize"],"picked":"Armaments","floor":1},{"not_picked":["Armaments","Pommel Strike"],"picked":"Burning Pact","floor":2},{"not_picked":["Anger","Wild Strike"],"picked":"Reaper","floor":3},{"not_picked":["Anger","Iron Wave","Thunderclap"],"picked":"SKIP","floor":4},{"not_picked":["Hemokinesis","Heavy Blade","Clash"],"picked":"SKIP","floor":5},{"not_picked":["Hemokinesis","Heavy Blade","Clash"],"picked":"SKIP","floor":5},{"not_picked":["Intimidate","Inflame"],"picked":"True Grit","floor":11},{"not_picked":["Dual Wield","Havoc"],"picked":"Carnage","floor":12},{"not_picked":["Carnage","Sword Boomerang"],"picked":"Exhume","floor":14}],"player_experience":135744,"relics_obtained":[],"event_choices":[{"cards_removed":["Strike_R"],"damage_healed":0,"gold_gain":0,"player_choice":"Offered Basic","damage_taken":0,"max_hp_gain":0,"max_hp_loss":0,"event_name":"Bonfire Elementals","floor":10,"gold_loss":0},{"damage_healed":0,"gold_gain":0,"player_choice":"Entered Light","damage_taken":16,"max_hp_gain":0,"max_hp_loss":0,"event_name":"Shining Light","floor":13,"gold_loss":0,"cards_upgraded":["Bash","Defend_R"]}],"is_beta":false,"boss_relics":[],"items_purged_floors":[],"is_endless":false,"potions_floor_spawned":[2,5,11],"killed_by":"Hexaghost","ascension_level":2}}