{"host":"a92fqxohjrzqy5rn","time":1612909399,"event":{"mods":["AchievementEnabler","BaseMod","Minty Spire (QoL Compilation)","Relic Sorter","Smile Girya"],"gold_per_floor":[365,385,385,385,174,206,226,243,243,243,255,209,222,239,239,344,344,355,355,355,51,51,76,8,23,47,80,80,30,30,47,47,151,201,216,216,142,152,152,152,152,178,178,178,190,71,71,71,71,71,71],"floor_reached":50,"language":"ENG","playtime":1586,"items_purged":["Defend_R","Decay"],"score":586,"play_id":"f6f29f0c-c5a3-4469-8996-36157f6045c2","local_time":"20210209222319","is_ascension_mode":false,"campfire_choices":[{"floor":10.0,"key":"REST"},{"data":"Perfected Strike","floor":15.0,"key":"SMITH"},{"floor":30.0,"key":"RECALL"},{"data":"Seeing Red","floor":32.0,"key":"SMITH"},{"data":"Shockwave","floor":47.0,"key":"SMITH"},{"data":"Perfected Strike","floor":49.0,"key":"SMITH"}],"circlet_count":0,"master_deck":["Strike_R+1","Strike_R+1","Strike_R+1","Strike_R+1","Strike_R+1","Defend_R+1","Defend_R+1","Defend_R+1","Bash+1","Perfected Strike+1","Inflame","Jack Of All Trades","Shrug It Off","Pommel Strike","Shockwave+1","Clothesline","Inflame","Perfected Strike+1","Intimidate","Offering","Perfected Strike+1","Seeing Red+1","Wild Strike","Swift Strike","Warcry+1","Reaper","Pommel Strike","Flash of Steel","Metallicize+1"],"relics":["Burning Blood","Potion Belt","The Courier","Busted Crown","Enchiridion","Ice Cream","WingedGreaves","Smiling Mask","Anchor","Tiny House","Incense Burner","Orrery"],"acts_visited":["Exordium","TheCity","TheBeyond"],"potions_floor_usage":[],"damage_taken":[{"damage":11.0,"enemies":"Jaw Worm","floor":1.0,"turns":2.0},{"damage":0.0,"enemies":"Small Slimes","floor":2.0,"turns":3.0},{"damage":34.0,"enemies":"Lagavulin","floor":6.0,"turns":6.0},{"damage":0.0,"enemies":"2 Louse","floor":7.0,"turns":2.0},{"damage":1.0,"enemies":"2 Fungi Beasts","floor":8.0,"turns":3.0},{"damage":10.0,"enemies":"Looter","floor":11.0,"turns":3.0},{"damage":0.0,"enemies":"Exordium Wildlife","floor":13.0,"turns":2.0},{"damage":4.0,"enemies":"Blue Slaver","floor":14.0,"turns":3.0},{"damage":35.0,"enemies":"Slime Boss","floor":16.0,"turns":9.0},{"damage":9.0,"enemies":"3 Byrds","floor":18.0,"turns":2.0},{"damage":6.0,"enemies":"Book of Stabbing","floor":23.0,"turns":3.0},{"damage":6.0,"enemies":"Chosen","floor":25.0,"turns":2.0},{"damage":16.0,"enemies":"Slavers","floor":27.0,"turns":4.0},{"damage":6.0,"enemies":"3 Cultists","floor":31.0,"turns":2.0},{"damage":47.0,"enemies":"Champ","floor":33.0,"turns":6.0},{"damage":0.0,"enemies":"3 Darklings","floor":35.0,"turns":4.0},{"damage":6.0,"enemies":"Orb Walker","floor":38.0,"turns":3.0},{"damage":10.0,"enemies":"Nemesis","floor":40.0,"turns":4.0},{"damage":22.0,"enemies":"Reptomancer","floor":42.0,"turns":4.0},{"damage":0.0,"enemies":"Jaw Worm Horde","floor":45.0,"turns":3.0},{"damage":98,"enemies":"Donu and Deca","floor":50,"turns":6}],"seed_played":"5707167715601842391","potions_obtained":[{"floor":1.0,"key":"BlessingOfTheForge"},{"floor":7.0,"key":"LiquidBronze"},{"floor":14.0,"key":"CultistPotion"},{"floor":16.0,"key":"EssenceOfSteel"},{"floor":23.0,"key":"SpeedPotion"},{"floor":27.0,"key":"FearPotion"},{"floor":33.0,"key":"EssenceOfSteel"},{"floor":34.0,"key":"EntropicBrew"},{"floor":45.0,"key":"Fire Potion"}],"is_trial":false,"path_per_floor":["M","M","?","?","$","E","M","M","T","R","M","?","M","M","R","B",null,"M","?","?","$","?","E","$","M","T","E","?","$","R","M","R","B",null,"M","?","$","M","?","E","?","E","T","?","M","$","R","?","R","B"],"character_chosen":"IRONCLAD","items_purchased":["Jack Of All Trades","Shrug It Off","Ice Cream","Seeing Red","Swift Strike","Pommel Strike","Spot Weakness","Orrery"],"campfire_rested":1,"item_purchase_floors":[5,5,21,21,24,37,37,46],"current_hp_per_floor":[51,57,57,41,41,13,19,24,24,48,44,44,50,52,52,23,80,77,77,61,61,61,61,61,61,61,51,51,51,51,51,51,10,85,85,85,85,85,85,85,80,69,69,69,75,75,75,75,75,0,0],"gold":71,"neow_bonus":"TWO_FIFTY_GOLD","is_daily":false,"chose_seed":false,"campfire_upgraded":4,"win_rate":0.0,"timestamp":1612909399,"path_taken":["M","M","?","?","?","E","M","M","T","R","?","?","M","M","R","BOSS","M","?","?","$","?","E","$","M","T","E","?","?","R","?","R","BOSS","M","?","$","M","?","E","?","E","T","?","?","?","R","?","R","BOSS"],"items_purchased_type":["Card","Card","Relic","Card","Card","Card","Card","Relic"],"build_version":"2020-12-22","purchased_purges":2,"victory":false,"max_hp_per_floor":[80,80,80,80,80,80,80,80,80,80,80,80,80,80,80,80,80,80,80,80,80,80,80,80,80,80,80,80,80,80,80,80,80,85,85,85,85,85,85,85,85,85,85,81,81,81,81,81,81,81,81],"card_choices":[{"not_picked":["Hemokinesis","Sword Boomerang"],"picked":"Perfected Strike","floor":1.0},{"not_picked":["Iron Wave","Armaments"],"picked":"Inflame","floor":2.0},{"not_picked":["Havoc","Clash"],"picked":"Pommel Strike","floor":6.0},{"not_picked":["Blood for Blood","Havoc"],"picked":"Shockwave","floor":7.0},{"not_picked":["Pummel","Hemokinesis"],"picked":"Clothesline","floor":8.0},{"not_picked":["Havoc","True Grit"],"picked":"Inflame","floor":11.0},{"not_picked":["Evolve","True Grit"],"picked":"Perfected Strike","floor":13.0},{"not_picked":["Clash","Metallicize"],"picked":"Intimidate","floor":14.0},{"not_picked":["Fiend Fire","Barricade"],"picked":"Offering","floor":16.0},{"not_picked":["Flame Barrier"],"picked":"SKIP","floor":18.0},{"not_picked":[],"picked":"Wild Strike","floor":23.0},{"not_picked":[],"picked":"Warcry+1","floor":25.0},{"not_picked":["Body Slam"],"picked":"SKIP","floor":27.0},{"not_picked":["Dropkick+1"],"picked":"SKIP","floor":31.0},{"not_picked":[],"picked":"Reaper","floor":33.0},{"not_picked":["Cleave+1"],"picked":"SKIP","floor":35.0},{"not_picked":["Armaments"],"picked":"SKIP","floor":38.0},{"not_picked":[],"picked":"Flash of Steel","floor":41.0},{"not_picked":["Hemokinesis+1"],"picked":"SKIP","floor":42.0},{"not_picked":["Sever Soul"],"picked":"SKIP","floor":45.0},{"not_picked":[],"picked":"Metallicize+1","floor":46.0}],"player_experience":229234,"relics_obtained":[{"floor":6.0,"key":"Potion Belt"},{"floor":9.0,"key":"The Courier"},{"floor":20.0,"key":"Enchiridion"},{"floor":23.0,"key":"WingedGreaves"},{"floor":26.0,"key":"Smiling Mask"},{"floor":27.0,"key":"Anchor"},{"floor":42.0,"key":"Incense Burner"}],"event_choices":[{"damage_healed":0.0,"max_hp_gain":0.0,"max_hp_loss":0.0,"gold_gain":0.0,"event_name":"Living Wall","player_choice":"Grow","floor":3.0,"gold_loss":0.0,"damage_taken":0.0,"cards_upgraded":["Perfected Strike"]},{"damage_healed":0.0,"max_hp_gain":0.0,"max_hp_loss":0.0,"gold_gain":0.0,"event_name":"Shining Light","player_choice":"Entered Light","floor":4.0,"gold_loss":0.0,"damage_taken":16.0,"cards_upgraded":["Strike_R","Strike_R"]},{"damage_healed":0.0,"max_hp_gain":0.0,"max_hp_loss":0.0,"gold_gain":0.0,"event_name":"World of Goop","player_choice":"Left Gold","floor":12.0,"gold_loss":46.0,"damage_taken":0.0},{"damage_healed":0.0,"max_hp_gain":0.0,"max_hp_loss":0.0,"gold_gain":0.0,"event_name":"The Library","player_choice":"Read","floor":19.0,"gold_loss":0.0,"damage_taken":0.0,"cards_obtained":["Perfected Strike"]},{"damage_healed":0.0,"max_hp_gain":0.0,"max_hp_loss":0.0,"gold_gain":0.0,"event_name":"Cursed Tome","player_choice":"Obtained Book","floor":20.0,"gold_loss":0.0,"damage_taken":16.0},{"damage_healed":0.0,"max_hp_gain":0.0,"max_hp_loss":0.0,"gold_gain":0.0,"event_name":"Back to Basics","player_choice":"Simplicity","floor":22.0,"gold_loss":0.0,"damage_taken":0.0,"cards_upgraded":["Strike_R","Strike_R","Strike_R","Defend_R","Defend_R","Defend_R"]},{"damage_healed":0.0,"max_hp_gain":0.0,"max_hp_loss":0.0,"gold_gain":0.0,"event_name":"Forgotten Altar","player_choice":"Smashed Altar","floor":28.0,"gold_loss":0.0,"damage_taken":0.0,"cards_obtained":["Decay"]},{"damage_healed":0.0,"max_hp_gain":0.0,"max_hp_loss":0.0,"gold_gain":0.0,"event_name":"Tomb of Lord Red Mask","player_choice":"Ignored","floor":36.0,"gold_loss":0.0,"damage_taken":0.0},{"cards_removed":["Spot Weakness"],"damage_healed":0.0,"max_hp_gain":0.0,"max_hp_loss":0.0,"gold_gain":0.0,"event_name":"Falling","player_choice":"Removed Skill","floor":39.0,"gold_loss":0.0,"damage_taken":0.0},{"damage_healed":0.0,"max_hp_gain":0.0,"max_hp_loss":0.0,"gold_gain":0.0,"event_name":"SensoryStone","player_choice":"Memory 2","floor":41.0,"gold_loss":0.0,"damage_taken":5.0},{"damage_healed":0.0,"max_hp_gain":0.0,"max_hp_loss":4.0,"gold_gain":0.0,"event_name":"Winding Halls","player_choice":"Max HP","floor":44.0,"gold_loss":0.0,"damage_taken":0.0},{"damage_healed":0.0,"max_hp_gain":0.0,"max_hp_loss":0.0,"gold_gain":0.0,"event_name":"Mysterious Sphere","player_choice":"Ignored","floor":48.0,"gold_loss":0.0,"damage_taken":0.0}],"is_beta":false,"boss_relics":[{"not_picked":["Snecko Eye","Pandora\u0027s Box"],"picked":"Busted Crown"},{"not_picked":["Black Blood","Runic Pyramid"],"picked":"Tiny House"}],"items_purged_floors":[5,29],"is_endless":false,"potions_floor_spawned":[1,7,14,16,23,27,33,45],"killed_by":"Donu and Deca","ascension_level":0}}