{"host":"lnnm69al9x392px5","time":1612839921,"event":{"mods":["BaseMod","Downfall","Minty Spire (QoL Compilation)","Reliquary","Replay The Spire","StSLib"],"gold_per_floor":[110,110,185,195,215,245,245,274,321,321,52,63,63,74,74,175,175,188,188,188,204,223,250,250,281,281,301,301,301],"floor_reached":28,"language":"ENG","playtime":991,"items_purged":[],"score":281,"play_id":"07606f1a-ddc1-44ef-8422-dbfdc2fcae45","local_time":"20210208190521","is_ascension_mode":true,"campfire_choices":[{"data":"Offering","floor":7,"key":"SMITH"},{"floor":10,"key":"REST"},{"floor":13,"key":"REST"},{"floor":15,"key":"DIG"},{"data":"True Grit","floor":24,"key":"SMITH"}],"circlet_count":0,"master_deck":["Strike_R","Strike_R","Strike_R","Strike_R","Defend_R","Defend_R","Defend_R","Defend_R","Bash","Sword Boomerang+1","Replay:Undeath\u0027s Touch","Defy Death","Offering+1","Dropkick+1","Bludgeon","Bludgeon","Metallicize","True Grit+1","Demonic Infusion","Dark Embrace","downfall:Bewildered","Offering","Thunderclap"],"relics":["reliquary:Craggleroot","Garlic","reliquary:ExpiredCoupon","Whetstone","Pen Nib","Unceasing Top","Busted Crown","Replay:WaspNest","sneckomod:BabySnecko","Gambling Chip","reliquary:FerryPass","Pear"],"acts_visited":["Exordium","TheCity"],"potions_floor_usage":[6,6,16,27],"damage_taken":[{"damage":0,"enemies":"Small Slimes","floor":1,"turns":3},{"damage":1,"enemies":"Cultist","floor":4,"turns":3},{"damage":2,"enemies":"2 Louse","floor":5,"turns":4},{"damage":30,"enemies":"Lagavulin","floor":6,"turns":8},{"damage":20,"enemies":"Replay:BlueRogue","floor":8,"turns":4},{"damage":0,"enemies":"2 Fungi Beasts","floor":12,"turns":2},{"damage":7,"enemies":"Gremlin Gang","floor":14,"turns":2},{"damage":10,"enemies":"Hexaghost","floor":16,"turns":9},{"damage":9,"enemies":"Spheric Guardian","floor":18,"turns":3},{"damage":6,"enemies":"3 Byrds","floor":21,"turns":3},{"damage":10,"enemies":"Shelled Parasite and Fungi","floor":22,"turns":2},{"damage":18,"enemies":"Replay:Snechameleon","floor":23,"turns":5},{"damage":7,"enemies":"Slavers","floor":25,"turns":3},{"damage":30,"enemies":"Centurion and Healer","floor":27,"turns":3},{"damage":30,"enemies":"Gremlin Leader","floor":28,"turns":2}],"seed_played":"-2635975845986533609","potions_obtained":[{"floor":1,"key":"Weak Potion"},{"floor":5,"key":"Slimebound:ThreeZeroPotion"},{"floor":12,"key":"Fire Potion"},{"floor":14,"key":"Languid Potion"},{"floor":16,"key":"BloodPotion"},{"floor":18,"key":"Strength Potion"}],"is_trial":false,"path_per_floor":["M","?","?","M","M","E","R","E","T","R","$","M","R","M","R","B",null,"M","T","?","M","M","E","R","E","T","M","E"],"character_chosen":"IRONCLAD","items_purchased":["Pen Nib","Bludgeon"],"campfire_rested":2,"item_purchase_floors":[11,11],"current_hp_per_floor":[80,73,65,64,62,32,32,12,12,36,36,36,60,53,53,43,80,71,71,71,65,55,37,37,30,40,28,0,0],"gold":301,"neow_bonus":"BOSS_RELIC","is_daily":false,"chose_seed":false,"campfire_upgraded":2,"win_rate":0.0,"timestamp":1612839921,"path_taken":["M","?","?","M","M","E","R","E","T","R","$","M","R","M","R","BOSS","M","?","?","M","M","E","R","E","T","M","E"],"items_purchased_type":["Relic","Card"],"build_version":"2020-12-22","purchased_purges":0,"victory":false,"max_hp_per_floor":[80,80,80,80,80,80,80,80,80,80,80,80,80,80,80,80,80,80,80,80,80,80,80,80,80,90,90,90,90],"card_choices":[{"not_picked":["Sever Soul","Body Slam"],"picked":"Sword Boomerang","floor":1},{"not_picked":["Metallicize","Defy Death"],"picked":"Replay:Undeath\u0027s Touch","floor":4},{"not_picked":["Twin Strike","True Grit"],"picked":"Defy Death","floor":5},{"not_picked":["True Grit","Anger"],"picked":"Offering","floor":6},{"not_picked":["Anger","Replay:Undeath\u0027s Touch"],"picked":"Dropkick","floor":8},{"not_picked":["Pummel","True Grit"],"picked":"Metallicize","floor":12},{"not_picked":["Twin Strike","Bloodletting"],"picked":"True Grit","floor":14},{"not_picked":["Brutality","Reaper"],"picked":"Demonic Infusion","floor":16},{"not_picked":[],"picked":"Dark Embrace","floor":18},{"not_picked":["Perfected Strike+1"],"picked":"SKIP","floor":21},{"not_picked":["Iron Wave"],"picked":"SKIP","floor":22},{"not_picked":["Wild Strike+1"],"picked":"SKIP","floor":23},{"not_picked":[],"picked":"Offering","floor":25},{"not_picked":[],"picked":"Thunderclap","floor":27}],"player_experience":284350,"relics_obtained":[{"floor":6,"key":"Garlic"},{"floor":8,"key":"reliquary:ExpiredCoupon"},{"floor":9,"key":"Whetstone"},{"floor":15,"key":"Unceasing Top"},{"floor":19,"key":"Replay:WaspNest"},{"floor":23,"key":"Gambling Chip"},{"floor":25,"key":"reliquary:FerryPass"},{"floor":26,"key":"Pear"}],"event_choices":[{"cards_removed":["Strike_R"],"damage_healed":0,"gold_gain":0,"player_choice":"Card Removal","damage_taken":7,"max_hp_gain":0,"max_hp_loss":0,"event_name":"Golden Wing","floor":2,"gold_loss":0},{"damage_healed":0,"gold_gain":75,"player_choice":"Touch","damage_taken":8,"max_hp_gain":0,"max_hp_loss":0,"event_name":"FaceTrader","floor":3,"gold_loss":0}],"is_beta":false,"boss_relics":[{"not_picked":["ReplayTheSpireMod:DimensionalGlitch","Runic Dome"],"picked":"Busted Crown"}],"items_purged_floors":[],"is_endless":false,"potions_floor_spawned":[1,5,12,14,16,18],"killed_by":"Gremlin Leader","ascension_level":1}}