{"host":"1bvadgc0hovl67h4","time":1612831854,"event":{"mods":["BaseMod","Colored Map","Downfall","Hermit","Minty Spire (QoL Compilation)","Morshu Shopkeeper","Morshu Shopkeeper - ENHANCED","StSLib","The Cursed"],"gold_per_floor":[99,115,115,127,141,41,41,70,80,97,97,97,107,126,140,244,244,144,157,157,168,168,168,168,186,217,229,129,15,27,27,46,145,145,145,162,162,162,179,198,198,230,292,332,344,341,353,400,424,436,448,460,460,460],"floor_reached":52,"language":"ENG","playtime":5401,"items_purged":[],"score":863,"play_id":"20f1bfda-30ff-4a96-b9ce-6ae4638ce581","local_time":"20210208165054","is_ascension_mode":true,"campfire_choices":[{"floor":1,"key":"RECALL"},{"data":"Slimebound:SamplingLick","floor":6,"key":"SMITH"},{"data":"Slimebound:SplitSpecialist","floor":11,"key":"SMITH"},{"data":"Slimebound:MassFeed","floor":18,"key":"SMITH"},{"data":"Slimebound:Equalize","floor":28,"key":"SMITH"},{"data":"Slimebound:DuplicatedForm","floor":35,"key":"SMITH"},{"data":"Slimebound:GrowthPunch","floor":47,"key":"SMITH"}],"circlet_count":0,"master_deck":["Slimebound:Strike_Slimebound","Slimebound:Strike_Slimebound","Slimebound:Defend_Slimebound","Slimebound:Defend_Slimebound","Slimebound:Defend_Slimebound","Slimebound:Defend_Slimebound","Slimebound:Split+1","Slimebound:CorrosiveSpit","Slimebound:RejuvenatingLick","Slimebound:LivingWall","Slimebound:SamplingLick+1","Slimebound:HauntingLick","Slimebound:SplitSpecialist+1","Slimebound:ItLooksTasty","Slimebound:ItLooksTasty","Slimebound:GrowthPunch+1","Slimebound:SpikyOuterGoop","Slimebound:MassFeed+1","Slimebound:Equalize+1","Necronomicurse","Slimebound:SplitLeeching","Slimebound:LivingWall+1","Slimebound:SplitBruiser+1","Slimebound:Gluttony","Slimebound:Schlurp","Slimebound:DuplicatedForm+1","Slimebound:SpikyOuterGoop+1","expansioncontent:YouAreMine","Slimebound:LevelUp+1","Slimebound:MinionMaster"],"relics":["Slimebound:AbsorbEndCombat","downfall:HeartBlessingRed","Coffee Dripper","downfall:HeartBlessingBlue","downfall:RedIOU","Necronomicon","The Courier","Happy Flower","downfall:HeartBlessingGreen","Black Star","Molten Egg 2","Pear","Lantern","MawBank","Bird Faced Urn","Dream Catcher","Torii","Mercury Hourglass","Kunai","Meat on the Bone"],"acts_visited":["Exordium","TheCity","TheBeyond","TheEnding"],"potions_floor_usage":[16,25,25,26,26,32,40,43,49,49,52],"damage_taken":[{"damage":15,"enemies":"2 Louse","floor":2,"turns":2},{"damage":0,"enemies":"Cultist","floor":4,"turns":3},{"damage":0,"enemies":"Small Slimes","floor":5,"turns":3},{"damage":15,"enemies":"3 Sentries","floor":8,"turns":7},{"damage":9,"enemies":"Red Slaver","floor":9,"turns":3},{"damage":0,"enemies":"Large Slime","floor":10,"turns":4},{"damage":25,"enemies":"3 Louse","floor":13,"turns":4},{"damage":9,"enemies":"Blue Slaver","floor":14,"turns":2},{"damage":4,"enemies":"Red Slaver","floor":15,"turns":3},{"damage":14,"enemies":"IC_STATUS_ARCHETYPE","floor":16,"turns":9},{"damage":6,"enemies":"Shell Parasite","floor":19,"turns":7},{"damage":15,"enemies":"Chosen and Byrds","floor":21,"turns":6},{"damage":18,"enemies":"Centurion and Healer","floor":25,"turns":6},{"damage":14,"enemies":"Book of Stabbing","floor":26,"turns":6},{"damage":32,"enemies":"Cultist and Chosen","floor":27,"turns":7},{"damage":0,"enemies":"downfall:FleeingMerchant","floor":29,"turns":4},{"damage":4,"enemies":"Snake Plant","floor":30,"turns":4},{"damage":2,"enemies":"Shelled Parasite and Fungi","floor":32,"turns":2},{"damage":52,"enemies":"WA_ARCHETYPE_CALM","floor":33,"turns":11},{"damage":14,"enemies":"3 Shapes","floor":36,"turns":5},{"damage":29,"enemies":"Orb Walker","floor":39,"turns":6},{"damage":52,"enemies":"3 Darklings","floor":40,"turns":8},{"damage":31,"enemies":"Giant Head","floor":42,"turns":9},{"damage":6,"enemies":"Giant Head","floor":43,"turns":4},{"damage":56,"enemies":"Nemesis","floor":44,"turns":7},{"damage":17,"enemies":"downfall:FleeingMerchant","floor":46,"turns":4},{"damage":57,"enemies":"Giant Head","floor":48,"turns":10},{"damage":40,"enemies":"Sphere and 2 Shapes","floor":49,"turns":5},{"damage":25,"enemies":"SI_POISON_ARCHETYPE","floor":50,"turns":9},{"damage":173,"enemies":"downfall:CharBossMerchant","floor":52,"turns":9}],"seed_played":"-6208910541848777403","potions_obtained":[{"floor":2,"key":"Strength Potion"},{"floor":4,"key":"Dexterity Potion"},{"floor":9,"key":"CultistPotion"},{"floor":10,"key":"CultistPotion"},{"floor":14,"key":"Guardian:BlockOnCardUsePotion"},{"floor":16,"key":"Dexterity Potion"},{"floor":25,"key":"LiquidMemories"},{"floor":33,"key":"AttackPotion"},{"floor":39,"key":"Dexterity Potion"},{"floor":42,"key":"GamblersBrew"},{"floor":44,"key":"Fire Potion"},{"floor":48,"key":"Fire Potion"}],"is_trial":false,"path_per_floor":["R","M","?","M","M","R","T","E","M","M","R","?","M","M","M","B",null,"R","M","?","M","?","?","T","M","E","M","R","$","M","?","M","B",null,"R","M","?","T","M","M","T","E","?","E","?","$","R","E","M","B",null,"E"],"character_chosen":"SLIMEBOUND","items_purchased":["Slimebound:Gluttony","Block Potion"],"campfire_rested":0,"item_purchase_floors":[29,29],"current_hp_per_floor":[65,52,52,58,62,62,62,55,52,60,60,60,37,34,34,28,65,75,79,79,72,56,56,56,62,72,58,58,82,88,88,99,69,99,99,99,99,99,91,55,65,85,113,81,81,109,109,94,93,125,129,0,0,0],"gold":460,"neow_bonus":"TRANSFORM_CARD","is_daily":false,"chose_seed":false,"campfire_upgraded":6,"win_rate":0.0,"timestamp":1612831854,"path_taken":["R","M","?","M","?","R","T","E","M","M","R","?","?","M","M","BOSS","R","M","?","M","?","?","T","M","E","?","R","?","M","?","M","BOSS","R","M","?","?","?","?","T","E","?","E","?","$","R","E","M","BOSS","E"],"items_purchased_type":["Card","Potion"],"build_version":"2020-12-22","purchased_purges":0,"victory":false,"max_hp_per_floor":[65,65,65,65,65,65,65,65,65,65,65,65,65,65,65,65,65,75,79,79,83,83,83,83,87,91,91,91,91,95,95,99,99,99,99,103,103,103,103,103,113,117,125,125,125,125,125,125,129,129,129,129,129,129],"card_choices":[{"not_picked":["Slimebound:AcidTongue","Slimebound:Dissolve"],"picked":"Slimebound:LivingWall","floor":2},{"not_picked":["Slimebound:LeechEnergy","Slimebound:SlimeBarrage"],"picked":"Slimebound:SamplingLick","floor":4},{"not_picked":["Slimebound:LeechEnergy","Slimebound:SamplingLick"],"picked":"Slimebound:HauntingLick","floor":5},{"not_picked":["Slimebound:FinishingTackle","Slimebound:SplitLeeching"],"picked":"Slimebound:SplitSpecialist","floor":8},{"not_picked":["Slimebound:ViciousTackle","Slimebound:GoopSpray"],"picked":"Slimebound:ItLooksTasty","floor":9},{"not_picked":["Slimebound:SamplingLick","Slimebound:LeechLife"],"picked":"Slimebound:ItLooksTasty","floor":10},{"not_picked":["Slimebound:SlimeBrawl","Slimebound:ItLooksTasty"],"picked":"Slimebound:GrowthPunch","floor":13},{"not_picked":["Slimebound:Schlurp","Slimebound:SlimeSpikes"],"picked":"Slimebound:SpikyOuterGoop","floor":14},{"not_picked":["Slimebound:RollThrough","Slimebound:RejuvenatingLick","Slimebound:ComboTackle"],"picked":"SKIP","floor":15},{"not_picked":["Slimebound:Overexert","Slimebound:DouseInSlime"],"picked":"Slimebound:MassFeed","floor":16},{"not_picked":["Slimebound:SlimeSpikes","Slimebound:Prepare+1"],"picked":"Slimebound:Equalize","floor":19},{"not_picked":["Slimebound:LeechEnergy","Slimebound:SlimeBrawl+1","Slimebound:FinishingTackle+1"],"picked":"SKIP","floor":21},{"not_picked":["Slimebound:FinishingTackle","Slimebound:HungryTackle"],"picked":"Slimebound:LivingWall+1","floor":25},{"not_picked":["Slimebound:FormOfPuddle","Slimebound:RollThrough+1"],"picked":"Slimebound:SplitBruiser+1","floor":26},{"not_picked":["Slimebound:RallyTheTroops","Slimebound:SlimeBarrage+1","Slimebound:GoopTackle"],"picked":"SKIP","floor":27},{"not_picked":["Slimebound:RollThrough+1","Slimebound:Prepare","Slimebound:HauntingLick"],"picked":"SKIP","floor":29},{"not_picked":["Slimebound:LivingWall+1","Slimebound:LeechingTouch"],"picked":"Slimebound:Schlurp","floor":30},{"not_picked":["Slimebound:SlimeBrawl","Slimebound:FinishingTackle+1","Slimebound:LeechingTouch"],"picked":"SKIP","floor":32},{"not_picked":["Slimebound:OneTwoCombo","Slimebound:Teamwork"],"picked":"Slimebound:DuplicatedForm","floor":33},{"not_picked":["Slimebound:SlimeBarrage","Slimebound:ItLooksTasty+1"],"picked":"Slimebound:SpikyOuterGoop+1","floor":36},{"not_picked":["expansioncontent:HyperBeam","expansioncontent:PolyBeam"],"picked":"expansioncontent:YouAreMine","floor":37},{"not_picked":["Slimebound:LivingWall","Slimebound:SplitMire"],"picked":"Slimebound:LevelUp+1","floor":39},{"not_picked":["Slimebound:SplitBruiser","Slimebound:Prepare","Slimebound:ComboTackle+1"],"picked":"SKIP","floor":40},{"not_picked":["Slimebound:DuplicatedForm","Slimebound:LevelUp","Slimebound:FormOfPuddle+1"],"picked":"SKIP","floor":42},{"not_picked":["Slimebound:SlimeTap+1","Slimebound:SpikyOuterGoop+1","Slimebound:DivideAndConquer+1"],"picked":"SKIP","floor":44},{"not_picked":["Slimebound:AcidTongue","Slimebound:LivingWall","Slimebound:LeechingTouch+1"],"picked":"SKIP","floor":46},{"not_picked":["Slimebound:Repurpose","Slimebound:Replication+1"],"picked":"Slimebound:MinionMaster","floor":48},{"not_picked":["Slimebound:SplitAcid+1","Slimebound:BestDefense+1","Slimebound:GoopTackle+1"],"picked":"SKIP","floor":49}],"player_experience":256683,"relics_obtained":[{"floor":8,"key":"Regal Pillow"},{"floor":22,"key":"Necronomicon"},{"floor":24,"key":"The Courier"},{"floor":26,"key":"Happy Flower"},{"floor":38,"key":"Molten Egg 2"},{"floor":41,"key":"Pear"},{"floor":42,"key":"Lantern"},{"floor":42,"key":"MawBank"},{"floor":43,"key":"Bird Faced Urn"},{"floor":44,"key":"Dream Catcher"},{"floor":44,"key":"Torii"},{"floor":45,"key":"Mercury Hourglass"},{"floor":48,"key":"Kunai"},{"floor":48,"key":"Meat on the Bone"}],"event_choices":[],"is_beta":false,"boss_relics":[{"not_picked":["Velvet Choker","Snecko Eye"],"picked":"Coffee Dripper"},{"not_picked":["bronze:MakeshiftBattery","Runic Pyramid"],"picked":"Black Star"}],"items_purged_floors":[],"is_endless":false,"potions_floor_spawned":[2,4,9,10,14,15,16,19,21,25,33,39,42,44,48],"killed_by":"downfall:CharBossMerchant","ascension_level":2}}