{"host":"o3b7ow6d1xe49css","time":1612847118,"event":{"mods":["Act Like it!","Aspiration","BaseMod","Bestiary","Better Altar","Better Match","Better Note","Better Sensory Stone","Better Skull","Better Third Choice","Colored Powertips","Conspire","Energized Spire","Force Act Four","GifTheSpireLib","Halation","Hermit","Hubris","Infinite Spire","Lobotomy","Minty Spire (QoL Compilation)","Quick Restart","Rare Cards Sparkle","Relic Filter Mod","Reliquary","Replay The Spire","Spicy Shops","Spikes Relics","Spire Arcade","StSLib","Stuff the Spire","The Blue Laboratory","Wandering Minibosses"],"gold_per_floor":[413,428,438,452,467,467,467,494,494,172,186,215,249,1041,1041,1144,1144,1154,1154,1114,1126,185,211,242,275,328,328,328,340,146,146,146,242,242,259,259,309,309,15,44,44,76,76,76,102,102,102,134,134,237,237,237,35,68,164],"floor_reached":56,"language":"ENG","playtime":1904,"items_purged":["Strike_P","Pain","Strike_P","UniverseFragment","Scorched","Hallucinations"],"score":2090,"play_id":"02ae0f70-7fb0-43bf-963b-f2c047d4c39d","local_time":"20210208200518","daily_mods":["Heirloom","Flight"],"is_ascension_mode":true,"campfire_choices":[{"data":"Eruption","floor":6,"key":"SMITH"},{"data":"Wireheading","floor":7,"key":"SMITH"},{"data":"Tantrum","floor":15,"key":"SMITH"},{"floor":28,"key":"RECALL"},{"data":"Crescendo","floor":32,"key":"SMITH"},{"data":"infinitespire:NeuralNetwork","floor":41,"key":"SMITH"},{"data":"infinitespire:Fortify","floor":44,"key":"SMITH"},{"floor":47,"key":"REST"},{"data":"Protect","floor":49,"key":"SMITH"},{"data":"Meditate","floor":52,"key":"SMITH"}],"circlet_count":0,"master_deck":["Strike_P","Strike_P","Defend_P","Defend_P","Defend_P","Defend_P+1","Eruption+1","Vigilance","Wireheading+1","Protect+1","BowlingBash","Crescendo+1","Tantrum+1","Meditate+1","Prostrate+1","Consecrate+1","Consecrate+1","infinitespire:NeuralNetwork+1","Devotion+1","infinitespire:Fortify+1","Scrawl+1"],"relics":["PureWater","Ring of Chaos","Old Coin","CogitoBucket","infinitespire:EmpoweringShard","Pear","Smiling Mask","Molten Egg 2","wanderingMiniBosses:MasterThiefsPresence","halation:Prosthetics","SkinProphecy","Letter Opener","halation:TrafficLight","Golden Egg","StuffTheSpire:OldFever","SpikesRelics:ToyHorsey","SuspiciousGoo","Tiny Chest","reliquary:Buckler","MutagenicStrength","LuminousBracelet","reliquary:Bookmark","Damaru","reliquary:RedPaperclip","Sling","reliquary:OuijaBoard","aspiration:HatOfInfinitePower","hubris:MysteriousPyramids","StuffTheSpire:GrapeVine","ReplayTheSpireMod:TigerMarble","Replay:Purple Gloves","Juzu Bracelet","Regal Pillow","Ring of Chaos","ReplayTheSpireMod:CursedCoin","hubris:Spice"],"acts_visited":["Exordium","TheCity","TheBeyond","Exordium","TheEnding"],"potions_floor_usage":[3,8,8,11,13,18,54,55,55,55],"damage_taken":[{"damage":0,"enemies":"2 Louse","floor":1,"turns":3},{"damage":0,"enemies":"Jaw Worm","floor":2,"turns":5},{"damage":0,"enemies":"Cultist","floor":3,"turns":4},{"damage":9,"enemies":"3 Louse","floor":4,"turns":2},{"damage":3,"enemies":"Blue Slaver","floor":5,"turns":4},{"damage":12,"enemies":"3 Sentries","floor":8,"turns":3},{"damage":0,"enemies":"Large Slime","floor":11,"turns":2},{"damage":6,"enemies":"Replay:BlueRogue","floor":12,"turns":3},{"damage":0,"enemies":"Gremlin Nob","floor":13,"turns":2},{"damage":0,"enemies":"Exordium Wildlife","floor":14,"turns":5},{"damage":0,"enemies":"Slime Boss","floor":16,"turns":4},{"damage":4,"enemies":"Chosen","floor":18,"turns":3},{"damage":0,"enemies":"2 Thieves","floor":21,"turns":1},{"damage":0,"enemies":"conspire:SneckoGhost","floor":23,"turns":2},{"damage":0,"enemies":"Nightmare","floor":24,"turns":3},{"damage":0,"enemies":"Slavers","floor":25,"turns":2},{"damage":0,"enemies":"Snake Plant","floor":29,"turns":3},{"damage":10,"enemies":"Collector","floor":33,"turns":5},{"damage":0,"enemies":"3 Darklings","floor":35,"turns":1},{"damage":0,"enemies":"Mind Bloom Boss Battle","floor":37,"turns":3},{"damage":0,"enemies":"Nemesis","floor":40,"turns":3},{"damage":0,"enemies":"Nightmare","floor":42,"turns":5},{"damage":0,"enemies":"R_Hoarder","floor":45,"turns":2},{"damage":1,"enemies":"Giant Head","floor":48,"turns":2},{"damage":0,"enemies":"Awakened One","floor":50,"turns":4},{"damage":9,"enemies":"Shield and Spear","floor":54,"turns":3},{"damage":1,"enemies":"The Heart","floor":55,"turns":5}],"seed_played":"2401240677512252419","potions_obtained":[{"floor":2,"key":"blueLaboratory:EmptyBottle"},{"floor":4,"key":"blueLaboratory:PhilterOfMotion"},{"floor":5,"key":"blueLaboratory:HorrorPotion"},{"floor":8,"key":"DistilledChaos"},{"floor":12,"key":"ColorlessPotion"},{"floor":16,"key":"EssenceOfSteel"},{"floor":20,"key":"blueLaboratory:SavagePotion"},{"floor":20,"key":"blueLaboratory:ArtificerPotion"},{"floor":20,"key":"blueLaboratory:PhilterOfMotion"},{"floor":24,"key":"Elixir"},{"floor":25,"key":"conspire:TimeTravelPotion"},{"floor":42,"key":"Fruit Juice"},{"floor":54,"key":"blueLaboratory:EpiphanyPotion"}],"is_trial":true,"path_per_floor":["M","M","M","M","M","R","R","E","T","$","M","E","E","M","R","B",null,"M","AVR","?","M","$","E","NM","E","T","?","R","M","$","T","R","B",null,"M","AVR","?","T","$","E","R","NM","T","R","E","?","R","E","R","B",null,"R","$","E","B",null],"character_chosen":"WATCHER","items_purchased":["Pear","Tantrum","halation:TrafficLight","Golden Egg","StuffTheSpire:OldFever","Mummified Hand","reliquary:Bookmark","hubris:MysteriousPyramids","ReplayTheSpireMod:CursedCoin","hubris:Spice"],"campfire_rested":1,"item_purchase_floors":[10,10,22,22,22,22,30,39,53,53],"current_hp_per_floor":[72,72,72,63,60,60,60,48,48,58,58,52,52,52,52,52,47,43,43,43,39,39,35,31,27,27,27,27,34,34,34,34,22,63,62,62,58,58,58,54,54,50,50,50,46,46,69,64,64,60,82,82,90,90,86],"gold":164,"neow_bonus":"","is_daily":false,"chose_seed":false,"campfire_upgraded":8,"win_rate":0.0,"timestamp":1612847118,"path_taken":["M","M","M","M","M","R","R","E","T","$","M","E","E","M","R","BOSS","M","AVR","?","M","?","E","NM","E","T","?","R","M","$","?","R","BOSS","M","AVR","?","?","$","E","R","NM","T","R","E","?","R","E","R","BOSS","R","$","E","BOSS"],"items_purchased_type":["Relic","Card","Relic","Relic","Relic","Relic","Relic","Relic","Relic","Relic"],"build_version":"2020-12-22","purchased_purges":6,"victory":true,"max_hp_per_floor":[72,72,72,72,72,72,72,72,72,82,82,82,82,82,82,82,47,47,47,47,49,49,51,53,55,55,55,55,74,74,74,74,76,76,81,81,83,83,83,85,85,77,77,77,79,79,79,81,81,83,83,83,91,106,108],"card_choices":[{"not_picked":["CarveReality","EmptyFist"],"picked":"Wireheading","floor":1},{"not_picked":["WallGazer","PunishingBird","Murderer"],"picked":"Singing Bowl","floor":1},{"not_picked":["BigBird","OSAHOGD","PunishingBird"],"picked":"Singing Bowl","floor":2},{"not_picked":["Worship","PathToVictory","Evaluate"],"picked":"SKIP","floor":2},{"not_picked":["Perseverance","WaveOfTheHand"],"picked":"Protect","floor":3},{"not_picked":["FieryBird","BigBird"],"picked":"Scorched","floor":3},{"not_picked":["Replay:Battleflow","Swivel"],"picked":"BowlingBash","floor":4},{"not_picked":["VoidDream","Yin","Murderer"],"picked":"Singing Bowl","floor":4},{"not_picked":["ClearTheMind","Replay:DivineShield"],"picked":"Crescendo","floor":5},{"not_picked":["LikeWater","ReachHeaven","Tantrum"],"picked":"SKIP","floor":8},{"not_picked":["LikeWater","ReachHeaven","Tantrum"],"picked":"SKIP","floor":8},{"not_picked":["LittleHelper","FairyFestival","CherryBlossoms"],"picked":"Singing Bowl","floor":11},{"not_picked":["CutThroughFate","EmptyBody","BowlingBash"],"picked":"SKIP","floor":11},{"not_picked":["Devotion","WaveOfTheHand"],"picked":"Meditate","floor":12},{"not_picked":["Replay:BluntJabs+1","Replay:Battleflow"],"picked":"Prostrate","floor":13},{"not_picked":["MHz","GalaxyChild"],"picked":"UniverseFragment","floor":14},{"not_picked":["ReachHeaven+1","Replay:AtTheReady","ForeignInfluence"],"picked":"SKIP","floor":14},{"not_picked":["VoidDream","OldLady","MeatLantern"],"picked":"Singing Bowl","floor":16},{"not_picked":["CarveReality+1","SignatureMove+1","Replay:BluntJabs+1"],"picked":"SKIP","floor":18},{"not_picked":["CrushJoints+1","ThirdEye"],"picked":"Consecrate+1","floor":21},{"not_picked":["SignatureMove+1","Replay:DivineShield"],"picked":"Consecrate+1","floor":23},{"not_picked":["Replay:AtTheReady","EmptyBody","Crescendo+1"],"picked":"SKIP","floor":24},{"not_picked":["FollowUp+1","Nirvana","EmptyFist+1"],"picked":"SKIP","floor":25},{"not_picked":["Indignation+1","WaveOfTheHand","BattleHymn"],"picked":"SKIP","floor":29},{"not_picked":["TalkToTheHand+1","Meditate","Replay:AtTheReady"],"picked":"SKIP","floor":35},{"not_picked":["CrushJoints+1","FearNoEvil+1"],"picked":"Devotion","floor":40},{"not_picked":["infinitespire:FinalStrike","ReplayTheSpireMod:??????????????????????"],"picked":"infinitespire:Fortify","floor":42},{"not_picked":["JustLucky+1","Collect","Sanctity+1"],"picked":"SKIP","floor":42},{"not_picked":["ThirdEye+1","FollowUp+1","EmptyFist+1"],"picked":"SKIP","floor":45},{"not_picked":["SashWhip+1","FollowUp+1","LikeWater+1"],"picked":"SKIP","floor":48},{"not_picked":["Establishment","Omniscience"],"picked":"Scrawl","floor":50},{"not_picked":["Halt","CrushJoints+1","WaveOfTheHand"],"picked":"SKIP","floor":54},{"not_picked":["Halt","CrushJoints+1","WaveOfTheHand"],"picked":"SKIP","floor":54}],"player_experience":1334421,"relics_obtained":[{"floor":8,"key":"infinitespire:EmpoweringShard"},{"floor":9,"key":"reliquary:Firecrackers"},{"floor":12,"key":"Smiling Mask"},{"floor":13,"key":"Molten Egg 2"},{"floor":14,"key":"wanderingMiniBosses:MasterThiefsPresence"},{"floor":23,"key":"SpikesRelics:ToyHorsey"},{"floor":24,"key":"SuspiciousGoo"},{"floor":25,"key":"Tiny Chest"},{"floor":26,"key":"reliquary:Buckler"},{"floor":31,"key":"Damaru"},{"floor":37,"key":"reliquary:OuijaBoard"},{"floor":38,"key":"aspiration:HatOfInfinitePower"},{"floor":40,"key":"StuffTheSpire:GrapeVine"},{"floor":42,"key":"ReplayTheSpireMod:TigerMarble"},{"floor":43,"key":"Replay:Purple Gloves"},{"floor":45,"key":"Juzu Bracelet"},{"floor":48,"key":"Regal Pillow"},{"floor":54,"key":"hubris:Spice"}],"event_choices":[{"damage_healed":0,"gold_gain":0,"player_choice":"Bought 3 Potions","damage_taken":0,"max_hp_gain":0,"max_hp_loss":0,"event_name":"The Woman in Blue","floor":20,"gold_loss":0},{"damage_healed":0,"gold_gain":0,"player_choice":"Inject Mutagens","damage_taken":0,"relics_obtained":["MutagenicStrength"],"max_hp_gain":0,"max_hp_loss":0,"event_name":"Drug Dealer","floor":27,"gold_loss":0},{"damage_healed":0,"gold_gain":0,"player_choice":"Fight","damage_taken":0,"max_hp_gain":0,"max_hp_loss":0,"event_name":"MindBloom","floor":37,"gold_loss":0}],"is_beta":false,"boss_relics":[{"not_picked":["CosmicIsotope","halation:PinkAlligatorPlush"],"picked":"halation:Prosthetics"},{"not_picked":["halation:Risk","energizedSpire:HugeHouse"],"picked":"reliquary:RedPaperclip"},{"not_picked":["aspiration:IroncladSkillbook","halation:Yufonium","Replay:Grab Bag"]}],"items_purged_floors":[19,22,30,36,39,53],"is_endless":true,"potions_floor_spawned":[2,4,5,8,12,16,24,25,35,42,45,50,54],"ascension_level":5}}