{"host":"oigynbtg272c19pw","time":1612867150,"event":{"mods":["BaseMod","Colored Map","Minty Spire (QoL Compilation)","Relic Stats","Slay the Relics Exporter","StSLib"],"gold_per_floor":[218,218,15,31,31,31,56,56,56,89,103,116,116,145,145,216,216,234,234,234,250,262,262,288,288,337,337,74,74,74,94,94,167,167,181,55,72,86,86,113,113,113,140,140,153,153,182,32,32,32,32,32,32,32,58,58,58],"floor_reached":56,"playtime":4111,"items_purged":["Strike_R","Strike_R","Strike_R"],"score":1928,"play_id":"14b1affa-613e-4af5-8c74-9377c774ed8d","local_time":"20210209113910","is_ascension_mode":true,"campfire_choices":[{"data":"Feel No Pain","floor":6.0,"key":"SMITH"},{"floor":8.0,"key":"REST"},{"data":"Flex","floor":13.0,"key":"SMITH"},{"data":"Heavy Blade","floor":15.0,"key":"SMITH"},{"floor":23.0,"key":"REST"},{"floor":25.0,"key":"REST"},{"data":"Limit Break","floor":27.0,"key":"SMITH"},{"data":"Shockwave","floor":29.0,"key":"SMITH"},{"data":"Spot Weakness","floor":32.0,"key":"SMITH"},{"floor":44.0,"key":"RECALL"},{"floor":46.0,"key":"REST"},{"floor":49,"key":"REST"},{"floor":53,"key":"REST"}],"circlet_count":0,"master_deck":["AscendersBane","Strike_R","Defend_R","Defend_R","Defend_R","Defend_R","Bash","Cleave+1","Feel No Pain+1","Shrug It Off","Spot Weakness+1","Heavy Blade+1","Flex+1","Dropkick","Headbutt","Shockwave+1","Limit Break+1","Shrug It Off","Pummel","Flex+1","Offering","Rage","Intimidate+1","Reaper","Intimidate+1","PanicButton","Twin Strike+1"],"relics":["Burning Blood","Regal Pillow","Gremlin Horn","Bag of Marbles","White Beast Statue","Runic Pyramid","Enchiridion","MutagenicStrength","Lizard Tail","Toy Ornithopter","Omamori","Fusion Hammer","CaptainsWheel","Smiling Mask","Mummified Hand"],"acts_visited":["Exordium","TheCity","TheBeyond","TheEnding"],"potions_floor_usage":[51,55,56],"damage_taken":[{"damage":1.0,"enemies":"Cultist","floor":1.0,"turns":3.0},{"damage":0.0,"enemies":"Small Slimes","floor":4.0,"turns":4.0},{"damage":62.0,"enemies":"Gremlin Nob","floor":7.0,"turns":5.0},{"damage":7.0,"enemies":"3 Sentries","floor":10.0,"turns":8.0},{"damage":0.0,"enemies":"Jaw Worm","floor":11.0,"turns":1.0},{"damage":0.0,"enemies":"Exordium Wildlife","floor":12.0,"turns":1.0},{"damage":25.0,"enemies":"Lagavulin","floor":14.0,"turns":7.0},{"damage":31.0,"enemies":"Hexaghost","floor":16.0,"turns":9.0},{"damage":25.0,"enemies":"3 Byrds","floor":18.0,"turns":4.0},{"damage":8.0,"enemies":"Chosen","floor":21.0,"turns":3.0},{"damage":7.0,"enemies":"Centurion and Healer","floor":22.0,"turns":4.0},{"damage":54.0,"enemies":"Book of Stabbing","floor":24.0,"turns":5.0},{"damage":0.0,"enemies":"Snecko","floor":31.0,"turns":2.0},{"damage":62.0,"enemies":"Collector","floor":33.0,"turns":9.0},{"damage":30.0,"enemies":"3 Darklings","floor":35.0,"turns":3.0},{"damage":0.0,"enemies":"3 Shapes","floor":37.0,"turns":1.0},{"damage":9.0,"enemies":"3 Darklings","floor":38.0,"turns":3.0},{"damage":25.0,"enemies":"Nemesis","floor":40.0,"turns":5.0},{"damage":7.0,"enemies":"Sphere and 2 Shapes","floor":45.0,"turns":3.0},{"damage":6.0,"enemies":"Reptomancer","floor":47.0,"turns":3.0},{"damage":13,"enemies":"Awakened One","floor":50,"turns":7},{"damage":52,"enemies":"Time Eater","floor":51,"turns":6},{"damage":118,"enemies":"Shield and Spear","floor":55,"turns":7},{"damage":56,"enemies":"The Heart","floor":56,"turns":2}],"seed_played":"5233820607756222044","potions_obtained":[{"floor":7.0,"key":"EntropicBrew"},{"floor":10.0,"key":"AttackPotion"},{"floor":16.0,"key":"LiquidMemories"},{"floor":18.0,"key":"AttackPotion"},{"floor":21.0,"key":"Fire Potion"},{"floor":22.0,"key":"Strength Potion"},{"floor":24.0,"key":"FearPotion"},{"floor":31.0,"key":"SpeedPotion"},{"floor":33.0,"key":"BlessingOfTheForge"},{"floor":35.0,"key":"Energy Potion"},{"floor":37.0,"key":"Swift Potion"},{"floor":38.0,"key":"DistilledChaos"},{"floor":40.0,"key":"BloodPotion"},{"floor":55,"key":"DuplicationPotion"}],"is_trial":false,"path_per_floor":["M","?","$","M","?","R","E","R","T","E","M","M","R","E","R","B",null,"M","?","?","M","M","R","E","R","T","R","$","R","$","M","R","B",null,"M","$","M","M","?","E","?","$","T","R","M","R","E","$","R","B","B",null,"R","$","E","B"],"character_chosen":"IRONCLAD","items_purchased":["Feel No Pain","Shrug It Off","Omamori","Rage","Pummel","PanicButton"],"campfire_rested":6,"item_purchase_floors":[3,3,28,36,36,48],"current_hp_per_floor":[73,73,73,75,75,75,19,56,56,55,61,67,67,48,48,23,62,43,22,22,20,19,56,8,45,45,45,45,45,45,51,51,43,67,48,48,54,56,56,42,57,57,57,57,56,75,75,75,75,68,57,71,75,75,25,0,0],"gold":58,"neow_bonus":"HUNDRED_GOLD","is_daily":false,"chose_seed":false,"campfire_upgraded":6,"win_rate":0.0,"timestamp":1612867150,"path_taken":["M","?","$","?","?","R","E","R","T","E","M","?","R","E","R","BOSS","M","?","?","M","M","R","E","R","T","R","$","R","$","M","R","BOSS","M","$","M","M","?","E","?","$","T","R","M","R","E","?","R","BOSS","BOSS","R","$","E","BOSS"],"items_purchased_type":["Card","Card","Relic","Card","Card","Card"],"build_version":"2020-12-13","purchased_purges":3,"victory":false,"max_hp_per_floor":[75,75,75,75,75,75,75,75,75,75,75,75,75,75,75,75,75,75,75,75,75,75,75,75,75,75,75,75,75,75,75,75,75,75,75,75,75,75,75,75,75,75,75,75,75,75,75,75,75,75,75,75,75,75,75,75,75],"relic_stats":{"Regal Pillow":45,"Lizard Tail":37,"Gremlin Horn":[29,29],"counters":[24,105],"Mummified Hand":[3],"Smiling Mask":75,"obtain_stats":[{"Regal Pillow":7,"Gremlin Horn":9,"Enchiridion":19,"Omamori":28,"Smiling Mask":47,"Burning Blood":0,"White Beast Statue":14,"Lizard Tail":24,"CaptainsWheel":40,"Mummified Hand":55,"MutagenicStrength":20,"Fusion Hammer":34,"Bag of Marbles":10,"Toy Ornithopter":26,"Runic Pyramid":17},{"Regal Pillow":3,"Gremlin Horn":3,"Enchiridion":9,"Omamori":12,"Smiling Mask":20,"Burning Blood":0,"White Beast Statue":7,"Lizard Tail":12,"CaptainsWheel":18,"Mummified Hand":23,"MutagenicStrength":9,"Fusion Hammer":14,"Bag of Marbles":4,"Toy Ornithopter":12,"Runic Pyramid":8},{"Regal Pillow":12,"Gremlin Horn":12,"Enchiridion":42,"Omamori":54,"Smiling Mask":83,"Burning Blood":0,"White Beast Statue":29,"Lizard Tail":54,"CaptainsWheel":77,"Mummified Hand":103,"MutagenicStrength":42,"Fusion Hammer":65,"Bag of Marbles":20,"Toy Ornithopter":54,"Runic Pyramid":38}],"Burning Blood":134,"Toy Ornithopter":40},"card_choices":[{"not_picked":["Thunderclap","Clothesline"],"picked":"Cleave","floor":1.0},{"not_picked":["Whirlwind","Cleave"],"picked":"Spot Weakness","floor":4.0},{"not_picked":["Sever Soul","Thunderclap","Sword Boomerang"],"picked":"SKIP","floor":7.0},{"not_picked":["Perfected Strike","Armaments"],"picked":"Flex","floor":10.0},{"not_picked":["Heavy Blade","Flex"],"picked":"Dropkick","floor":11.0},{"not_picked":["Clothesline","Twin Strike"],"picked":"Headbutt","floor":12.0},{"not_picked":["Rupture","Juggernaut"],"picked":"Shockwave","floor":14.0},{"not_picked":["Corruption","Demon Form"],"picked":"Limit Break","floor":16.0},{"not_picked":["Twin Strike","Headbutt"],"picked":"Shrug It Off","floor":18.0},{"not_picked":["Iron Wave","Twin Strike"],"picked":"Pummel","floor":21.0},{"not_picked":["Headbutt+1","Wild Strike","Heavy Blade"],"picked":"SKIP","floor":22.0},{"not_picked":["Perfected Strike","Cleave"],"picked":"Flex+1","floor":24.0},{"not_picked":["Sword Boomerang","Brutality","Perfected Strike"],"picked":"SKIP","floor":31.0},{"not_picked":["Bludgeon","Juggernaut"],"picked":"Offering","floor":33.0},{"not_picked":["Wild Strike","Twin Strike","Combust+1"],"picked":"SKIP","floor":35.0},{"not_picked":["Flex","Thunderclap+1"],"picked":"Intimidate+1","floor":37.0},{"not_picked":["Clash","Pommel Strike","Wild Strike"],"picked":"SKIP","floor":38.0},{"not_picked":["Intimidate","True Grit+1"],"picked":"Reaper","floor":40.0},{"not_picked":["Body Slam","Wild Strike"],"picked":"Intimidate+1","floor":45.0},{"not_picked":["Warcry","Thunderclap+1","Havoc"],"picked":"SKIP","floor":47.0},{"not_picked":["Cleave","Anger"],"picked":"Twin Strike+1","floor":55}],"player_experience":1568751,"relics_obtained":[{"floor":7.0,"key":"Regal Pillow"},{"floor":9.0,"key":"Gremlin Horn"},{"floor":10.0,"key":"Bag of Marbles"},{"floor":14.0,"key":"White Beast Statue"},{"floor":19.0,"key":"Enchiridion"},{"floor":24.0,"key":"Lizard Tail"},{"floor":26.0,"key":"Toy Ornithopter"},{"floor":40.0,"key":"CaptainsWheel"},{"floor":47.0,"key":"Smiling Mask"},{"floor":55,"key":"Mummified Hand"}],"event_choices":[{"damage_healed":0.0,"max_hp_gain":0.0,"max_hp_loss":0.0,"gold_gain":0.0,"event_name":"Upgrade Shrine","player_choice":"Upgraded","floor":2.0,"gold_loss":0.0,"damage_taken":0.0,"cards_upgraded":["Cleave"]},{"damage_healed":0.0,"max_hp_gain":0.0,"max_hp_loss":0.0,"gold_gain":0.0,"cards_transformed":["Strike_R"],"event_name":"Transmorgrifier","player_choice":"Transformed","floor":5.0,"gold_loss":0.0,"damage_taken":0.0,"cards_obtained":["Heavy Blade"]},{"damage_healed":0.0,"max_hp_gain":0.0,"max_hp_loss":0.0,"gold_gain":0.0,"event_name":"Cursed Tome","player_choice":"Obtained Book","floor":19.0,"gold_loss":0.0,"damage_taken":21.0},{"damage_healed":0.0,"max_hp_gain":0.0,"max_hp_loss":0.0,"gold_gain":0.0,"event_name":"Drug Dealer","player_choice":"Inject Mutagens","floor":20.0,"gold_loss":0.0,"damage_taken":0.0,"relics_obtained":["MutagenicStrength"]},{"cards_removed":["Pummel"],"damage_healed":0.0,"max_hp_gain":0.0,"max_hp_loss":0.0,"gold_gain":0.0,"event_name":"Falling","player_choice":"Removed Attack","floor":39.0,"gold_loss":0.0,"damage_taken":0.0},{"damage_healed":15.0,"max_hp_gain":0.0,"max_hp_loss":0.0,"gold_gain":0.0,"event_name":"Winding Halls","player_choice":"Writhe","floor":41.0,"gold_loss":0.0,"damage_taken":0.0,"cards_obtained":["Writhe"]}],"is_beta":false,"boss_relics":[{"not_picked":["Astrolabe","Calling Bell"],"picked":"Runic Pyramid"},{"not_picked":["Sozu","Black Blood"],"picked":"Fusion Hammer"}],"items_purged_floors":[3,28,48],"is_endless":false,"potions_floor_spawned":[7,10,11,16,18,21,22,24,31,33,35,37,38,40,45,47,55],"killed_by":"The Heart","ascension_level":20}}