{"host":"3y2rtlgteqp2nuo3","time":1612875700,"event":{"mods":["2.2 Compatiblity","AchievementEnabler","BaseMod","Colored Map","DeckTracker","Highlight Path","Keyboard Shortcuts","Minty Spire (QoL Compilation)","Permanent Neow","Quick Restart","StSLib","SuperFastMode","everything is the same but u backflip on backflip"],"gold_per_floor":[114,114,133,150,71,71,81,96,96,96,271,304,320,338,338,434,434,447,447,447,466,486,486,515,243,268,268,282,168,196,92,92,197,197,219,219,246,231,240,240,259,289,312,207,207,235,235,263,263,263],"floor_reached":51,"language":"KOR","playtime":1513,"items_purged":["Doubt"],"score":1136,"play_id":"ef4e4c5e-869a-40d3-9e9d-2e940ff4dc5f","local_time":"20210209220140","is_ascension_mode":true,"campfire_choices":[{"data":"Bash","floor":6.0,"key":"SMITH"},{"data":"Armaments","floor":10.0,"key":"SMITH"},{"data":"Shockwave","floor":15.0,"key":"SMITH"},{"floor":23.0,"key":"REST"},{"data":"Offering","floor":27.0,"key":"SMITH"},{"floor":32.0,"key":"REST"},{"floor":40.0,"key":"REST"},{"data":"Evolve","floor":45.0,"key":"SMITH"},{"floor":47.0,"key":"REST"},{"floor":49.0,"key":"REST"}],"circlet_count":0,"master_deck":["AscendersBane","Strike_R","Strike_R","Strike_R","Strike_R","Strike_R+1","Defend_R","Defend_R","Defend_R","Defend_R","Bash+1","Corruption","Perfected Strike+1","Wild Strike","Pommel Strike","Power Through","Armaments+1","Double Tap","Feel No Pain","Shockwave+1","Offering+1","Flame Barrier","RitualDagger+1","Dark Embrace+1","Rage","Discovery","Perfected Strike+1","Evolve+1","Seeing Red","Fire Breathing","Feed","Perfected Strike+1","Shrug It Off","Shrug It Off","Writhe","Shrug It Off+1","Master of Strategy","Armaments","Feel No Pain"],"relics":["Burning Blood","Turnip","Incense Burner","SacredBark","Red Mask","Membership Card","Red Skull","CeramicFish","DollysMirror","Medical Kit","Philosopher\u0027s Stone","Pocketwatch","Whetstone","Molten Egg 2"],"acts_visited":["Exordium","TheCity","TheBeyond"],"potions_floor_usage":[50,50,50],"damage_taken":[{"damage":10.0,"enemies":"Jaw Worm","floor":1.0,"turns":5.0},{"damage":10.0,"enemies":"Small Slimes","floor":3.0,"turns":3.0},{"damage":0.0,"enemies":"2 Louse","floor":4.0,"turns":1.0},{"damage":1.0,"enemies":"2 Fungi Beasts","floor":7.0,"turns":2.0},{"damage":1.0,"enemies":"Exordium Wildlife","floor":8.0,"turns":4.0},{"damage":25.0,"enemies":"3 Sentries","floor":12.0,"turns":9.0},{"damage":6.0,"enemies":"Exordium Thugs","floor":13.0,"turns":5.0},{"damage":0.0,"enemies":"Looter","floor":14.0,"turns":4.0},{"damage":65.0,"enemies":"The Guardian","floor":16.0,"turns":8.0},{"damage":21.0,"enemies":"3 Byrds","floor":18.0,"turns":7.0},{"damage":15.0,"enemies":"Shell Parasite","floor":21.0,"turns":5.0},{"damage":14.0,"enemies":"Cultist and Chosen","floor":22.0,"turns":6.0},{"damage":49.0,"enemies":"Masked Bandits","floor":24.0,"turns":6.0},{"damage":28.0,"enemies":"Sentry and Sphere","floor":28.0,"turns":6.0},{"damage":13.0,"enemies":"Centurion and Healer","floor":30.0,"turns":5.0},{"damage":24.0,"enemies":"Collector","floor":33.0,"turns":7.0},{"damage":53.0,"enemies":"3 Darklings","floor":35.0,"turns":5.0},{"damage":7.0,"enemies":"3 Shapes","floor":37.0,"turns":3.0},{"damage":6.0,"enemies":"Maw","floor":41.0,"turns":5.0},{"damage":25.0,"enemies":"Nemesis","floor":42.0,"turns":7.0},{"damage":17.0,"enemies":"Writhing Mass","floor":46.0,"turns":6.0},{"damage":10.0,"enemies":"Giant Head","floor":48.0,"turns":6.0},{"damage":38,"enemies":"Awakened One","floor":50,"turns":8}],"seed_played":"5718649497788098904","potions_obtained":[{"floor":1.0,"key":"BlessingOfTheForge"},{"floor":3.0,"key":"Dexterity Potion"},{"floor":12.0,"key":"AttackPotion"},{"floor":18.0,"key":"BloodPotion"},{"floor":28.0,"key":"AttackPotion"},{"floor":35.0,"key":"ColorlessPotion"},{"floor":41.0,"key":"Block Potion"},{"floor":46.0,"key":"EssenceOfSteel"}],"is_trial":false,"path_per_floor":["M","?","M","M","$","R","M","M","T","R","?","E","M","M","R","B",null,"M","?","?","M","M","R","?","$","T","R","M","$","M","$","R","B",null,"M","?","M","$","?","R","M","E","T","$","R","M","R","E","R","B",null],"character_chosen":"IRONCLAD","items_purchased":["Power Through","Membership Card","Red Skull","Discovery","DollysMirror","Evolve","Fire Breathing","Medical Kit","Shrug It Off","Master of Strategy","Armaments"],"campfire_rested":5,"item_purchase_floors":[5,25,25,25,29,29,31,31,38,44,44],"current_hp_per_floor":[68,68,64,70,70,70,75,80,80,80,80,61,61,67,67,8,62,47,41,41,32,24,48,37,37,37,37,15,15,8,8,32,14,64,17,17,19,19,40,64,64,45,45,45,45,34,58,54,78,46],"gold":263,"neow_bonus":"ONE_RANDOM_RARE_CARD","is_daily":false,"chose_seed":false,"campfire_upgraded":5,"win_rate":0.0,"timestamp":1612875700,"path_taken":["M","?","M","M","$","R","M","M","T","R","?","E","M","M","R","BOSS","M","?","?","M","M","R","?","$","T","R","M","$","M","$","R","BOSS","M","?","M","$","?","R","M","E","T","?","R","M","R","E","R","BOSS"],"items_purchased_type":["Card","Relic","Relic","Card","Relic","Card","Card","Relic","Card","Card","Card"],"build_version":"2020-12-22","purchased_purges":1,"victory":true,"max_hp_per_floor":[80,80,80,80,80,80,80,80,80,80,80,80,80,80,80,80,80,80,80,80,80,80,80,80,80,80,80,80,80,80,80,80,80,80,80,80,83,83,83,83,83,83,83,83,83,83,83,83,83,83],"card_choices":[{"not_picked":["Combust","Wild Strike"],"picked":"Perfected Strike","floor":1.0},{"not_picked":["Thunderclap","Seeing Red"],"picked":"Wild Strike","floor":3.0},{"not_picked":["Anger","Feel No Pain"],"picked":"Pommel Strike","floor":4.0},{"not_picked":["Dropkick","True Grit"],"picked":"Armaments","floor":7.0},{"not_picked":["Shrug It Off","Wild Strike"],"picked":"Double Tap","floor":8.0},{"not_picked":["Flex","Searing Blow","Burning Pact"],"picked":"SKIP","floor":12.0},{"not_picked":["Pommel Strike","Sever Soul"],"picked":"Feel No Pain","floor":13.0},{"not_picked":["Dark Embrace","Sword Boomerang"],"picked":"Shockwave","floor":14.0},{"not_picked":["Double Tap","Limit Break"],"picked":"Offering","floor":16.0},{"not_picked":["Shockwave+1","True Grit+1"],"picked":"Flame Barrier","floor":18.0},{"not_picked":["Feel No Pain","Combust"],"picked":"Dark Embrace+1","floor":21.0},{"not_picked":["Anger","Sever Soul","Headbutt"],"picked":"SKIP","floor":22.0},{"not_picked":["Headbutt+1","Anger"],"picked":"Rage","floor":24.0},{"not_picked":["Twin Strike","Havoc","Pommel Strike"],"picked":"SKIP","floor":28.0},{"not_picked":["Searing Blow+1","Body Slam"],"picked":"Seeing Red","floor":30.0},{"not_picked":["Immolate","Fiend Fire"],"picked":"Feed","floor":33.0},{"not_picked":["Havoc+1","Pummel+1"],"picked":"Perfected Strike+1","floor":35.0},{"not_picked":["Body Slam+1","Heavy Blade+1"],"picked":"Shrug It Off","floor":37.0},{"not_picked":["Heavy Blade","Warcry"],"picked":"Shrug It Off+1","floor":41.0},{"not_picked":["Rampage+1","Wild Strike+1","Armaments"],"picked":"SKIP","floor":42.0},{"not_picked":["Heavy Blade","Metallicize"],"picked":"Feel No Pain","floor":46.0},{"not_picked":["Rampage+1","Hemokinesis+1","Clash+1"],"picked":"SKIP","floor":48.0}],"player_experience":773280,"relics_obtained":[{"floor":9.0,"key":"Turnip"},{"floor":12.0,"key":"Incense Burner"},{"floor":24.0,"key":"Red Mask"},{"floor":26.0,"key":"CeramicFish"},{"floor":42.0,"key":"Pocketwatch"},{"floor":43.0,"key":"Whetstone"},{"floor":48.0,"key":"Molten Egg 2"}],"event_choices":[{"damage_healed":0.0,"max_hp_gain":0.0,"max_hp_loss":0.0,"gold_gain":0.0,"event_name":"Living Wall","player_choice":"Grow","floor":2.0,"gold_loss":0.0,"damage_taken":0.0,"cards_upgraded":["Perfected Strike"]},{"damage_healed":0.0,"max_hp_gain":0.0,"max_hp_loss":0.0,"gold_gain":175.0,"event_name":"Liars Game","player_choice":"AGREE","floor":11.0,"gold_loss":0.0,"damage_taken":0.0,"cards_obtained":["Doubt"]},{"damage_healed":0.0,"max_hp_gain":0.0,"max_hp_loss":0.0,"gold_gain":0.0,"event_name":"Nest","player_choice":"Joined the Cult","floor":19.0,"gold_loss":0.0,"damage_taken":6.0,"cards_obtained":["RitualDagger"]},{"damage_healed":0.0,"max_hp_gain":0.0,"max_hp_loss":0.0,"gold_gain":0.0,"event_name":"Vampires","player_choice":"Ignored","floor":20.0,"gold_loss":0.0,"damage_taken":0.0},{"damage_healed":0.0,"max_hp_gain":0.0,"max_hp_loss":0.0,"gold_gain":0.0,"event_name":"Masked Bandits","player_choice":"Fought Bandits","floor":24.0,"gold_loss":0.0,"damage_taken":0.0},{"damage_healed":0.0,"max_hp_gain":0.0,"max_hp_loss":0.0,"gold_gain":0.0,"event_name":"SensoryStone","player_choice":"Memory 1","floor":36.0,"gold_loss":0.0,"damage_taken":0.0},{"damage_healed":21.0,"max_hp_gain":0.0,"max_hp_loss":0.0,"gold_gain":0.0,"event_name":"Winding Halls","player_choice":"Writhe","floor":39.0,"gold_loss":0.0,"damage_taken":0.0,"cards_obtained":["Writhe"]}],"is_beta":false,"boss_relics":[{"not_picked":["Runic Cube","Runic Dome"],"picked":"SacredBark"},{"not_picked":["Black Star","Runic Pyramid"],"picked":"Philosopher\u0027s Stone"}],"items_purged_floors":[29],"is_endless":false,"potions_floor_spawned":[1,3,12,16,18,28,30,35,41,46],"ascension_level":10}}