{"host":"swn8ychr123rw3gf","time":1612841752,"event":{"mods":["BaseMod","Minty Spire (QoL Compilation)","StSLib"],"gold_per_floor":[112,112,112,126,51,81,81,109,132,132,148,148,177,195,195,266,266,284,298,314,329,254,254,264,264,264],"floor_reached":25,"language":"ZHS","playtime":1053,"items_purged":["Defend_P"],"score":484,"play_id":"439dbcb0-0b86-4642-9e7c-7fdd9e45169d","local_time":"20210209113552","is_ascension_mode":true,"campfire_choices":[{"data":"Eruption","floor":7.0,"key":"SMITH"},{"data":"TalkToTheHand","floor":10.0,"key":"SMITH"},{"data":"Ragnarok","floor":15.0,"key":"SMITH"},{"floor":23.0,"key":"REST"}],"circlet_count":0,"master_deck":["AscendersBane","Strike_P","Strike_P","Strike_P","Defend_P+1","Defend_P","Defend_P","Eruption+1","Vigilance","TalkToTheHand+1","EmptyBody","SashWhip","WaveOfTheHand","Ragnarok+1","ClearTheMind","InnerPeace","LessonLearned","CurseOfTheBell","CutThroughFate","WreathOfFlame+1","FlurryOfBlows+1","EmptyMind"],"relics":["PureWater","NeowsBlessing","Ancient Tea Set","Strawberry","Centennial Puzzle","Sundial","Blood Vial","Calling Bell","Vajra","Question Card","Thread and Needle"],"acts_visited":["Exordium","TheCity"],"potions_floor_usage":[25],"damage_taken":[{"damage":0.0,"enemies":"Jaw Worm","floor":1.0,"turns":1.0},{"damage":0.0,"enemies":"2 Louse","floor":4.0,"turns":1.0},{"damage":0.0,"enemies":"3 Sentries","floor":6.0,"turns":2.0},{"damage":22.0,"enemies":"Gremlin Nob","floor":8.0,"turns":4.0},{"damage":0.0,"enemies":"Cultist","floor":11.0,"turns":4.0},{"damage":36.0,"enemies":"3 Sentries","floor":13.0,"turns":9.0},{"damage":2.0,"enemies":"Large Slime","floor":14.0,"turns":4.0},{"damage":2.0,"enemies":"The Guardian","floor":16.0,"turns":9.0},{"damage":11.0,"enemies":"Shell Parasite","floor":18.0,"turns":4.0},{"damage":13.0,"enemies":"2 Thieves","floor":19.0,"turns":4.0},{"damage":20.0,"enemies":"Snake Plant","floor":20.0,"turns":2.0},{"damage":15.0,"enemies":"Sentry and Sphere","floor":21.0,"turns":5.0},{"damage":0.0,"enemies":"Centurion and Healer","floor":24.0,"turns":4.0},{"damage":53,"enemies":"Slavers","floor":25,"turns":3}],"seed_played":"6087039720547519732","potions_obtained":[{"floor":1.0,"key":"CultistPotion"},{"floor":13.0,"key":"BlessingOfTheForge"},{"floor":14.0,"key":"Ancient Potion"},{"floor":18.0,"key":"Weak Potion"},{"floor":19.0,"key":"Energy Potion"}],"is_trial":false,"path_per_floor":["M","?","?","M","$","E","R","E","T","R","M","T","E","M","R","B",null,"M","M","M","M","?","R","M","E"],"character_chosen":"WATCHER","items_purchased":[],"campfire_rested":1,"item_purchase_floors":[],"current_hp_per_floor":[61,66,66,66,66,66,66,51,51,51,51,51,15,15,15,15,64,55,44,26,13,13,37,39,0,0],"gold":264,"neow_bonus":"THREE_ENEMY_KILL","is_daily":false,"chose_seed":false,"campfire_upgraded":3,"win_rate":0.0,"timestamp":1612841752,"path_taken":["M","?","?","M","$","E","R","E","T","R","M","?","E","?","R","BOSS","M","M","M","M","?","R","M","E"],"items_purchased_type":[],"build_version":"2020-12-22","purchased_purges":1,"victory":false,"max_hp_per_floor":[68,73,73,73,73,73,73,80,80,80,80,80,80,80,80,80,80,80,80,80,80,80,80,80,80,80],"card_choices":[{"not_picked":["Perseverance","Wireheading"],"picked":"TalkToTheHand","floor":1.0},{"not_picked":["CrushJoints","Crescendo"],"picked":"EmptyBody","floor":4.0},{"not_picked":["Protect","FlyingSleeves"],"picked":"SashWhip","floor":6.0},{"not_picked":["Consecrate","EmptyFist"],"picked":"WaveOfTheHand","floor":8.0},{"not_picked":["WreathOfFlame","ThirdEye"],"picked":"Ragnarok","floor":11.0},{"not_picked":["TalkToTheHand","ThirdEye"],"picked":"ClearTheMind","floor":13.0},{"not_picked":["Wallop","Prostrate"],"picked":"InnerPeace","floor":14.0},{"not_picked":["Scrawl","SpiritShield"],"picked":"LessonLearned","floor":16.0},{"not_picked":["ReachHeaven","JustLucky","FollowUp"],"picked":"CutThroughFate","floor":18.0},{"not_picked":["Crescendo","FlyingSleeves","PathToVictory"],"picked":"WreathOfFlame+1","floor":19.0},{"not_picked":["Prostrate","SignatureMove","JustLucky"],"picked":"FlurryOfBlows","floor":20.0},{"not_picked":["Evaluate","SandsOfTime","FearNoEvil"],"picked":"EmptyMind","floor":21.0},{"not_picked":["PathToVictory","CutThroughFate","FlyingSleeves","Evaluate"],"picked":"SKIP","floor":24.0}],"player_experience":434420,"relics_obtained":[{"floor":6.0,"key":"Ancient Tea Set"},{"floor":8.0,"key":"Strawberry"},{"floor":9.0,"key":"Centennial Puzzle"},{"floor":12.0,"key":"Sundial"},{"floor":13.0,"key":"Blood Vial"},{"floor":17.0,"key":"Vajra"},{"floor":17.0,"key":"Question Card"},{"floor":17.0,"key":"Thread and Needle"}],"event_choices":[{"damage_healed":0.0,"max_hp_gain":5.0,"max_hp_loss":0.0,"gold_gain":0.0,"event_name":"Big Fish","player_choice":"Donut","floor":2.0,"gold_loss":0.0,"damage_taken":0.0},{"damage_healed":0.0,"max_hp_gain":0.0,"max_hp_loss":0.0,"gold_gain":0.0,"event_name":"Liars Game","player_choice":"Ignored","floor":3.0,"gold_loss":0.0,"damage_taken":0.0},{"cards_removed":["Strike_P"],"damage_healed":0.0,"max_hp_gain":0.0,"max_hp_loss":0.0,"gold_gain":0.0,"event_name":"Beggar","player_choice":"Gave Gold","floor":22.0,"gold_loss":75.0,"damage_taken":0.0}],"is_beta":false,"boss_relics":[{"not_picked":["Busted Crown","SacredBark"],"picked":"Calling Bell"}],"items_purged_floors":[5],"is_endless":false,"potions_floor_spawned":[1,13,14,18,19],"killed_by":"Slavers","ascension_level":19}}