{"host":"k1qq3tnzhl68zvao","time":1612915043,"event":{"mods":["ATMod(阿瑾Mod)","AchievementEnabler","BaseMod","Colored Powertips","Conspire","DeckTracker","Downfall","Energized Spire","GifTheSpireLib","Minty Spire (QoL Compilation)","Quick Restart","Relic Filter Mod","Replay The Spire","Spicy Shops","StSLib","【遗物卡牌】REMEMod"],"gold_per_floor":[115,194,209,209,223,258,258,290,316,343,355,383,134,154,154,250,250,268,291,291,201,213,232,232,157,183,183,208,208,242,242,242,344,344,357,370,370,70,85,85,111,111,187,187,278,339,418,464,464,509,509,509,37,101,141,141],"floor_reached":55,"language":"ZHS","playtime":3271,"items_purged":["Writhe","Strike_R","Strike_R"],"score":1628,"play_id":"2ede54d7-d3e4-4b81-83b8-91df616931ff","local_time":"20210210075723","is_ascension_mode":true,"campfire_choices":[{"data":"Armaments","floor":7,"key":"SMITH"},{"data":"AT_ShrugMaster","floor":15,"key":"SMITH"},{"data":"Flex","floor":27,"key":"SMITH"},{"data":"Limit Break","floor":29,"key":"SMITH"},{"floor":32,"key":"RECALL"},{"data":"True Grit","floor":40,"key":"SMITH"},{"data":"Skewer","floor":42,"key":"SMITH"},{"data":"Fiend Fire","floor":49,"key":"SMITH"},{"data":"Defend_R+1","floor":52,"key":"SMITH"}],"circlet_count":0,"master_deck":["Strike_R","Strike_R+1","Strike_R+1","Defend_R+2","Defend_R","Bash","AT_FamilyPortrait+1","Skewer+1","Armaments+1","AT_ShrugMaster+1","Whirlwind","True Grit+1","ReplayTheSpireMod:Strike From Hell","Flex+1","REME_BattleFury","Limit Break+1","Brutality","AT_ShrugMaster","Necronomicurse","Limit Break+1","ReplayTheSpireMod:Muscle Training+1","Reaper","Corruption","Fiend Fire+1","AT_BreakingExtremeWeapon","ReplayTheSpireMod:Strike From Hell","ReplayTheSpireMod:Strike From Hell"],"relics":["Black Blood","AT_ATBox","REME_ComplimentaryCards","AT_ArcaneBoots","Gremlin Food","AT_RedTearstoneRing","AT_SunfireAegis","Replay:Baseball","ReplayTheSpireMod:TigerMarble","Calipers","ReplayTheSpireMod:CursedCoin","AT_TrinityForce","Simple Rune","Necronomicon","MutagenicStrength","REME_HandOfSuture","Replay:Wax Seal","Toolbox","Replay:Bandana","REME_ArchaeologicalTools","War Paint","MealTicket","Blue Doll","Torii","REME_CardOfGreed","Bag of Marbles"],"acts_visited":["Exordium","TheCity","TheBeyond","TheEnding"],"potions_floor_usage":[6,8,8,12,14,50,50],"damage_taken":[{"damage":8,"enemies":"Small Slimes","floor":1,"turns":3},{"damage":1,"enemies":"conspire:RoseBush","floor":3,"turns":4},{"damage":0,"enemies":"2 Louse","floor":5,"turns":2},{"damage":4,"enemies":"3 Sentries","floor":6,"turns":7},{"damage":15,"enemies":"Gremlin Nob","floor":8,"turns":3},{"damage":1,"enemies":"Replay:BlueRogue","floor":10,"turns":6},{"damage":12,"enemies":"Exordium Wildlife","floor":11,"turns":4},{"damage":0,"enemies":"Gremlin Nob","floor":12,"turns":2},{"damage":5,"enemies":"Gremlin Gang","floor":14,"turns":2},{"damage":0,"enemies":"Slime Boss","floor":16,"turns":4},{"damage":0,"enemies":"3 Byrds","floor":18,"turns":1},{"damage":0,"enemies":"Shell Parasite","floor":22,"turns":2},{"damage":0,"enemies":"Centurion and Healer","floor":23,"turns":2},{"damage":0,"enemies":"conspire:Head Lice","floor":28,"turns":2},{"damage":0,"enemies":"Book of Stabbing","floor":30,"turns":2},{"damage":0,"enemies":"conspire:MysteriousRune","floor":33,"turns":2},{"damage":1,"enemies":"Orb Walker","floor":35,"turns":1},{"damage":24,"enemies":"3 Shapes","floor":36,"turns":1},{"damage":0,"enemies":"Spire Growth","floor":39,"turns":2},{"damage":0,"enemies":"Giant Head","floor":41,"turns":4},{"damage":0,"enemies":"Nemesis","floor":45,"turns":1},{"damage":0,"enemies":"Sphere and 2 Shapes","floor":46,"turns":3},{"damage":1,"enemies":"Transient","floor":47,"turns":4},{"damage":0,"enemies":"R_Hoarder","floor":48,"turns":2},{"damage":46,"enemies":"Donu and Deca","floor":50,"turns":3},{"damage":3,"enemies":"Shield and Spear","floor":54,"turns":2},{"damage":85,"enemies":"The Heart","floor":55,"turns":3}],"seed_played":"-4078470130267987646","potions_obtained":[{"floor":2,"key":"Slimebound:ThreeZeroPotion"},{"floor":2,"key":"Block Potion"},{"floor":3,"key":"Fire Potion"},{"floor":5,"key":"Adrenaline Potion"},{"floor":10,"key":"ColorlessPotion"},{"floor":11,"key":"Strength Potion"},{"floor":14,"key":"REME_GoldPotion"},{"floor":16,"key":"Swift Potion"},{"floor":22,"key":"BloodPotion"},{"floor":23,"key":"CultistPotion"}],"is_trial":false,"path_per_floor":["M","?","M","?","M","E","R","E","T","E","M","E","$","M","R","B",null,"M","T","?","?","M","M","?","?","T","R","E","R","E","?","R","B",null,"M","M","?","$","M","R","E","R","T","?","E","M","M","E","R","B",null,"R","$","E","B"],"character_chosen":"IRONCLAD","items_purchased":["ReplayTheSpireMod:CursedCoin","REME_BattleFury","Limit Break","Toolbox","AT_BreakingExtremeWeapon","Torii","REME_CardOfGreed","ReplayTheSpireMod:Strike From Hell","SteroidPotion"],"campfire_rested":0,"item_purchase_floors":[13,13,13,38,53,53,53,53,53],"current_hp_per_floor":[70,50,55,48,54,56,56,47,47,52,46,52,52,54,54,60,76,81,81,65,65,71,77,77,77,77,77,81,81,81,81,81,81,81,81,81,81,81,81,81,81,81,81,81,81,84,84,84,84,50,76,76,84,84,0,0],"gold":141,"neow_bonus":"RANDOM_COMMON_RELIC","is_daily":false,"chose_seed":false,"campfire_upgraded":8,"win_rate":0.0,"timestamp":1612915043,"path_taken":["M","?","M","?","?","E","R","E","T","E","?","E","$","M","R","BOSS","M","?","?","?","?","M","?","?","T","R","E","R","E","?","R","BOSS","M","M","?","$","M","R","E","R","T","?","E","?","M","E","R","BOSS","R","$","E","BOSS"],"items_purchased_type":["Relic","Card","Card","Relic","Card","Relic","Relic","Card","Potion"],"build_version":"2020-12-22","purchased_purges":3,"victory":false,"max_hp_per_floor":[80,80,80,80,80,80,80,80,80,80,80,80,80,81,81,81,81,81,81,81,81,81,81,81,81,81,81,81,81,81,81,81,81,81,81,81,81,81,81,81,81,81,81,81,81,84,84,84,84,84,84,84,84,84,84,84],"card_choices":[{"not_picked":["Shockwave","Entrench"],"picked":"Armaments","floor":1},{"not_picked":["Burning Pact","Run Through"],"picked":"Pommel Strike","floor":2},{"not_picked":["True Grit","Cleave"],"picked":"AT_ShrugMaster","floor":3},{"not_picked":["Perfected Strike","Wild Strike","Intimidate"],"picked":"SKIP","floor":5},{"not_picked":["Hemokinesis","AT_DrawKnifeCut"],"picked":"Whirlwind","floor":6},{"not_picked":["Clash","Armaments","AT_IchimonjiDouble"],"picked":"SKIP","floor":8},{"not_picked":["Hemokinesis","Burning Pact"],"picked":"True Grit","floor":10},{"not_picked":["Disarm","conspire:ExplosiveBarrier"],"picked":"ReplayTheSpireMod:Strike From Hell","floor":11},{"not_picked":["Perfected Strike","Intimidate"],"picked":"Flex","floor":12},{"not_picked":["Heavy Blade","Cleave","Flex"],"picked":"SKIP","floor":14},{"not_picked":["Immolate","Replay:Many Hands"],"picked":"Brutality","floor":16},{"not_picked":["Headbutt","Havoc"],"picked":"AT_ShrugMaster","floor":18},{"not_picked":["Replay:Undeath\u0027s Touch","Twin Strike+1","REME_FearOfPain"],"picked":"SKIP","floor":22},{"not_picked":["Sword Boomerang","Pommel Strike","AT_GerminateFire"],"picked":"SKIP","floor":23},{"not_picked":["Warcry","Burning Pact"],"picked":"Limit Break","floor":28},{"not_picked":["conspire:Charge","Armaments"],"picked":"ReplayTheSpireMod:Muscle Training+1","floor":30},{"not_picked":["AT_Dispersion","Bludgeon"],"picked":"Reaper","floor":33},{"not_picked":["Defy Death+1","Sever Soul+1","Twin Strike+1"],"picked":"SKIP","floor":35},{"not_picked":["Clothesline","Wild Strike","Thunderclap+1"],"picked":"SKIP","floor":36},{"not_picked":["Headbutt","Thunderclap+1","Ghostly Armor"],"picked":"SKIP","floor":39},{"not_picked":["Shrug It Off+1","Combust","Run Through+1"],"picked":"SKIP","floor":41},{"not_picked":["Run Through","REME_Scribble","Carnage"],"picked":"SKIP","floor":45},{"not_picked":["Run Through+1","Shrug It Off+1"],"picked":"Corruption","floor":46},{"not_picked":["True Grit+1","Run Through","Cleave+1"],"picked":"SKIP","floor":47},{"not_picked":["conspire:ExplosiveBarrier+1","Anger+1"],"picked":"Fiend Fire","floor":48},{"not_picked":["ReplayTheSpireMod:Corrosion Curse+1","Fire Breathing+1","Eclipse"],"picked":"SKIP","floor":54}],"player_experience":530982,"relics_obtained":[{"floor":2,"key":"Gremlin Food"},{"floor":6,"key":"AT_SunfireAegis"},{"floor":8,"key":"Replay:Baseball"},{"floor":10,"key":"ReplayTheSpireMod:TigerMarble"},{"floor":12,"key":"Calipers"},{"floor":19,"key":"Simple Rune"},{"floor":20,"key":"Necronomicon"},{"floor":26,"key":"REME_HandOfSuture"},{"floor":30,"key":"Replay:Wax Seal"},{"floor":41,"key":"Replay:Bandana"},{"floor":43,"key":"REME_ArchaeologicalTools"},{"floor":44,"key":"War Paint"},{"floor":45,"key":"MealTicket"},{"floor":48,"key":"Blue Doll"},{"floor":54,"key":"Bag of Marbles"}],"event_choices":[{"damage_healed":0,"gold_gain":0,"player_choice":"Success","damage_taken":7,"relics_obtained":["AT_RedTearstoneRing"],"max_hp_gain":0,"max_hp_loss":0,"event_name":"Scrap Ooze","floor":4,"gold_loss":0},{"damage_healed":0,"gold_gain":0,"player_choice":"Obtained Book","damage_taken":16,"max_hp_gain":0,"max_hp_loss":0,"event_name":"Cursed Tome","floor":20,"gold_loss":0},{"cards_removed":["Defend_R"],"damage_healed":0,"gold_gain":0,"player_choice":"Upgrade and Remove","damage_taken":0,"max_hp_gain":0,"max_hp_loss":0,"event_name":"Designer","floor":21,"gold_loss":90,"cards_upgraded":["Defend_R"]},{"damage_healed":0,"gold_gain":0,"player_choice":"Inject Mutagens","damage_taken":0,"relics_obtained":["MutagenicStrength"],"max_hp_gain":0,"max_hp_loss":0,"event_name":"Drug Dealer","floor":24,"gold_loss":0},{"cards_removed":["Defend_R"],"damage_healed":0,"gold_gain":0,"player_choice":"Gave Gold","damage_taken":0,"max_hp_gain":0,"max_hp_loss":0,"event_name":"Beggar","floor":25,"gold_loss":75},{"damage_healed":0,"gold_gain":0,"player_choice":"Leave","damage_taken":0,"max_hp_gain":0,"max_hp_loss":0,"event_name":"conspire:Investor","floor":31,"gold_loss":0},{"cards_removed":["Pommel Strike"],"damage_healed":0,"gold_gain":0,"player_choice":"Removed Attack","damage_taken":0,"max_hp_gain":0,"max_hp_loss":0,"event_name":"Falling","floor":37,"gold_loss":0},{"damage_healed":0,"gold_gain":0,"player_choice":"Relic","damage_taken":0,"max_hp_gain":0,"max_hp_loss":0,"event_name":"Wheel of Change","floor":44,"gold_loss":0}],"is_beta":false,"boss_relics":[{"not_picked":["Ooze Armor","Abe\u0027s Treasure"],"picked":"AT_TrinityForce"},{"not_picked":["Painkiller Herb","Calling Bell"],"picked":"Black Blood"}],"items_purged_floors":[13,38,38],"is_endless":false,"potions_floor_spawned":[3,5,10,11,14,16,22,23,28,33,41,46,47,48,54],"killed_by":"The Heart","ascension_level":9}}