{"host":"d61fcf2p3sjwe6yo","time":1612858334,"event":{"mods":["BaseMod","Colored Map","Koishi","Marisa????????","Minty Spire (QoL Compilation)","StSLib","SuperFastMode","The Servant 0.9.4"],"gold_per_floor":[117,131,149,169,319,319,353,353,379,409,409,409,424,53,53,126,126,136,136,149,45,57,57,89,89,89,119,119,119,138,88,88,164,164,175,175,194,144,144,144,144],"floor_reached":40,"language":"ENG","playtime":2491,"items_purged":["Doubt","Koishi:BasicStrike","Koishi:BasicStrike","Koishi:BasicStrike"],"score":989,"play_id":"ef7f2548-1442-4946-93c7-d058c58ab61a","local_time":"20210209111214","is_ascension_mode":true,"campfire_choices":[{"data":"Koishi:HeartAttack","floor":6.0,"key":"SMITH"},{"data":"Koishi:Whimsy","floor":8.0,"key":"SMITH"},{"floor":12.0,"key":"REST"},{"data":"Koishi:FourthEye","floor":15.0,"key":"SMITH"},{"data":"Koishi:GhostParty","floor":23.0,"key":"SMITH"},{"data":"Koishi:RorschachInDanmaku","floor":25.0,"key":"SMITH"},{"data":"Koishi:ReflexRadar","floor":32,"key":"SMITH"}],"circlet_count":0,"master_deck":["AscendersBane","Koishi:BasicStrike","Koishi:BasicDefend","Koishi:BasicDefend+1","Koishi:BasicDefend","Koishi:BasicDefend+1","Koishi:Provoke","Koishi:HauntingSlash","Koishi:DreadfulBlow","Koishi:HeartAttack+1","Koishi:HeartfeltFancy+1","Koishi:ReflexRadar+1","Koishi:Whimsy+1","Koishi:FourthEye+1","Koishi:HeartfeltFancy","Koishi:Ego","Koishi:HeartfeltFancy","Koishi:RorschachInDanmaku+1","Koishi:HeartfeltFancy","Koishi:GhostParty+1","Koishi:RorschachInDanmaku+1","Koishi:ReflexRadar+1","Koishi:FadingMemory","Madness","Madness","Koishi:Prune+1"],"relics":["Koishi:ImaginaryFriend","Vajra","Bag of Marbles","Smiling Mask","Oddly Smooth Stone","War Paint","Sozu","Potion Belt","Turnip","Nunchaku","White Beast Statue","Fusion Hammer","Frozen Eye"],"acts_visited":["Exordium","TheCity","TheBeyond"],"potions_floor_usage":[],"damage_taken":[{"damage":9.0,"enemies":"Cultist","floor":1.0,"turns":4.0},{"damage":6.0,"enemies":"Jaw Worm","floor":2.0,"turns":5.0},{"damage":0.0,"enemies":"2 Louse","floor":3.0,"turns":3.0},{"damage":6.0,"enemies":"2 Fungi Beasts","floor":4.0,"turns":3.0},{"damage":20.0,"enemies":"Lagavulin","floor":7.0,"turns":6.0},{"damage":5.0,"enemies":"3 Sentries","floor":10.0,"turns":5.0},{"damage":1.0,"enemies":"Red Slaver","floor":13.0,"turns":4.0},{"damage":14.0,"enemies":"The Guardian","floor":16.0,"turns":9.0},{"damage":0.0,"enemies":"Spheric Guardian","floor":18.0,"turns":2.0},{"damage":0.0,"enemies":"Chosen","floor":20.0,"turns":3.0},{"damage":0.0,"enemies":"3 Cultists","floor":22.0,"turns":4.0},{"damage":0.0,"enemies":"Gremlin Leader","floor":24.0,"turns":20.0},{"damage":0.0,"enemies":"Book of Stabbing","floor":27.0,"turns":4.0},{"damage":0.0,"enemies":"Sentry and Sphere","floor":30.0,"turns":9.0},{"damage":4,"enemies":"Automaton","floor":33,"turns":18},{"damage":0,"enemies":"3 Darklings","floor":35,"turns":5},{"damage":0,"enemies":"3 Shapes","floor":37,"turns":3},{"damage":61,"enemies":"Reptomancer","floor":40,"turns":2}],"seed_played":"1424936619603080114","potions_obtained":[{"floor":3.0,"key":"GamblersBrew"},{"floor":4.0,"key":"BlessingOfTheForge"},{"floor":7.0,"key":"LiquidMemories"}],"is_trial":false,"path_per_floor":["M","M","M","M","?","R","E","R","T","E","?","R","M","$","R","B",null,"M","?","M","$","M","R","E","R","T","E","?","T","M","$","R","B",null,"M","?","M","$","?","E"],"character_chosen":"KOISHI","items_purchased":["Oddly Smooth Stone","War Paint","Koishi:HeartfeltFancy"],"campfire_rested":1,"item_purchase_floors":[14,14,21],"current_hp_per_floor":[49,46,47,43,43,43,27,27,27,24,5,23,24,24,24,10,49,49,49,50,50,50,50,57,57,57,57,57,57,59,59,59,59,61,62,51,51,51,51,0,0],"gold":144,"neow_bonus":"TEN_PERCENT_HP_BONUS","is_daily":false,"chose_seed":false,"campfire_upgraded":6,"win_rate":0.0,"timestamp":1612858334,"path_taken":["M","M","?","M","?","R","E","R","T","E","?","R","M","$","R","BOSS","M","?","?","$","M","R","E","R","T","E","?","?","M","$","R","BOSS","M","?","M","$","?","E"],"items_purchased_type":["Relic","Relic","Card"],"build_version":"2020-12-22","purchased_purges":4,"victory":false,"max_hp_per_floor":[62,62,62,62,62,62,62,62,62,62,62,62,62,62,62,62,62,62,62,62,62,62,62,62,62,62,62,62,62,62,62,62,62,62,62,62,62,62,62,62,62],"card_choices":[{"not_picked":["Koishi:SpiritedAway","Koishi:Prune"],"picked":"Koishi:DreadfulBlow","floor":1.0},{"not_picked":["Koishi:PhantomBarrier","Koishi:HeartfeltFancy"],"picked":"Koishi:HeartAttack","floor":2.0},{"not_picked":["Koishi:PhantomBarrier","Koishi:ApparitionsStalkTheNight"],"picked":"Koishi:HeartfeltFancy","floor":3.0},{"not_picked":["Koishi:StingingMind","Koishi:TraumaticStroke"],"picked":"Koishi:ReflexRadar","floor":4.0},{"not_picked":["Koishi:ConfinedInnocent","Koishi:MindNumbingTerror"],"picked":"Koishi:Whimsy","floor":7.0},{"not_picked":["Koishi:SubconsciousSweep","Koishi:UnseenTerror"],"picked":"Koishi:FourthEye","floor":10.0},{"not_picked":["Koishi:VengefulSpirit","Koishi:StingingMind"],"picked":"Koishi:HeartfeltFancy","floor":13.0},{"not_picked":["Koishi:TerrifyingSpectre","Koishi:ConditionedTeleport"],"picked":"Koishi:Ego","floor":16.0},{"not_picked":["Koishi:UnansweredLove","Koishi:Jaunt+1"],"picked":"Koishi:HeartfeltFancy","floor":18.0},{"not_picked":["Koishi:SubterraneanRose","Koishi:DanmakuParanoia","Koishi:Ego"],"picked":"SKIP","floor":20.0},{"not_picked":["Koishi:YoukaiPolygraph","Koishi:SubterraneanRose"],"picked":"Koishi:GhostParty","floor":22.0},{"not_picked":["Koishi:StingingMind","Koishi:PhantomStrike+1","Koishi:DNAsFlaw"],"picked":"SKIP","floor":24.0},{"not_picked":["Koishi:GhostParty","Koishi:BloodcurdlingScream"],"picked":"Koishi:RorschachInDanmaku+1","floor":27.0},{"not_picked":["Koishi:CatchAndRose","Koishi:UnconsciousUrges","Koishi:JumpScare"],"picked":"SKIP","floor":30.0},{"not_picked":["Koishi:CatchAndRose","Koishi:UnconsciousUrges","Koishi:JumpScare"],"picked":"SKIP","floor":30.0},{"not_picked":["Koishi:FormlessExistence","Koishi:Ego"],"picked":"Koishi:FadingMemory","floor":33},{"not_picked":["Koishi:CatchAndRose","Koishi:FleetingPhantom","Koishi:BloodcurdlingScream"],"picked":"SKIP","floor":35},{"not_picked":["Koishi:Catatonia","Koishi:UnseenTerror"],"picked":"Koishi:Prune","floor":37}],"player_experience":296372,"relics_obtained":[{"floor":7.0,"key":"Vajra"},{"floor":9.0,"key":"Bag of Marbles"},{"floor":10.0,"key":"Smiling Mask"},{"floor":24.0,"key":"Potion Belt"},{"floor":26.0,"key":"Turnip"},{"floor":27.0,"key":"Nunchaku"},{"floor":29.0,"key":"White Beast Statue"}],"event_choices":[{"damage_healed":0.0,"max_hp_gain":0.0,"max_hp_loss":0.0,"gold_gain":150.0,"event_name":"Liars Game","player_choice":"AGREE","floor":5.0,"gold_loss":0.0,"damage_taken":0.0,"cards_obtained":["Doubt"]},{"damage_healed":0.0,"max_hp_gain":0.0,"max_hp_loss":0.0,"gold_gain":0.0,"event_name":"Shining Light","player_choice":"Entered Light","floor":11.0,"gold_loss":0.0,"damage_taken":19.0,"cards_upgraded":["Koishi:HeartfeltFancy","Koishi:ReflexRadar"]},{"damage_healed":0.0,"max_hp_gain":0.0,"max_hp_loss":0.0,"gold_gain":0.0,"event_name":"Match and Keep!","player_choice":"1 cards matched","floor":19.0,"gold_loss":0.0,"damage_taken":0.0,"cards_obtained":["Koishi:RorschachInDanmaku"]},{"damage_healed":0.0,"max_hp_gain":0.0,"max_hp_loss":0.0,"gold_gain":0.0,"event_name":"The Library","player_choice":"Read","floor":28.0,"gold_loss":0.0,"damage_taken":0.0,"cards_obtained":["Koishi:ReflexRadar"]},{"damage_healed":0,"gold_gain":0,"player_choice":"Embrace Madness","damage_taken":11,"max_hp_gain":0,"max_hp_loss":0,"event_name":"Winding Halls","floor":36,"gold_loss":0,"cards_obtained":["Madness","Madness"]},{"damage_healed":0,"gold_gain":0,"player_choice":"Forge","damage_taken":0,"max_hp_gain":0,"max_hp_loss":0,"event_name":"Accursed Blacksmith","floor":39,"gold_loss":0,"cards_upgraded":["Koishi:Prune"]}],"is_beta":false,"boss_relics":[{"not_picked":["SlaversCollar","Astrolabe"],"picked":"Sozu"},{"not_picked":["Tiny House","Busted Crown"],"picked":"Fusion Hammer"}],"items_purged_floors":[14,21,31,38],"is_endless":false,"potions_floor_spawned":[3,4,7,16,20,27,30,33,35,37],"killed_by":"Reptomancer","ascension_level":20}}