{"host":"q8mjpf3krl0t4p3x","time":1612909524,"event":{"mods":["BaseMod","Colored Map","Colored Powertips","Googly Eyes","Minty Spire (QoL Compilation)","Quick Restart","StSLib","everything is the same but u backflip on backflip","slay the spire mod where everything is the same but ironclad has a cowboy hat"],"gold_per_floor":[219,219,219,237,40,70,90,146,172,172,26,60,60,60,60,60,60],"floor_reached":16,"language":"ENG","playtime":326,"items_purged":[],"score":180,"play_id":"ecf6183a-ea42-4c13-98e1-4a02df789ada","local_time":"20210209142524","is_ascension_mode":true,"campfire_choices":[{"floor":10,"key":"REST"},{"floor":15,"key":"REST"}],"circlet_count":0,"master_deck":["AscendersBane","Strike_R","Strike_R","Strike_R","Strike_R","Strike_R","Defend_R","Defend_R","Defend_R","Defend_R","Bash","Iron Wave","Wild Strike","Headbutt","Cleave","Battle Trance"],"relics":["Burning Blood","Potion Belt","ClockworkSouvenir","Singing Bowl","Dream Catcher","Omamori","Tiny Chest","Bag of Marbles"],"acts_visited":["Exordium"],"potions_floor_usage":[6],"damage_taken":[{"damage":1,"enemies":"Cultist","floor":1,"turns":4},{"damage":6,"enemies":"2 Louse","floor":4,"turns":2},{"damage":16,"enemies":"Gremlin Nob","floor":6,"turns":3},{"damage":0,"enemies":"Small Slimes","floor":7,"turns":3},{"damage":30,"enemies":"3 Sentries","floor":8,"turns":8},{"damage":50,"enemies":"Lagavulin","floor":12,"turns":8},{"damage":0,"enemies":"Slime Boss","floor":16,"turns":3}],"seed_played":"9114317711668682719","potions_obtained":[{"floor":1,"key":"SteroidPotion"}],"is_trial":false,"path_per_floor":["M","?","?","M","$","E","M","?","T","R","$","E","$","?","R","B"],"character_chosen":"IRONCLAD","items_purchased":["ClockworkSouvenir","Headbutt","Tiny Chest"],"campfire_rested":2,"item_purchase_floors":[5,5,11],"current_hp_per_floor":[73,55,55,55,55,45,51,29,29,54,54,12,12,17,44,44,44],"gold":60,"neow_bonus":"HUNDRED_GOLD","is_daily":false,"chose_seed":false,"campfire_upgraded":0,"win_rate":0.0,"timestamp":1612909524,"path_taken":["M","?","?","M","$","E","M","?","T","R","$","E","$","?","R","BOSS"],"items_purchased_type":["Relic","Card","Relic"],"build_version":"2020-12-22","purchased_purges":0,"victory":false,"max_hp_per_floor":[75,75,75,75,75,75,75,77,77,79,79,81,81,86,88,88,88],"card_choices":[{"not_picked":["Bloodletting","Fire Breathing"],"picked":"Iron Wave","floor":1},{"not_picked":["Pommel Strike","Rupture"],"picked":"Wild Strike","floor":4},{"not_picked":["Twin Strike","Heavy Blade"],"picked":"Cleave","floor":6},{"not_picked":["Twin Strike","Perfected Strike"],"picked":"Battle Trance","floor":7},{"not_picked":["Evolve","Flame Barrier","Dark Embrace"],"picked":"Singing Bowl","floor":8},{"not_picked":["Disarm","Clash","Headbutt"],"picked":"Singing Bowl","floor":10},{"not_picked":["Whirlwind","Reaper","Rampage"],"picked":"Singing Bowl","floor":12},{"not_picked":["Pummel","Warcry","Iron Wave"],"picked":"Singing Bowl","floor":15}],"player_experience":346114,"relics_obtained":[{"floor":6,"key":"Singing Bowl"},{"floor":8,"key":"Dream Catcher"},{"floor":9,"key":"Omamori"},{"floor":12,"key":"Bag of Marbles"}],"event_choices":[{"damage_healed":0,"gold_gain":0,"player_choice":"Success","damage_taken":18,"relics_obtained":["Potion Belt"],"max_hp_gain":0,"max_hp_loss":0,"event_name":"Scrap Ooze","floor":2,"gold_loss":0},{"damage_healed":0,"gold_gain":0,"player_choice":"Leave","damage_taken":0,"max_hp_gain":0,"max_hp_loss":0,"event_name":"The Cleric","floor":3,"gold_loss":0},{"damage_healed":0,"gold_gain":0,"player_choice":"Searched \u00272\u0027 times","damage_taken":0,"max_hp_gain":0,"max_hp_loss":0,"event_name":"Dead Adventurer","floor":8,"gold_loss":0},{"damage_healed":0,"gold_gain":0,"player_choice":"Donut","damage_taken":0,"max_hp_gain":5,"max_hp_loss":0,"event_name":"Big Fish","floor":14,"gold_loss":0}],"is_beta":false,"boss_relics":[],"items_purged_floors":[],"is_endless":false,"potions_floor_spawned":[1],"killed_by":"Slime Boss","ascension_level":14}}