{"host":"6q94iy5iz6612v89","time":1612845128,"event":{"mods":["2.2 Compatiblity","AchievementEnabler","BaseMod","Colored Map","DeckTracker","Keyboard Shortcuts","Minty Spire (QoL Compilation)","Permanent Neow","StSLib","SuperFastMode"],"gold_per_floor":[110,129,140,159,174,187,204,204,255,266,266,285,285,304,304,381,381,399,399,1,1,51,51,62,62,62,62,62,78,95,120,120,197,197,214,225,125,135,146,146,178,209,247,273,17,29,29,29,29],"floor_reached":48,"language":"KOR","playtime":1217,"items_purged":["Strike_G","Strike_G"],"score":1064,"play_id":"3a7891b6-8ce9-4ed4-adda-9b168c18f1b0","local_time":"20210209133208","is_ascension_mode":true,"campfire_choices":[{"floor":8.0,"key":"REST"},{"data":"Sadistic Nature","floor":13.0,"key":"SMITH"},{"floor":15.0,"key":"REST"},{"data":"Footwork","floor":23.0,"key":"SMITH"},{"data":"Bouncing Flask","floor":25.0,"key":"SMITH"},{"data":"Catalyst","floor":28,"key":"SMITH"},{"data":"Deadly Poison","floor":32,"key":"SMITH"},{"data":"Footwork","floor":40,"key":"SMITH"}],"circlet_count":0,"master_deck":["AscendersBane","Strike_G","Strike_G","Strike_G","Defend_G","Defend_G","Defend_G","Defend_G","Defend_G","Survivor","Neutralize","Sadistic Nature+1","Choke","Footwork+1","Footwork+1","Crippling Poison","Deadly Poison+1","Catalyst+1","Dash","Dodge and Roll","Bouncing Flask+1","Adrenaline","Blur","Dodge and Roll+1","Catalyst","Acrobatics"],"relics":["Ring of the Snake","Bronze Scales","Mango","Sozu","Lee\u0027s Waffle","Omamori","Pen Nib","HornCleat","Busted Crown","MawBank","Happy Flower","Pear"],"acts_visited":["Exordium","TheCity","TheBeyond"],"potions_floor_usage":[30],"damage_taken":[{"damage":1.0,"enemies":"Cultist","floor":1.0,"turns":4.0},{"damage":1.0,"enemies":"Small Slimes","floor":2.0,"turns":3.0},{"damage":0.0,"enemies":"2 Louse","floor":3.0,"turns":3.0},{"damage":10.0,"enemies":"Looter","floor":4.0,"turns":5.0},{"damage":0.0,"enemies":"Lots of Slimes","floor":5.0,"turns":1.0},{"damage":14.0,"enemies":"Exordium Thugs","floor":6.0,"turns":5.0},{"damage":4.0,"enemies":"Looter","floor":7.0,"turns":4.0},{"damage":8.0,"enemies":"Large Slime","floor":10.0,"turns":3.0},{"damage":0.0,"enemies":"Exordium Wildlife","floor":12.0,"turns":3.0},{"damage":5.0,"enemies":"Gremlin Gang","floor":14.0,"turns":5.0},{"damage":35.0,"enemies":"Slime Boss","floor":16.0,"turns":9.0},{"damage":0.0,"enemies":"3 Byrds","floor":18.0,"turns":2.0},{"damage":0.0,"enemies":"Spheric Guardian","floor":24.0,"turns":4.0},{"damage":2,"enemies":"Centurion and Healer","floor":29,"turns":5},{"damage":15,"enemies":"Shelled Parasite and Fungi","floor":30,"turns":5},{"damage":49,"enemies":"Slavers","floor":31,"turns":4},{"damage":7,"enemies":"Champ","floor":33,"turns":13},{"damage":0,"enemies":"3 Shapes","floor":35,"turns":6},{"damage":5,"enemies":"Orb Walker","floor":36,"turns":2},{"damage":5,"enemies":"Writhing Mass","floor":38,"turns":5},{"damage":8,"enemies":"Spire Growth","floor":39,"turns":4},{"damage":36,"enemies":"Nemesis","floor":41,"turns":6},{"damage":0,"enemies":"Transient","floor":42,"turns":6},{"damage":0,"enemies":"Sphere and 2 Shapes","floor":44,"turns":3},{"damage":0,"enemies":"Maw","floor":46,"turns":6},{"damage":47,"enemies":"Giant Head","floor":48,"turns":7}],"seed_played":"-4755459014293500263","potions_obtained":[{"floor":1.0,"key":"Swift Potion"},{"floor":4.0,"key":"Strength Potion"},{"floor":6.0,"key":"Strength Potion"},{"floor":7.0,"key":"Strength Potion"},{"floor":16.0,"key":"FearPotion"}],"is_trial":false,"path_per_floor":["M","M","M","M","M","M","M","R","T","M","?","M","R","M","R","B",null,"M","?","$","?","?","R","M","R","T","$","R","M","M","E","R","B",null,"M","M","$","M","M","R","E","M","T","M","$","M","$","E"],"character_chosen":"THE_SILENT","items_purchased":["Lee\u0027s Waffle","Omamori","Pear"],"campfire_rested":2,"item_purchase_floors":[20,20,45],"current_hp_per_floor":[43,42,42,32,32,18,14,33,33,25,21,21,21,16,40,5,61,61,38,92,92,92,92,92,92,92,92,92,90,75,26,26,19,74,74,69,69,64,56,56,20,20,20,20,30,30,30,0,0],"gold":29,"neow_bonus":"RANDOM_COLORLESS_2","is_daily":false,"chose_seed":false,"campfire_upgraded":6,"win_rate":0.0,"timestamp":1612845128,"path_taken":["M","M","M","M","M","M","M","R","T","?","?","M","R","M","R","BOSS","M","?","$","?","?","R","M","R","T","?","R","M","M","E","R","BOSS","M","M","?","M","M","R","E","M","T","M","$","M","$","E"],"items_purchased_type":["Relic","Relic","Relic"],"build_version":"2020-12-22","purchased_purges":2,"victory":false,"max_hp_per_floor":[66,66,66,66,66,66,66,66,66,66,80,80,80,80,80,80,80,80,85,92,92,92,92,92,92,92,92,92,92,92,92,92,92,92,92,92,92,92,92,92,92,92,92,92,102,102,102,102,102],"card_choices":[{"not_picked":["The Bomb","Mayhem"],"picked":"Sadistic Nature","floor":0.0},{"not_picked":["Dagger Spray","Cloak And Dagger"],"picked":"Choke","floor":1.0},{"not_picked":["Setup","Underhanded Strike"],"picked":"Footwork","floor":2.0},{"not_picked":["Skewer","Cloak And Dagger"],"picked":"Footwork","floor":3.0},{"not_picked":["Setup","Unload"],"picked":"Crippling Poison","floor":4.0},{"not_picked":["PiercingWail","Dodge and Roll"],"picked":"Deadly Poison","floor":5.0},{"not_picked":["Dagger Spray","Well Laid Plans","Blade Dance"],"picked":"SKIP","floor":6.0},{"not_picked":["Flying Knee","Underhanded Strike"],"picked":"Catalyst","floor":7.0},{"not_picked":["Acrobatics","Eviscerate"],"picked":"Dash","floor":10.0},{"not_picked":["Quick Slash","Venomology"],"picked":"Dodge and Roll","floor":12.0},{"not_picked":["Sucker Punch","Blade Dance"],"picked":"Bouncing Flask","floor":14.0},{"not_picked":["Phantasmal Killer","Burst"],"picked":"Adrenaline","floor":16.0},{"not_picked":["Outmaneuver","Quick Slash","Masterful Stab"],"picked":"SKIP","floor":18.0},{"not_picked":["Deflect+1","Blade Dance","Prepared"],"picked":"SKIP","floor":24.0},{"not_picked":["Escape Plan","Choke"],"picked":"Blur","floor":29},{"not_picked":["Setup","Tactician+1"],"picked":"Dodge and Roll+1","floor":30},{"not_picked":["Endless Agony","Dagger Spray","Poisoned Stab"],"picked":"SKIP","floor":31},{"not_picked":["Blade Dance"],"picked":"SKIP","floor":35},{"not_picked":["Dagger Spray"],"picked":"SKIP","floor":36},{"not_picked":[],"picked":"Catalyst","floor":38},{"not_picked":["Finisher"],"picked":"SKIP","floor":39},{"not_picked":["Sucker Punch"],"picked":"SKIP","floor":41},{"not_picked":["Blade Dance"],"picked":"SKIP","floor":42},{"not_picked":[],"picked":"Acrobatics","floor":44},{"not_picked":["Dagger Throw+1"],"picked":"SKIP","floor":46}],"player_experience":1478733,"relics_obtained":[{"floor":9.0,"key":"Bronze Scales"},{"floor":31,"key":"HornCleat"},{"floor":41,"key":"MawBank"},{"floor":43,"key":"Happy Flower"}],"event_choices":[{"damage_healed":0.0,"max_hp_gain":0.0,"max_hp_loss":0.0,"gold_gain":0.0,"event_name":"Scrap Ooze","player_choice":"Success","floor":11.0,"gold_loss":0.0,"damage_taken":18.0,"relics_obtained":["Mango"]},{"damage_healed":0.0,"max_hp_gain":5.0,"max_hp_loss":0.0,"gold_gain":0.0,"event_name":"Forgotten Altar","player_choice":"Shed Blood","floor":19.0,"gold_loss":0.0,"damage_taken":28.0},{"damage_healed":0.0,"max_hp_gain":0.0,"max_hp_loss":0.0,"gold_gain":0.0,"event_name":"The Mausoleum","player_choice":"Opened","floor":21.0,"gold_loss":0.0,"damage_taken":0.0,"relics_obtained":["Pen Nib"],"cards_obtained":["Writhe"]},{"damage_healed":0.0,"max_hp_gain":0.0,"max_hp_loss":0.0,"gold_gain":50.0,"event_name":"Nest","player_choice":"Stole From Cult","floor":22.0,"gold_loss":0.0,"damage_taken":0.0}],"is_beta":false,"boss_relics":[{"not_picked":["Cursed Key","Calling Bell"],"picked":"Sozu"},{"not_picked":["Pandora\u0027s Box","Velvet Choker"],"picked":"Busted Crown"}],"items_purged_floors":[20,37],"is_endless":false,"potions_floor_spawned":[1,4,6,7,16,18,29,31,33,35,39,41,44,46],"killed_by":"Giant Head","ascension_level":20}}