{"host":"u9h06qdlnp3wgzsw","time":1612904461,"event":{"mods":["Act Like it!","BaseMod","Conspire","Curses Come First","Downfall","Hallownest","Hermit","Hubris","Minty Spire (QoL Compilation)","Quick Restart","Rare Cards Sparkle","Replay The Spire","Shop Mod","StSLib","The Disciple","The Hierophant","The Servant 0.9.4"],"gold_per_floor":[349,349,365,378,178,178,227,273,273,273,354,254,334,334,394,483,528,553,553,553],"floor_reached":18,"language":"ENG","playtime":2690,"items_purged":[],"score":139,"play_id":"a550d99a-7f2b-406b-9fbe-644a1c6260f2","local_time":"20210209160101","is_ascension_mode":false,"campfire_choices":[{"floor":1.0,"key":"RECALL"},{"floor":12.0,"key":"REST"},{"floor":14,"key":"REST"}],"circlet_count":0,"master_deck":["bronze:Strike","bronze:Strike","bronze:Strike","bronze:Strike","bronze:Defend","bronze:Defend","bronze:Defend","bronze:Defend","bronze:Replicate","bronze:Goto","CommonCold","Writhe","bronze:NullPointer","conspire:SpireCoStock","conspire:SpireCoStock","conspire:SpireCoStock","conspire:SpireCoStock","bronze:Frontload","bronze:WhirlingStrike","bronze:Break","LockedMedicine"],"relics":["bronze:BronzeCore","Hallownest:DreamNailRelic","Replay:Mystery Machine","downfall:HeartBlessingRed","hubris:DisguiseKit"],"acts_visited":["Exordium"],"potions_floor_usage":[17,17,18],"damage_taken":[{"damage":8.0,"enemies":"Hallownest:2_MossCreeps","floor":3.0,"turns":9.0},{"damage":1.0,"enemies":"Hallownest:2_Tiktiks_and_1_Crawlid","floor":4.0,"turns":4.0},{"damage":10.0,"enemies":"Hallownest:monsterHuskGuard","floor":8.0,"turns":5.0},{"damage":4.0,"enemies":"Hallownest:monsterMossCharger","floor":11.0,"turns":13.0},{"damage":25.0,"enemies":"Hallownest:eliteVengeflyKing","floor":13.0,"turns":16.0},{"damage":20,"enemies":"Hallownest:monsterAspidMother","floor":15,"turns":11},{"damage":8,"enemies":"Hallownest:1_Baldur_1_Crawlid_1_Warrior","floor":16,"turns":7},{"damage":42,"enemies":"Hallownest:Guard_and_Warrior","floor":17,"turns":7},{"damage":6,"enemies":"SI_SHIV_ARCHETYPE","floor":18,"turns":3}],"seed_played":"2635085394227078421","potions_obtained":[{"floor":4.0,"key":"bronze:BurnAndBuffPotion"},{"floor":8.0,"key":"sneckomod:MuddlingPotion"},{"floor":16,"key":"PowerPotion"},{"floor":17,"key":"SteroidPotion"}],"is_trial":false,"path_per_floor":["R","?","M","M","?","?","T","M","PTL","PTL","?","R","E","R","M","M","M","B"],"character_chosen":"THE_AUTOMATON","items_purchased":[],"campfire_rested":2,"item_purchase_floors":[],"current_hp_per_floor":[70,78,70,69,69,69,69,59,59,59,55,78,53,76,56,48,6,0,0,0],"gold":553,"neow_bonus":"TWO_FIFTY_GOLD","is_daily":false,"chose_seed":false,"campfire_upgraded":0,"win_rate":0.0,"timestamp":1612904461,"path_taken":["R","?","M","M","?","?","T","?","PTL","PTL","?","R","E","R","M","?","M","BOSS"],"items_purchased_type":[],"build_version":"2020-12-22","purchased_purges":0,"victory":false,"max_hp_per_floor":[70,78,78,78,78,78,78,78,78,78,78,78,78,78,78,78,78,78,78,78],"card_choices":[{"not_picked":["bronze:Return","bronze:Turbo"],"picked":"bronze:NullPointer","floor":3.0},{"not_picked":["bronze:Return","bronze:Deprecate","bronze:Shield"],"picked":"SKIP","floor":4.0},{"not_picked":["bronze:Turbo","bronze:Invalidate","bronze:ClassDefault"],"picked":"SKIP","floor":8.0},{"not_picked":["bronze:Overload","bronze:Invalidate","bronze:Virus"],"picked":"SKIP","floor":11.0},{"not_picked":["bronze:CloningBeam","bronze:Shield"],"picked":"bronze:Frontload","floor":13},{"not_picked":["bronze:Constructor","bronze:FineTuning","Stagnate"],"picked":"bronze:WhirlingStrike","floor":15},{"not_picked":["bronze:Deprecate","bronze:FineTuning","AlternateTimeline"],"picked":"bronze:Break","floor":16},{"not_picked":["bronze:OilSpill","bronze:Overheat","bronze:DelayedSlice"],"picked":"LockedMedicine","floor":17}],"player_experience":1030533,"relics_obtained":[{"floor":7.0,"key":"Replay:Mystery Machine"},{"floor":13,"key":"hubris:DisguiseKit"}],"event_choices":[{"damage_healed":0.0,"max_hp_gain":0.0,"max_hp_loss":0.0,"gold_gain":0.0,"event_name":"conspire:Investor","player_choice":"Invest 4","floor":5.0,"gold_loss":0.0,"damage_taken":0.0}],"is_beta":false,"boss_relics":[],"items_purged_floors":[],"is_endless":false,"potions_floor_spawned":[4,8,16,17],"killed_by":"SI_SHIV_ARCHETYPE","ascension_level":0}}