{"host":"tq99ucv8ezzqzioe","time":1612837631,"event":{"mods":["BaseMod","Colored Map","Downfall","Highlight Path","Minty Spire (QoL Compilation)","StSLib"],"gold_per_floor":[119,136,156,176,176,176,176,209,234,78,78,95,95,95,95],"floor_reached":14,"language":"ENG","playtime":2129,"items_purged":[],"score":126,"play_id":"643ad263-e2c6-4ff1-8030-c123b84b8838","local_time":"20210208212711","is_ascension_mode":true,"campfire_choices":[{"floor":6,"key":"RECALL"},{"data":"White Noise","floor":11,"key":"SMITH"}],"circlet_count":0,"master_deck":["Strike_B","Strike_B","Strike_B+1","Strike_B","Defend_B","Defend_B","Defend_B","Defend_B","Zap","Dualcast","FTL+1","Rebound","Cold Snap","Conserve Battery","Storm","Undo","Cold Snap","Machine Learning","White Noise+1","Capacitor","Leap"],"relics":["Cracked Core","Bag of Preparation","Strawberry","Anchor","Orrery","MealTicket"],"acts_visited":["Exordium"],"potions_floor_usage":[8,14],"damage_taken":[{"damage":0,"enemies":"2 Louse","floor":1,"turns":1},{"damage":2,"enemies":"Small Slimes","floor":2,"turns":3},{"damage":4,"enemies":"Jaw Worm","floor":3,"turns":3},{"damage":8,"enemies":"Red Slaver","floor":4,"turns":4},{"damage":17,"enemies":"Gremlin Nob","floor":8,"turns":4},{"damage":7,"enemies":"Looter","floor":12,"turns":4},{"damage":10,"enemies":"3 Sentries","floor":14,"turns":5}],"seed_played":"-1874287327397855883","potions_obtained":[{"floor":3,"key":"sneckomod:MuddlingPotion"},{"floor":4,"key":"Weak Potion"}],"is_trial":false,"path_per_floor":["M","M","M","M","?","R","?","E","T","$","R","M","?","E"],"character_chosen":"DEFECT","items_purchased":["Orrery"],"campfire_rested":0,"item_purchase_floors":[10],"current_hp_per_floor":[68,66,62,54,39,39,39,29,29,29,29,22,10,0,0],"gold":95,"neow_bonus":"RANDOM_COMMON_RELIC","is_daily":false,"chose_seed":false,"campfire_upgraded":1,"win_rate":0.0,"timestamp":1612837631,"path_taken":["M","M","M","M","?","R","?","E","T","$","R","M","?","E"],"items_purchased_type":["Relic"],"build_version":"2020-12-22","purchased_purges":0,"victory":false,"max_hp_per_floor":[75,75,75,75,75,75,75,82,82,82,82,82,82,82,82],"card_choices":[{"not_picked":["Rebound","Doom and Gloom"],"picked":"FTL","floor":1},{"not_picked":["Coolheaded","Streamline"],"picked":"Rebound","floor":2},{"not_picked":["Turbo","Stack"],"picked":"Cold Snap","floor":3},{"not_picked":["Steam","Barrage"],"picked":"Conserve Battery","floor":4},{"not_picked":["Force Field","Skim"],"picked":"Storm","floor":8},{"not_picked":["Doom and Gloom","FTL"],"picked":"Undo","floor":10},{"not_picked":["Compile Driver","Melter"],"picked":"Cold Snap","floor":10},{"not_picked":["Streamline","Go for the Eyes"],"picked":"Machine Learning","floor":10},{"not_picked":["Double Energy","Amplify"],"picked":"White Noise","floor":10},{"not_picked":["Stack","Sweeping Beam"],"picked":"Capacitor","floor":10},{"not_picked":["Gash","Hologram"],"picked":"Leap","floor":12}],"player_experience":931930,"relics_obtained":[{"floor":8,"key":"Strawberry"},{"floor":9,"key":"Anchor"}],"event_choices":[{"damage_healed":0,"gold_gain":0,"player_choice":"Entered Light","damage_taken":15,"max_hp_gain":0,"max_hp_loss":0,"event_name":"Shining Light","floor":5,"gold_loss":0,"cards_upgraded":["FTL","Strike_B"]},{"damage_healed":0,"gold_gain":0,"player_choice":"Ignored","damage_taken":0,"max_hp_gain":0,"max_hp_loss":0,"event_name":"Golden Idol","floor":7,"gold_loss":0},{"damage_healed":0,"gold_gain":0,"player_choice":"Success","damage_taken":12,"relics_obtained":["MealTicket"],"max_hp_gain":0,"max_hp_loss":0,"event_name":"Scrap Ooze","floor":13,"gold_loss":0}],"is_beta":false,"boss_relics":[],"items_purged_floors":[],"is_endless":false,"potions_floor_spawned":[3,4],"killed_by":"3 Sentries","ascension_level":8}}