{"host":"kh6fvhxn285ncg0o","time":1612841960,"event":{"mods":["Act Like it!","BaseMod","Colored Map","Friendly Minions","Keyboard Shortcuts","Minty Spire (QoL Compilation)","Quick Restart","Relic Stats","StSLib","SuperFastMode","UnlockEverythingMod"],"gold_per_floor":[117,117,192,203,214,256,256,282,309,36,48,80,97,106,106,187,187,200,125,140,65,83,83,133,168,215,259,279,279,305,332,332,417,417,436,80,96,121,139,167,167,167,167],"floor_reached":42,"language":"KOR","playtime":1663,"items_purged":["Headbutt","Bash"],"score":1289,"play_id":"f0b37b68-d241-4f3e-81d6-c4e9b1a8c845","local_time":"20210209123920","is_ascension_mode":true,"campfire_choices":[{"data":"Armaments","floor":7.0,"key":"SMITH"},{"data":"Pommel Strike","floor":15.0,"key":"SMITH"},{"data":"Offering","floor":23.0,"key":"SMITH"},{"floor":29.0,"key":"REST"},{"data":"Dark Embrace","floor":32.0,"key":"SMITH"}],"circlet_count":0,"master_deck":["AscendersBane","Uppercut","Bloodletting","Armaments+1","Shrug It Off","Pommel Strike+1","Shrug It Off","Offering+1","Parasite","Barricade","Metallicize","Flex","Evolve","Battle Trance+1","True Grit","Immolate","Dark Embrace+1","Feed","Purity","Rage","Dark Shackles","Flash of Steel"],"relics":["Pandora\u0027s Box","CeramicFish","Art of War","Sundial","Bronze Scales","Empty Cage","Bag of Marbles","Strawberry","Red Mask","Shuriken","Runic Cube","Happy Flower","The Courier","Lantern"],"acts_visited":["Exordium","TheCity","TheBeyond"],"potions_floor_usage":[42],"damage_taken":[{"damage":9.0,"enemies":"Small Slimes","floor":1.0,"turns":3.0},{"damage":0.0,"enemies":"2 Louse","floor":4.0,"turns":2.0},{"damage":7.0,"enemies":"Jaw Worm","floor":5.0,"turns":3.0},{"damage":6.0,"enemies":"Gremlin Nob","floor":6.0,"turns":2.0},{"damage":19.0,"enemies":"3 Sentries","floor":8.0,"turns":5.0},{"damage":2.0,"enemies":"Exordium Thugs","floor":11.0,"turns":5.0},{"damage":9.0,"enemies":"Gremlin Nob","floor":12.0,"turns":3.0},{"damage":0.0,"enemies":"Large Slime","floor":13.0,"turns":5.0},{"damage":18.0,"enemies":"Hexaghost","floor":16.0,"turns":6.0},{"damage":18.0,"enemies":"Shell Parasite","floor":18.0,"turns":4.0},{"damage":6.0,"enemies":"Chosen","floor":20.0,"turns":3.0},{"damage":15.0,"enemies":"Slavers","floor":25.0,"turns":13.0},{"damage":9.0,"enemies":"Masked Bandits","floor":27.0,"turns":3.0},{"damage":6.0,"enemies":"Shelled Parasite and Fungi","floor":28.0,"turns":9.0},{"damage":9.0,"enemies":"Gremlin Leader","floor":30.0,"turns":4.0},{"damage":17.0,"enemies":"Champ","floor":33.0,"turns":7.0},{"damage":9.0,"enemies":"3 Shapes","floor":35.0,"turns":3.0},{"damage":9.0,"enemies":"3 Darklings","floor":37.0,"turns":2.0},{"damage":0.0,"enemies":"4 Shapes","floor":38.0,"turns":6.0},{"damage":0.0,"enemies":"Giant Head","floor":40.0,"turns":6.0},{"damage":61,"enemies":"Reptomancer","floor":42,"turns":9}],"seed_played":"-4221841228075181484","potions_obtained":[{"floor":6.0,"key":"Block Potion"},{"floor":8.0,"key":"BlessingOfTheForge"},{"floor":11.0,"key":"Swift Potion"},{"floor":18.0,"key":"Fire Potion"},{"floor":20.0,"key":"Weak Potion"},{"floor":27.0,"key":"BlessingOfTheForge"},{"floor":33.0,"key":"Explosive Potion"},{"floor":38.0,"key":"AttackPotion"}],"is_trial":false,"path_per_floor":["M","?","?","M","M","E","R","E","T","$","M","E","M","?","R","B",null,"M","?","M","$","?","R","?","E","T","?","M","R","E","?","R","B",null,"M","$","M","M","?","E","T","E"],"character_chosen":"IRONCLAD","items_purchased":["Sundial","Purity","Happy Flower"],"campfire_rested":1,"item_purchase_floors":[10,36,36],"current_hp_per_floor":[59,59,48,48,41,35,35,16,16,16,14,5,5,23,23,5,58,40,40,34,34,34,34,34,19,26,17,11,35,26,26,26,9,64,58,58,53,56,46,50,50,0,0],"gold":167,"neow_bonus":"BOSS_RELIC","is_daily":false,"chose_seed":false,"campfire_upgraded":4,"win_rate":0.0,"timestamp":1612841960,"path_taken":["M","?","?","M","M","E","R","E","T","$","M","E","M","?","R","BOSS","M","?","M","$","?","R","?","E","T","?","M","R","E","?","R","BOSS","M","$","M","M","?","E","?","E"],"items_purchased_type":["Relic","Card","Relic"],"build_version":"2020-12-22","purchased_purges":2,"victory":false,"max_hp_per_floor":[75,75,75,75,75,75,75,75,75,75,75,75,75,75,75,75,75,75,75,75,75,75,75,75,75,82,82,82,82,82,82,82,82,82,85,85,89,92,92,96,96,96,96],"relic_stats":{"Happy Flower":[7],"counters":[21,103],"Sundial":[122],"Shuriken":[16],"CeramicFish":144,"Bronze Scales":[229],"Pandora\u0027s Box":["Bloodletting","Cleave","Uppercut","Bloodletting","Armaments","Shrug It Off","Reckless Charge","Heavy Blade","Headbutt"],"Art of War":[20],"obtain_stats":[{"Lantern":41,"Happy Flower":36,"CeramicFish":6,"The Courier":40,"Empty Cage":17,"Burning Blood":0,"Sundial":10,"Shuriken":30,"Bronze Scales":12,"Strawberry":26,"Pandora\u0027s Box":0,"Art of War":8,"Bag of Marbles":25,"Red Mask":27,"Runic Cube":34},{"Lantern":20,"Happy Flower":17,"CeramicFish":4,"The Courier":20,"Empty Cage":9,"Burning Blood":0,"Sundial":5,"Shuriken":15,"Bronze Scales":7,"Strawberry":12,"Pandora\u0027s Box":0,"Art of War":5,"Bag of Marbles":12,"Red Mask":13,"Runic Cube":16},{"Lantern":94,"Happy Flower":80,"CeramicFish":10,"The Courier":94,"Empty Cage":34,"Burning Blood":0,"Sundial":15,"Shuriken":70,"Bronze Scales":23,"Strawberry":54,"Pandora\u0027s Box":0,"Art of War":15,"Bag of Marbles":54,"Red Mask":57,"Runic Cube":77}],"Runic Cube":[10]},"card_choices":[{"not_picked":["Anger","True Grit"],"picked":"Pommel Strike","floor":1.0},{"not_picked":["Sentinel","Warcry"],"picked":"Shrug It Off","floor":5.0},{"not_picked":["Dark Embrace","Shockwave"],"picked":"Offering","floor":6.0},{"not_picked":["Carnage","Pommel Strike","Wild Strike"],"picked":"SKIP","floor":12.0},{"not_picked":["Brutality","Limit Break"],"picked":"Barricade","floor":16.0},{"not_picked":["Inflame","Metallicize","Iron Wave"],"picked":"SKIP","floor":18.0},{"not_picked":["Pummel","Shrug It Off","Searing Blow"],"picked":"SKIP","floor":20.0},{"not_picked":["Sever Soul","Body Slam"],"picked":"Evolve","floor":25.0},{"not_picked":["Armaments","Body Slam"],"picked":"Battle Trance+1","floor":27.0},{"not_picked":["Body Slam","Warcry"],"picked":"True Grit","floor":28.0},{"not_picked":["Combust","Anger","Clash"],"picked":"SKIP","floor":30.0},{"not_picked":["Immolate","Impervious"],"picked":"Feed","floor":33.0},{"not_picked":["Shrug It Off","Sword Boomerang","Blood for Blood"],"picked":"SKIP","floor":35.0},{"not_picked":["Armaments","Headbutt+1","Wild Strike"],"picked":"SKIP","floor":37.0},{"not_picked":["Heavy Blade","Evolve"],"picked":"Rage","floor":38.0},{"not_picked":["Impatience","Blind"],"picked":"Dark Shackles","floor":39.0},{"not_picked":["Madness","Discovery"],"picked":"Flash of Steel","floor":39.0},{"not_picked":["Thunderclap+1","Clash+1","Warcry"],"picked":"SKIP","floor":40.0}],"player_experience":1341783,"relics_obtained":[{"floor":6.0,"key":"CeramicFish"},{"floor":8.0,"key":"Art of War"},{"floor":12.0,"key":"Bronze Scales"},{"floor":25.0,"key":"Bag of Marbles"},{"floor":26.0,"key":"Strawberry"},{"floor":27.0,"key":"Red Mask"},{"floor":30.0,"key":"Shuriken"},{"floor":40.0,"key":"The Courier"},{"floor":41.0,"key":"Lantern"}],"event_choices":[{"damage_healed":0.0,"max_hp_gain":0.0,"max_hp_loss":0.0,"gold_gain":0.0,"event_name":"Liars Game","player_choice":"Ignored","floor":2.0,"gold_loss":0.0,"damage_taken":0.0},{"damage_healed":0.0,"max_hp_gain":0.0,"max_hp_loss":0.0,"gold_gain":75.0,"event_name":"World of Goop","player_choice":"Gather Gold","floor":3.0,"gold_loss":0.0,"damage_taken":11.0},{"damage_healed":18.0,"max_hp_gain":0.0,"max_hp_loss":0.0,"gold_gain":0.0,"event_name":"Mushrooms","player_choice":"Healed and dodged fight","floor":14.0,"gold_loss":0.0,"damage_taken":0.0,"cards_obtained":["Parasite"]},{"cards_removed":["Bloodletting"],"damage_healed":0.0,"max_hp_gain":0.0,"max_hp_loss":0.0,"gold_gain":0.0,"event_name":"Beggar","player_choice":"Gave Gold","floor":19.0,"gold_loss":75.0,"damage_taken":0.0},{"damage_healed":0.0,"max_hp_gain":0.0,"max_hp_loss":0.0,"gold_gain":0.0,"cards_transformed":["Cleave","Reckless Charge"],"event_name":"Drug Dealer","player_choice":"Became Test Subject","floor":22.0,"gold_loss":0.0,"damage_taken":0.0,"cards_obtained":["Metallicize","Flex"]},{"damage_healed":0.0,"max_hp_gain":0.0,"max_hp_loss":0.0,"gold_gain":50.0,"event_name":"Nest","player_choice":"Stole From Cult","floor":24.0,"gold_loss":0.0,"damage_taken":0.0},{"damage_healed":0.0,"max_hp_gain":0.0,"max_hp_loss":0.0,"gold_gain":0.0,"event_name":"Masked Bandits","player_choice":"Fought Bandits","floor":27.0,"gold_loss":0.0,"damage_taken":0.0},{"damage_healed":0.0,"max_hp_gain":0.0,"max_hp_loss":0.0,"gold_gain":0.0,"event_name":"Match and Keep!","player_choice":"3 cards matched","floor":31.0,"gold_loss":0.0,"damage_taken":0.0,"cards_obtained":["Immolate","Bash","Dark Embrace"]},{"damage_healed":0.0,"max_hp_gain":0.0,"max_hp_loss":0.0,"gold_gain":0.0,"event_name":"SensoryStone","player_choice":"Memory 3","floor":39.0,"gold_loss":0.0,"damage_taken":10.0}],"is_beta":false,"boss_relics":[{"not_picked":["SlaversCollar","Philosopher\u0027s Stone"],"picked":"Empty Cage"},{"not_picked":["Calling Bell","Black Star"],"picked":"Runic Cube"}],"items_purged_floors":[21,36],"is_endless":false,"potions_floor_spawned":[6,8,11,18,20,27,33,38,40],"killed_by":"Reptomancer","ascension_level":20}}