{"host":"kk6i5v7sjcm8i50x","time":1612860413,"event":{"mods":["BaseMod","Bestiary","Colored Map","Downfall","Minty Spire (QoL Compilation)","Reliquary","StSLib","The Saiyan"],"gold_per_floor":[117,194,269,269,285,314,314,324,394,394,39,39,39,53,53,152,152,164,14,14,32,47,47,47],"floor_reached":23,"language":"ENG","playtime":647,"items_purged":["Defend_G","downfall:Malfunctioning"],"score":189,"play_id":"c856e67a-b982-4a7d-83e9-b551c380f9dc","local_time":"20210209034653","is_ascension_mode":false,"campfire_choices":[{"floor":7,"key":"REST"},{"data":"Neutralize","floor":10,"key":"SMITH"},{"data":"Die Die Die","floor":13,"key":"SMITH"},{"data":"Noxious Fumes","floor":15,"key":"SMITH"}],"circlet_count":0,"master_deck":["Strike_G","Strike_G","Strike_G","Strike_G","Strike_G","Defend_G","Survivor","Neutralize+1","Phantasmal Killer+1","Night Terror+1","Flechettes+1","Dash","Regret","Quick Slash","Slice","Slice","Noxious Fumes+1","Quick Slash","Grand Finale","Die Die Die+1","Blade Dance","Adrenaline","Poisoned Stab","Deadly Poison"],"relics":["Astrolabe","Blood Vial","reliquary:PartyBalloon","Paper Crane","downfall:ExtraCursedKey","WristBlade"],"acts_visited":["Exordium","TheCity"],"potions_floor_usage":[6,16,22,22],"damage_taken":[{"damage":7,"enemies":"2 Louse","floor":1,"turns":4},{"damage":9,"enemies":"Small Slimes","floor":5,"turns":2},{"damage":19,"enemies":"3 Sentries","floor":6,"turns":5},{"damage":9,"enemies":"Jaw Worm","floor":8,"turns":3},{"damage":0,"enemies":"3 Louse","floor":14,"turns":2},{"damage":18,"enemies":"The Guardian","floor":16,"turns":5},{"damage":5,"enemies":"2 Thieves","floor":18,"turns":3},{"damage":17,"enemies":"3 Byrds","floor":21,"turns":4},{"damage":15,"enemies":"Snake Plant","floor":22,"turns":2},{"damage":32,"enemies":"Slavers","floor":23,"turns":1}],"seed_played":"9140978917955801101","potions_obtained":[{"floor":1,"key":"FearPotion"},{"floor":5,"key":"PowerPotion"},{"floor":16,"key":"Swift Potion"},{"floor":21,"key":"Dexterity Potion"}],"is_trial":false,"path_per_floor":["M","?","?","?","M","E","R","M","T","R","$","?","R","M","R","B",null,"M","$","?","M","M","E"],"character_chosen":"THE_SILENT","items_purchased":["Noxious Fumes","Quick Slash","Grand Finale","Deadly Poison"],"campfire_rested":1,"item_purchase_floors":[11,11,11,19],"current_hp_per_floor":[63,63,52,52,45,28,49,42,42,42,42,42,42,44,44,28,70,65,65,58,43,30,0,0],"gold":47,"neow_bonus":"BOSS_RELIC","is_daily":false,"chose_seed":false,"campfire_upgraded":3,"win_rate":0.0,"timestamp":1612860413,"path_taken":["M","?","?","?","M","E","R","M","T","R","?","?","R","?","R","BOSS","M","$","?","M","?","E"],"items_purchased_type":["Card","Card","Card","Card"],"build_version":"2020-12-22","purchased_purges":2,"victory":false,"max_hp_per_floor":[70,70,70,70,70,70,70,70,70,70,70,70,70,70,70,70,70,70,70,70,70,70,70,70],"card_choices":[{"not_picked":["Underhanded Strike","Sucker Punch"],"picked":"Dash","floor":1},{"not_picked":["Backflip","Dagger Throw"],"picked":"Quick Slash","floor":5},{"not_picked":["All Out Attack","Flechettes"],"picked":"Slice","floor":6},{"not_picked":["Flying Knee","Riddle With Holes"],"picked":"Slice","floor":8},{"not_picked":["Dagger Spray","Concentrate"],"picked":"Blade Dance","floor":14},{"not_picked":["Wraith Form v2","Night Terror"],"picked":"Adrenaline","floor":16},{"not_picked":["Dodge and Roll","Dagger Spray+1"],"picked":"Poisoned Stab","floor":18},{"not_picked":["Bane","Caltrops","Predator"],"picked":"SKIP","floor":21},{"not_picked":["Dagger Throw+1","Flechettes+1","Dagger Spray"],"picked":"SKIP","floor":22}],"player_experience":180530,"relics_obtained":[{"floor":6,"key":"reliquary:PartyBalloon"},{"floor":9,"key":"Paper Crane"}],"event_choices":[{"damage_healed":0,"gold_gain":77,"player_choice":"Gained Gold","damage_taken":0,"max_hp_gain":0,"max_hp_loss":0,"event_name":"Golden Wing","floor":2,"gold_loss":0},{"damage_healed":0,"gold_gain":75,"player_choice":"Gather Gold","damage_taken":11,"max_hp_gain":0,"max_hp_loss":0,"event_name":"World of Goop","floor":3,"gold_loss":0},{"damage_healed":0,"gold_gain":0,"player_choice":"Box","damage_taken":0,"relics_obtained":["Blood Vial"],"max_hp_gain":0,"max_hp_loss":0,"event_name":"Big Fish","floor":4,"gold_loss":0,"cards_obtained":["Regret"]},{"damage_healed":0,"gold_gain":0,"player_choice":"Damaged","damage_taken":7,"max_hp_gain":0,"max_hp_loss":0,"event_name":"Wheel of Change","floor":20,"gold_loss":0}],"is_beta":false,"boss_relics":[{"not_picked":["Snecko Eye","Coffee Dripper"],"picked":"WristBlade"}],"items_purged_floors":[11,19],"is_endless":false,"potions_floor_spawned":[1,5,14,16,21],"killed_by":"Slavers","ascension_level":0}}