{"host":"ozna616cf3t085g7","time":1612903182,"event":{"mods":["100% Spire Juice","Act Like it!","Arknights","BaseMod","Hermit","Koishi","Menagerie","Minty Spire (QoL Compilation)","Prisma Mod","Replay The Spire","Shop Mod","Spicy Shops","StSLib","The Cursed","The Dragon Tamer","The Hierophant","The Jungle","The Runesmith"],"gold_per_floor":[118,134,145,145,145,145,71,81,81,81,81,97,122,146,146,272,272,285,245,236,250,250,285,285,210,210,228,24,43,43,57,57,178,178,202,266,329,123,456,456,456,469,469,36,50,50,50,68,68,68],"floor_reached":51,"language":"KOR","playtime":3275,"items_purged":["Koishi:BasicStrike","Sickly"],"score":584,"play_id":"817a5c4b-92aa-4715-9a68-96319b8b6ab7","local_time":"20210210053942","is_ascension_mode":false,"campfire_choices":[{"data":"Koishi:CatchAndRose","floor":6.0,"key":"SMITH"},{"data":"Injury","floor":15.0,"key":"PURGE"},{"floor":24.0,"key":"REST"},{"data":"Koishi:EmbryosDream","floor":30.0,"key":"SMITH"},{"data":"Koishi:HeartAttack","floor":40.0,"key":"SMITH"},{"data":"Koishi:Untouchable","floor":47.0,"key":"SMITH"},{"floor":49.0,"key":"DIG"}],"circlet_count":0,"master_deck":["Koishi:BasicStrike+1","Koishi:BasicDefend+1","Koishi:BasicDefend","Koishi:BasicDefend","Koishi:BasicDefend","Koishi:Provoke","Koishi:HauntingSlash","Koishi:CatchAndRose+1","Koishi:VengefulSpirit+1","Koishi:EmbryosDream+1","Koishi:UnconsciousUrges+1","Koishi:JumpScare","Koishi:Untouchable+1","Koishi:PredatoryInstincts","Koishi:Heartbroken","Koishi:PhantomStrike","Koishi:CatchAndRose+1","Koishi:SubconsciousSweep+1","Koishi:HeartAttack+1","Koishi:UnconsciousUprising","Koishi:UnconsciousUprising","Koishi:SubterraneanRose","Koishi:DreadfulBlow","Koishi:Ego","Koishi:CatchAndRose+1","Koishi:UnconsciousUrges+1","Koishi:VengefulSpirit+1","Koishi:SubterraneanRose","Koishi:RacingHeart","Koishi:FreudianInstinct","Koishi:LastRemote","Survey Options","Koishi:FleetingPhantom+1","Injury","Koishi:DanmakuParanoia","Madness","Madness","Koishi:BloodcurdlingScream+1"],"relics":["Koishi:ImaginaryFriend","NeowsBlessing","Incense Burner","Shuriken","ChewingGum","ReplayTheSpireMod:Shallot","Gremlin Horn","Oddly Smooth Stone","SacredBark","Koishi:EchoesOfADeadGirl","Ginger","BargainBundle","Pear","ReplayTheSpireMod:CursedCoin","Potion Belt","Strange Spoon","Replay:Accelerometer","Replay:Mystery Machine"],"acts_visited":["Exordium","TheCity","TheBeyond"],"potions_floor_usage":[50,50,50],"damage_taken":[{"damage":0.0,"enemies":"ats:Genji","floor":1.0,"turns":1.0},{"damage":0.0,"enemies":"Jaw Worm","floor":2.0,"turns":1.0},{"damage":0.0,"enemies":"Small Slimes","floor":3.0,"turns":1.0},{"damage":7.0,"enemies":"Blue Slaver","floor":8.0,"turns":4.0},{"damage":0.0,"enemies":"Large Slime","floor":12.0,"turns":9.0},{"damage":18.0,"enemies":"Gremlin Gang","floor":13.0,"turns":5.0},{"damage":0.0,"enemies":"Looter","floor":14.0,"turns":4.0},{"damage":7.0,"enemies":"Hexaghost","floor":16.0,"turns":9.0},{"damage":0.0,"enemies":"Chosen","floor":18.0,"turns":7.0},{"damage":12.0,"enemies":"2 Thieves","floor":20.0,"turns":4.0},{"damage":15.0,"enemies":"Centurion and Healer","floor":21.0,"turns":5.0},{"damage":28.0,"enemies":"Gremlin Leader","floor":23.0,"turns":6.0},{"damage":9.0,"enemies":"Shelled Parasite and Fungi","floor":27.0,"turns":6.0},{"damage":3.0,"enemies":"Snake Plant","floor":29.0,"turns":4.0},{"damage":20.0,"enemies":"Cultist and Chosen","floor":31.0,"turns":7.0},{"damage":38.0,"enemies":"Champ","floor":33.0,"turns":9.0},{"damage":13.0,"enemies":"3 Darklings","floor":35.0,"turns":5.0},{"damage":15.0,"enemies":"2 Orb Walkers","floor":36.0,"turns":8.0},{"damage":0.0,"enemies":"Mind Bloom Boss Battle","floor":37.0,"turns":8.0},{"damage":5.0,"enemies":"3 Shapes","floor":42.0,"turns":6.0},{"damage":16.0,"enemies":"Jaw Worm Horde","floor":45.0,"turns":6.0},{"damage":17.0,"enemies":"Maw","floor":48.0,"turns":9.0},{"damage":11,"enemies":"Replay:Hell Engine","floor":50,"turns":17}],"seed_played":"-6688279847520430683","potions_obtained":[{"floor":1.0,"key":"Adrenaline Potion"},{"floor":2.0,"key":"Explosive Potion"},{"floor":8.0,"key":"Regen Potion"},{"floor":13.0,"key":"CultistPotion"},{"floor":18.0,"key":"PowerPotion"},{"floor":27.0,"key":"CultistPotion"},{"floor":33.0,"key":"SkillPotion"},{"floor":35.0,"key":"SteroidPotion"},{"floor":37.0,"key":"Flashbang"}],"is_trial":false,"path_per_floor":["M","M","M","?","?","R","$","M","T","T","?","M","M","M","R","B",null,"M","?","M","M","?","E","R","?","T","M","$","M","R","M","R","B",null,"M","?","?","$","?","R","?","M","T","$","M","?","R","M","R","B",null],"character_chosen":"KOISHI","items_purchased":["Koishi:UnconsciousUrges","Oddly Smooth Stone","Block Potion","BargainBundle","Koishi:SubterraneanRose","Koishi:RacingHeart","Koishi:FreudianInstinct","Koishi:LastRemote","Fire Potion","Survey Options","ReplayTheSpireMod:CursedCoin","Potion Belt","Strange Spoon","Death Potion","Regen Potion","Replay:Accelerometer"],"campfire_rested":1,"item_purchase_floors":[7,28,28,38,38,38,38,38,38,38,44,44,44,44,44,44],"current_hp_per_floor":[60,60,60,60,48,48,48,42,42,42,42,42,26,28,28,45,60,60,60,54,49,49,36,54,54,54,52,52,55,55,41,41,12,60,60,53,60,60,60,60,60,60,70,70,70,61,61,51,51,70],"gold":68,"neow_bonus":"THREE_ENEMY_KILL","is_daily":false,"chose_seed":false,"campfire_upgraded":4,"win_rate":0.0,"timestamp":1612903182,"path_taken":["M","M","?","?","?","R","?","M","T","?","?","?","M","M","R","BOSS","M","?","?","M","?","E","R","?","T","M","?","M","R","M","R","BOSS","M","?","?","$","?","R","?","M","T","$","M","?","R","M","R","BOSS"],"items_purchased_type":["Card","Relic","Potion","Relic","Card","Card","Card","Card","Potion","Card","Relic","Relic","Relic","Potion","Potion","Relic"],"build_version":"2020-12-22","purchased_purges":2,"victory":true,"max_hp_per_floor":[60,60,60,60,60,60,60,60,60,60,60,60,60,60,60,60,60,60,60,60,60,60,60,60,60,60,60,60,60,60,60,60,60,60,60,60,60,60,60,60,60,60,70,70,70,70,70,70,70,70],"card_choices":[{"not_picked":["Koishi:FourthEye","Koishi:PhantomBarrier"],"picked":"Koishi:CatchAndRose","floor":1.0},{"not_picked":["Koishi:SubterraneanRose","Koishi:StrangeCloudFist"],"picked":"Koishi:VengefulSpirit","floor":2.0},{"not_picked":["Koishi:DreadfulBlow","Koishi:DNAsFlaw"],"picked":"Koishi:EmbryosDream","floor":3.0},{"not_picked":["Koishi:RacingHeart","Koishi:SuperEgo","Koishi:Prune"],"picked":"SKIP","floor":8.0},{"not_picked":["Koishi:RacingHeart","Koishi:Prune"],"picked":"Koishi:JumpScare","floor":12.0},{"not_picked":["Koishi:DreadfulBlow","Koishi:ReleaseOfTheId"],"picked":"Koishi:Untouchable","floor":13.0},{"not_picked":["Koishi:UnseenTerror","Koishi:DreadfulBlow"],"picked":"Koishi:PredatoryInstincts","floor":14.0},{"not_picked":["Koishi:ImGoingToCallYouNow","Koishi:ConditionedTeleport"],"picked":"Koishi:Heartbroken","floor":16.0},{"not_picked":["Koishi:SpiritedAway","Koishi:RacingHeart+1"],"picked":"Koishi:PhantomStrike","floor":18.0},{"not_picked":["Koishi:JumpScare+1","Koishi:GhostParty+1"],"picked":"Koishi:CatchAndRose+1","floor":20.0},{"not_picked":["Koishi:PhantomStrike","Koishi:Prune"],"picked":"Koishi:SubconsciousSweep+1","floor":21.0},{"not_picked":["Koishi:GrowingPain","Koishi:Jaunt"],"picked":"Koishi:HeartAttack","floor":23.0},{"not_picked":["Koishi:DreadfulBlow","Koishi:PhilosophyOfTheDespised"],"picked":"Koishi:UnconsciousUprising","floor":27.0},{"not_picked":["Koishi:RacingHeart","Koishi:ApparitionsStalkTheNight"],"picked":"Koishi:UnconsciousUprising","floor":29.0},{"not_picked":["Koishi:MindNumbingTerror","Koishi:TraumaticStroke"],"picked":"Koishi:SubterraneanRose","floor":31.0},{"not_picked":["Koishi:RoseHell","Koishi:MentalBreakdown"],"picked":"Koishi:Ego","floor":33.0},{"not_picked":["Koishi:SpiritedAway","Koishi:HeartfeltFancy+1"],"picked":"Koishi:CatchAndRose+1","floor":35.0},{"not_picked":["Koishi:HeartAttack+1","Koishi:GhostParty+1"],"picked":"Koishi:UnconsciousUrges+1","floor":36.0},{"not_picked":["Koishi:RorschachInDanmaku","Koishi:Jaunt+1"],"picked":"Koishi:VengefulSpirit+1","floor":37.0},{"not_picked":["Koishi:Jaunt","Koishi:Vanish+1"],"picked":"Koishi:FleetingPhantom+1","floor":42.0},{"not_picked":["Koishi:Prune+1","Koishi:Bloodlust+1"],"picked":"Koishi:DanmakuParanoia","floor":45.0},{"not_picked":["Koishi:PhantomStrike","Koishi:ParalyzingFear"],"picked":"Koishi:BloodcurdlingScream+1","floor":48.0}],"player_experience":1981,"relics_obtained":[{"floor":9.0,"key":"Incense Burner"},{"floor":10.0,"key":"Shuriken"},{"floor":23.0,"key":"ReplayTheSpireMod:Shallot"},{"floor":26.0,"key":"Gremlin Horn"},{"floor":36.0,"key":"Koishi:EchoesOfADeadGirl"},{"floor":37.0,"key":"Ginger"},{"floor":43.0,"key":"Pear"},{"floor":49.0,"key":"Replay:Mystery Machine"}],"event_choices":[{"damage_healed":0.0,"max_hp_gain":0.0,"max_hp_loss":0.0,"gold_gain":0.0,"event_name":"Shining Light","player_choice":"Entered Light","floor":5.0,"gold_loss":0.0,"damage_taken":12.0,"cards_upgraded":["Koishi:BasicStrike","Koishi:VengefulSpirit"]},{"damage_healed":0.0,"max_hp_gain":0.0,"max_hp_loss":0.0,"gold_gain":0.0,"event_name":"Golden Idol","player_choice":"Take Wound","floor":11.0,"gold_loss":0.0,"damage_taken":0.0,"relics_obtained":["Golden Idol"],"cards_obtained":["Injury"]},{"damage_healed":0.0,"max_hp_gain":0.0,"max_hp_loss":0.0,"gold_gain":0.0,"event_name":"Designer","player_choice":"Upgrade","floor":19.0,"gold_loss":40.0,"damage_taken":0.0,"cards_upgraded":["Koishi:UnconsciousUrges"]},{"damage_healed":0.0,"max_hp_gain":0.0,"max_hp_loss":0.0,"gold_gain":0.0,"event_name":"Ghosts","player_choice":"Ignored","floor":22.0,"gold_loss":0.0,"damage_taken":0.0},{"cards_removed":["Koishi:BasicStrike"],"damage_healed":0.0,"max_hp_gain":0.0,"max_hp_loss":0.0,"gold_gain":0.0,"event_name":"Beggar","player_choice":"Gave Gold","floor":25.0,"gold_loss":75.0,"damage_taken":0.0},{"damage_healed":0.0,"max_hp_gain":0.0,"max_hp_loss":0.0,"gold_gain":0.0,"event_name":"Mysterious Sphere","player_choice":"Fight","floor":36.0,"gold_loss":0.0,"damage_taken":0.0},{"damage_healed":0.0,"max_hp_gain":0.0,"max_hp_loss":0.0,"gold_gain":0.0,"event_name":"MindBloom","player_choice":"Fight","floor":37.0,"gold_loss":0.0,"damage_taken":0.0},{"damage_healed":0.0,"max_hp_gain":0.0,"max_hp_loss":0.0,"gold_gain":333.0,"event_name":"The Moai Head","player_choice":"Gave Idol","floor":39.0,"relics_lost":["Golden Idol"],"gold_loss":0.0,"damage_taken":0.0},{"damage_healed":0.0,"max_hp_gain":0.0,"max_hp_loss":0.0,"gold_gain":0.0,"event_name":"Winding Halls","player_choice":"Embrace Madness","floor":46.0,"gold_loss":0.0,"damage_taken":9.0,"cards_obtained":["Madness","Madness"]}],"is_beta":false,"boss_relics":[{"not_picked":["Runesmith:UraniumAnvil","Replay:Ancient Bell"],"picked":"ChewingGum"},{"not_picked":["Painkiller Herb","Cursed Key"],"picked":"SacredBark"}],"items_purged_floors":[38,44],"is_endless":false,"potions_floor_spawned":[1,2,8,13,18,27,33,35,37],"ascension_level":0}}