{"host":"vlqej45p0v31lhdi","time":1612847052,"event":{"mods":["AchievementEnabler","BaseMod","Bestiary","Colored Powertips","Minty Spire (QoL Compilation)","Relic Stats"],"gold_per_floor":[118,8,8,19,33,33,48,76,128,155,155,0,25,36,36,113,113,129,146,146,74,74,74],"floor_reached":22,"language":"ENG","playtime":1241,"items_purged":["Defend_R"],"score":337,"play_id":"d179ea75-421b-44c3-a5e4-8b5df4024a53","local_time":"20210208230412","is_ascension_mode":true,"campfire_choices":[{"data":"True Grit","floor":6.0,"key":"SMITH"},{"data":"Armaments","floor":11.0,"key":"SMITH"},{"data":"Burning Pact","floor":15.0,"key":"SMITH"}],"circlet_count":0,"master_deck":["AscendersBane","Strike_R","Strike_R","Strike_R","Strike_R","Defend_R","Defend_R","Defend_R+1","Bash","Spot Weakness+1","Flame Barrier","True Grit+1","Reaper","Cleave","Thunderclap","Armaments+1","Combust+1","Burning Pact+1","Dropkick","Dropkick","Barricade+1","Metallicize+1","Uppercut","Disarm"],"relics":["Runic Pyramid","Frozen Egg 2","Akabeko","Art of War","StrikeDummy","SacredBark"],"acts_visited":["Exordium","TheCity"],"potions_floor_usage":[22],"damage_taken":[{"damage":16.0,"enemies":"Jaw Worm","floor":1.0,"turns":4.0},{"damage":4.0,"enemies":"2 Louse","floor":4.0,"turns":2.0},{"damage":2.0,"enemies":"Cultist","floor":5.0,"turns":5.0},{"damage":1.0,"enemies":"Red Slaver","floor":7.0,"turns":7.0},{"damage":28.0,"enemies":"Gremlin Nob","floor":8.0,"turns":4.0},{"damage":17.0,"enemies":"3 Sentries","floor":10.0,"turns":4.0},{"damage":16.0,"enemies":"Lagavulin","floor":13.0,"turns":8.0},{"damage":0.0,"enemies":"3 Louse","floor":14.0,"turns":1.0},{"damage":47.0,"enemies":"Slime Boss","floor":16.0,"turns":7.0},{"damage":38.0,"enemies":"Spheric Guardian","floor":18.0,"turns":12.0},{"damage":32.0,"enemies":"3 Byrds","floor":19.0,"turns":5.0},{"damage":22,"enemies":"Shelled Parasite and Fungi","floor":22,"turns":2}],"seed_played":"7104822785983711379","potions_obtained":[{"floor":4.0,"key":"BlessingOfTheForge"},{"floor":7.0,"key":"Explosive Potion"},{"floor":8.0,"key":"EntropicBrew"},{"floor":19.0,"key":"FearPotion"}],"is_trial":false,"path_per_floor":["M","$","?","M","M","R","M","E","T","E","R","$","E","M","R","B",null,"M","M","?","$","M"],"character_chosen":"IRONCLAD","items_purchased":["Flame Barrier","Combust+1","Burning Pact","Disarm"],"campfire_rested":0,"item_purchase_floors":[2,12,12,21],"current_hp_per_floor":[56,56,40,36,34,34,51,35,35,63,63,63,56,56,56,35,69,31,17,17,17,0,0],"gold":74,"neow_bonus":"BOSS_RELIC","is_daily":false,"chose_seed":false,"campfire_upgraded":3,"win_rate":0.0,"timestamp":1612847052,"path_taken":["M","$","?","M","M","R","M","E","T","E","R","$","E","M","R","BOSS","M","M","?","$","?"],"items_purchased_type":["Card","Card","Card","Card"],"build_version":"2020-12-22","purchased_purges":1,"victory":false,"max_hp_per_floor":[80,80,80,80,80,80,80,80,80,80,80,80,80,80,80,80,80,80,80,80,80,80,80],"relic_stats":{"counters":[12,61],"Art of War":[13],"obtain_stats":[{"SacredBark":17,"Art of War":10,"Frozen Egg 2":8,"StrikeDummy":13,"Burning Blood":0,"Akabeko":9,"Runic Pyramid":0},{"SacredBark":9,"Art of War":6,"Frozen Egg 2":5,"StrikeDummy":7,"Burning Blood":0,"Akabeko":5,"Runic Pyramid":0},{"SacredBark":42,"Art of War":26,"Frozen Egg 2":22,"StrikeDummy":34,"Burning Blood":0,"Akabeko":22,"Runic Pyramid":0}]},"card_choices":[{"not_picked":["Body Slam","Whirlwind"],"picked":"Spot Weakness","floor":1.0},{"not_picked":["Shockwave","Flex"],"picked":"True Grit","floor":4.0},{"not_picked":["Clothesline","Warcry"],"picked":"Reaper","floor":5.0},{"not_picked":["Headbutt","True Grit"],"picked":"Cleave","floor":7.0},{"not_picked":["Rupture+1","Pummel"],"picked":"Thunderclap","floor":8.0},{"not_picked":["Fire Breathing+1","Thunderclap"],"picked":"Armaments","floor":10.0},{"not_picked":["Wild Strike","Second Wind"],"picked":"Dropkick","floor":13.0},{"not_picked":["Flex","Anger"],"picked":"Dropkick","floor":14.0},{"not_picked":["Impervious","Double Tap"],"picked":"Barricade+1","floor":16.0},{"not_picked":["Iron Wave","Sword Boomerang","Twin Strike"],"picked":"SKIP","floor":18.0},{"not_picked":["Pommel Strike","Pummel"],"picked":"Metallicize+1","floor":19.0}],"player_experience":2502042,"relics_obtained":[{"floor":8.0,"key":"Frozen Egg 2"},{"floor":9.0,"key":"Akabeko"},{"floor":10.0,"key":"Art of War"},{"floor":13.0,"key":"StrikeDummy"}],"event_choices":[{"damage_healed":0.0,"max_hp_gain":0.0,"max_hp_loss":0.0,"gold_gain":0.0,"event_name":"Shining Light","player_choice":"Entered Light","floor":3.0,"gold_loss":0.0,"damage_taken":16.0,"cards_upgraded":["Spot Weakness","Defend_R"]},{"damage_healed":0.0,"max_hp_gain":0.0,"max_hp_loss":0.0,"gold_gain":0.0,"cards_transformed":["Strike_R"],"event_name":"Transmorgrifier","player_choice":"Transformed","floor":20.0,"gold_loss":0.0,"damage_taken":0.0,"cards_obtained":["Uppercut"]}],"is_beta":false,"boss_relics":[{"not_picked":["Snecko Eye","Sozu"],"picked":"SacredBark"}],"items_purged_floors":[2],"is_endless":false,"potions_floor_spawned":[4,7,8,14,16,19],"killed_by":"Shelled Parasite and Fungi","ascension_level":13}}