{"host":"3gyvhg7mg6y9ble1","time":1612848656,"event":{"mods":["BaseMod","Block Reminder","Colored Powertips","Highlight Path","Minty Spire (QoL Compilation)","Rare Cards Sparkle","Relic Sorter","Relic Stats","StSLib"],"gold_per_floor":[116,26,41,41,116,146,146,174,174,206,206,259,132,152,152,252,252,267,277,192,205,205,205,205,230,230,255,255,268,286,297,297,399,399,418,438,438,438,19,294,294,25,25,37,64,76,106,143,155,167],"floor_reached":51,"language":"ENG","playtime":3272,"items_purged":["Strike_B","Machine Learning","Steam Power+1"],"score":869,"play_id":"7b8bef86-6616-43e8-b832-b42add9a8ed6","local_time":"20210209003056","is_ascension_mode":true,"campfire_choices":[{"floor":11,"key":"REST"},{"data":"Coolheaded","floor":15,"key":"SMITH"},{"data":"Streamline","floor":23,"key":"SMITH"},{"data":"Capacitor","floor":28,"key":"SMITH"},{"data":"Barrage","floor":32,"key":"SMITH"},{"data":"Enlightenment","floor":41,"key":"SMITH"},{"data":"Madness","floor":44,"key":"SMITH"},{"data":"Double Energy","floor":46,"key":"SMITH"},{"data":"Recycle","floor":49,"key":"SMITH"}],"circlet_count":0,"master_deck":["Strike_B+1","Strike_B+1","Defend_B+1","Defend_B+1","Zap+1","Dualcast+1","Self Repair+1","Capacitor+1","Cold Snap","Conserve Battery+1","Coolheaded+1","Barrage+1","Streamline+1","Reinforced Body+1","Glacier","Static Discharge+1","White Noise+1","Loop+1","Compile Driver+1","Ball Lightning+1","Darkness+1","Madness+1","Madness","Enlightenment+1","Double Energy+1","Meteor Strike","Recycle+1"],"relics":["Cracked Core","Runic Pyramid","Shuriken","Omamori","Art of War","NeowsBlessing","Pear","Matryoshka","Strawberry","Eternal Feather","War Paint","PreservedInsect","Pantograph","HornCleat","Astrolabe","Frozen Eye","Chemical X","MawBank","Ancient Tea Set"],"acts_visited":["Exordium","TheCity","TheBeyond"],"potions_floor_usage":[16,16,25,25,35,48],"damage_taken":[{"damage":0,"enemies":"Small Slimes","floor":1,"turns":1},{"damage":0,"enemies":"2 Louse","floor":3,"turns":1},{"damage":0,"enemies":"3 Sentries","floor":6,"turns":1},{"damage":22,"enemies":"Lagavulin","floor":8,"turns":7},{"damage":26,"enemies":"3 Sentries","floor":10,"turns":8},{"damage":4,"enemies":"Jaw Worm","floor":14,"turns":5},{"damage":0,"enemies":"The Guardian","floor":16,"turns":12},{"damage":10,"enemies":"Chosen","floor":18,"turns":8},{"damage":22,"enemies":"3 Byrds","floor":19,"turns":6},{"damage":24,"enemies":"Centurion and Healer","floor":21,"turns":7},{"damage":21,"enemies":"Slavers","floor":25,"turns":8},{"damage":5,"enemies":"Book of Stabbing","floor":27,"turns":8},{"damage":19,"enemies":"Chosen and Byrds","floor":29,"turns":8},{"damage":3,"enemies":"Snecko","floor":30,"turns":6},{"damage":0,"enemies":"Centurion and Healer","floor":31,"turns":14},{"damage":8,"enemies":"Collector","floor":33,"turns":13},{"damage":0,"enemies":"Orb Walker","floor":35,"turns":4},{"damage":14,"enemies":"3 Darklings","floor":36,"turns":4},{"damage":39,"enemies":"4 Shapes","floor":45,"turns":8},{"damage":10,"enemies":"Spire Growth","floor":47,"turns":6},{"damage":42,"enemies":"Reptomancer","floor":48,"turns":6},{"damage":66,"enemies":"Time Eater","floor":50,"turns":12}],"seed_played":"2536863743080577411","potions_obtained":[{"floor":1,"key":"Block Potion"},{"floor":8,"key":"AttackPotion"},{"floor":18,"key":"LiquidMemories"},{"floor":19,"key":"SmokeBomb"},{"floor":27,"key":"AttackPotion"},{"floor":29,"key":"Regen Potion"},{"floor":33,"key":"DistilledChaos"},{"floor":45,"key":"Explosive Potion"},{"floor":47,"key":"EssenceOfDarkness"}],"is_trial":false,"path_per_floor":["M","$","M","?","?","E","?","E","T","E","R","T","$","M","R","B",null,"M","M","?","M","?","R","$","E","T","E","R","M","M","M","R","B",null,"M","M","?","?","$","?","R","$","T","R","M","R","M","E","R","B",null],"character_chosen":"DEFECT","items_purchased":["Capacitor","Cold Snap","FocusPotion","Enlightenment","Frozen Eye","Double Energy","Chemical X"],"campfire_rested":1,"item_purchase_floors":[2,2,13,39,39,39,42],"current_hp_per_floor":[75,75,75,75,64,64,49,37,47,31,56,63,63,69,69,79,92,92,80,80,66,66,75,75,64,64,69,78,69,76,86,92,92,92,92,78,66,66,66,66,81,81,81,92,63,78,78,60,75,36],"gold":179,"neow_bonus":"THREE_ENEMY_KILL","is_daily":false,"chose_seed":false,"campfire_upgraded":8,"win_rate":0.0,"timestamp":1612848656,"path_taken":["M","$","M","?","?","E","?","E","T","E","R","?","$","M","R","BOSS","M","M","?","M","?","R","?","E","T","E","R","M","M","?","R","BOSS","M","M","?","?","$","?","R","$","T","R","M","R","M","E","R","BOSS"],"items_purchased_type":["Card","Card","Potion","Card","Relic","Card","Relic"],"build_version":"2020-12-22","purchased_purges":3,"victory":true,"max_hp_per_floor":[75,75,75,75,75,75,75,75,85,85,85,92,92,92,92,92,92,92,92,92,92,92,92,92,92,92,92,92,92,92,92,92,92,92,92,92,92,92,92,92,92,92,92,92,92,92,92,92,92,92],"relic_stats":{"counters":[22,152],"Shuriken":[22],"Pantograph":17,"Astrolabe":["Hello World","Steam Power","Compile Driver"],"Eternal Feather":80,"PreservedInsect":98,"Art of War":[33],"Chemical X":[6],"War Paint":["Conserve Battery"],"MawBank":96,"obtain_stats":[{"Pear":9,"NeowsBlessing":0,"Astrolabe":34,"Eternal Feather":20,"PreservedInsect":26,"Omamori":8,"War Paint":25,"MawBank":43,"Ancient Tea Set":48,"Frozen Eye":39,"Matryoshka":10,"HornCleat":27,"Shuriken":6,"Strawberry":12,"Pantograph":26,"Art of War":12,"Chemical X":42,"Cracked Core":0,"Runic Pyramid":17},{"Pear":4,"NeowsBlessing":0,"Astrolabe":16,"Eternal Feather":9,"PreservedInsect":11,"Omamori":4,"War Paint":11,"MawBank":18,"Ancient Tea Set":21,"Frozen Eye":18,"Matryoshka":5,"HornCleat":12,"Shuriken":3,"Strawberry":5,"Pantograph":11,"Art of War":5,"Chemical X":18,"Cracked Core":0,"Runic Pyramid":7},{"Pear":10,"NeowsBlessing":0,"Astrolabe":113,"Eternal Feather":49,"PreservedInsect":64,"Omamori":10,"War Paint":64,"MawBank":121,"Ancient Tea Set":140,"Frozen Eye":121,"Matryoshka":18,"HornCleat":72,"Shuriken":3,"Strawberry":18,"Pantograph":64,"Art of War":18,"Chemical X":121,"Cracked Core":0,"Runic Pyramid":35}]},"card_choices":[{"not_picked":["Tempest","Aggregate"],"picked":"Self Repair","floor":1},{"not_picked":["Cold Snap","Blizzard","Compile Driver"],"picked":"SKIP","floor":3},{"not_picked":["Heatsinks","Blizzard","Fission"],"picked":"SKIP","floor":6},{"not_picked":["Aggregate","Cold Snap"],"picked":"Conserve Battery","floor":8},{"not_picked":["Scrape","BootSequence","Leap"],"picked":"SKIP","floor":10},{"not_picked":["Sweeping Beam","Self Repair"],"picked":"Coolheaded","floor":14},{"not_picked":["Gash","Cold Snap"],"picked":"Barrage","floor":18},{"not_picked":["Hologram+1","Sunder+1"],"picked":"Streamline","floor":19},{"not_picked":["Barrage+1","Turbo"],"picked":"Reinforced Body+1","floor":21},{"not_picked":["Beam Cell","Self Repair+1"],"picked":"Glacier","floor":25},{"not_picked":["Steam","Lockon","Barrage"],"picked":"SKIP","floor":27},{"not_picked":["Streamline","Fission"],"picked":"Static Discharge+1","floor":29},{"not_picked":["Ball Lightning","Barrage"],"picked":"White Noise+1","floor":30},{"not_picked":["Turbo+1","Stack"],"picked":"Loop+1","floor":31},{"not_picked":["Multi-Cast","Core Surge"],"picked":"Machine Learning","floor":33},{"not_picked":["Coolheaded","Stack"],"picked":"Ball Lightning+1","floor":35},{"not_picked":["Redo+1","Streamline"],"picked":"Darkness+1","floor":36},{"not_picked":["Turbo+1","Self Repair+1"],"picked":"Meteor Strike","floor":45},{"not_picked":["Cold Snap+1","Hologram"],"picked":"Recycle","floor":47},{"not_picked":["Recycle+1","Leap+1","Reprogram+1"],"picked":"SKIP","floor":48}],"player_experience":339584,"relics_obtained":[{"floor":6,"key":"Shuriken"},{"floor":8,"key":"Omamori"},{"floor":9,"key":"Pear"},{"floor":10,"key":"Matryoshka"},{"floor":12,"key":"Art of War"},{"floor":12,"key":"Strawberry"},{"floor":25,"key":"War Paint"},{"floor":26,"key":"PreservedInsect"},{"floor":26,"key":"Pantograph"},{"floor":27,"key":"HornCleat"},{"floor":43,"key":"MawBank"},{"floor":48,"key":"Ancient Tea Set"}],"event_choices":[{"damage_healed":0,"gold_gain":0,"player_choice":"Grow","damage_taken":0,"max_hp_gain":0,"max_hp_loss":0,"event_name":"Living Wall","floor":4,"gold_loss":0,"cards_upgraded":["Self Repair"]},{"damage_healed":0,"gold_gain":75,"player_choice":"Gather Gold","damage_taken":11,"max_hp_gain":0,"max_hp_loss":0,"event_name":"World of Goop","floor":5,"gold_loss":0},{"damage_healed":0,"gold_gain":0,"player_choice":"Entered Light","damage_taken":15,"max_hp_gain":0,"max_hp_loss":0,"event_name":"Shining Light","floor":7,"gold_loss":0,"cards_upgraded":["Dualcast","Zap"]},{"damage_healed":0,"gold_gain":0,"player_choice":"Obtained Relic","damage_taken":0,"relics_obtained":["Eternal Feather"],"max_hp_gain":0,"max_hp_loss":0,"event_name":"Addict","floor":20,"gold_loss":85},{"damage_healed":0,"gold_gain":0,"player_choice":"Simplicity","damage_taken":0,"max_hp_gain":0,"max_hp_loss":0,"event_name":"Back to Basics","floor":22,"gold_loss":0,"cards_upgraded":["Strike_B","Strike_B","Strike_B","Defend_B","Defend_B","Defend_B","Defend_B"]},{"damage_healed":0,"gold_gain":0,"player_choice":"Embrace Madness","damage_taken":12,"max_hp_gain":0,"max_hp_loss":0,"event_name":"Winding Halls","floor":37,"gold_loss":0,"cards_obtained":["Madness","Madness"]},{"cards_removed":["Hello World"],"damage_healed":0,"gold_gain":0,"player_choice":"Removed Power","damage_taken":0,"max_hp_gain":0,"max_hp_loss":0,"event_name":"Falling","floor":38,"gold_loss":0},{"damage_healed":0,"gold_gain":275,"player_choice":"Desecrate","damage_taken":0,"max_hp_gain":0,"max_hp_loss":0,"event_name":"Golden Shrine","floor":40,"gold_loss":0,"cards_obtained":["Regret"]}],"is_beta":false,"boss_relics":[{"not_picked":["Runic Dome","Ectoplasm"],"picked":"Runic Pyramid"},{"not_picked":["Pandora\u0027s Box","Calling Bell"],"picked":"Astrolabe"}],"items_purged_floors":[13,39,42],"is_endless":false,"potions_floor_spawned":[1,8,14,18,19,27,29,33,45,47],"ascension_level":1}}