{"host":"8d3fefv2347kqkpz","time":1612873402,"event":{"mods":["AchievementEnabler","Act Like it!","BaseMod","Better Vampires","Colored Map","Colored Powertips","Downfall","GifTheSpireLib","Highlight Path","Minty Spire (QoL Compilation)","Quick Restart","Rare Cards Sparkle","Relic Stats","Replay The Spire","Spicy Shops","StSLib","Waifu the Spire"],"gold_per_floor":[99,110,125,125,125,135,159,159,159,159,173,173,6,104,114,212,212,212,225,58,74,94,111,111,127,127,140,158,158,158,177,193,193,193,193],"floor_reached":33,"language":"ZHS","playtime":1656,"items_purged":["bronze:Strike"],"score":268,"play_id":"6a23a119-beca-457f-8fd0-2397249b96e3","local_time":"20210209202322","is_ascension_mode":false,"campfire_choices":[{"floor":1.0,"key":"DIG"},{"data":"bronze:Goto","floor":8.0,"key":"SMITH"},{"data":"bronze:Return","floor":10.0,"key":"SMITH"},{"data":"bronze:Replicate","floor":12.0,"key":"SMITH"},{"data":"bronze:Strike","floor":18.0,"key":"PURGE"},{"floor":26.0,"key":"REST"},{"floor":29.0,"key":"REST"}],"circlet_count":0,"master_deck":["bronze:Strike","bronze:Strike","bronze:Defend","bronze:Defend","bronze:Defend","bronze:Replicate+1","bronze:Goto+1","bronze:Return+1","bronze:WildBeam","bronze:WildBeam","bronze:Boost+1","bronze:Shield","bronze:CleanCode+1","bronze:FineTuning+1","bronze:Boost","bronze:Repulsor","bronze:Shield","bronze:Overload","bronze:WildBeam","bronze:ItsAFeature"],"relics":["bronze:BronzeCore","Bronze Scales","Sundial","Juzu Bracelet","Replay:Baseball","Membership Card","Centennial Puzzle","Runic Dome","Guide Book","Pear"],"acts_visited":["Exordium","TheCity"],"potions_floor_usage":[],"damage_taken":[{"damage":5.0,"enemies":"Jaw Worm","floor":2.0,"turns":5.0},{"damage":2.0,"enemies":"2 Louse","floor":3.0,"turns":2.0},{"damage":1.0,"enemies":"Cultist","floor":6.0,"turns":3.0},{"damage":0.0,"enemies":"Large Slime","floor":11.0,"turns":4.0},{"damage":0.0,"enemies":"downfall:FleeingMerchant","floor":13.0,"turns":4.0},{"damage":8.0,"enemies":"Exordium Wildlife","floor":15.0,"turns":2.0},{"damage":33.0,"enemies":"WA_ARCHETYPE_RETAIN","floor":16.0,"turns":7.0},{"damage":7.0,"enemies":"Shell Parasite","floor":19.0,"turns":4.0},{"damage":15.0,"enemies":"downfall:FleeingMerchant","floor":20.0,"turns":4.0},{"damage":5.0,"enemies":"Snake Plant","floor":21.0,"turns":3.0},{"damage":10.0,"enemies":"Cultist and Chosen","floor":22.0,"turns":7.0},{"damage":13.0,"enemies":"Centurion and Healer","floor":23.0,"turns":9.0},{"damage":7.0,"enemies":"Sentry and Sphere","floor":25.0,"turns":7.0},{"damage":13.0,"enemies":"Shelled Parasite and Fungi","floor":27.0,"turns":5.0},{"damage":13.0,"enemies":"Snake Plant","floor":28.0,"turns":4.0},{"damage":24.0,"enemies":"Cultist and Chosen","floor":31.0,"turns":7.0},{"damage":12.0,"enemies":"3 Cultists","floor":32.0,"turns":5.0},{"damage":27,"enemies":"DF_ARCHETYPE_CLAW","floor":33,"turns":3}],"seed_played":"6764033910950312152","potions_obtained":[{"floor":2.0,"key":"SteroidPotion"},{"floor":3.0,"key":"bronze:BurnAndBuffPotion"},{"floor":15.0,"key":"Weak Potion"},{"floor":16.0,"key":"Strength Potion"},{"floor":25.0,"key":"Regen Potion"}],"is_trial":false,"path_per_floor":["R_BF","M","M","?","?","M","T","R","?","R","M","R","$","?","M","B",null,"R_BF","M","$","M","M","M","T","M","R","M","M","R","?","M","M","B"],"character_chosen":"THE_AUTOMATON","items_purchased":["Membership Card","bronze:Repulsor","Guide Book"],"campfire_rested":2,"item_purchase_floors":[13,20,20],"current_hp_per_floor":[70,65,63,60,60,59,59,59,80,80,80,80,80,60,52,19,80,80,73,58,53,43,30,40,33,60,47,34,61,61,37,25,0,0,0],"gold":193,"neow_bonus":"RANDOM_COMMON_RELIC","is_daily":false,"chose_seed":false,"campfire_upgraded":3,"win_rate":0.0,"timestamp":1612873402,"path_taken":["R_BF","M","M","?","?","M","T","R","?","R","M","R","$","?","M","BOSS","R_BF","M","$","M","M","M","T","M","R","M","M","R","?","M","M","BOSS"],"items_purchased_type":["Relic","Card","Relic"],"build_version":"2020-12-22","purchased_purges":1,"victory":false,"max_hp_per_floor":[70,70,70,70,70,70,70,70,80,80,80,80,80,80,80,80,80,80,80,80,80,80,80,90,90,90,90,90,90,90,90,90,90,90,90],"relic_stats":{"Centennial Puzzle":[39],"counters":[18,85],"Sundial":[18],"Bronze Scales":[211],"Juzu Bracelet":0,"obtain_stats":[{"Runic Dome":17,"Replay:Baseball":7,"Centennial Puzzle":14,"bronze:BronzeCore":0,"Pear":24,"Sundial":1,"Bronze Scales":0,"Guide Book":20,"Juzu Bracelet":4,"Membership Card":13},{"Runic Dome":7,"Replay:Baseball":3,"Centennial Puzzle":5,"bronze:BronzeCore":0,"Pear":12,"Sundial":0,"Bronze Scales":0,"Guide Book":9,"Juzu Bracelet":2,"Membership Card":5},{"Runic Dome":27,"Replay:Baseball":10,"Centennial Puzzle":18,"bronze:BronzeCore":0,"Pear":54,"Sundial":0,"Bronze Scales":0,"Guide Book":35,"Juzu Bracelet":7,"Membership Card":18}]},"card_choices":[{"not_picked":["bronze:Frontload","bronze:ForceShield"],"picked":"bronze:Return","floor":2.0},{"not_picked":["bronze:Branch","bronze:Deprecate","bronze:Overheat"],"picked":"SKIP","floor":3.0},{"not_picked":["bronze:Overheat","bronze:ForceShield","bronze:BugBarrage"],"picked":"SKIP","floor":6.0},{"not_picked":["bronze:DelayedSlice","bronze:Optimize"],"picked":"bronze:WildBeam","floor":11.0},{"not_picked":["bronze:Frontload","bronze:DarkDash","bronze:Turbo"],"picked":"SKIP","floor":13.0},{"not_picked":["bronze:RecursiveStrike","bronze:GetLatest"],"picked":"bronze:WildBeam","floor":14.0},{"not_picked":["bronze:DigitalCarnage","bronze:BuggyMess"],"picked":"bronze:Boost","floor":14.0},{"not_picked":["bronze:OilSpill","bronze:BitShift"],"picked":"bronze:Shield","floor":15.0},{"not_picked":["bronze:BurnOut","bronze:Break"],"picked":"bronze:CleanCode","floor":16.0},{"not_picked":["bronze:DelayedSlice+1","bronze:ForceShield"],"picked":"bronze:FineTuning+1","floor":19.0},{"not_picked":["bronze:BitShift","bronze:BronzeArmor"],"picked":"bronze:Boost","floor":20.0},{"not_picked":["bronze:MaxOutput","bronze:Frontload"],"picked":"bronze:Shield","floor":21.0},{"not_picked":["bronze:ChosenStrike","bronze:ChildClass+1"],"picked":"bronze:Overload","floor":22.0},{"not_picked":["bronze:DigitalCarnage","bronze:CloningBeam","bronze:Iterate"],"picked":"SKIP","floor":23.0},{"not_picked":["bronze:DelayedSlice","bronze:Overheat+1"],"picked":"bronze:WildBeam","floor":25.0},{"not_picked":["bronze:BronzeArmor+1","bronze:BitShift","bronze:BuggyMess"],"picked":"SKIP","floor":27.0},{"not_picked":["bronze:Iterate","bronze:NullPointer+1"],"picked":"bronze:ItsAFeature","floor":28.0},{"not_picked":["bronze:DarkDash","bronze:BronzeArmor+1","bronze:Shield"],"picked":"SKIP","floor":31.0},{"not_picked":["bronze:DelayedGuard","bronze:Shell","bronze:WildBeam"],"picked":"SKIP","floor":32.0}],"player_experience":316044,"relics_obtained":[{"floor":1.0,"key":"Sundial"},{"floor":7.0,"key":"Replay:Baseball"},{"floor":14.0,"key":"Centennial Puzzle"},{"floor":24.0,"key":"Pear"}],"event_choices":[{"damage_healed":0.0,"max_hp_gain":0.0,"max_hp_loss":0.0,"gold_gain":0.0,"event_name":"Scrap Ooze","player_choice":"Success","floor":4.0,"gold_loss":0.0,"damage_taken":3.0,"relics_obtained":["Juzu Bracelet"]}],"is_beta":false,"boss_relics":[{"not_picked":["Painkiller Herb","Busted Crown"],"picked":"Runic Dome"}],"items_purged_floors":[20],"is_endless":false,"potions_floor_spawned":[2,3,15,16,19,23,25,28,32],"killed_by":"DF_ARCHETYPE_CLAW","ascension_level":0}}