{"host":"x5w9zppki4gdwvc7","time":1612903629,"event":{"mods":["AchievementEnabler","BaseMod","Colored Powertips","DeckTracker","Minty Spire (QoL Compilation)","SuperFastMode"],"gold_per_floor":[118,118,88,101,26,70,70,103,127,127,127],"floor_reached":10,"language":"ENG","playtime":282,"items_purged":["Strike_B"],"score":89,"play_id":"26f376f5-b0e1-4de3-8bdf-037349076f75","local_time":"20210209214709","is_ascension_mode":true,"campfire_choices":[{"floor":7,"key":"REST"}],"circlet_count":0,"master_deck":["Strike_B","Strike_B","Strike_B","Defend_B","Defend_B","Defend_B","Defend_B","Zap","Dualcast","Doom and Gloom","Conserve Battery","Loop","Gash"],"relics":["Cracked Core","Nunchaku","Golden Idol","Anchor","Letter Opener","Lantern"],"acts_visited":["Exordium"],"potions_floor_usage":[10,10,10,10],"damage_taken":[{"damage":8,"enemies":"Jaw Worm","floor":1,"turns":4},{"damage":1,"enemies":"2 Louse","floor":4,"turns":2},{"damage":40,"enemies":"Gremlin Nob","floor":6,"turns":4},{"damage":33,"enemies":"3 Sentries","floor":8,"turns":7},{"damage":18,"enemies":"Gremlin Nob","floor":10,"turns":2}],"seed_played":"-7826470363383748288","potions_obtained":[{"floor":3,"key":"FearPotion"},{"floor":3,"key":"EntropicBrew"},{"floor":8,"key":"ColorlessPotion"}],"is_trial":false,"path_per_floor":["M","?","?","M","$","E","R","E","T","E"],"character_chosen":"DEFECT","items_purchased":[],"campfire_rested":1,"item_purchase_floors":[],"current_hp_per_floor":[67,67,67,66,66,26,46,13,13,0,0],"gold":127,"neow_bonus":"RANDOM_COMMON_RELIC","is_daily":false,"chose_seed":false,"campfire_upgraded":0,"win_rate":0.0,"timestamp":1612903629,"path_taken":["M","?","?","?","$","E","R","E","T","E"],"items_purchased_type":[],"build_version":"2020-12-22","purchased_purges":1,"victory":false,"max_hp_per_floor":[75,69,69,69,69,69,69,69,69,69,69],"card_choices":[{"not_picked":["Streamline","Melter"],"picked":"Doom and Gloom","floor":1},{"not_picked":["Steam","Hologram"],"picked":"Conserve Battery","floor":4},{"not_picked":["Thunder Strike","Compile Driver"],"picked":"Loop","floor":6},{"not_picked":["Static Discharge","Steam"],"picked":"Gash","floor":8}],"player_experience":574104,"relics_obtained":[{"floor":6,"key":"Anchor"},{"floor":8,"key":"Letter Opener"},{"floor":9,"key":"Lantern"}],"event_choices":[{"damage_healed":0,"gold_gain":0,"player_choice":"Lose Max HP","damage_taken":0,"relics_obtained":["Golden Idol"],"max_hp_gain":0,"max_hp_loss":6,"event_name":"Golden Idol","floor":2,"gold_loss":0},{"damage_healed":0,"gold_gain":0,"player_choice":"Bought 2 Potions","damage_taken":0,"max_hp_gain":0,"max_hp_loss":0,"event_name":"The Woman in Blue","floor":3,"gold_loss":0}],"is_beta":false,"boss_relics":[],"items_purged_floors":[5],"is_endless":false,"potions_floor_spawned":[8],"killed_by":"Gremlin Nob","ascension_level":4}}