{"host":"BK","time":1612859770,"event":{"mods":["BaseMod","Highlight Path","Minty Spire (QoL Compilation)","StSLib"],"gold_per_floor":[115,115,131,131,143,143,168,168,168,187,205,223,223,73,73,147,147,157,3,53,66,86,86,113,123,123,123,27,27,27,45,45,124,124,141,160,176,176,5,5,32,32,113,113,113],"floor_reached":44,"language":"ENG","playtime":1772,"items_purged":["Strike_R","Strike_R"],"score":966,"play_id":"4bf801b9-5be9-4447-ab9c-6ae3e3db4841","local_time":"20210209013610","is_ascension_mode":true,"campfire_choices":[{"data":"Inflame","floor":6.0,"key":"SMITH"},{"data":"Bash","floor":8.0,"key":"SMITH"},{"floor":13.0,"key":"REST"},{"data":"Disarm","floor":15.0,"key":"SMITH"},{"floor":23.0,"key":"REST"},{"data":"Flame Barrier","floor":29.0,"key":"SMITH"},{"floor":32.0,"key":"REST"},{"floor":40.0,"key":"REST"},{"floor":42.0,"key":"REST"}],"circlet_count":0,"master_deck":["AscendersBane","Strike_R","Strike_R","Strike_R","Defend_R","Defend_R","Defend_R","Defend_R","Bash+1","Dropkick","Inflame+1","Twin Strike","Battle Trance","Disarm+1","Limit Break","Flame Barrier+1","Juggernaut","Heavy Blade+1","Decay","Spot Weakness","Inflame+1","Corruption","Burning Pact"],"relics":["Snecko Eye","Self Forming Clay","MealTicket","SlaversCollar","Oddly Smooth Stone","Ornamental Fan","Velvet Choker","Regal Pillow","Mercury Hourglass","Sundial"],"acts_visited":["Exordium","TheCity","TheBeyond"],"potions_floor_usage":[44],"damage_taken":[{"damage":3.0,"enemies":"2 Louse","floor":1.0,"turns":4.0},{"damage":0.0,"enemies":"Small Slimes","floor":3.0,"turns":2.0},{"damage":0.0,"enemies":"Cultist","floor":5.0,"turns":3.0},{"damage":45.0,"enemies":"3 Sentries","floor":7.0,"turns":10.0},{"damage":14.0,"enemies":"Looter","floor":10.0,"turns":3.0},{"damage":9.0,"enemies":"Gremlin Gang","floor":11.0,"turns":5.0},{"damage":4.0,"enemies":"Blue Slaver","floor":12.0,"turns":5.0},{"damage":25.0,"enemies":"The Guardian","floor":16.0,"turns":12.0},{"damage":24.0,"enemies":"Shell Parasite","floor":18.0,"turns":5.0},{"damage":39.0,"enemies":"Chosen","floor":21.0,"turns":6.0},{"damage":0.0,"enemies":"Snake Plant","floor":22.0,"turns":3.0},{"damage":12.0,"enemies":"Book of Stabbing","floor":24.0,"turns":5.0},{"damage":5.0,"enemies":"Snecko","floor":25.0,"turns":3.0},{"damage":8.0,"enemies":"Centurion and Healer","floor":31.0,"turns":3.0},{"damage":28.0,"enemies":"Collector","floor":33.0,"turns":7.0},{"damage":11.0,"enemies":"3 Shapes","floor":35.0,"turns":5.0},{"damage":20.0,"enemies":"Orb Walker","floor":36.0,"turns":4.0},{"damage":12.0,"enemies":"3 Darklings","floor":37.0,"turns":4.0},{"damage":58.0,"enemies":"Giant Head","floor":41.0,"turns":6.0},{"damage":46,"enemies":"Nemesis","floor":44,"turns":4}],"seed_played":"1568482426532469653","potions_obtained":[{"floor":5.0,"key":"Ancient Potion"},{"floor":10.0,"key":"Weak Potion"},{"floor":22.0,"key":"BloodPotion"},{"floor":25.0,"key":"Swift Potion"},{"floor":37.0,"key":"SkillPotion"},{"floor":41.0,"key":"PowerPotion"}],"is_trial":false,"path_per_floor":["M","?","M","?","M","R","E","R","T","M","M","M","R","$","R","B",null,"M","$","?","M","M","R","E","M","T","?","$","R","?","M","R","B",null,"M","M","M","?","$","R","E","R","T","E"],"character_chosen":"IRONCLAD","items_purchased":["Flame Barrier","PowerPotion","Spot Weakness","Energy Potion","Regal Pillow"],"campfire_rested":5,"item_purchase_floors":[14,19,28,28,39],"current_hp_per_floor":[65,65,65,75,75,75,30,30,30,16,7,3,25,40,40,15,60,36,51,44,5,5,27,15,10,10,25,40,40,40,32,54,26,63,52,32,20,15,30,67,9,46,46,0,0],"gold":113,"neow_bonus":"BOSS_RELIC","is_daily":false,"chose_seed":false,"campfire_upgraded":4,"win_rate":0.0,"timestamp":1612859770,"path_taken":["M","?","M","?","M","R","E","R","T","M","?","M","R","$","R","BOSS","M","$","?","M","?","R","E","M","T","?","?","R","?","M","R","BOSS","M","M","M","?","$","R","E","R","T","E"],"items_purchased_type":["Card","Potion","Card","Potion","Relic"],"build_version":"2020-12-18","purchased_purges":2,"victory":false,"max_hp_per_floor":[75,75,75,75,75,75,75,75,75,75,75,75,75,75,75,75,75,75,75,75,75,75,75,75,75,75,75,75,75,75,75,75,75,75,75,75,75,75,75,75,75,75,75,75,75],"card_choices":[{"not_picked":["Body Slam","Bloodletting"],"picked":"Dropkick","floor":1.0},{"not_picked":["Heavy Blade","Wild Strike"],"picked":"Inflame","floor":3.0},{"not_picked":["Thunderclap","Fire Breathing"],"picked":"Twin Strike","floor":5.0},{"not_picked":["Rupture","Havoc","Flex"],"picked":"SKIP","floor":7.0},{"not_picked":["Clash","Sentinel"],"picked":"Battle Trance","floor":10.0},{"not_picked":["Anger","Body Slam"],"picked":"Disarm","floor":11.0},{"not_picked":["Iron Wave","Evolve"],"picked":"Limit Break","floor":12.0},{"not_picked":["Brutality","Limit Break"],"picked":"Juggernaut","floor":16.0},{"not_picked":["Dark Embrace","Wild Strike+1","Clothesline"],"picked":"SKIP","floor":18.0},{"not_picked":["Clothesline","Flex","Body Slam"],"picked":"SKIP","floor":21.0},{"not_picked":["Clothesline","Clash"],"picked":"Heavy Blade+1","floor":22.0},{"not_picked":["Cleave","Havoc","Flex"],"picked":"SKIP","floor":24.0},{"not_picked":["Seeing Red","Clash","Dark Embrace"],"picked":"SKIP","floor":25.0},{"not_picked":["Havoc","Flame Barrier","Sever Soul"],"picked":"SKIP","floor":31.0},{"not_picked":["Double Tap","Offering"],"picked":"Corruption","floor":33.0},{"not_picked":["Carnage+1","Sword Boomerang","Hemokinesis"],"picked":"SKIP","floor":35.0},{"not_picked":["Thunderclap","Iron Wave"],"picked":"Burning Pact","floor":36.0},{"not_picked":["Body Slam","Warcry+1","Wild Strike"],"picked":"SKIP","floor":37.0},{"not_picked":["Entrench","Pommel Strike","Intimidate+1"],"picked":"SKIP","floor":41.0}],"player_experience":2541570,"relics_obtained":[{"floor":7.0,"key":"Self Forming Clay"},{"floor":9.0,"key":"MealTicket"},{"floor":24.0,"key":"Oddly Smooth Stone"},{"floor":26.0,"key":"Ornamental Fan"},{"floor":41.0,"key":"Mercury Hourglass"},{"floor":43.0,"key":"Sundial"}],"event_choices":[{"damage_healed":0.0,"max_hp_gain":0.0,"max_hp_loss":0.0,"gold_gain":0.0,"event_name":"Liars Game","player_choice":"Ignored","floor":2.0,"gold_loss":0.0,"damage_taken":0.0},{"damage_healed":10.0,"max_hp_gain":0.0,"max_hp_loss":0.0,"gold_gain":0.0,"event_name":"Wheel of Change","player_choice":"Full Heal","floor":4.0,"gold_loss":0.0,"damage_taken":0.0},{"damage_healed":0.0,"max_hp_gain":0.0,"max_hp_loss":0.0,"gold_gain":50.0,"event_name":"FaceTrader","player_choice":"Touch","floor":20.0,"gold_loss":0.0,"damage_taken":7.0},{"damage_healed":0.0,"max_hp_gain":0.0,"max_hp_loss":0.0,"gold_gain":0.0,"event_name":"Forgotten Altar","player_choice":"Smashed Altar","floor":27.0,"gold_loss":0.0,"damage_taken":0.0,"cards_obtained":["Decay"]},{"damage_healed":0.0,"max_hp_gain":0.0,"max_hp_loss":0.0,"gold_gain":0.0,"event_name":"Duplicator","player_choice":"Copied","floor":30.0,"gold_loss":0.0,"damage_taken":0.0,"cards_obtained":["Inflame"]},{"damage_healed":0.0,"max_hp_gain":0.0,"max_hp_loss":0.0,"gold_gain":0.0,"event_name":"SensoryStone","player_choice":"Memory 2","floor":38.0,"gold_loss":0.0,"damage_taken":5.0}],"is_beta":true,"boss_relics":[{"not_picked":["Runic Pyramid","Philosopher\u0027s Stone"],"picked":"SlaversCollar"},{"not_picked":["SacredBark","Pandora\u0027s Box"],"picked":"Velvet Choker"}],"items_purged_floors":[14,19],"is_endless":false,"potions_floor_spawned":[5,10,21,22,25,37,41],"killed_by":"Nemesis","ascension_level":20}}