{"host":"6gwm7y0tp7acoxay","time":1612853680,"event":{"mods":["BaseMod","Colored Map","Keyboard Shortcuts","Minty Spire (QoL Compilation)","Quick Restart","StSLib","SuperFastMode","everything is the same but u backflip on backflip"],"gold_per_floor":[115,135,191,191,214,214,247,282,282,315,353,21,52,122,122,220,220,238,6,44,44,68,109,149,182,251,282,31,31,31,31,31,130,130,145,165,196,418,127,168,211,260,286,91,91,109,148,187,187,187,187,187,187,102,133,133],"floor_reached":57,"language":"KOR","playtime":2171,"items_purged":["Searing Blow","Madness"],"score":4183,"play_id":"8a0dae4c-2bee-4dfa-84d6-b23eeb51c46c","local_time":"20210209155440","daily_mods":["SealedDeck","Heirloom","Flight"],"is_ascension_mode":true,"campfire_choices":[{"data":"Armaments","floor":6.0,"key":"SMITH"},{"data":"Body Slam","floor":15.0,"key":"SMITH"},{"data":"Feel No Pain","floor":32,"key":"SMITH"},{"floor":45,"key":"RECALL"},{"data":"Disarm","floor":49,"key":"SMITH"},{"data":"Madness","floor":53,"key":"SMITH"}],"circlet_count":0,"master_deck":["AscendersBane","Body Slam+1","Shrug It Off","Burning Pact","Uppercut","Second Wind","Power Through+1","Armaments+1","Whirlwind","Entrench","Juggernaut","Fire Breathing","Feel No Pain+1","Exhume","CurseOfTheBell","Disarm+1","Fiend Fire","Battle Trance+1","Madness+1"],"relics":["Burning Blood","Thread and Needle","Golden Idol","Red Skull","FossilizedHelix","Singing Bowl","Eternal Feather","Orichalcum","Charon\u0027s Ashes","Pen Nib","Girya","Black Star","Lantern","Red Mask","Toy Ornithopter","Art of War","Bag of Marbles","StrikeDummy","Nunchaku","Dead Branch","Kunai","Prayer Wheel","CaptainsWheel","Membership Card","Regal Pillow","MutagenicStrength","PreservedInsect","Calling Bell","Bronze Scales","The Courier","StoneCalendar","Mango","Calipers","Self Forming Clay","Happy Flower","Meat on the Bone","Blood Vial","Paper Frog","Juzu Bracelet","CeramicFish","Anchor","OrangePellets","War Paint","Ancient Tea Set","Oddly Smooth Stone","Smiling Mask","MealTicket","Gambling Chip","Boot","Strawberry"],"acts_visited":["Exordium","TheCity","TheBeyond","TheEnding"],"potions_floor_usage":[56,56],"damage_taken":[{"damage":0.0,"enemies":"Cultist","floor":1.0,"turns":4.0},{"damage":2.0,"enemies":"2 Louse","floor":2.0,"turns":2.0},{"damage":0.0,"enemies":"Jaw Worm","floor":5.0,"turns":4.0},{"damage":0.0,"enemies":"Lagavulin","floor":7.0,"turns":6.0},{"damage":27.0,"enemies":"Gremlin Nob","floor":8.0,"turns":5.0},{"damage":13.0,"enemies":"Lagavulin","floor":10.0,"turns":7.0},{"damage":0.0,"enemies":"3 Sentries","floor":11.0,"turns":7.0},{"damage":0.0,"enemies":"Gremlin Nob","floor":13.0,"turns":4.0},{"damage":0.0,"enemies":"Lagavulin Event","floor":14.0,"turns":5.0},{"damage":0.0,"enemies":"Slime Boss","floor":16.0,"turns":6.0},{"damage":0.0,"enemies":"Chosen","floor":18.0,"turns":3.0},{"damage":32.0,"enemies":"Masked Bandits","floor":20.0,"turns":4.0},{"damage":0.0,"enemies":"3 Byrds","floor":22.0,"turns":4.0},{"damage":22.0,"enemies":"Gremlin Leader","floor":23.0,"turns":6.0},{"damage":0.0,"enemies":"Slavers","floor":24.0,"turns":3.0},{"damage":11.0,"enemies":"Gremlin Leader","floor":25.0,"turns":5.0},{"damage":0.0,"enemies":"Slavers","floor":27.0,"turns":3.0},{"damage":59,"enemies":"Champ","floor":33,"turns":9},{"damage":0,"enemies":"3 Darklings","floor":35,"turns":4},{"damage":0,"enemies":"Orb Walker","floor":36,"turns":3},{"damage":0,"enemies":"Mind Bloom Boss Battle","floor":37,"turns":7},{"damage":0,"enemies":"Nemesis","floor":40,"turns":5},{"damage":0,"enemies":"Giant Head","floor":41,"turns":5},{"damage":0,"enemies":"Reptomancer","floor":42,"turns":4},{"damage":0,"enemies":"Giant Head","floor":47,"turns":4},{"damage":0,"enemies":"Reptomancer","floor":48,"turns":4},{"damage":0,"enemies":"Awakened One","floor":50,"turns":10},{"damage":0,"enemies":"Time Eater","floor":51,"turns":8},{"damage":0,"enemies":"Shield and Spear","floor":55,"turns":2},{"damage":0,"enemies":"The Heart","floor":56,"turns":7}],"seed_played":"7120786476508122848","potions_obtained":[{"floor":2.0,"key":"EssenceOfSteel"},{"floor":5.0,"key":"ColorlessPotion"},{"floor":13.0,"key":"PowerPotion"},{"floor":18.0,"key":"Fire Potion"},{"floor":23.0,"key":"FearPotion"},{"floor":36,"key":"Ancient Potion"}],"is_trial":true,"path_per_floor":["M","M","?","?","M","R","E","E","T","E","E","$","E","?","R","B",null,"M","$","?","?","M","E","E","E","T","E","$","?","?","?","R","B",null,"M","M","?","?","$","E","E","E","T","$","R","?","E","E","R","B","B",null,"R","$","E","B",null],"character_chosen":"IRONCLAD","items_purchased":["Charon\u0027s Ashes","Lantern","Membership Card","Regal Pillow","Calipers","Self Forming Clay","Happy Flower","OrangePellets","War Paint","Ancient Tea Set","ElixirPotion"],"campfire_rested":0,"item_purchase_floors":[12,19,28,28,39,39,39,44,44,44,54],"current_hp_per_floor":[74,75,75,49,55,55,61,40,40,35,41,41,49,57,63,69,78,83,83,59,59,65,51,59,61,61,67,67,67,67,67,73,22,75,85,93,113,113,113,115,117,117,117,117,117,96,106,116,121,121,121,121,121,121,130,130],"gold":133,"neow_bonus":"","is_daily":false,"chose_seed":false,"campfire_upgraded":5,"win_rate":0.0,"timestamp":1612853680,"path_taken":["M","?","?","?","M","R","E","E","T","E","E","$","E","?","R","BOSS","M","$","?","?","M","E","E","E","T","E","$","?","?","?","R","BOSS","M","?","?","?","$","E","E","E","T","?","R","?","E","E","R","BOSS","BOSS","R","$","E","BOSS"],"items_purchased_type":["Relic","Relic","Relic","Relic","Relic","Relic","Relic","Relic","Relic","Relic","Potion"],"build_version":"2020-12-22","purchased_purges":2,"victory":true,"max_hp_per_floor":[75,75,75,75,75,75,75,75,75,77,77,77,79,81,81,81,81,83,83,85,85,85,87,89,91,91,91,91,91,91,91,91,93,93,97,99,113,113,113,115,117,117,117,117,117,117,119,121,121,121,121,121,121,121,130,130],"card_choices":[{"not_picked":["Reckless Charge","Searing Blow","Warcry"],"picked":"SKIP","floor":1.0},{"not_picked":["Havoc","Cleave","Armaments"],"picked":"SKIP","floor":2.0},{"not_picked":["Sentinel","Burning Pact","Anger"],"picked":"SKIP","floor":5.0},{"not_picked":["Warcry","Pommel Strike","Reckless Charge"],"picked":"SKIP","floor":7.0},{"not_picked":["Armaments","Pommel Strike","Headbutt"],"picked":"SKIP","floor":8.0},{"not_picked":["Anger","Sword Boomerang","Corruption"],"picked":"Singing Bowl","floor":10.0},{"not_picked":["Cleave","Clash"],"picked":"Entrench","floor":11.0},{"not_picked":["Shrug It Off","Sword Boomerang","Thunderclap"],"picked":"Singing Bowl","floor":13.0},{"not_picked":["Metallicize","Wild Strike","Pommel Strike"],"picked":"Singing Bowl","floor":14.0},{"not_picked":["Brutality","Demon Form"],"picked":"Juggernaut","floor":16.0},{"not_picked":["Dark Embrace+1","Inflame+1","Perfected Strike"],"picked":"Singing Bowl","floor":18.0},{"not_picked":["Anger","Power Through","Havoc"],"picked":"Singing Bowl","floor":20.0},{"not_picked":["Uppercut","Warcry"],"picked":"Feel No Pain","floor":22.0},{"not_picked":["Twin Strike+1","Dropkick","Rupture"],"picked":"Singing Bowl","floor":23.0},{"not_picked":["Second Wind+1","Flex","Clothesline"],"picked":"Singing Bowl","floor":24.0},{"not_picked":["Havoc","Body Slam+1","Uppercut+1"],"picked":"Singing Bowl","floor":25.0},{"not_picked":["Dropkick","Warcry"],"picked":"Exhume","floor":27.0},{"not_picked":["Bludgeon","Limit Break","Double Tap"],"picked":"Singing Bowl","floor":33},{"not_picked":["Rupture","Ghostly Armor+1","Dark Embrace"],"picked":"Singing Bowl","floor":35},{"not_picked":["Sword Boomerang+1","Armaments","Sentinel"],"picked":"Singing Bowl","floor":35},{"not_picked":["Cleave","Havoc","Iron Wave+1"],"picked":"Singing Bowl","floor":36},{"not_picked":["Rampage+1","Heavy Blade"],"picked":"Disarm","floor":36},{"not_picked":["Rampage","Body Slam"],"picked":"Fiend Fire","floor":37},{"not_picked":["Dual Wield","Bloodletting","Metallicize"],"picked":"Singing Bowl","floor":40},{"not_picked":["Metallicize","Sever Soul+1","Searing Blow+1"],"picked":"Singing Bowl","floor":41},{"not_picked":["Inflame","Clash+1"],"picked":"Battle Trance","floor":42},{"not_picked":["Disarm","Shrug It Off","Rampage"],"picked":"Singing Bowl","floor":47},{"not_picked":["Dual Wield","Iron Wave+1","Disarm"],"picked":"Singing Bowl","floor":48},{"not_picked":["Exhume","Havoc","Cleave"],"picked":"Singing Bowl","floor":55}],"player_experience":4509440,"relics_obtained":[{"floor":7.0,"key":"Red Skull"},{"floor":8.0,"key":"FossilizedHelix"},{"floor":9.0,"key":"Singing Bowl"},{"floor":10.0,"key":"Eternal Feather"},{"floor":11.0,"key":"Orichalcum"},{"floor":13.0,"key":"Pen Nib"},{"floor":14.0,"key":"Girya"},{"floor":20.0,"key":"Red Mask"},{"floor":23.0,"key":"Toy Ornithopter"},{"floor":23.0,"key":"Art of War"},{"floor":24.0,"key":"Bag of Marbles"},{"floor":24.0,"key":"StrikeDummy"},{"floor":25.0,"key":"Nunchaku"},{"floor":25.0,"key":"Dead Branch"},{"floor":26.0,"key":"Kunai"},{"floor":27.0,"key":"Prayer Wheel"},{"floor":27.0,"key":"CaptainsWheel"},{"floor":34,"key":"Bronze Scales"},{"floor":34,"key":"The Courier"},{"floor":34,"key":"StoneCalendar"},{"floor":37,"key":"Mango"},{"floor":40,"key":"Meat on the Bone"},{"floor":40,"key":"Blood Vial"},{"floor":41,"key":"Paper Frog"},{"floor":41,"key":"Juzu Bracelet"},{"floor":42,"key":"CeramicFish"},{"floor":42,"key":"Anchor"},{"floor":47,"key":"Oddly Smooth Stone"},{"floor":47,"key":"Smiling Mask"},{"floor":48,"key":"MealTicket"},{"floor":48,"key":"Gambling Chip"},{"floor":55,"key":"Boot"},{"floor":55,"key":"Strawberry"}],"event_choices":[{"damage_healed":0.0,"max_hp_gain":0.0,"max_hp_loss":0.0,"gold_gain":56.0,"event_name":"Golden Wing","player_choice":"Gained Gold","floor":3.0,"gold_loss":0.0,"damage_taken":0.0},{"damage_healed":0.0,"max_hp_gain":0.0,"max_hp_loss":0.0,"gold_gain":0.0,"event_name":"Golden Idol","player_choice":"Take Damage","floor":4.0,"gold_loss":0.0,"damage_taken":26.0,"relics_obtained":["Golden Idol"]},{"damage_healed":0.0,"max_hp_gain":0.0,"max_hp_loss":0.0,"gold_gain":0.0,"event_name":"Dead Adventurer","player_choice":"Searched \u00272\u0027 times","floor":14.0,"gold_loss":0.0,"damage_taken":0.0},{"damage_healed":0.0,"max_hp_gain":0.0,"max_hp_loss":0.0,"gold_gain":0.0,"event_name":"Masked Bandits","player_choice":"Fought Bandits","floor":20.0,"gold_loss":0.0,"damage_taken":0.0},{"damage_healed":0.0,"max_hp_gain":0.0,"max_hp_loss":0.0,"gold_gain":0.0,"event_name":"The Library","player_choice":"Read","floor":21.0,"gold_loss":0.0,"damage_taken":0.0,"cards_obtained":["Fire Breathing"]},{"damage_healed":0.0,"max_hp_gain":0.0,"max_hp_loss":0.0,"gold_gain":0.0,"event_name":"Vampires","player_choice":"Ignored","floor":29.0,"gold_loss":0.0,"damage_taken":0.0},{"damage_healed":0,"gold_gain":0,"player_choice":"Inject Mutagens","damage_taken":0,"relics_obtained":["MutagenicStrength"],"max_hp_gain":0,"max_hp_loss":0,"event_name":"Drug Dealer","floor":30,"gold_loss":0},{"cards_removed":["Pommel Strike"],"damage_healed":0,"gold_gain":0,"player_choice":"Gave Card","damage_taken":0,"relics_obtained":["PreservedInsect"],"max_hp_gain":0,"max_hp_loss":0,"event_name":"WeMeetAgain","floor":31,"gold_loss":0},{"damage_healed":0,"gold_gain":0,"player_choice":"Fight","damage_taken":0,"max_hp_gain":0,"max_hp_loss":0,"event_name":"MindBloom","floor":37,"gold_loss":0},{"damage_healed":0,"gold_gain":222,"player_choice":"Wore Mask","damage_taken":0,"max_hp_gain":0,"max_hp_loss":0,"event_name":"Tomb of Lord Red Mask","floor":38,"gold_loss":0},{"damage_healed":0,"gold_gain":0,"player_choice":"Embrace Madness","damage_taken":21,"max_hp_gain":0,"max_hp_loss":0,"event_name":"Winding Halls","floor":46,"gold_loss":0,"cards_obtained":["Madness","Madness"]}],"is_beta":false,"boss_relics":[{"not_picked":["Velvet Choker","Philosopher\u0027s Stone"],"picked":"Black Star"},{"not_picked":["Runic Cube","Astrolabe"],"picked":"Calling Bell"}],"items_purged_floors":[19,54],"is_endless":false,"potions_floor_spawned":[2,5,8,13,18,23,24,36,37,41,48],"ascension_level":20}}