{"host":"prxrhpgaxnj4om9r","time":1612838133,"event":{"mods":["AchievementEnabler","BaseMod","DeckTracker","Keyboard Shortcuts","Minty Spire (QoL Compilation)"],"gold_per_floor":[115,128,128,154,154,188,188,209,209,251,276,560,583,605,605,718,727,752,364,383,406,154,154,154,182,182,182,205,304,304,304,304,411,483,507,507,507,507],"floor_reached":37,"language":"KOR","playtime":1850,"items_purged":["Regret"],"score":431,"play_id":"90095c0b-c6f2-486a-acbb-7c4c5c7e632a","local_time":"20210209113533","is_ascension_mode":false,"campfire_choices":[{"data":"Zap","floor":7,"key":"SMITH"},{"floor":15,"key":"REST"},{"data":"Storm","floor":23,"key":"SMITH"},{"floor":30,"key":"REST"},{"data":"Fusion","floor":32,"key":"SMITH"}],"circlet_count":0,"master_deck":["Zap+1","Dualcast","Leap","Compile Driver","BootSequence","Defragment","Redo","Go for the Eyes","Stack","Beam Cell","Gash","Thunder Strike","CurseOfTheBell","Sweeping Beam+1","Storm+1","Darkness+1","Gash","Fusion+1","All For One","Storm","Multi-Cast","All For One","Echo Form","Conserve Battery","Hyperbeam","Lockon","Scrape"],"relics":["Cracked Core","StoneCalendar","CeramicFish","Eternal Feather","Darkstone Periapt","Ornamental Fan","Calling Bell","Omamori","Blue Candle","Mango","Nunchaku","ClockworkSouvenir","Mummified Hand","Necronomicon","MealTicket","Tiny Chest","Pandora\u0027s Box"],"acts_visited":["Exordium","TheCity","TheBeyond"],"potions_floor_usage":[6,10,11,25,25,33,33],"damage_taken":[{"damage":3,"enemies":"Jaw Worm","floor":1,"turns":3},{"damage":0,"enemies":"Cultist","floor":2,"turns":3},{"damage":3,"enemies":"Small Slimes","floor":4,"turns":3},{"damage":27,"enemies":"Lagavulin","floor":6,"turns":7},{"damage":3,"enemies":"Red Slaver","floor":8,"turns":3},{"damage":21,"enemies":"Gremlin Nob","floor":10,"turns":4},{"damage":0,"enemies":"3 Louse","floor":11,"turns":3},{"damage":1,"enemies":"Blue Slaver","floor":13,"turns":3},{"damage":5,"enemies":"Looter","floor":14,"turns":3},{"damage":43,"enemies":"The Guardian","floor":16,"turns":10},{"damage":37,"enemies":"2 Thieves","floor":18,"turns":5},{"damage":10,"enemies":"Spheric Guardian","floor":20,"turns":5},{"damage":28,"enemies":"Chosen and Byrds","floor":21,"turns":7},{"damage":3,"enemies":"Centurion and Healer","floor":25,"turns":5},{"damage":10,"enemies":"Snecko","floor":28,"turns":5},{"damage":59,"enemies":"Collector","floor":33,"turns":9},{"damage":35,"enemies":"3 Darklings","floor":35,"turns":4},{"damage":71,"enemies":"2 Orb Walkers","floor":37,"turns":3}],"seed_played":"6430767802694221474","potions_obtained":[{"floor":4,"key":"DuplicationPotion"},{"floor":6,"key":"ColorlessPotion"},{"floor":10,"key":"Regen Potion"},{"floor":14,"key":"PotionOfCapacity"},{"floor":16,"key":"EssenceOfDarkness"},{"floor":21,"key":"Weak Potion"},{"floor":28,"key":"Block Potion"}],"is_trial":false,"path_per_floor":["M","M","?","M","$","E","R","M","T","E","M","?","M","M","R","B",null,"M","$","M","M","$","R","?","M","T","?","M","?","R","T","R","B",null,"M","?","?"],"character_chosen":"DEFECT","items_purchased":["Nunchaku","ClockworkSouvenir","Mummified Hand"],"campfire_rested":2,"item_purchase_floors":[19,19,22],"current_hp_per_floor":[65,65,58,55,55,28,34,31,31,10,19,25,24,19,53,10,94,57,57,47,19,19,31,15,12,12,12,2,2,45,45,60,1,94,59,59,0,0],"gold":507,"neow_bonus":"ONE_RARE_RELIC","is_daily":false,"chose_seed":false,"campfire_upgraded":3,"win_rate":0.0,"timestamp":1612838133,"path_taken":["M","M","?","M","$","E","R","M","T","E","M","?","M","?","R","BOSS","M","$","?","M","$","R","?","M","T","?","?","?","R","?","R","BOSS","M","?","?"],"items_purchased_type":["Relic","Relic","Relic"],"build_version":"2020-12-22","purchased_purges":1,"victory":false,"max_hp_per_floor":[68,68,68,68,68,68,68,68,68,68,68,74,74,74,74,74,94,94,94,94,94,94,94,94,94,94,94,94,94,94,94,94,94,94,94,94,94,94],"card_choices":[{"not_picked":["Aggregate","Lockon"],"picked":"Leap","floor":1},{"not_picked":["Rebound","Cold Snap"],"picked":"Compile Driver","floor":2},{"not_picked":["Steam","Rebound"],"picked":"BootSequence","floor":4},{"not_picked":["Hologram","Reprogram"],"picked":"Defragment","floor":6},{"not_picked":["Darkness","Cold Snap"],"picked":"Redo","floor":8},{"not_picked":["Reinforced Body","Streamline"],"picked":"Go for the Eyes","floor":10},{"not_picked":["Fusion","Consume"],"picked":"Stack","floor":11},{"not_picked":["Amplify","Blizzard"],"picked":"Beam Cell","floor":13},{"not_picked":["Rip and Tear","Compile Driver"],"picked":"Gash","floor":14},{"not_picked":["Meteor Strike","Fission"],"picked":"Thunder Strike","floor":16},{"not_picked":["Auto Shields","Ball Lightning"],"picked":"Sweeping Beam+1","floor":18},{"not_picked":["Hello World","Steam"],"picked":"Storm","floor":20},{"not_picked":["Hologram","Gash"],"picked":"Darkness+1","floor":21},{"not_picked":["Coolheaded","Go for the Eyes"],"picked":"Gash","floor":25},{"not_picked":["Barrage","Sweeping Beam"],"picked":"Fusion","floor":28},{"not_picked":["Fission","Thunder Strike"],"picked":"All For One","floor":33},{"not_picked":["Sweeping Beam","Ball Lightning"],"picked":"Scrape","floor":35}],"player_experience":327304,"relics_obtained":[{"floor":6,"key":"Eternal Feather"},{"floor":9,"key":"Darkstone Periapt"},{"floor":10,"key":"Ornamental Fan"},{"floor":17,"key":"Omamori"},{"floor":17,"key":"Blue Candle"},{"floor":17,"key":"Mango"},{"floor":24,"key":"Necronomicon"},{"floor":26,"key":"MealTicket"},{"floor":31,"key":"Tiny Chest"}],"event_choices":[{"damage_healed":0,"gold_gain":0,"player_choice":"Success","damage_taken":7,"relics_obtained":["CeramicFish"],"max_hp_gain":0,"max_hp_loss":0,"event_name":"Scrap Ooze","floor":3,"gold_loss":0},{"damage_healed":0,"gold_gain":275,"player_choice":"Desecrate","damage_taken":0,"max_hp_gain":0,"max_hp_loss":0,"event_name":"Golden Shrine","floor":12,"gold_loss":0,"cards_obtained":["Regret"]},{"damage_healed":0,"gold_gain":0,"player_choice":"Obtained Book","damage_taken":16,"max_hp_gain":0,"max_hp_loss":0,"event_name":"Cursed Tome","floor":24,"gold_loss":0},{"damage_healed":0,"gold_gain":0,"player_choice":"Ignored","damage_taken":0,"max_hp_gain":0,"max_hp_loss":0,"event_name":"NoteForYourself","floor":27,"gold_loss":0},{"damage_healed":0,"gold_gain":99,"player_choice":"Stole From Cult","damage_taken":0,"max_hp_gain":0,"max_hp_loss":0,"event_name":"Nest","floor":29,"gold_loss":0},{"cards_removed":["Storm"],"damage_healed":0,"gold_gain":0,"player_choice":"Removed Power","damage_taken":0,"max_hp_gain":0,"max_hp_loss":0,"event_name":"Falling","floor":36,"gold_loss":0},{"damage_healed":0,"gold_gain":0,"player_choice":"Fight","damage_taken":0,"max_hp_gain":0,"max_hp_loss":0,"event_name":"Mysterious Sphere","floor":37,"gold_loss":0}],"is_beta":false,"boss_relics":[{"not_picked":["Astrolabe","Ectoplasm"],"picked":"Calling Bell"},{"not_picked":["Fusion Hammer","Runic Dome"],"picked":"Pandora\u0027s Box"}],"items_purged_floors":[19],"is_endless":false,"potions_floor_spawned":[4,6,10,14,16,21,28],"killed_by":"2 Orb Walkers","ascension_level":0}}