{"host":"kpyoctgc7jne3jiy","time":1612883638,"event":{"mods":["AchievementEnabler","BaseMod","Minty Spire (QoL Compilation)","Relic Stats"],"gold_per_floor":[109,124,74,74,100,139,139,180,180,201,201,226,249,280,280,404,404,398,398,398,71,81,81,94,127,175,188,203,203,203,231,231,332,332,346,346,346,356,37,65,65,91,91,91,107,7,21,37,37,37,37,37,37,64,64,64],"floor_reached":55,"language":"ENG","playtime":2601,"items_purged":["Strike_G","Shame"],"score":1138,"play_id":"e301a5f7-a24a-4637-b444-43da80fe8170","local_time":"20210209161358","is_ascension_mode":true,"campfire_choices":[{"floor":7,"key":"REST"},{"floor":11,"key":"REST"},{"floor":15,"key":"DIG"},{"data":"Noxious Fumes","floor":23,"key":"SMITH"},{"floor":30,"key":"DIG"},{"floor":32,"key":"RECALL"},{"floor":41,"key":"DIG"},{"floor":44,"key":"REST"},{"floor":49,"key":"DIG"},{"floor":52,"key":"REST"}],"circlet_count":0,"master_deck":["Strike_G","Strike_G","Strike_G","Strike_G","Defend_G","Defend_G","Defend_G","Defend_G","Defend_G","Survivor","Neutralize","Noxious Fumes","Dash","Bane","Deadly Poison","Footwork","After Image","Calculated Gamble","Malaise","PiercingWail+1","Infinite Blades","Noxious Fumes+1","Catalyst","Injury","Crippling Poison+1","Adrenaline","Envenom","Dodge and Roll+1","Well Laid Plans+1","Backflip","Cloak And Dagger+1","Masterful Stab+1"],"relics":["Philosopher\u0027s Stone","Bloody Idol","Anchor","Bag of Marbles","Bird Faced Urn","Shovel","Ornamental Fan","StoneCalendar","Cursed Key","Boot","FossilizedHelix","PreservedInsect","Darkstone Periapt","Lantern","Busted Crown","Lizard Tail","Bag of Preparation","Dream Catcher","HornCleat","Akabeko","Oddly Smooth Stone"],"acts_visited":["Exordium","TheCity","TheBeyond","TheEnding"],"potions_floor_usage":[6,16,21,33,33,50,50],"damage_taken":[{"damage":7,"enemies":"Jaw Worm","floor":1,"turns":6},{"damage":1,"enemies":"Cultist","floor":2,"turns":5},{"damage":29,"enemies":"Lagavulin","floor":6,"turns":7},{"damage":23,"enemies":"Gremlin Nob","floor":8,"turns":4},{"damage":0,"enemies":"Small Slimes","floor":10,"turns":3},{"damage":0,"enemies":"Looter","floor":12,"turns":2},{"damage":0,"enemies":"3 Louse","floor":13,"turns":4},{"damage":8,"enemies":"Lagavulin","floor":14,"turns":8},{"damage":29,"enemies":"The Guardian","floor":16,"turns":10},{"damage":7,"enemies":"2 Thieves","floor":18,"turns":4},{"damage":0,"enemies":"Chosen","floor":22,"turns":6},{"damage":6,"enemies":"Shelled Parasite and Fungi","floor":24,"turns":7},{"damage":6,"enemies":"Gremlin Leader","floor":25,"turns":7},{"damage":0,"enemies":"Centurion and Healer","floor":27,"turns":6},{"damage":1,"enemies":"Snecko","floor":28,"turns":6},{"damage":12,"enemies":"Book of Stabbing","floor":31,"turns":6},{"damage":0,"enemies":"Collector","floor":33,"turns":7},{"damage":0,"enemies":"Orb Walker","floor":35,"turns":5},{"damage":10,"enemies":"3 Darklings","floor":38,"turns":6},{"damage":23,"enemies":"Nemesis","floor":40,"turns":7},{"damage":38,"enemies":"Reptomancer","floor":42,"turns":7},{"damage":0,"enemies":"Maw","floor":45,"turns":8},{"damage":0,"enemies":"Sphere and 2 Shapes","floor":47,"turns":5},{"damage":0,"enemies":"Transient","floor":48,"turns":5},{"damage":97,"enemies":"Time Eater","floor":50,"turns":14},{"damage":47,"enemies":"Shield and Spear","floor":54,"turns":7},{"damage":52,"enemies":"The Heart","floor":55,"turns":6}],"seed_played":"7573956451249419708","potions_obtained":[{"floor":8,"key":"Swift Potion"},{"floor":12,"key":"Strength Potion"},{"floor":13,"key":"Block Potion"},{"floor":18,"key":"LiquidMemories"},{"floor":25,"key":"SteroidPotion"},{"floor":33,"key":"Strength Potion"},{"floor":45,"key":"Energy Potion"},{"floor":48,"key":"CunningPotion"}],"is_trial":false,"path_per_floor":["M","M","$","?","T","E","R","E","T","M","R","M","M","E","R","B",null,"M","?","?","$","M","R","M","E","T","M","M","?","R","E","R","B",null,"M","?","?","M","$","E","R","E","T","R","M","$","M","M","R","B",null,"R","$","E","B"],"character_chosen":"THE_SILENT","items_purchased":["Fire Potion","Fruit Juice","Boot","Lizard Tail","Backflip"],"campfire_rested":4,"item_purchase_floors":[3,21,21,39,39],"current_hp_per_floor":[56,55,55,55,55,26,45,22,22,24,43,45,49,47,47,24,55,54,54,54,59,70,70,70,70,70,70,70,70,70,67,67,70,70,70,66,66,63,63,50,50,31,37,58,72,72,72,72,72,21,59,72,72,38,0,0],"gold":64,"neow_bonus":"BOSS_RELIC","is_daily":false,"chose_seed":false,"campfire_upgraded":1,"win_rate":0.0,"timestamp":1612883638,"path_taken":["M","M","$","?","?","E","R","E","T","M","R","M","?","E","R","BOSS","M","?","?","$","M","R","M","E","T","M","M","?","R","E","R","BOSS","M","?","?","?","$","E","R","E","T","R","M","$","M","M","R","BOSS","R","$","E","BOSS"],"items_purchased_type":["Potion","Potion","Relic","Relic","Card"],"build_version":"2020-12-22","purchased_purges":2,"victory":false,"max_hp_per_floor":[70,70,70,65,65,65,65,65,65,65,65,65,65,65,65,65,65,65,65,65,70,70,70,70,70,70,70,70,70,70,70,70,70,70,70,66,66,66,66,66,66,66,72,72,72,72,72,72,72,72,72,72,72,72,72,72],"relic_stats":{"Darkstone Periapt":6,"counters":[27,168],"StoneCalendar":[329],"PreservedInsect":232,"Bag of Preparation":[14],"Cursed Key":2,"Boot":[125],"Lizard Tail":36,"Dream Catcher":2,"Shovel":4,"Busted Crown":20,"Ornamental Fan":[176],"Bloody Idol":32,"Bird Faced Urn":[111],"obtain_stats":[{"Darkstone Periapt":30,"Lantern":31,"Golden Idol":4,"Oddly Smooth Stone":54,"StoneCalendar":15,"PreservedInsect":26,"Bag of Preparation":40,"Cursed Key":17,"Boot":21,"Akabeko":49,"Anchor":5,"Lizard Tail":39,"Dream Catcher":41,"Shovel":9,"Busted Crown":34,"HornCleat":42,"Ornamental Fan":14,"Bird Faced Urn":8,"Bloody Idol":19,"Philosopher\u0027s Stone":0,"Bag of Marbles":6,"FossilizedHelix":25,"Ring of the Snake":0},{"Darkstone Periapt":15,"Lantern":16,"Golden Idol":2,"Oddly Smooth Stone":26,"StoneCalendar":8,"PreservedInsect":13,"Bag of Preparation":20,"Cursed Key":9,"Boot":10,"Akabeko":24,"Anchor":2,"Lizard Tail":19,"Dream Catcher":20,"Shovel":4,"Busted Crown":17,"HornCleat":21,"Ornamental Fan":8,"Bird Faced Urn":4,"Bloody Idol":10,"Philosopher\u0027s Stone":0,"Bag of Marbles":3,"FossilizedHelix":13,"Ring of the Snake":0},{"Darkstone Periapt":85,"Lantern":91,"Golden Idol":11,"Oddly Smooth Stone":162,"StoneCalendar":39,"PreservedInsect":73,"Bag of Preparation":116,"Cursed Key":49,"Boot":53,"Akabeko":141,"Anchor":11,"Lizard Tail":109,"Dream Catcher":116,"Shovel":22,"Busted Crown":98,"HornCleat":123,"Ornamental Fan":39,"Bird Faced Urn":22,"Bloody Idol":53,"Philosopher\u0027s Stone":0,"Bag of Marbles":18,"FossilizedHelix":73,"Ring of the Snake":0}]},"card_choices":[{"not_picked":["Outmaneuver","Dagger Spray"],"picked":"Noxious Fumes","floor":1},{"not_picked":["Dagger Throw","Backflip"],"picked":"Dash","floor":2},{"not_picked":["Dodge and Roll","Cloak And Dagger"],"picked":"Bane","floor":6},{"not_picked":["Skewer","Setup"],"picked":"Deadly Poison","floor":8},{"not_picked":["Dagger Spray","Underhanded Strike","Dagger Throw"],"picked":"SKIP","floor":10},{"not_picked":["Underhanded Strike","Prepared"],"picked":"Footwork","floor":12},{"not_picked":["Masterful Stab","Bane"],"picked":"After Image","floor":13},{"not_picked":["Underhanded Strike","Cloak And Dagger"],"picked":"Calculated Gamble","floor":14},{"not_picked":["Glass Knife","Doppelganger"],"picked":"Malaise","floor":16},{"not_picked":["Well Laid Plans","All Out Attack"],"picked":"PiercingWail+1","floor":18},{"not_picked":["Tactician+1","Concentrate"],"picked":"Noxious Fumes","floor":22},{"not_picked":["Slice","Dagger Throw+1","Deflect"],"picked":"SKIP","floor":24},{"not_picked":["Quick Slash","Leg Sweep"],"picked":"Catalyst","floor":25},{"not_picked":["Slice","Prepared"],"picked":"Crippling Poison+1","floor":27},{"not_picked":["Well Laid Plans","Dodge and Roll"],"picked":"Adrenaline","floor":28},{"not_picked":["Backstab+1","Crippling Poison","Reflex"],"picked":"SKIP","floor":31},{"not_picked":["Malaise","Storm of Steel"],"picked":"Envenom","floor":33},{"not_picked":[],"picked":"Dodge and Roll+1","floor":35},{"not_picked":[],"picked":"Well Laid Plans+1","floor":38},{"not_picked":["Poisoned Stab"],"picked":"SKIP","floor":40},{"not_picked":[],"picked":"Cloak And Dagger+1","floor":42},{"not_picked":["Skewer"],"picked":"SKIP","floor":45},{"not_picked":["Quick Slash"],"picked":"SKIP","floor":47},{"not_picked":[],"picked":"Masterful Stab+1","floor":48},{"not_picked":["Night Terror"],"picked":"SKIP","floor":54}],"player_experience":347156,"relics_obtained":[{"floor":5,"key":"Anchor"},{"floor":6,"key":"Bag of Marbles"},{"floor":8,"key":"Bird Faced Urn"},{"floor":9,"key":"Shovel"},{"floor":14,"key":"Ornamental Fan"},{"floor":15,"key":"StoneCalendar"},{"floor":25,"key":"FossilizedHelix"},{"floor":26,"key":"PreservedInsect"},{"floor":30,"key":"Darkstone Periapt"},{"floor":31,"key":"Lantern"},{"floor":40,"key":"Bag of Preparation"},{"floor":41,"key":"Dream Catcher"},{"floor":42,"key":"HornCleat"},{"floor":49,"key":"Akabeko"},{"floor":54,"key":"Oddly Smooth Stone"}],"event_choices":[{"damage_healed":0,"gold_gain":0,"player_choice":"Lose Max HP","damage_taken":0,"relics_obtained":["Golden Idol"],"max_hp_gain":0,"max_hp_loss":5,"event_name":"Golden Idol","floor":4,"gold_loss":0},{"damage_healed":0,"gold_gain":0,"player_choice":"Gave Idol","damage_taken":0,"relics_obtained":["Bloody Idol"],"max_hp_gain":0,"max_hp_loss":0,"event_name":"Forgotten Altar","floor":19,"relics_lost":["Golden Idol"],"gold_loss":0},{"damage_healed":0,"gold_gain":0,"player_choice":"Read","damage_taken":0,"max_hp_gain":0,"max_hp_loss":0,"event_name":"The Library","floor":20,"gold_loss":0,"cards_obtained":["Infinite Blades"]},{"damage_healed":0,"gold_gain":0,"player_choice":"0 cards matched","damage_taken":0,"max_hp_gain":0,"max_hp_loss":0,"event_name":"Match and Keep!","floor":29,"gold_loss":0,"cards_obtained":[]},{"damage_healed":0,"gold_gain":0,"player_choice":"Max HP","damage_taken":0,"max_hp_gain":0,"max_hp_loss":4,"event_name":"Winding Halls","floor":36,"gold_loss":0},{"damage_healed":0,"gold_gain":0,"player_choice":"Ignored","damage_taken":0,"max_hp_gain":0,"max_hp_loss":0,"event_name":"Tomb of Lord Red Mask","floor":37,"gold_loss":0}],"is_beta":false,"boss_relics":[{"not_picked":["Velvet Choker","Snecko Eye"],"picked":"Cursed Key"},{"not_picked":["SacredBark","Runic Dome"],"picked":"Busted Crown"}],"items_purged_floors":[21,46],"is_endless":false,"potions_floor_spawned":[8,12,13,14,18,25,31,33,45,47,48],"killed_by":"The Heart","ascension_level":9}}