{"host":"d52brwsy6af8zvaq","time":1612843395,"event":{"mods":["AchievementEnabler","BaseMod","Bestiary","Highlight Path","Minty Spire (QoL Compilation)","Quick Restart","Relic Stats","ojb\u0027s Better Paths Mod"],"gold_per_floor":[114,114,29,29,42,81,81,81,81],"floor_reached":8,"language":"ENG","playtime":175,"items_purged":[],"score":108,"play_id":"f84f40ce-7b0a-42b9-9663-48ac914bd4ff","local_time":"20210208210315","is_ascension_mode":true,"campfire_choices":[{"floor":7,"key":"REST"}],"circlet_count":0,"master_deck":["AscendersBane","Strike_B","Strike_B","Strike_B+1","Strike_B","Defend_B","Defend_B","Defend_B","Defend_B","Zap","Dualcast","BootSequence+1","Defragment","Static Discharge","Redo"],"relics":["SlaversCollar","Golden Idol","Oddly Smooth Stone"],"acts_visited":["Exordium"],"potions_floor_usage":[8],"damage_taken":[{"damage":6,"enemies":"2 Louse","floor":1,"turns":3},{"damage":7,"enemies":"Small Slimes","floor":5,"turns":4},{"damage":10,"enemies":"Lagavulin","floor":6,"turns":7},{"damage":40,"enemies":"Gremlin Nob","floor":8,"turns":3}],"seed_played":"-1672517467563780848","potions_obtained":[{"floor":1,"key":"SpeedPotion"},{"floor":5,"key":"EssenceOfSteel"}],"is_trial":false,"path_per_floor":["M","?","$","?","M","E","R","E"],"character_chosen":"DEFECT","items_purchased":["Defragment"],"campfire_rested":1,"item_purchase_floors":[3],"current_hp_per_floor":[58,37,37,37,30,20,39,0,0],"gold":81,"neow_bonus":"BOSS_RELIC","is_daily":false,"chose_seed":false,"campfire_upgraded":0,"win_rate":0.0,"timestamp":1612843395,"path_taken":["M","?","$","?","M","E","R","E"],"items_purchased_type":["Card"],"build_version":"2020-12-22","purchased_purges":0,"victory":false,"max_hp_per_floor":[71,71,71,64,64,64,64,64,64],"relic_stats":{"counters":[4,17],"Golden Idol":11,"obtain_stats":[{"SlaversCollar":0,"Golden Idol":4,"Oddly Smooth Stone":6,"Cracked Core":0},{"SlaversCollar":0,"Golden Idol":1,"Oddly Smooth Stone":3,"Cracked Core":0},{"SlaversCollar":0,"Golden Idol":3,"Oddly Smooth Stone":14,"Cracked Core":0}]},"card_choices":[{"not_picked":["Steam","Go for the Eyes"],"picked":"BootSequence","floor":1},{"not_picked":["Steam Power","Conserve Battery"],"picked":"Static Discharge","floor":5},{"not_picked":["Hologram","Heatsinks"],"picked":"Redo","floor":6}],"player_experience":2194691,"relics_obtained":[{"floor":6,"key":"Oddly Smooth Stone"}],"event_choices":[{"damage_healed":0,"gold_gain":0,"player_choice":"Entered Light","damage_taken":21,"max_hp_gain":0,"max_hp_loss":0,"event_name":"Shining Light","floor":2,"gold_loss":0,"cards_upgraded":["BootSequence","Strike_B"]},{"damage_healed":0,"gold_gain":0,"player_choice":"Lose Max HP","damage_taken":0,"relics_obtained":["Golden Idol"],"max_hp_gain":0,"max_hp_loss":7,"event_name":"Golden Idol","floor":4,"gold_loss":0}],"is_beta":false,"boss_relics":[],"items_purged_floors":[],"is_endless":false,"potions_floor_spawned":[1,5],"killed_by":"Gremlin Nob","ascension_level":20}}