{"host":"fc5kl670efuhtomy","time":1612843417,"event":{"mods":["AchievementEnabler","BaseMod","Colored Powertips","Downfall","Marisa（F雨　魔理沙）","Minty Spire (QoL Compilation)","Quick Restart","Rare Cards Sparkle","Relic Stats","Replay The Spire","StSLib","The Bug Knight","The Construct","The Cursed","The Necromancer","The Servant 0.9.4","WarShipGirlsR/战舰少女R mod"],"gold_per_floor":[199,214,214,231,231,248,248,261,261,23,23,49,69,102,118,218,218,118,128,128,128,143,243,243,143,243,243,243,272,289,302,314,412,412,312,329,21,21,53,85,85,70,83,110,160,160,172,172,186,186,186,186],"floor_reached":50,"language":"ZHS","playtime":3074,"items_purged":["Slimebound:Defend_Slimebound"],"score":761,"play_id":"62e5f999-ea60-4c44-afcb-bf4c3064e57c","local_time":"20210209120337","is_ascension_mode":true,"campfire_choices":[{"data":"Slimebound:Split","floor":9,"key":"SMITH"},{"data":"Slimebound:Schlurp","floor":11,"key":"SMITH"},{"floor":18,"key":"RECALL"},{"data":"Slimebound:WasteNot","floor":25,"key":"SMITH"},{"data":"Slimebound:WasteNot","floor":35,"key":"SMITH"},{"floor":46,"key":"REST"}],"circlet_count":0,"master_deck":["Slimebound:Tackle","Slimebound:Defend_Slimebound","Slimebound:Defend_Slimebound","Slimebound:Defend_Slimebound","Slimebound:Split+1","Slimebound:CorrosiveSpit+1","Slimebound:Split+1","Slimebound:GoopSpray","Slimebound:GoopSpray","Slimebound:Schlurp+1","Slimebound:Prepare","Slimebound:Schlurp","Slimebound:Prepare","Slimebound:WasteNot+1","Slimebound:SlimeBrawl","Slimebound:WasteNot+1","Slimebound:ViciousTackle+1","Bite","Bite","Bite","Bite","Bite","Slimebound:RollThrough","Slimebound:LivingWall","downfall:Haunted","downfall:Haunted","Overencumbered","Writhe","Slimebound:MinionMaster","Injury","Slimebound:FormOfPuddle","Slimebound:Teamwork","Slimebound:SplitBruiser","Slimebound:AcidTongue","Slimebound:LeechLife+1","Slimebound:Replication","Slimebound:GrowthPunch+1","Slimebound:ItLooksTasty","Slimebound:SplitLeeching+1","downfall:Icky","Slimebound:Dissolve","Slimebound:RollThrough+1","Slimebound:RejuvenatingLick+1","Delirium","Slimebound:LeadByExample","Slimebound:Darklings","Slimebound:LevelUp+1"],"relics":["Replay:Wanted Poster","Thread and Needle","Toolbox","Bottled Lightning","Juzu Bracelet","Honey Jar","downfall:HeartBlessingGreen","Du-Vu Doll","Unceasing Top","downfall:HeartBlessingRed","Bronze Scales","Cursed Key","downfall:HeartBlessingBlue","Counterbalance","construct:RocketBooster","construct:FoamFinger","Centennial Puzzle","Ring of Panic","Ring of Greed","MealTicket"],"acts_visited":["Exordium","TheCity","TheBeyond"],"potions_floor_usage":[15,19,29,29,29,31,33,37,37,44,44,47,50,50,50],"damage_taken":[{"damage":7,"enemies":"Cultist","floor":2,"turns":4},{"damage":0,"enemies":"2 Louse","floor":4,"turns":3},{"damage":0,"enemies":"Small Slimes","floor":6,"turns":4},{"damage":0,"enemies":"3 Louse","floor":8,"turns":3},{"damage":0,"enemies":"downfall:FleeingMerchant","floor":10,"turns":4},{"damage":11,"enemies":"Gremlin Nob","floor":12,"turns":5},{"damage":2,"enemies":"Exordium Thugs","floor":13,"turns":4},{"damage":0,"enemies":"Lagavulin","floor":14,"turns":5},{"damage":13,"enemies":"Lots of Slimes","floor":15,"turns":5},{"damage":9,"enemies":"DF_ARCHETYPE_STREAMLINE","floor":16,"turns":11},{"damage":7,"enemies":"3 Byrds","floor":19,"turns":5},{"damage":0,"enemies":"Chosen","floor":21,"turns":1},{"damage":8,"enemies":"Snake Plant","floor":22,"turns":4},{"damage":29,"enemies":"Book of Stabbing","floor":29,"turns":4},{"damage":2,"enemies":"Shelled Parasite and Fungi","floor":30,"turns":4},{"damage":12,"enemies":"Sentry and Sphere","floor":31,"turns":5},{"damage":0,"enemies":"Snake Plant","floor":32,"turns":3},{"damage":17,"enemies":"WA_ARCHETYPE_CALM","floor":33,"turns":9},{"damage":11,"enemies":"Orb Walker","floor":36,"turns":4},{"damage":16,"enemies":"downfall:FleeingMerchant","floor":37,"turns":4},{"damage":5,"enemies":"3 Shapes","floor":39,"turns":4},{"damage":70,"enemies":"Giant Head","floor":40,"turns":10},{"damage":0,"enemies":"downfall:FleeingMerchant","floor":42,"turns":4},{"damage":24,"enemies":"3 Darklings","floor":43,"turns":6},{"damage":52,"enemies":"Reptomancer","floor":44,"turns":6},{"damage":36,"enemies":"Writhing Mass","floor":47,"turns":4},{"damage":0,"enemies":"Maw","floor":49,"turns":4},{"damage":64,"enemies":"SI_POISON_ARCHETYPE","floor":50,"turns":4}],"seed_played":"6016197964316116589","potions_obtained":[{"floor":6,"key":"PowerPotion"},{"floor":13,"key":"EntropicBrew"},{"floor":14,"key":"ColorlessPotion"},{"floor":16,"key":"SkillPotion"},{"floor":30,"key":"SkillPotion"},{"floor":31,"key":"Milkshake"},{"floor":33,"key":"AttackPotion"},{"floor":40,"key":"PowerPotion"},{"floor":43,"key":"Languid Potion"},{"floor":47,"key":"bronze:BurnAndBuffPotion"},{"floor":49,"key":"Dexterity Potion"}],"is_trial":false,"path_per_floor":["R","M","?","M","?","M","T","M","R","$","R","E","M","E","M","B",null,"R","M","?","M","M","?","T","R","?","?","T","E","M","M","M","B",null,"R","M","$","?","M","E","T","$","M","E","?","R","M","?","M","B"],"character_chosen":"SLIMEBOUND","items_purchased":["Toolbox","Counterbalance"],"campfire_rested":1,"item_purchase_floors":[10,37],"current_hp_per_floor":[65,58,58,58,58,58,58,58,58,58,58,47,45,45,32,23,65,65,58,45,45,39,44,44,44,44,44,44,19,21,15,19,20,50,60,49,51,51,52,28,28,59,40,21,21,39,57,57,60,0,0,0],"gold":186,"neow_bonus":"BOSS_RELIC","is_daily":false,"chose_seed":false,"campfire_upgraded":4,"win_rate":0.0,"timestamp":1612843417,"path_taken":["R","M","?","M","?","?","T","M","R","?","R","E","M","E","M","BOSS","R","M","?","M","M","?","T","R","?","?","?","E","M","M","M","BOSS","R","M","$","?","M","E","T","$","M","E","?","R","M","?","M","BOSS"],"items_purchased_type":["Relic","Relic"],"build_version":"2020-12-22","purchased_purges":1,"victory":false,"max_hp_per_floor":[65,65,65,65,65,65,65,65,65,65,65,65,65,65,65,65,65,65,65,45,45,45,50,50,50,50,50,50,50,50,50,50,50,50,60,60,60,60,60,60,60,60,60,60,60,60,60,60,60,60,60,60],"relic_stats":{"Centennial Puzzle":[6],"counters":[28,133],"Bronze Scales":[176],"MealTicket":0,"Juzu Bracelet":0,"Cursed Key":1,"obtain_stats":[{"construct:RocketBooster":40,"construct:FoamFinger":41,"downfall:HeartBlessingRed":25,"Counterbalance":37,"Thread and Needle":7,"downfall:HeartBlessingGreen":18,"Juzu Bracelet":14,"Ring of Greed":45,"Cursed Key":34,"Replay:Wanted Poster":0,"Du-Vu Doll":23,"Centennial Puzzle":44,"downfall:BrokenWingStatue":3,"downfall:HeartBlessingBlue":35,"Bronze Scales":29,"Toolbox":10,"Honey Jar":17,"MealTicket":45,"Slimebound:AbsorbEndCombat":0,"Bottled Lightning":12,"Ring of Panic":45,"Unceasing Top":24},{"construct:RocketBooster":22,"construct:FoamFinger":22,"downfall:HeartBlessingRed":13,"Counterbalance":20,"Thread and Needle":3,"downfall:HeartBlessingGreen":10,"Juzu Bracelet":8,"Ring of Greed":25,"Cursed Key":18,"Replay:Wanted Poster":0,"Du-Vu Doll":13,"Centennial Puzzle":25,"downfall:BrokenWingStatue":1,"downfall:HeartBlessingBlue":18,"Bronze Scales":14,"Toolbox":5,"Honey Jar":10,"MealTicket":25,"Slimebound:AbsorbEndCombat":0,"Bottled Lightning":6,"Ring of Panic":25,"Unceasing Top":13},{"construct:RocketBooster":105,"construct:FoamFinger":105,"downfall:HeartBlessingRed":58,"Counterbalance":91,"Thread and Needle":11,"downfall:HeartBlessingGreen":48,"Juzu Bracelet":32,"Ring of Greed":121,"Cursed Key":83,"Replay:Wanted Poster":0,"Du-Vu Doll":58,"Centennial Puzzle":121,"downfall:BrokenWingStatue":4,"downfall:HeartBlessingBlue":83,"Bronze Scales":62,"Toolbox":18,"Honey Jar":48,"MealTicket":121,"Slimebound:AbsorbEndCombat":0,"Bottled Lightning":23,"Ring of Panic":121,"Unceasing Top":58}],"Unceasing Top":[0]},"card_choices":[{"not_picked":["Slimebound:Grow","Slimebound:ItLooksTasty"],"picked":"Slimebound:GoopSpray","floor":2},{"not_picked":["Slimebound:ItLooksTasty","Slimebound:SlimeSpikes"],"picked":"Slimebound:GoopSpray","floor":4},{"not_picked":["Slimebound:GoopTackle","Slimebound:RollThrough"],"picked":"Slimebound:Schlurp","floor":6},{"not_picked":["Slimebound:GoopSpray","Slimebound:SamplingLick"],"picked":"Slimebound:OozeBath","floor":8},{"not_picked":["Slimebound:GoopSpray","Slimebound:SamplingLick"],"picked":"Slimebound:Prepare","floor":10},{"not_picked":["Slimebound:GoopSpray","Slimebound:FlameTackle"],"picked":"Slimebound:Schlurp","floor":12},{"not_picked":["Slimebound:PressTheAttack","Slimebound:LivingWall"],"picked":"Slimebound:Prepare","floor":13},{"not_picked":["Slimebound:GoopTackle","Slimebound:SlimeTap"],"picked":"Slimebound:WasteNot","floor":14},{"not_picked":["Slimebound:Prepare","Slimebound:ViciousTackle"],"picked":"Slimebound:SlimeBrawl","floor":15},{"not_picked":["Slimebound:RallyTheTroops","Slimebound:Overexert"],"picked":"Slimebound:WasteNot","floor":16},{"not_picked":["Slimebound:LeechEnergy","Slimebound:FinishingTackle","Slimebound:LeechingTouch+1"],"picked":"Slimebound:ViciousTackle+1","floor":19},{"not_picked":["Slimebound:Prepare","Slimebound:PressTheAttack+1","Slimebound:SplitAcid"],"picked":"Slimebound:RollThrough","floor":21},{"not_picked":["Slimebound:LeechEnergy","Slimebound:RollThrough","Slimebound:SamplingLick+1"],"picked":"Slimebound:LivingWall","floor":22},{"not_picked":["Slimebound:Prepare","Slimebound:MegaLick","Slimebound:ComboTackle+1"],"picked":"Slimebound:FormOfPuddle","floor":29},{"not_picked":["Slimebound:HauntingLick","Slimebound:SlimeSpikes","Slimebound:RejuvenatingLick+1"],"picked":"Slimebound:Teamwork","floor":30},{"not_picked":["Slimebound:HauntingLick","Slimebound:GrowthPunch+1","Slimebound:RollThrough"],"picked":"Slimebound:SplitBruiser","floor":31},{"not_picked":["Slimebound:Gluttony","Slimebound:Schlurp","Slimebound:GoopTackle"],"picked":"Slimebound:AcidTongue","floor":32},{"not_picked":["Slimebound:OneTwoCombo","Slimebound:MassRepurpose","Slimebound:Teamwork"],"picked":"Slimebound:LeechLife","floor":33},{"not_picked":["Slimebound:FinishingTackle","Slimebound:LeechingTouch","Slimebound:LeechEnergy"],"picked":"Slimebound:Replication","floor":36},{"not_picked":["Slimebound:MinionMaster","Slimebound:LeechEnergy+1","Slimebound:SlimeTap"],"picked":"Slimebound:GrowthPunch+1","floor":37},{"not_picked":["Slimebound:Grow+1","Slimebound:LeechingTouch+1","Slimebound:TongueLash+1"],"picked":"Slimebound:ItLooksTasty","floor":39},{"not_picked":["Slimebound:ComboTackle","Slimebound:LeechEnergy","Slimebound:DisruptingSlam+1"],"picked":"Slimebound:SplitLeeching+1","floor":40},{"not_picked":["Slimebound:SamplingLick","Slimebound:MinionMaster","Slimebound:FormOfPuddle"],"picked":"Slimebound:Dissolve","floor":42},{"not_picked":["Slimebound:GoopTackle+1","Slimebound:LeechingTouch","Slimebound:FinishingTackle"],"picked":"Slimebound:RollThrough+1","floor":43},{"not_picked":["Slimebound:BestDefense+1","Slimebound:DuplicatedForm","Slimebound:MinionMaster"],"picked":"Slimebound:RejuvenatingLick+1","floor":44},{"not_picked":["Slimebound:GoopSpray+1","Slimebound:SplitMire","Slimebound:FinishingTackle"],"picked":"Slimebound:LeadByExample","floor":47},{"not_picked":["Slimebound:RollThrough+1","Slimebound:SlimeSpikes","Slimebound:SplitLeeching"],"picked":"Slimebound:LevelUp+1","floor":49}],"player_experience":177562,"relics_obtained":[{"floor":7,"key":"Thread and Needle"},{"floor":12,"key":"Bottled Lightning"},{"floor":14,"key":"Juzu Bracelet"},{"floor":24,"key":"Unceasing Top"},{"floor":29,"key":"Bronze Scales"},{"floor":40,"key":"construct:RocketBooster"},{"floor":41,"key":"construct:FoamFinger"},{"floor":44,"key":"Centennial Puzzle"},{"floor":45,"key":"Ring of Panic"},{"floor":45,"key":"Ring of Greed"},{"floor":45,"key":"MealTicket"}],"event_choices":[{"damage_healed":0,"gold_gain":0,"player_choice":"Became a vampire","damage_taken":0,"max_hp_gain":0,"max_hp_loss":20,"event_name":"Vampires","floor":20,"gold_loss":0,"cards_obtained":["Bite","Bite","Bite","Bite","Bite"]},{"damage_healed":0,"gold_gain":0,"player_choice":"Ignored","damage_taken":0,"max_hp_gain":0,"max_hp_loss":0,"event_name":"Ghosts","floor":27,"gold_loss":0}],"is_beta":false,"boss_relics":[{"not_picked":["construct:ClawGrip","Runic Pyramid"],"picked":"Honey Jar"},{"not_picked":["SacredBark","Replay:Bronze Core"],"picked":"Cursed Key"}],"items_purged_floors":[10],"is_endless":false,"potions_floor_spawned":[6,13,14,16,30,31,33,40,43,47,49],"killed_by":"SI_POISON_ARCHETYPE","ascension_level":1}}