{"host":"7wi4qgm5yw4j7oz0","time":1612888267,"event":{"mods":["AchievementEnabler","BaseMod","Block Reminder","Colored Map","Colored Powertips","Highlight Path","Minty Spire (QoL Compilation)","Permanent Neow","Random Character Button","Rare Cards Sparkle","StSLib","everything is the same but u backflip on backflip"],"gold_per_floor":[116,133,145,220,220,253,253,271,298,331,343,355,385,411,423,532,544,576,601,613,724,756,768,795,807,819,863,652,652,669,682,682,682,682],"floor_reached":33,"language":"KOR","playtime":1817,"items_purged":["Strike_R"],"score":363,"play_id":"5ca69658-96f1-4ca3-95a0-82d12d5a0cc1","local_time":"20210210013107","is_ascension_mode":true,"campfire_choices":[{"data":"Body Slam","floor":7.0,"key":"SMITH"},{"data":"Dual Wield","floor":12.0,"key":"SMITH"},{"floor":15.0,"key":"REST"},{"data":"Flame Barrier","floor":23.0,"key":"SMITH"},{"data":"Heavy Blade","floor":25.0,"key":"SMITH"},{"data":"Pommel Strike","floor":29,"key":"SMITH"},{"data":"Flex","floor":32,"key":"SMITH"}],"circlet_count":0,"master_deck":["Strike_R","Strike_R","Strike_R","Strike_R","Defend_R","Defend_R","Defend_R","Defend_R","Bash+1","Cleave","Flame Barrier+1","Body Slam+1","Heavy Blade+1","Pommel Strike+1","Dual Wield+1","Parasite","Reaper","Exhume","Rage+1","Armaments+1","Flex+1"],"relics":["Burning Blood","Vajra","Centennial Puzzle","MawBank","Busted Crown","MutagenicStrength","Bronze Scales","Red Mask","Bag of Preparation"],"acts_visited":["Exordium","TheCity"],"potions_floor_usage":[27,33],"damage_taken":[{"damage":10.0,"enemies":"Small Slimes","floor":1.0,"turns":3.0},{"damage":6.0,"enemies":"Cultist","floor":2.0,"turns":3.0},{"damage":2.0,"enemies":"2 Louse","floor":3.0,"turns":3.0},{"damage":24.0,"enemies":"Gremlin Nob","floor":6.0,"turns":4.0},{"damage":11.0,"enemies":"Looter","floor":8.0,"turns":2.0},{"damage":18.0,"enemies":"Lagavulin","floor":10.0,"turns":6.0},{"damage":13.0,"enemies":"Blue Slaver","floor":13.0,"turns":3.0},{"damage":9.0,"enemies":"2 Fungi Beasts","floor":14.0,"turns":3.0},{"damage":43.0,"enemies":"Hexaghost","floor":16.0,"turns":9.0},{"damage":40.0,"enemies":"2 Thieves","floor":18.0,"turns":4.0},{"damage":19.0,"enemies":"Spheric Guardian","floor":19.0,"turns":4.0},{"damage":18.0,"enemies":"Snecko","floor":22.0,"turns":4.0},{"damage":17.0,"enemies":"3 Cultists","floor":24.0,"turns":5.0},{"damage":11,"enemies":"Masked Bandits","floor":27,"turns":4},{"damage":5,"enemies":"Sentry and Sphere","floor":30,"turns":3},{"damage":13,"enemies":"Snecko","floor":31,"turns":5},{"damage":71,"enemies":"Champ","floor":33,"turns":11}],"seed_played":"-5126784949451361507","potions_obtained":[{"floor":3.0,"key":"Fire Potion"},{"floor":6.0,"key":"GamblersBrew"},{"floor":14.0,"key":"Energy Potion"},{"floor":18.0,"key":"CultistPotion"},{"floor":24.0,"key":"Ancient Potion"},{"floor":27,"key":"PowerPotion"}],"is_trial":false,"path_per_floor":["M","M","M","?","$","E","R","M","T","E","?","R","M","M","R","B",null,"M","M","?","?","M","R","M","R","T","?","$","R","M","M","R","B"],"character_chosen":"IRONCLAD","items_purchased":["Bag of Preparation"],"campfire_rested":1,"item_purchase_floors":[28],"current_hp_per_floor":[68,68,72,64,64,46,46,41,41,29,49,49,42,39,63,31,68,41,28,28,28,31,31,44,44,44,44,44,44,45,52,52,0,0],"gold":682,"neow_bonus":"UPGRADE_CARD","is_daily":false,"chose_seed":false,"campfire_upgraded":6,"win_rate":0.0,"timestamp":1612888267,"path_taken":["M","M","M","?","$","E","R","?","T","E","?","R","M","M","R","BOSS","M","M","?","?","M","R","M","R","T","?","$","R","M","M","R","BOSS"],"items_purchased_type":["Relic"],"build_version":"2020-12-22","purchased_purges":1,"victory":false,"max_hp_per_floor":[80,80,80,80,80,80,80,80,80,80,80,80,80,80,80,80,80,80,80,80,80,80,80,80,80,80,80,80,80,80,80,80,80,80],"card_choices":[{"not_picked":["Intimidate","Iron Wave"],"picked":"Cleave","floor":1.0},{"not_picked":["Havoc","Uppercut"],"picked":"Flame Barrier","floor":2.0},{"not_picked":["Ghostly Armor","Armaments"],"picked":"Body Slam","floor":3.0},{"not_picked":["Perfected Strike","Burning Pact"],"picked":"Heavy Blade","floor":6.0},{"not_picked":["Clash","Sever Soul"],"picked":"Pommel Strike","floor":8.0},{"not_picked":["Heavy Blade","Clothesline"],"picked":"Dual Wield","floor":10.0},{"not_picked":["Rupture","Evolve","Pommel Strike"],"picked":"SKIP","floor":13.0},{"not_picked":["Sword Boomerang","Sever Soul"],"picked":"Reaper","floor":14.0},{"not_picked":["Berserk","Feed"],"picked":"Exhume","floor":16.0},{"not_picked":["Fire Breathing+1"],"picked":"SKIP","floor":18.0},{"not_picked":[],"picked":"Rage+1","floor":19.0},{"not_picked":["Rage"],"picked":"SKIP","floor":22.0},{"not_picked":["Havoc+1"],"picked":"SKIP","floor":24.0},{"not_picked":[],"picked":"Armaments+1","floor":27},{"not_picked":[],"picked":"Flex","floor":30},{"not_picked":["Dual Wield"],"picked":"SKIP","floor":31}],"player_experience":279163,"relics_obtained":[{"floor":6.0,"key":"Vajra"},{"floor":9.0,"key":"Centennial Puzzle"},{"floor":10.0,"key":"MawBank"},{"floor":26.0,"key":"Bronze Scales"},{"floor":27,"key":"Red Mask"}],"event_choices":[{"damage_healed":0.0,"max_hp_gain":0.0,"max_hp_loss":0.0,"gold_gain":75.0,"event_name":"FaceTrader","player_choice":"Touch","floor":4.0,"gold_loss":0.0,"damage_taken":8.0},{"damage_healed":20.0,"max_hp_gain":0.0,"max_hp_loss":0.0,"gold_gain":0.0,"event_name":"Mushrooms","player_choice":"Healed and dodged fight","floor":11.0,"gold_loss":0.0,"damage_taken":0.0,"cards_obtained":["Parasite"]},{"damage_healed":0.0,"max_hp_gain":0.0,"max_hp_loss":0.0,"gold_gain":0.0,"event_name":"Drug Dealer","player_choice":"Inject Mutagens","floor":20.0,"gold_loss":0.0,"damage_taken":0.0,"relics_obtained":["MutagenicStrength"]},{"damage_healed":0.0,"max_hp_gain":0.0,"max_hp_loss":0.0,"gold_gain":99.0,"event_name":"Nest","player_choice":"Stole From Cult","floor":21.0,"gold_loss":0.0,"damage_taken":0.0},{"damage_healed":0,"gold_gain":0,"player_choice":"Fought Bandits","damage_taken":0,"max_hp_gain":0,"max_hp_loss":0,"event_name":"Masked Bandits","floor":27,"gold_loss":0}],"is_beta":false,"boss_relics":[{"not_picked":["Mark of Pain","Runic Dome"],"picked":"Busted Crown"}],"items_purged_floors":[28],"is_endless":false,"potions_floor_spawned":[3,6,14,18,24,27],"killed_by":"Champ","ascension_level":8}}