{"host":"vfg9szunmpjwj08o","time":1612910643,"event":{"mods":["Act Like it!","BaseMod","BetterRewards","Bossed Relics","Challenge The Spire","Clawfect","Colored Map","Colored Powertips","Dark Map","Highlight Path","Minty Spire (QoL Compilation)","Quick Restart","Relic Stats","StSLib","Waifu the Spire","everything is the same but u backflip on backflip"],"gold_per_floor":[115,190,209,228,242,242,242],"floor_reached":6,"language":"ENG","playtime":275,"items_purged":[],"score":57,"play_id":"0be3b3fb-2510-410e-867f-ab8f5180b0b6","local_time":"20210209234403","is_ascension_mode":true,"campfire_choices":[],"circlet_count":0,"master_deck":["AscendersBane","Strike_P","Strike_P","Strike_P","Strike_P","Defend_P","Defend_P","Defend_P","Defend_P","Eruption","Vigilance","Apotheosis","InnerPeace","PathToVictory"],"relics":["PureWater"],"acts_visited":["Exordium"],"potions_floor_usage":[6],"damage_taken":[{"damage":6,"enemies":"2 Louse","floor":1,"turns":4},{"damage":0,"enemies":"Small Slimes","floor":3,"turns":3},{"damage":0,"enemies":"Jaw Worm","floor":4,"turns":2},{"damage":12,"enemies":"Lots of Slimes","floor":5,"turns":6},{"damage":39,"enemies":"3 Sentries","floor":6,"turns":5}],"seed_played":"2199046458747642592","potions_obtained":[{"floor":3,"key":"DuplicationPotion"},{"floor":5,"key":"Dexterity Potion"}],"is_trial":false,"path_per_floor":["M","?","M","M","M","E"],"character_chosen":"WATCHER","items_purchased":[],"campfire_rested":0,"item_purchase_floors":[],"current_hp_per_floor":[59,48,48,48,36,0,0],"gold":242,"neow_bonus":"RANDOM_COLORLESS_2","is_daily":false,"chose_seed":false,"campfire_upgraded":0,"win_rate":0.0,"timestamp":1612910643,"path_taken":["M","?","M","M","M","E"],"items_purchased_type":[],"build_version":"2020-12-22","purchased_purges":0,"victory":false,"max_hp_per_floor":[65,65,65,65,65,65,65],"relic_stats":{"counters":[5,20],"obtain_stats":[{"PureWater":0},{"PureWater":0},{"PureWater":0}]},"card_choices":[{"not_picked":["Chrysalis","Panache"],"picked":"Apotheosis","floor":0},{"not_picked":["CrushJoints","EmptyFist","BowlingBash"],"picked":"SKIP","floor":1},{"not_picked":["SashWhip","ClearTheMind"],"picked":"InnerPeace","floor":3},{"not_picked":["Protect","Crescendo"],"picked":"PathToVictory","floor":4},{"not_picked":["Pray","Crescendo","WaveOfTheHand"],"picked":"SKIP","floor":5}],"player_experience":1102839,"relics_obtained":[],"event_choices":[{"damage_healed":0,"gold_gain":75,"player_choice":"Gather Gold","damage_taken":11,"max_hp_gain":0,"max_hp_loss":0,"event_name":"World of Goop","floor":2,"gold_loss":0}],"is_beta":false,"boss_relics":[],"items_purged_floors":[],"is_endless":false,"potions_floor_spawned":[3,5],"killed_by":"3 Sentries","ascension_level":10}}