{"host":"zsnmfqgcm92hlreo","time":1612853018,"event":{"mods":["AchievementEnabler","BaseMod","Bestiary","Block Reminder","Colored Map","Colored Powertips","Minty Spire (QoL Compilation)","Permanent Neow","Quick Restart","Relic Stats","StSLib","Weighted Paths"],"gold_per_floor":[110,120,130,130,142,142,173,189,213,213,268,289,309,325,325,404,404,420,420,431,431,356,356,388,388,388,414,427,445,445,478,478,478,478],"floor_reached":33,"language":"ENG","playtime":1841,"items_purged":["Strike_R"],"score":614,"play_id":"05a025a1-28cc-4d69-af1e-d12b7c534dab","local_time":"20210209004338","is_ascension_mode":true,"campfire_choices":[{"data":"Immolate","floor":6.0,"key":"SMITH"},{"data":"Bash","floor":10.0,"key":"SMITH"},{"floor":15.0,"key":"REST"},{"data":"Demon Form","floor":23.0,"key":"SMITH"},{"data":"Heavy Blade","floor":25.0,"key":"SMITH"},{"floor":32,"key":"REST"}],"circlet_count":0,"master_deck":["AscendersBane","Strike_R","Strike_R","Defend_R","Defend_R","Defend_R","Defend_R","Bash+1","Immolate+1","Armaments","Clothesline","Feed","Shrug It Off","Disarm","Heavy Blade+1","Impervious","Offering","Demon Form+1","Twin Strike","Immolate","Heavy Blade","Rupture+1","Fiend Fire","Pommel Strike+1","Flame Barrier"],"relics":["Burning Blood","Omamori","Dream Catcher","MealTicket","Odd Mushroom","Mark of Pain","Centennial Puzzle","Mummified Hand","Bottled Flame","Smiling Mask"],"acts_visited":["Exordium","TheCity"],"potions_floor_usage":[33,33],"damage_taken":[{"damage":21.0,"enemies":"Jaw Worm","floor":1.0,"turns":4.0},{"damage":3.0,"enemies":"Small Slimes","floor":2.0,"turns":2.0},{"damage":0.0,"enemies":"2 Louse","floor":3.0,"turns":1.0},{"damage":24.0,"enemies":"Large Slime","floor":5.0,"turns":6.0},{"damage":17.0,"enemies":"3 Sentries","floor":7.0,"turns":6.0},{"damage":7.0,"enemies":"Gremlin Gang","floor":8.0,"turns":4.0},{"damage":19.0,"enemies":"3 Sentries","floor":11.0,"turns":7.0},{"damage":0.0,"enemies":"The Mushroom Lair","floor":12.0,"turns":1.0},{"damage":7.0,"enemies":"2 Fungi Beasts","floor":13.0,"turns":2.0},{"damage":9.0,"enemies":"Red Slaver","floor":14.0,"turns":3.0},{"damage":36.0,"enemies":"Slime Boss","floor":16.0,"turns":7.0},{"damage":38.0,"enemies":"Shell Parasite","floor":18.0,"turns":5.0},{"damage":11.0,"enemies":"Chosen","floor":20.0,"turns":4.0},{"damage":29.0,"enemies":"Gremlin Leader","floor":24.0,"turns":5.0},{"damage":13.0,"enemies":"Slavers","floor":27.0,"turns":4.0},{"damage":6.0,"enemies":"Snecko","floor":28.0,"turns":3.0},{"damage":7.0,"enemies":"Chosen and Byrds","floor":29.0,"turns":5.0},{"damage":31,"enemies":"Gremlin Leader","floor":31,"turns":6},{"damage":77,"enemies":"Collector","floor":33,"turns":6}],"seed_played":"4502195136982014605","potions_obtained":[{"floor":1.0,"key":"SpeedPotion"},{"floor":2.0,"key":"BloodPotion"},{"floor":3.0,"key":"Regen Potion"},{"floor":11.0,"key":"LiquidMemories"},{"floor":14.0,"key":"SkillPotion"}],"is_trial":false,"path_per_floor":["M","M","M","?","M","R","E","M","T","R","?","?","M","M","R","B",null,"M","?","M","?","$","R","E","R","T","E","M","M","?","E","R","B"],"character_chosen":"IRONCLAD","items_purchased":[],"campfire_rested":2,"item_purchase_floors":[],"current_hp_per_floor":[35,38,59,59,56,56,48,47,47,47,37,43,42,39,63,33,69,40,40,38,87,87,87,64,64,64,57,57,59,59,34,61,0,0],"gold":478,"neow_bonus":"TRANSFORM_TWO_CARDS","is_daily":false,"chose_seed":false,"campfire_upgraded":4,"win_rate":0.0,"timestamp":1612853018,"path_taken":["M","M","M","?","M","R","E","M","T","R","?","?","M","M","R","BOSS","M","?","M","?","$","R","E","R","T","E","M","?","?","E","R","BOSS"],"items_purchased_type":[],"build_version":"2020-12-22","purchased_purges":1,"victory":false,"max_hp_per_floor":[75,75,75,75,75,75,78,78,78,78,81,81,81,81,81,81,81,84,84,87,87,87,87,87,87,87,87,87,90,90,90,90,90,90],"relic_stats":{"Dream Catcher":2,"Centennial Puzzle":[15],"counters":[19,81],"Mummified Hand":[8],"MealTicket":0,"Smiling Mask":0,"obtain_stats":[{"Dream Catcher":9,"Centennial Puzzle":24,"Bottled Flame":27,"Mummified Hand":26,"MealTicket":11,"Mark of Pain":17,"Omamori":7,"Odd Mushroom":12,"Smiling Mask":31,"Burning Blood":0},{"Dream Catcher":6,"Centennial Puzzle":14,"Bottled Flame":15,"Mummified Hand":14,"MealTicket":7,"Mark of Pain":11,"Omamori":5,"Odd Mushroom":8,"Smiling Mask":18,"Burning Blood":0},{"Dream Catcher":23,"Centennial Puzzle":57,"Bottled Flame":61,"Mummified Hand":57,"MealTicket":30,"Mark of Pain":43,"Omamori":19,"Odd Mushroom":31,"Smiling Mask":75,"Burning Blood":0}],"Burning Blood":108},"card_choices":[{"not_picked":["Thunderclap","Warcry","Sword Boomerang"],"picked":"SKIP","floor":1.0},{"not_picked":["Evolve","Clothesline","Reckless Charge"],"picked":"SKIP","floor":2.0},{"not_picked":["Evolve","Reckless Charge"],"picked":"Clothesline","floor":2.0},{"not_picked":["Hemokinesis","Perfected Strike"],"picked":"Feed","floor":3.0},{"not_picked":["Pommel Strike","Cleave"],"picked":"Shrug It Off","floor":5.0},{"not_picked":["Perfected Strike","Clothesline"],"picked":"Disarm","floor":7.0},{"not_picked":["Bloodletting","Iron Wave"],"picked":"Heavy Blade","floor":8.0},{"not_picked":["Clash","Headbutt"],"picked":"Impervious","floor":11.0},{"not_picked":["Thunderclap","Havoc"],"picked":"Fire Breathing","floor":13.0},{"not_picked":["Blood for Blood","Shrug It Off","Wild Strike"],"picked":"SKIP","floor":14.0},{"not_picked":["Iron Wave","Warcry"],"picked":"Offering","floor":15.0},{"not_picked":["Barricade","Bludgeon"],"picked":"Demon Form","floor":16.0},{"not_picked":["Clothesline","Clash","Cleave"],"picked":"SKIP","floor":18.0},{"not_picked":["Havoc","Body Slam"],"picked":"Twin Strike","floor":20.0},{"not_picked":["True Grit","Wild Strike"],"picked":"Immolate","floor":24.0},{"not_picked":["Evolve","True Grit"],"picked":"Heavy Blade","floor":27.0},{"not_picked":["Thunderclap","Carnage"],"picked":"Rupture+1","floor":28.0},{"not_picked":["Dark Embrace+1","Pommel Strike","Power Through"],"picked":"SKIP","floor":29.0},{"not_picked":["Reckless Charge","Flex"],"picked":"Pommel Strike+1","floor":31},{"not_picked":["Carnage","Thunderclap+1"],"picked":"Flame Barrier","floor":32}],"player_experience":1057853,"relics_obtained":[{"floor":7.0,"key":"Omamori"},{"floor":9.0,"key":"Dream Catcher"},{"floor":11.0,"key":"MealTicket"},{"floor":12.0,"key":"Odd Mushroom"},{"floor":24.0,"key":"Centennial Puzzle"},{"floor":26.0,"key":"Mummified Hand"},{"floor":27.0,"key":"Bottled Flame"},{"floor":31,"key":"Smiling Mask"}],"event_choices":[{"damage_healed":0.0,"max_hp_gain":0.0,"max_hp_loss":0.0,"gold_gain":0.0,"event_name":"Scrap Ooze","player_choice":"Fled","floor":4.0,"gold_loss":0.0,"damage_taken":0.0},{"damage_healed":0.0,"max_hp_gain":0.0,"max_hp_loss":0.0,"gold_gain":30.0,"event_name":"Dead Adventurer","player_choice":"Searched \u00273\u0027 times","floor":11.0,"gold_loss":0.0,"damage_taken":0.0},{"damage_healed":0.0,"max_hp_gain":0.0,"max_hp_loss":0.0,"gold_gain":0.0,"event_name":"Mushrooms","player_choice":"Fought Mushrooms","floor":12.0,"gold_loss":0.0,"damage_taken":0.0},{"damage_healed":0.0,"max_hp_gain":0.0,"max_hp_loss":0.0,"gold_gain":0.0,"event_name":"Vampires","player_choice":"Ignored","floor":19.0,"gold_loss":0.0,"damage_taken":0.0},{"cards_removed":["Fire Breathing"],"damage_healed":49.0,"max_hp_gain":0.0,"max_hp_loss":0.0,"gold_gain":0.0,"event_name":"Bonfire Elementals","player_choice":"Offered Uncommon","floor":21.0,"gold_loss":0.0,"damage_taken":0.0},{"damage_healed":0,"gold_gain":0,"player_choice":"1 cards matched","damage_taken":0,"max_hp_gain":0,"max_hp_loss":0,"event_name":"Match and Keep!","floor":30,"gold_loss":0,"cards_obtained":["Fiend Fire"]}],"is_beta":false,"boss_relics":[{"not_picked":["Black Blood","Sozu"],"picked":"Mark of Pain"}],"items_purged_floors":[22],"is_endless":false,"potions_floor_spawned":[1,2,3,11,14,16,18,24,29],"killed_by":"Collector","ascension_level":20}}