{"host":"3498uni0c31c9bdm","time":1612912884,"event":{"mods":["BaseMod","Better Match","Better Note","Better Sensory Stone","Better Skull","Better Third Choice","Colored Map","Minty Spire (QoL Compilation)","Quick Restart","RNG Fix","Random Character Button","Replay The Spire","Shop Mod","Smile Girya","StSLib","Unceasing Turn Reminder"],"gold_per_floor":[117,42,42,68,95,122,122,149,172,172,184,184,33,53,53,133,133,157,157,157,157,159,159],"floor_reached":22,"language":"ENG","playtime":749,"items_purged":[],"score":317,"play_id":"7ce61699-128a-4386-a84d-787637177af1","local_time":"20210210102124","is_ascension_mode":true,"campfire_choices":[{"floor":7,"key":"REST"},{"floor":10,"key":"RECALL"},{"floor":12,"key":"REST"},{"floor":15,"key":"REST"}],"circlet_count":0,"master_deck":["AscendersBane","Strike_B","Strike_B","Strike_B","Defend_B","Defend_B","Defend_B","Defend_B","Zap","Dualcast","Streamline","Static Discharge","Steam Power","Panic Button","Reinforced Body","Redo","Electrodynamics","Stack","ReplayTheSpireMod:Restless Dread","Hallucinations","Hallucinations","Sunder","FTL","Replay:Sssssssssshield","Midas Touch"],"relics":["Cracked Core","Replay:Bandana","Gremlin Horn","Counterbalance","Replay:Antivirus Software","Bag of Marbles","Replay:Ancient Bell","PreservedInsect","Pantograph","Ice Cream","Prayer Wheel"],"acts_visited":["Exordium","TheCity"],"potions_floor_usage":[16,16],"damage_taken":[{"damage":4,"enemies":"Jaw Worm","floor":1,"turns":3},{"damage":1,"enemies":"Cultist","floor":4,"turns":3},{"damage":3,"enemies":"Small Slimes","floor":5,"turns":3},{"damage":22,"enemies":"Lagavulin","floor":6,"turns":7},{"damage":26,"enemies":"3 Sentries","floor":8,"turns":8},{"damage":10,"enemies":"3 Louse","floor":11,"turns":2},{"damage":11,"enemies":"Blue Slaver","floor":14,"turns":3},{"damage":23,"enemies":"Fading Forest","floor":16,"turns":11},{"damage":45,"enemies":"Chosen","floor":18,"turns":5},{"damage":24,"enemies":"Shell Parasite","floor":22,"turns":2}],"seed_played":"-4401395339917443869","potions_obtained":[{"floor":1,"key":"Energy Potion"},{"floor":8,"key":"Milkshake"},{"floor":14,"key":"FocusPotion"}],"is_trial":false,"path_per_floor":["M","?","?","M","M","E","R","E","T","R","M","R","$","M","R_BF","B",null,"M","?","?","?","M"],"character_chosen":"DEFECT","items_purchased":["Bag of Marbles"],"campfire_rested":3,"item_purchase_floors":[13],"current_hp_per_floor":[64,64,64,63,60,38,60,34,34,34,24,46,46,35,57,42,67,22,22,22,22,0,0],"gold":159,"neow_bonus":"RANDOM_COMMON_RELIC","is_daily":false,"chose_seed":false,"campfire_upgraded":0,"win_rate":0.0,"timestamp":1612912884,"path_taken":["M","?","?","M","M","E","R","E","T","R","M","R","?","M","R_BF","BOSS","M","?","?","?","M"],"items_purchased_type":["Relic"],"build_version":"2020-12-22","purchased_purges":0,"victory":false,"max_hp_per_floor":[75,75,75,75,75,75,75,75,75,75,75,75,75,75,75,75,75,75,75,75,75,75,75],"card_choices":[{"not_picked":["Consume","Cold Snap"],"picked":"Streamline","floor":1},{"not_picked":["Consume","Scrape"],"picked":"Steam Power","floor":4},{"not_picked":["Aggregate","BasicCrystalCard"],"picked":"Panic Button","floor":5},{"not_picked":["Barrage","Panic Button"],"picked":"Reinforced Body","floor":6},{"not_picked":["Sweeping Beam","Beam Cell"],"picked":"Redo","floor":8},{"not_picked":["Streamline","Leap"],"picked":"Electrodynamics","floor":11},{"not_picked":["Rip and Tear","Coolheaded"],"picked":"Stack","floor":14},{"not_picked":["All For One","Amplify"],"picked":"ReplayTheSpireMod:Fabricate Wheel","floor":16},{"not_picked":["Replay:Hysterical Blindness","Shame"],"picked":"ReplayTheSpireMod:Restless Dread","floor":17},{"not_picked":["ReplayTheSpireMod:Restless Dread","Clumsy"],"picked":"Hallucinations","floor":17},{"not_picked":["Normality","Voices"],"picked":"Hallucinations","floor":17},{"not_picked":["ReplaySort","Go for the Eyes"],"picked":"Sunder","floor":18},{"not_picked":["Darkness","Sunder"],"picked":"FTL","floor":18},{"not_picked":["Enlightenment","Impatience"],"picked":"Replay:Sssssssssshield","floor":21},{"not_picked":["Replay:BasicMightCard","Chrysalis"],"picked":"Midas Touch","floor":21}],"player_experience":876945,"relics_obtained":[{"floor":6,"key":"Gremlin Horn"},{"floor":8,"key":"Counterbalance"},{"floor":9,"key":"Replay:Antivirus Software"}],"event_choices":[{"damage_healed":0,"gold_gain":0,"player_choice":"2","damage_taken":0,"max_hp_gain":0,"max_hp_loss":0,"event_name":"betterMatch:BetterMatch","floor":2,"gold_loss":0,"cards_obtained":[]},{"damage_healed":0,"gold_gain":0,"cards_transformed":["Strike_B"],"player_choice":"Transformed","damage_taken":0,"max_hp_gain":0,"max_hp_loss":0,"event_name":"Transmorgrifier","floor":3,"gold_loss":0,"cards_obtained":["Static Discharge"]},{"damage_healed":0,"gold_gain":0,"player_choice":"Ignored","damage_taken":0,"max_hp_gain":0,"max_hp_loss":0,"event_name":"Vampires","floor":19,"gold_loss":0},{"damage_healed":0,"gold_gain":0,"player_choice":"Ignored","damage_taken":0,"max_hp_gain":0,"max_hp_loss":0,"event_name":"Cursed Tome","floor":20,"gold_loss":0},{"damage_healed":0,"gold_gain":2,"player_choice":"1","damage_taken":0,"max_hp_gain":0,"max_hp_loss":0,"event_name":"betterStone:BetterStone","floor":21,"gold_loss":0}],"is_beta":false,"boss_relics":[{"not_picked":["Replay:Drink Me","Abe\u0027s Treasure"],"picked":"Replay:Ancient Bell"},{"not_picked":["Replay:Rubber Ducky","Tiny Chest"],"picked":"PreservedInsect"},{"not_picked":["Darkstone Periapt","Molten Egg 2"],"picked":"Pantograph"},{"not_picked":["CaptainsWheel","WingedGreaves"],"picked":"Ice Cream"}],"items_purged_floors":[],"is_endless":false,"potions_floor_spawned":[1,8,14],"killed_by":"Shell Parasite","ascension_level":13}}