{"host":"BK","time":1612913633,"event":{"mods":["BaseMod","Highlight Path","Minty Spire (QoL Compilation)","StSLib"],"gold_per_floor":[114,130,143,143,37,37,62,62,108,108,53,53,80,95,95,172,172,191,209,152,165,181,181,207,23,23,23,37,37,37],"floor_reached":29,"language":"ENG","playtime":1432,"items_purged":["Strike_P"],"score":531,"play_id":"6f226078-a8e6-4485-9e3b-49f8fa8eb461","local_time":"20210209163353","is_ascension_mode":true,"campfire_choices":[{"data":"Conclude","floor":6.0,"key":"SMITH"},{"data":"Crescendo","floor":10.0,"key":"SMITH"},{"data":"CutThroughFate","floor":12.0,"key":"SMITH"},{"data":"Halt","floor":15.0,"key":"SMITH"},{"floor":23.0,"key":"REST"},{"floor":27.0,"key":"REST"}],"circlet_count":0,"master_deck":["AscendersBane","Strike_P","Strike_P","Strike_P","Defend_P","Defend_P","Defend_P","Defend_P","Eruption","Vigilance","CarveReality+1","FlurryOfBlows","Protect","Crescendo+1","Conclude+1","CutThroughFate+1","Halt+1","Ragnarok","Wallop","ThirdEye","JustLucky+1","Prostrate+1","Brilliance","MentalFortress","Wallop"],"relics":["Black Star","Art of War","Centennial Puzzle","Anchor","Damaru","Pear","SlaversCollar","Akabeko","Nunchaku","The Courier","Kunai"],"acts_visited":["Exordium","TheCity"],"potions_floor_usage":[28,28],"damage_taken":[{"damage":4.0,"enemies":"Small Slimes","floor":1.0,"turns":4.0},{"damage":7.0,"enemies":"Cultist","floor":2.0,"turns":4.0},{"damage":7.0,"enemies":"Jaw Worm","floor":3.0,"turns":3.0},{"damage":3.0,"enemies":"Gremlin Nob","floor":7.0,"turns":3.0},{"damage":7.0,"enemies":"Lagavulin","floor":13.0,"turns":5.0},{"damage":0.0,"enemies":"Gremlin Gang","floor":14.0,"turns":2.0},{"damage":5.0,"enemies":"The Guardian","floor":16.0,"turns":9.0},{"damage":5.0,"enemies":"Spheric Guardian","floor":18.0,"turns":3.0},{"damage":38.0,"enemies":"Shell Parasite","floor":19.0,"turns":8.0},{"damage":17.0,"enemies":"Cultist and Chosen","floor":21.0,"turns":5.0},{"damage":0.0,"enemies":"3 Cultists","floor":22.0,"turns":4.0},{"damage":34.0,"enemies":"Book of Stabbing","floor":24.0,"turns":6.0},{"damage":28,"enemies":"Shelled Parasite and Fungi","floor":28,"turns":5},{"damage":0,"enemies":"Chosen and Byrds","floor":29,"turns":3}],"seed_played":"4479906074172303385","potions_obtained":[{"floor":3.0,"key":"FearPotion"},{"floor":13.0,"key":"Fruit Juice"},{"floor":18.0,"key":"Dexterity Potion"},{"floor":21.0,"key":"LiquidMemories"},{"floor":22.0,"key":"Dexterity Potion"}],"is_trial":false,"path_per_floor":["M","M","M","?","$","R","E","?","T","R","$","R","E","M","R","B",null,"M","M","?","M","M","R","E","$","T","R","M","M"],"character_chosen":"WATCHER","items_purchased":["Crescendo","Conclude","CutThroughFate","Brilliance","MentalFortress"],"campfire_rested":2,"item_purchase_floors":[5,5,11,25,25],"current_hp_per_floor":[57,50,43,43,43,43,40,45,45,45,45,45,48,48,48,43,73,68,30,30,18,18,44,10,10,10,36,8,8,8],"gold":37,"neow_bonus":"BOSS_RELIC","is_daily":false,"chose_seed":false,"campfire_upgraded":4,"win_rate":0.0,"timestamp":1612913633,"path_taken":["M","M","M","?","?","R","E","?","T","R","$","R","E","M","R","BOSS","M","M","?","M","M","R","E","$","T","R","M","M"],"items_purchased_type":["Card","Card","Card","Card","Card"],"build_version":"2020-12-18","purchased_purges":1,"victory":false,"max_hp_per_floor":[68,68,68,68,68,68,68,73,73,73,73,73,83,83,83,83,83,83,83,83,88,88,88,88,88,88,88,88,88,88],"card_choices":[{"not_picked":["SashWhip","Protect"],"picked":"CarveReality","floor":1.0},{"not_picked":["Meditate","JustLucky"],"picked":"FlurryOfBlows","floor":2.0},{"not_picked":["Omniscience","Adaptation"],"picked":"Protect","floor":3.0},{"not_picked":["Vengeance","Indignation","Crescendo"],"picked":"SKIP","floor":7.0},{"not_picked":["WreathOfFlame","Weave","SignatureMove"],"picked":"SKIP","floor":13.0},{"not_picked":["EmptyBody","ClearTheMind"],"picked":"Halt","floor":14.0},{"not_picked":["Omniscience","Establishment"],"picked":"Ragnarok","floor":16.0},{"not_picked":["Worship","JustLucky","FlurryOfBlows"],"picked":"SKIP","floor":18.0},{"not_picked":["Halt","WindmillStrike"],"picked":"Wallop","floor":19.0},{"not_picked":["PathToVictory","Nirvana"],"picked":"ThirdEye","floor":21.0},{"not_picked":["ClearTheMind","ThirdEye"],"picked":"JustLucky+1","floor":22.0},{"not_picked":["WaveOfTheHand","Weave+1"],"picked":"Prostrate+1","floor":24.0},{"not_picked":["SashWhip","ForeignInfluence+1"],"picked":"Wallop","floor":28}],"player_experience":2543911,"relics_obtained":[{"floor":7.0,"key":"Art of War"},{"floor":7.0,"key":"Centennial Puzzle"},{"floor":9.0,"key":"Anchor"},{"floor":13.0,"key":"Damaru"},{"floor":13.0,"key":"Pear"},{"floor":24.0,"key":"Nunchaku"},{"floor":24.0,"key":"The Courier"},{"floor":26.0,"key":"Kunai"}],"event_choices":[{"damage_healed":0.0,"max_hp_gain":0.0,"max_hp_loss":0.0,"gold_gain":0.0,"event_name":"Upgrade Shrine","player_choice":"Upgraded","floor":4.0,"gold_loss":0.0,"damage_taken":0.0,"cards_upgraded":["CarveReality"]},{"damage_healed":0.0,"max_hp_gain":5.0,"max_hp_loss":0.0,"gold_gain":0.0,"event_name":"Big Fish","player_choice":"Donut","floor":8.0,"gold_loss":0.0,"damage_taken":0.0},{"damage_healed":0.0,"max_hp_gain":0.0,"max_hp_loss":0.0,"gold_gain":0.0,"event_name":"WeMeetAgain","player_choice":"Paid Gold","floor":20.0,"gold_loss":57.0,"damage_taken":0.0,"relics_obtained":["Akabeko"]}],"is_beta":true,"boss_relics":[{"not_picked":["Calling Bell","Tiny House"],"picked":"SlaversCollar"}],"items_purged_floors":[25],"is_endless":false,"potions_floor_spawned":[3,13,18,21,22,24],"killed_by":"Chosen and Byrds","ascension_level":20}}