{"host":"hka8b3f4pkvnp4ei","time":1612870174,"event":{"mods":["BaseMod","Minty Spire (QoL Compilation)","Quick Restart","Replay The Spire","StSLib"],"gold_per_floor":[113,128,53,3,3,3,30,30,79,89,121,138,153,167,167,167,167],"floor_reached":16,"language":"ZHS","playtime":328,"items_purged":["Strike_G"],"score":185,"play_id":"add11ce3-9abe-4177-9898-74f3b83b5cff","local_time":"20210209192934","is_ascension_mode":true,"campfire_choices":[{"data":"Tactician","floor":6.0,"key":"SMITH"},{"data":"Prepared","floor":8.0,"key":"SMITH"}],"circlet_count":0,"master_deck":["Strike_G+1","Strike_G+1","Strike_G+1","Strike_G+1","Defend_G","Defend_G","Defend_G","Defend_G","Survivor","Neutralize","Tactician+1","Prepared+1","Blade Dance","Backflip"],"relics":["Ring of the Snake","NeowsBlessing","Replay:Bottled Eggs","Divine Protection","Regal Pillow","Replay:Mystery Machine","FaceOfCleric"],"acts_visited":["Exordium"],"potions_floor_usage":[16],"damage_taken":[{"damage":0.0,"enemies":"Cultist","floor":1.0,"turns":1.0},{"damage":0.0,"enemies":"Jaw Worm","floor":2.0,"turns":1.0},{"damage":0.0,"enemies":"Lagavulin","floor":7.0,"turns":1.0},{"damage":0.0,"enemies":"Small Slimes","floor":10.0,"turns":3.0},{"damage":21.0,"enemies":"Gremlin Nob","floor":11.0,"turns":4.0},{"damage":0.0,"enemies":"Looter","floor":12.0,"turns":3.0},{"damage":0.0,"enemies":"Blue Slaver","floor":13.0,"turns":3.0},{"damage":0.0,"enemies":"Exordium Wildlife","floor":14.0,"turns":4.0},{"damage":15,"enemies":"Slime Boss","floor":16,"turns":5}],"seed_played":"2443000815590600349","potions_obtained":[{"floor":1.0,"key":"Adrenaline Potion"},{"floor":7.0,"key":"Elixir"},{"floor":11.0,"key":"Flashbang"},{"floor":12.0,"key":"Doom Potion"}],"is_trial":false,"path_per_floor":["M","M","$","?","T","R","E","R","T","M","E","M","M","M","R","B"],"character_chosen":"THE_SILENT","items_purchased":[],"campfire_rested":0,"item_purchase_floors":[],"current_hp_per_floor":[63,63,63,63,63,63,63,63,63,63,42,42,42,42,42,27,27],"gold":167,"neow_bonus":"THREE_ENEMY_KILL","is_daily":false,"chose_seed":false,"campfire_upgraded":2,"win_rate":0.0,"timestamp":1612870174,"path_taken":["M","M","$","?","?","R","E","R","T","M","E","M","M","M","R","BOSS"],"items_purchased_type":[],"build_version":"2020-12-22","purchased_purges":1,"victory":false,"max_hp_per_floor":[70,70,70,70,70,70,70,70,70,70,70,70,70,70,70,70,70],"card_choices":[{"not_picked":["Quick Slash","Backflip","Bane"],"picked":"SKIP","floor":1.0},{"not_picked":["Deadly Poison","Calculated Gamble"],"picked":"Tactician","floor":2.0},{"not_picked":["ReplayTheSpireMod:Scrap Shanks","Malaise"],"picked":"Prepared","floor":7.0},{"not_picked":["Cloak And Dagger","Heel Hook"],"picked":"Blade Dance","floor":10.0},{"not_picked":["Dagger Spray","Sucker Punch","ReplayTheSpireMod:Scrap Shanks"],"picked":"SKIP","floor":11.0},{"not_picked":["Heel Hook","Dagger Throw"],"picked":"Backflip","floor":12.0},{"not_picked":["Hidden Blade","Fluid Movement","Quick Slash"],"picked":"SKIP","floor":13.0},{"not_picked":["Quick Slash","ReplayTheSpireMod:Exploit Weakness","Blade Dance"],"picked":"SKIP","floor":14.0}],"player_experience":465759,"relics_obtained":[{"floor":5.0,"key":"Replay:Bottled Eggs"},{"floor":7.0,"key":"Divine Protection"},{"floor":9.0,"key":"Regal Pillow"},{"floor":11.0,"key":"Replay:Mystery Machine"}],"event_choices":[{"cards_removed":["Defend_G"],"damage_healed":0.0,"max_hp_gain":0.0,"max_hp_loss":0.0,"gold_gain":0.0,"event_name":"The Cleric","player_choice":"Card Removal","floor":4.0,"gold_loss":50.0,"damage_taken":0.0},{"damage_healed":0,"gold_gain":0,"player_choice":"Trade","damage_taken":0,"relics_obtained":["FaceOfCleric"],"max_hp_gain":0,"max_hp_loss":0,"event_name":"FaceTrader","floor":15,"gold_loss":0}],"is_beta":false,"boss_relics":[],"items_purged_floors":[3],"is_endless":false,"potions_floor_spawned":[1,7,11,12],"killed_by":"Slime Boss","ascension_level":7}}