{"host":"lnfs5t5iydkm2lft","time":1612849256,"event":{"mods":["AchievementEnabler","BaseMod","BetterRewards","Colored Powertips","Downfall","Hubris","Marisa????????","Minty Spire (QoL Compilation)","Quick Restart","Replay The Spire","StSLib","The Runesmith"],"gold_per_floor":[111,111,86,97,117,162,162,208,257,335,335,335,346,360,360,475,475,485,485,10,38,38,86,96,96,119,119,165,175,220,220,220,348,348,411,71,100,100,146,146,146,146,172,228,228,12,12,49,49,49],"floor_reached":51,"language":"ENG","playtime":3618,"items_purged":["Backstab+1","Singularity"],"score":1083,"play_id":"c6fed9cb-434b-4af4-a3e8-7df9653181ca","local_time":"20210208234056","is_ascension_mode":true,"campfire_choices":[{"floor":7,"key":"REST"},{"floor":12,"key":"REST"},{"data":"StarBarrage","floor":15,"key":"SMITH"},{"data":"MillisecondPulsars","floor":25,"key":"SMITH"},{"data":"hubris:DuctTapeCard","floor":27,"key":"SMITH"},{"data":"JA","floor":32,"key":"SMITH"},{"floor":40,"key":"REST"},{"floor":45,"key":"REST"},{"data":"Mayhem","floor":47,"key":"SMITH"},{"data":"FinalSpark","floor":47,"key":"SMITH"},{"floor":49,"key":"REST"}],"circlet_count":0,"master_deck":["Backstab+1","Strike_MRS+1","Strike_MRS+1","Defend_MRS+1","Defend_MRS+1","Defend_MRS+1","Defend_MRS+1","MasterSpark","UpSweep","SprinkleStarSeal+1","ShootTheMoon","WitchOfGreed","StarBarrage+1","ManaRampage+1","hubris:DuctTapeCard+2","ReplayTheSpireMod:Private Reserves","MillisecondPulsars+1","JA+1","Robbery","CurseOfTheBell","CurseOfTheBell","FinalSpark+1","RefractionSpark+1","Pot Of Greed","Pot Of Greed","Pot Of Greed","Parasite","MagicAbsorber","MysteriousBeam+1","Mayhem+1","Madness"],"relics":["MiniHakkero","Orrery","Pocketwatch","Anchor","Vajra","Letter Opener","Juzu Bracelet","Pet Ghost","hubris:Backtick","hubris:DuctTape","Guide Book","Bag of Preparation","MealTicket","PreservedInsect","ReplayTheSpireMod:Lightbulb","Replay:Mystery Machine","downfall:ExtraCursedBell","Nunchaku","Pantograph","Counterbalance","hubris:Stopwatch","Membership Card","Grinning Jar","Onion Ring","Replay:Arrowhead","Regal Pillow","Dream Catcher","Boot"],"acts_visited":["Exordium","TheCity","TheBeyond"],"potions_floor_usage":[6,8,16,16,16,24,28,29,30,33,33,37,39,44,44,44,50,50],"damage_taken":[{"damage":0,"enemies":"2 Louse","floor":1,"turns":1},{"damage":0,"enemies":"Cultist","floor":4,"turns":2},{"damage":0,"enemies":"Small Slimes","floor":5,"turns":2},{"damage":7,"enemies":"3 Sentries","floor":6,"turns":6},{"damage":14,"enemies":"Gremlin Nob","floor":8,"turns":3},{"damage":0,"enemies":"Exordium Wildlife","floor":13,"turns":2},{"damage":0,"enemies":"Looter","floor":14,"turns":2},{"damage":8,"enemies":"Fading Forest","floor":16,"turns":11},{"damage":4,"enemies":"2 Thieves","floor":18,"turns":2},{"damage":0,"enemies":"Chosen","floor":21,"turns":3},{"damage":5,"enemies":"Replay:Snechameleon","floor":23,"turns":5},{"damage":0,"enemies":"Sentry and Sphere","floor":24,"turns":2},{"damage":9,"enemies":"Slavers","floor":28,"turns":3},{"damage":0,"enemies":"Centurion and Healer","floor":29,"turns":5},{"damage":0,"enemies":"Gremlin Leader","floor":30,"turns":4},{"damage":33,"enemies":"Collector","floor":33,"turns":8},{"damage":1,"enemies":"3 Shapes","floor":35,"turns":4},{"damage":32,"enemies":"3 Darklings","floor":37,"turns":3},{"damage":19,"enemies":"Writhing Mass","floor":39,"turns":4},{"damage":25,"enemies":"R_Hoarder","floor":44,"turns":3},{"damage":45,"enemies":"4 Shapes","floor":48,"turns":3},{"damage":72,"enemies":"Donu and Deca","floor":50,"turns":7}],"seed_played":"-4678575374014085873","potions_obtained":[{"floor":4,"key":"ColorlessPotion"},{"floor":6,"key":"Dexterity Potion"},{"floor":8,"key":"Toxic Potion"},{"floor":8,"key":"Strength Potion"},{"floor":13,"key":"Explosive Potion"},{"floor":16,"key":"Adrenaline Potion"},{"floor":16,"key":"Venom Potion"},{"floor":18,"key":"Dexterity Potion"},{"floor":21,"key":"AttackPotion"},{"floor":21,"key":"Strength Potion"},{"floor":28,"key":"FearPotion"},{"floor":28,"key":"Block Potion"},{"floor":30,"key":"ColorlessPotion"},{"floor":33,"key":"DuplicationPotion"},{"floor":33,"key":"SkillPotion"},{"floor":35,"key":"BlessingOfTheForge"},{"floor":37,"key":"Strength Potion"},{"floor":39,"key":"champ:CounterPotion"},{"floor":44,"key":"sneckomod:MuddlingPotion"},{"floor":48,"key":"champ:CounterPotion"}],"is_trial":false,"path_per_floor":["M","?","$","M","M","E","R","E","T","?","?","R","M","M","R","B",null,"M","?","$","M","?","E","M","R","T","R","E","M","E","?","R","B",null,"M","$","M","?","M","R","?","T","T","E","R","$","R","M","R","B",null],"character_chosen":"MARISA","items_purchased":["Orrery","Anchor","Vajra","WitchOfGreed","Guide Book","ReplayTheSpireMod:Private Reserves","Bag of Preparation","Membership Card","Grinning Jar","Onion Ring","Mayhem","Madness","Boot"],"campfire_rested":5,"item_purchase_floors":[0,0,0,3,20,20,20,36,36,36,46,46,46],"current_hp_per_floor":[40,40,40,40,40,33,55,41,41,41,41,63,63,63,63,65,75,71,71,71,71,71,66,66,66,66,66,57,57,57,57,57,42,75,74,75,43,43,24,46,46,46,46,21,58,73,73,28,65,3],"gold":49,"neow_bonus":"","is_daily":false,"chose_seed":false,"campfire_upgraded":6,"win_rate":0.0,"timestamp":1612849256,"path_taken":["M","?","?","M","?","E","R","E","T","?","?","R","M","M","R","BOSS","M","?","$","M","?","E","M","R","T","R","E","M","E","?","R","BOSS","M","$","M","?","M","R","?","?","T","E","R","$","R","M","R","BOSS"],"items_purchased_type":["Relic","Relic","Relic","Card","Relic","Card","Relic","Relic","Relic","Relic","Card","Card","Relic"],"build_version":"2020-12-22","purchased_purges":2,"victory":true,"max_hp_per_floor":[75,75,75,75,75,75,75,75,75,75,75,75,75,75,75,75,75,75,75,75,75,75,75,75,75,75,75,75,75,75,75,75,75,75,75,75,75,75,75,75,75,75,75,75,75,75,75,75,75,75],"card_choices":[{"not_picked":["PulseMagic","OrrerysSun"],"picked":"SprinkleStarSeal","floor":0},{"not_picked":["DC","SatelliteIllusion"],"picked":"GrandCross","floor":0},{"not_picked":["ChargeUpSpray","SporeBomb"],"picked":"ShootTheMoon","floor":0},{"not_picked":["NonDirectionalLaser","DoubleSpark"],"picked":"Singularity","floor":1},{"not_picked":["DoubleSpark","SprinkleStarSeal","WitchLeyline"],"picked":"SKIP","floor":4},{"not_picked":["IllusionStar","WitchLeyline","GravityBeat"],"picked":"SKIP","floor":5},{"not_picked":["IllusionStar","WitchLeyline","GravityBeat"],"picked":"SKIP","floor":5},{"not_picked":["OneTimeOff","FinalSpark","Acceleration"],"picked":"SKIP","floor":6},{"not_picked":["WitchLeyline","PowerUp","6A"],"picked":"SKIP","floor":8},{"not_picked":["MysteriousBeam","DC","ChargeUpSpray"],"picked":"SKIP","floor":13},{"not_picked":["GrandCross","NonDirectionalLaser"],"picked":"StarBarrage","floor":14},{"not_picked":["BlazingStar","SatelliteIllusion"],"picked":"ManaRampage","floor":16},{"not_picked":["ShootingEcho","AsteroidBelt","MysteriousBeam"],"picked":"SKIP","floor":18},{"not_picked":["AsteroidBelt","GravityBeat","GalacticHalo"],"picked":"SKIP","floor":21},{"not_picked":["WitchLeyline","NonDirectionalLaser"],"picked":"MillisecondPulsars","floor":23},{"not_picked":["MilkyWay","ShootingEcho"],"picked":"JA","floor":24},{"not_picked":["MachineGunSpark+1","UnstableBomb"],"picked":"Robbery","floor":28},{"not_picked":["WitchLeyline","IllusionStar","Singularity"],"picked":"SKIP","floor":29},{"not_picked":["PowerUp","UnstableBomb","GrandCross"],"picked":"SKIP","floor":30},{"not_picked":["CasketOfStar","BigCrunch"],"picked":"FinalSpark","floor":33},{"not_picked":["AsteroidBelt+1","DC+1"],"picked":"RefractionSpark+1","floor":35},{"not_picked":["LuminesStrike+1","ShootTheMoon+1","AsteroidBelt"],"picked":"SKIP","floor":37},{"not_picked":["IllusionStar+1","MeteoricShower","AsteroidBelt"],"picked":"SKIP","floor":39},{"not_picked":["ChargingUp","DoubleSpark+1"],"picked":"MagicAbsorber","floor":44},{"not_picked":["LuminesStrike+1","RefractionSpark"],"picked":"MysteriousBeam+1","floor":45},{"not_picked":["AsteroidBelt","UnstableBomb+1","IllusionStar"],"picked":"SKIP","floor":48}],"player_experience":332318,"relics_obtained":[{"floor":6,"key":"Letter Opener"},{"floor":8,"key":"Juzu Bracelet"},{"floor":9,"key":"Pet Ghost"},{"floor":23,"key":"MealTicket"},{"floor":26,"key":"PreservedInsect"},{"floor":28,"key":"ReplayTheSpireMod:Lightbulb"},{"floor":30,"key":"Replay:Mystery Machine"},{"floor":31,"key":"Nunchaku"},{"floor":31,"key":"Pantograph"},{"floor":31,"key":"Counterbalance"},{"floor":42,"key":"Replay:Arrowhead"},{"floor":43,"key":"Regal Pillow"},{"floor":44,"key":"Dream Catcher"}],"event_choices":[{"damage_healed":0,"gold_gain":0,"cards_transformed":["Strike_MRS"],"player_choice":"Transformed","damage_taken":0,"max_hp_gain":0,"max_hp_loss":0,"event_name":"Transmorgrifier","floor":2,"gold_loss":0,"cards_obtained":["UnstableBomb"]},{"damage_healed":0,"gold_gain":78,"player_choice":"Gained Gold","damage_taken":0,"max_hp_gain":0,"max_hp_loss":0,"event_name":"Golden Wing","floor":10,"gold_loss":0},{"damage_healed":0,"gold_gain":0,"player_choice":"Leave","damage_taken":0,"max_hp_gain":0,"max_hp_loss":0,"event_name":"FaceTrader","floor":11,"gold_loss":0},{"damage_healed":0,"gold_gain":0,"player_choice":"Simplicity","damage_taken":0,"max_hp_gain":0,"max_hp_loss":0,"event_name":"Back to Basics","floor":19,"gold_loss":0,"cards_upgraded":["Strike_MRS","Strike_MRS","Strike_MRS","Defend_MRS","Defend_MRS","Defend_MRS","Defend_MRS"]},{"damage_healed":0,"gold_gain":0,"player_choice":"Ignored","damage_taken":0,"max_hp_gain":0,"max_hp_loss":0,"event_name":"Vampires","floor":22,"gold_loss":0},{"cards_removed":["Strike_MRS"],"damage_healed":0,"gold_gain":0,"player_choice":"Removed Attack","damage_taken":0,"max_hp_gain":0,"max_hp_loss":0,"event_name":"Falling","floor":38,"gold_loss":0}],"is_beta":false,"boss_relics":[{"not_picked":["Kintsugi","hubris:RunicObelisk"],"picked":"hubris:Backtick"},{"not_picked":["ReplayTheSpireMod:DimensionalGlitch","Cursed Key"],"picked":"hubris:Stopwatch"}],"items_purged_floors":[0,20],"is_endless":false,"potions_floor_spawned":[4,8,13,14,16,18,21,28,33,48],"ascension_level":2}}