{"host":"aaqofma31c3gm2hj","time":1612848947,"event":{"mods":["BaseMod","GungeonMod","Minty Spire (QoL Compilation)","Replay The Spire","Spicy Shops","StSLib"],"gold_per_floor":[111,36,111,36,36,61,80,80,105,131,131,164,206,206,206,236,271,271,271,368,368,404,151,176,376,419,482,518,518,572,572,572,572,572,276,312,378,293,293,436,436,509,284,343,343,443,534,534,650,650,718,807,807,876,618,678,678,678,732,788,788,788,42,124,230],"floor_reached":66,"language":"ZHS","playtime":2588,"items_purged":["Strike_G","Shame","Skewer","Defend_G","Blade Dance+1","Indignation","ReplayTheSpireMod:The Works"],"score":3005,"play_id":"0084cf9d-b1d6-42fe-8b09-25e4f458e849","local_time":"20210209133547","is_ascension_mode":true,"campfire_choices":[{"data":"Blade Dance","floor":8.0,"key":"SMITH"},{"data":"Hidden Blade","floor":11.0,"key":"SMITH"},{"data":"Malaise","floor":15.0,"key":"SMITH"},{"data":"Eviscerate","floor":18.0,"key":"SMITH"},{"data":"Burst","floor":29.0,"key":"SMITH"},{"data":"Concentrate","floor":34.0,"key":"SMITH"},{"data":"Tactician","floor":39.0,"key":"SMITH"},{"data":"DemoMod:Deposit","floor":48.0,"key":"SMITH"},{"data":"Adrenaline","floor":50.0,"key":"SMITH"},{"floor":57.0,"key":"RECALL"},{"data":"Malaise","floor":58.0,"key":"SMITH"},{"data":"Hidden Blade","floor":62.0,"key":"SMITH"}],"circlet_count":0,"master_deck":["AscendersBane","Survivor","Neutralize","Malaise+1","Hidden Blade+1","Hidden Blade+1","Eviscerate+1","Acrobatics","Burst+1","Adrenaline+1","Concentrate+1","Malaise+1","Tactician+1","Inflame+1","DemoMod:Deposit+1","After Image"],"relics":["Ring of the Snake","NeowsBlessing","Blood Vial","Vajra","Replay:Bandana","WristBlade","Membership Card","DemoMod:ChaffGrenade","Gremlin Food","DemoMod:GlassGuonStoneRelic","MealTicket","DemoMod:BlueGuonStone","PrismaticShard","Pet Ghost","InkBottle","ReplayFunnel","Replay:Drink Me","Chemical X","Bottled Lightning","CaptainsWheel","Oddly Smooth Stone","DemoMod:DecoyRelic","Lantern","Basket Of Snakes","OrangePellets","DemoMod:MeatBun","Gambling Chip","DemoMod:MonsterBlood","Toolbox","Lee\u0027s Waffle","DemoMod:VorpalBullet","ReplayTheSpireMod:Ninjato"],"acts_visited":["Exordium","TheCity","TheBeyond","TheEnding"],"potions_floor_usage":[65],"damage_taken":[{"damage":0.0,"enemies":"Jaw Worm","floor":1.0,"turns":1.0},{"damage":0.0,"enemies":"Gremlin Nob","floor":6.0,"turns":1.0},{"damage":0.0,"enemies":"2 Louse","floor":7.0,"turns":1.0},{"damage":0.0,"enemies":"Cultist","floor":12.0,"turns":2.0},{"damage":12.0,"enemies":"Large Slime","floor":13.0,"turns":6.0},{"damage":0.0,"enemies":"Looter","floor":16.0,"turns":2.0},{"damage":0.0,"enemies":"2 Fungi Beasts","floor":17.0,"turns":2.0},{"damage":19.0,"enemies":"Hexaghost","floor":20.0,"turns":8.0},{"damage":0.0,"enemies":"Chosen","floor":22.0,"turns":2.0},{"damage":0.0,"enemies":"Spheric Guardian","floor":24.0,"turns":1.0},{"damage":0.0,"enemies":"Cultist and Chosen","floor":26.0,"turns":2.0},{"damage":0.0,"enemies":"Gremlin Leader","floor":27.0,"turns":4.0},{"damage":9.0,"enemies":"3 Cultists","floor":28.0,"turns":5.0},{"damage":0.0,"enemies":"Book of Stabbing","floor":30.0,"turns":2.0},{"damage":0.0,"enemies":"Snake Plant","floor":36.0,"turns":2.0},{"damage":0.0,"enemies":"Gremlin Leader","floor":37.0,"turns":2.0},{"damage":0.0,"enemies":"Champ","floor":40.0,"turns":4.0},{"damage":0.0,"enemies":"3 Darklings","floor":42.0,"turns":2.0},{"damage":0.0,"enemies":"Orb Walker","floor":44.0,"turns":1.0},{"damage":0.0,"enemies":"Transient","floor":46.0,"turns":2.0},{"damage":0.0,"enemies":"2 Orb Walkers","floor":47.0,"turns":2.0},{"damage":0.0,"enemies":"R_Hoarder","floor":49.0,"turns":8.0},{"damage":0.0,"enemies":"Nemesis","floor":52.0,"turns":1.0},{"damage":0.0,"enemies":"Mind Bloom Boss Battle","floor":54.0,"turns":3.0},{"damage":0.0,"enemies":"Spire Growth","floor":56.0,"turns":1.0},{"damage":0.0,"enemies":"Replay:Hell Engine","floor":59.0,"turns":1.0},{"damage":0.0,"enemies":"Awakened One","floor":60.0,"turns":2.0},{"damage":0,"enemies":"Shield and Spear","floor":64,"turns":1},{"damage":14,"enemies":"The Heart","floor":65,"turns":5}],"seed_played":"8998643527155356360","potions_obtained":[{"floor":12.0,"key":"ColorlessPotion"},{"floor":13.0,"key":"Poison Potion"},{"floor":16.0,"key":"FearPotion"},{"floor":22.0,"key":"Elixir"},{"floor":24.0,"key":"Energy Potion"},{"floor":36.0,"key":"Block Potion"},{"floor":37.0,"key":"DemoMod:LeadSkinPotion"},{"floor":46.0,"key":"Adrenaline Potion"}],"is_trial":false,"path_per_floor":["M","$","?","?","?","E","M","R","T","T","R","M","M","?","R","M","M","R","R","B",null,"M","$","M","?","M","E","M","R","E","?","T","T","R","$","M","E","?","R","B",null,"M","$","M","?","M","?","R","E","R","T","E","?","?","$","M","R","R","B","B",null,"R","$","E","B",null],"character_chosen":"THE_SILENT","items_purchased":["Membership Card","DemoMod:ChaffGrenade","Adrenaline","PrismaticShard","Pet Ghost","Tactician","Chemical X","Bottled Lightning","OrangePellets","DemoMod:MeatBun","After Image","Gambling Chip","DemoMod:MonsterBlood","Milkshake","Toolbox","Lee\u0027s Waffle","DemoMod:VorpalBullet"],"campfire_rested":0,"item_purchase_floors":[23,23,23,35,35,35,43,43,55,55,55,63,63,63,63,63,63],"current_hp_per_floor":[59,59,48,48,48,48,50,50,50,50,50,52,42,42,42,44,46,46,46,29,57,59,59,61,61,63,65,57,57,59,59,59,59,59,66,66,66,66,66,66,50,50,50,50,47,49,50,50,50,50,50,50,50,50,50,50,50,50,50,50,50,50,64,64,50],"gold":230,"neow_bonus":"THREE_ENEMY_KILL","is_daily":false,"chose_seed":false,"campfire_upgraded":11,"win_rate":0.0,"timestamp":1612848947,"path_taken":["M","$","?","?","?","E","M","R","T","T","R","M","?","?","R","M","M","R","R","BOSS","M","$","M","?","M","E","?","R","E","?","T","T","R","$","M","E","?","R","BOSS","M","$","M","?","?","?","R","E","R","T","E","?","?","$","M","R","R","BOSS","BOSS","R","$","E","BOSS"],"items_purchased_type":["Relic","Relic","Card","Relic","Relic","Card","Relic","Relic","Relic","Relic","Card","Relic","Relic","Potion","Relic","Relic","Relic"],"build_version":"2020-12-22","purchased_purges":7,"victory":true,"max_hp_per_floor":[66,66,66,66,66,66,66,66,66,66,66,66,66,66,66,66,66,66,66,66,66,66,66,66,66,66,66,66,66,66,66,66,66,66,66,66,66,66,66,66,50,50,50,50,50,50,50,50,50,50,50,50,50,50,50,50,50,50,50,50,50,50,64,64,64],"card_choices":[{"not_picked":["Dagger Throw","Well Laid Plans"],"picked":"Blade Dance","floor":1.0},{"not_picked":["Wraith Form v2","Setup"],"picked":"Malaise","floor":6.0},{"not_picked":["Endless Agony","Backstab"],"picked":"Hidden Blade","floor":7.0},{"not_picked":["Caltrops","Dagger Throw"],"picked":"Hidden Blade","floor":12.0},{"not_picked":["Dagger Throw","Dagger Spray","Distraction"],"picked":"SKIP","floor":13.0},{"not_picked":["Dodge and Roll","Storm of Steel","Choke"],"picked":"SKIP","floor":16.0},{"not_picked":["Setup","Deflect"],"picked":"Acrobatics","floor":17.0},{"not_picked":["Tools of the Trade","Venomology"],"picked":"Burst","floor":20.0},{"not_picked":["Bouncing Flask+1","Bane","Caltrops"],"picked":"SKIP","floor":22.0},{"not_picked":["Outmaneuver","Bouncing Flask","Endless Agony"],"picked":"SKIP","floor":24.0},{"not_picked":["PiercingWail","Prepared"],"picked":"Concentrate","floor":26.0},{"not_picked":["Predator","Bane","Doppelganger"],"picked":"SKIP","floor":27.0},{"not_picked":["Distraction","All Out Attack","Dagger Throw"],"picked":"SKIP","floor":28.0},{"not_picked":["Caltrops","Cloak And Dagger","Expertise"],"picked":"SKIP","floor":30.0},{"not_picked":["Rampage","Headbutt"],"picked":"Inflame+1","floor":36.0},{"not_picked":["Sadistic Nature","Blood for Blood","Prepared"],"picked":"SKIP","floor":37.0},{"not_picked":["Offering","Atom Bomb"],"picked":"DemoMod:Deposit","floor":40.0},{"not_picked":["JustLucky","Sever Soul","DemoMod:AC15"],"picked":"SKIP","floor":42.0},{"not_picked":["Headbutt","Dramatic Entrance"],"picked":"Indignation","floor":44.0},{"not_picked":["DemoMod:CursedBullets+1","Fire Breathing","Outmaneuver+1"],"picked":"SKIP","floor":46.0},{"not_picked":["EmptyBody","Replay:ManipulateFuture","DemoMod:TripleGun"],"picked":"SKIP","floor":49.0},{"not_picked":["Rupture","MentalFortress+1","Deadly Poison"],"picked":"SKIP","floor":52.0},{"not_picked":["Dual Wield","Cleave","Dodge and Roll+1"],"picked":"SKIP","floor":56.0},{"not_picked":["Replay:ManipulateFuture+1","WreathOfFlame","Ball Lightning"],"picked":"SKIP","floor":64}],"player_experience":662580,"relics_obtained":[{"floor":6.0,"key":"Blood Vial"},{"floor":9.0,"key":"Vajra"},{"floor":10.0,"key":"Replay:Bandana"},{"floor":27.0,"key":"Gremlin Food"},{"floor":30.0,"key":"MealTicket"},{"floor":33.0,"key":"DemoMod:BlueGuonStone"},{"floor":37.0,"key":"InkBottle"},{"floor":47.0,"key":"CaptainsWheel"},{"floor":49.0,"key":"Oddly Smooth Stone"},{"floor":51.0,"key":"DemoMod:DecoyRelic"},{"floor":52.0,"key":"Lantern"},{"floor":54.0,"key":"Basket Of Snakes"},{"floor":64,"key":"ReplayTheSpireMod:Ninjato"}],"event_choices":[{"damage_healed":0.0,"max_hp_gain":0.0,"max_hp_loss":0.0,"gold_gain":75.0,"event_name":"World of Goop","player_choice":"Gather Gold","floor":3.0,"gold_loss":0.0,"damage_taken":11.0},{"cards_removed":["Strike_G"],"damage_healed":0.0,"max_hp_gain":0.0,"max_hp_loss":0.0,"gold_gain":0.0,"event_name":"The Cleric","player_choice":"Card Removal","floor":4.0,"gold_loss":75.0,"damage_taken":0.0},{"damage_healed":0.0,"max_hp_gain":0.0,"max_hp_loss":0.0,"gold_gain":0.0,"event_name":"Liars Game","player_choice":"Ignored","floor":5.0,"gold_loss":0.0,"damage_taken":0.0},{"damage_healed":0.0,"max_hp_gain":0.0,"max_hp_loss":0.0,"gold_gain":0.0,"cards_transformed":["Strike_G"],"event_name":"Living Wall","player_choice":"Change","floor":14.0,"gold_loss":0.0,"damage_taken":0.0,"cards_obtained":["Eviscerate"]},{"damage_healed":0.0,"max_hp_gain":0.0,"max_hp_loss":0.0,"gold_gain":200.0,"event_name":"Wheel of Change","player_choice":"Gold","floor":25.0,"gold_loss":0.0,"damage_taken":0.0},{"damage_healed":0.0,"max_hp_gain":0.0,"max_hp_loss":0.0,"gold_gain":0.0,"cards_transformed":["Defend_G","Strike_G"],"event_name":"Drug Dealer","player_choice":"Became Test Subject","floor":31.0,"gold_loss":0.0,"damage_taken":0.0,"cards_obtained":["Malaise","Skewer"]},{"damage_healed":0.0,"max_hp_gain":0.0,"max_hp_loss":0.0,"gold_gain":0.0,"event_name":"Addict","player_choice":"Obtained Relic","floor":38.0,"gold_loss":85.0,"damage_taken":0.0,"relics_obtained":["ReplayFunnel"]},{"damage_healed":0.0,"max_hp_gain":0.0,"max_hp_loss":0.0,"gold_gain":0.0,"event_name":"The Woman in Blue","player_choice":"Bought 0 Potions","floor":45.0,"gold_loss":0.0,"damage_taken":0.0},{"damage_healed":0.0,"max_hp_gain":0.0,"max_hp_loss":0.0,"gold_gain":0.0,"event_name":"Mysterious Sphere","player_choice":"Fight","floor":47.0,"gold_loss":0.0,"damage_taken":0.0},{"damage_healed":0.0,"max_hp_gain":0.0,"max_hp_loss":0.0,"gold_gain":0.0,"event_name":"Tomb of Lord Red Mask","player_choice":"Ignored","floor":53.0,"gold_loss":0.0,"damage_taken":0.0},{"damage_healed":0.0,"max_hp_gain":0.0,"max_hp_loss":0.0,"gold_gain":0.0,"event_name":"MindBloom","player_choice":"Fight","floor":54.0,"gold_loss":0.0,"damage_taken":0.0}],"is_beta":false,"boss_relics":[{"not_picked":["Calling Bell","Velvet Choker"],"picked":"WristBlade"},{"not_picked":["Snecko Heart","ReplayTheSpireMod:DimensionalGlitch"],"picked":"Replay:Drink Me"}],"items_purged_floors":[2,23,35,43,55,63,63],"is_endless":false,"potions_floor_spawned":[12,13,16,17,22,24,36,37,40,44,46,54,56],"ascension_level":20}}