{"host":"z609fbm6pkeriks8","time":1612910262,"event":{"mods":["AchievementEnabler","BaseMod","Colored Map","Colored Powertips","Highlight Path","Minty Spire (QoL Compilation)","StSLib"],"gold_per_floor":[111,111,131,131,150,185,185,185],"floor_reached":7,"language":"ZHS","playtime":330,"items_purged":[],"score":51,"play_id":"c90a5a06-4ee2-446c-95f7-c4c4f2f6cf26","local_time":"20210210063742","is_ascension_mode":false,"campfire_choices":[],"circlet_count":0,"master_deck":["Strike_P","Strike_P","Strike_P","Defend_P","Defend_P","Defend_P","Defend_P","Eruption","Vigilance+1","EmptyFist","PathToVictory+1","Consecrate","FearNoEvil"],"relics":["PureWater","NeowsBlessing","WingedGreaves"],"acts_visited":["Exordium"],"potions_floor_usage":[],"damage_taken":[{"damage":0,"enemies":"Small Slimes","floor":1,"turns":1},{"damage":0,"enemies":"Jaw Worm","floor":3,"turns":1},{"damage":0,"enemies":"2 Louse","floor":5,"turns":1},{"damage":46,"enemies":"3 Sentries","floor":6,"turns":12},{"damage":6,"enemies":"Lagavulin","floor":7,"turns":2}],"seed_played":"-4911497104249255610","potions_obtained":[{"floor":1,"key":"EntropicBrew"}],"is_trial":false,"path_per_floor":["M","?","M","?","M","E","E"],"character_chosen":"WATCHER","items_purchased":[],"campfire_rested":0,"item_purchase_floors":[],"current_hp_per_floor":[72,65,65,51,51,5,0,0],"gold":185,"neow_bonus":"THREE_ENEMY_KILL","is_daily":false,"chose_seed":false,"campfire_upgraded":0,"win_rate":0.0,"timestamp":1612910262,"path_taken":["M","?","M","?","M","E","E"],"items_purchased_type":[],"build_version":"2020-12-22","purchased_purges":0,"victory":false,"max_hp_per_floor":[72,72,72,72,72,72,72,72],"card_choices":[{"not_picked":["SignatureMove","JustLucky"],"picked":"EmptyFist","floor":1},{"not_picked":["EmptyFist","Nirvana"],"picked":"PathToVictory","floor":3},{"not_picked":["SignatureMove","BowlingBash"],"picked":"Consecrate","floor":5},{"not_picked":["ClearTheMind","Indignation"],"picked":"FearNoEvil","floor":6}],"player_experience":43393,"relics_obtained":[{"floor":6,"key":"WingedGreaves"}],"event_choices":[{"cards_removed":["Strike_P"],"damage_healed":0,"gold_gain":0,"player_choice":"Card Removal","damage_taken":7,"max_hp_gain":0,"max_hp_loss":0,"event_name":"Golden Wing","floor":2,"gold_loss":0},{"damage_healed":0,"gold_gain":0,"player_choice":"Entered Light","damage_taken":14,"max_hp_gain":0,"max_hp_loss":0,"event_name":"Shining Light","floor":4,"gold_loss":0,"cards_upgraded":["PathToVictory","Vigilance"]}],"is_beta":false,"boss_relics":[],"items_purged_floors":[],"is_endless":false,"potions_floor_spawned":[1],"killed_by":"Lagavulin","ascension_level":0}}