{"host":"k7udt7atmcuzf6l0","time":1612847787,"event":{"mods":["AchievementEnabler","BaseMod","BetterRewards","Colored Map","Colored Powertips","Highlight Path","Minty Spire (QoL Compilation)","Quick Restart","Rare Cards Sparkle","Relic Stats","StSLib","UnlockEverythingMod"],"gold_per_floor":[115,129,62,74,86,86,115,115,115,115,130,61,72,85,85,182,182,200,214,58,58,74,74,74,74],"floor_reached":24,"language":"ZHS","playtime":462,"items_purged":[],"score":200,"play_id":"122f5545-1ae3-4b70-963a-a866101c0812","local_time":"20210209131627","is_ascension_mode":false,"campfire_choices":[{"data":"Armaments","floor":6.0,"key":"SMITH"},{"data":"Immolate","floor":8,"key":"SMITH"},{"data":"Clash","floor":10,"key":"SMITH"},{"data":"Flex","floor":15,"key":"SMITH"},{"data":"Berserk","floor":23,"key":"SMITH"}],"circlet_count":0,"master_deck":["Strike_R","Strike_R","Strike_R","Strike_R","Strike_R","Defend_R","Defend_R","Defend_R","Defend_R","Bash","Clash+1","Armaments+1","Immolate+1","Headbutt","Shockwave","Flex+1","Berserk+1","CurseOfTheBell","Warcry+1"],"relics":["Burning Blood","Potion Belt","Bottled Lightning","Dead Branch","Calling Bell","Orichalcum","Ornamental Fan","StoneCalendar","Brimstone"],"acts_visited":["Exordium","TheCity"],"potions_floor_usage":[16,19,22],"damage_taken":[{"damage":6.0,"enemies":"Cultist","floor":1.0,"turns":3.0},{"damage":3.0,"enemies":"Jaw Worm","floor":2.0,"turns":3.0},{"damage":5.0,"enemies":"2 Louse","floor":4.0,"turns":2.0},{"damage":0.0,"enemies":"Exordium Wildlife","floor":5.0,"turns":1.0},{"damage":13.0,"enemies":"Lagavulin","floor":7.0,"turns":5.0},{"damage":9,"enemies":"Blue Slaver","floor":11,"turns":3},{"damage":5,"enemies":"Red Slaver","floor":13,"turns":4},{"damage":8,"enemies":"3 Louse","floor":14,"turns":2},{"damage":43,"enemies":"Hexaghost","floor":16,"turns":6},{"damage":2,"enemies":"Chosen","floor":18,"turns":4},{"damage":14,"enemies":"Shell Parasite","floor":19,"turns":4},{"damage":22,"enemies":"3 Cultists","floor":22,"turns":4},{"damage":48,"enemies":"Slavers","floor":24,"turns":1}],"seed_played":"1615732552909549428","potions_obtained":[{"floor":1.0,"key":"DuplicationPotion"},{"floor":4.0,"key":"FearPotion"},{"floor":5.0,"key":"Swift Potion"},{"floor":16,"key":"ColorlessPotion"},{"floor":18,"key":"FearPotion"}],"is_trial":false,"path_per_floor":["M","M","$","M","M","R","E","R","T","R","M","$","M","M","R","B",null,"M","M","$","?","M","R","E"],"character_chosen":"IRONCLAD","items_purchased":["Immolate","Shockwave","Brimstone"],"campfire_rested":0,"item_purchase_floors":[3,12,20],"current_hp_per_floor":[80,80,80,80,80,80,73,73,73,73,70,70,71,69,69,32,80,80,72,72,57,41,41,0,0],"gold":74,"neow_bonus":"RANDOM_COMMON_RELIC","is_daily":false,"chose_seed":false,"campfire_upgraded":5,"win_rate":0.0,"timestamp":1612847787,"path_taken":["M","?","$","M","M","R","E","R","T","R","?","$","M","M","R","BOSS","M","M","$","?","M","R","E"],"items_purchased_type":["Card","Card","Relic"],"build_version":"2020-12-22","purchased_purges":0,"victory":false,"max_hp_per_floor":[80,80,80,80,80,80,80,80,80,80,80,80,80,80,80,80,80,80,80,80,85,85,85,85,85],"relic_stats":{"counters":[13,42],"Ornamental Fan":[4],"Dead Branch":[9],"StoneCalendar":[0],"Orichalcum":[6],"obtain_stats":[{"Potion Belt":0,"Calling Bell":17,"Ornamental Fan":17,"Brimstone":20,"Dead Branch":9,"StoneCalendar":17,"Bottled Lightning":7,"Orichalcum":17,"Burning Blood":0},{"Potion Belt":0,"Calling Bell":9,"Ornamental Fan":9,"Brimstone":11,"Dead Branch":5,"StoneCalendar":9,"Bottled Lightning":5,"Orichalcum":9,"Burning Blood":0},{"Potion Belt":0,"Calling Bell":29,"Ornamental Fan":29,"Brimstone":37,"Dead Branch":14,"StoneCalendar":29,"Bottled Lightning":14,"Orichalcum":29,"Burning Blood":0}],"Burning Blood":58},"card_choices":[{"not_picked":["Hemokinesis","Thunderclap"],"picked":"Clash","floor":1.0},{"not_picked":["Power Through","Clothesline"],"picked":"Armaments","floor":2.0},{"not_picked":["Flame Barrier","Reckless Charge"],"picked":"Headbutt","floor":4.0},{"not_picked":["Wild Strike","Armaments","Shrug It Off"],"picked":"SKIP","floor":5.0},{"not_picked":["Blood for Blood","Cleave","Wild Strike"],"picked":"SKIP","floor":7},{"not_picked":["Reckless Charge","Body Slam","Shrug It Off"],"picked":"SKIP","floor":11},{"not_picked":["Brutality","Twin Strike"],"picked":"Flex","floor":13},{"not_picked":["Flex","Armaments","Pommel Strike"],"picked":"SKIP","floor":14},{"not_picked":["Impervious","Feed"],"picked":"Berserk","floor":16},{"not_picked":["Headbutt+1","Combust","Ghostly Armor"],"picked":"SKIP","floor":18},{"not_picked":["Thunderclap","Searing Blow","Pommel Strike"],"picked":"SKIP","floor":19},{"not_picked":["True Grit+1","Thunderclap"],"picked":"Warcry+1","floor":22}],"player_experience":78321,"relics_obtained":[{"floor":7,"key":"Bottled Lightning"},{"floor":9,"key":"Dead Branch"},{"floor":17,"key":"Orichalcum"},{"floor":17,"key":"Ornamental Fan"},{"floor":17,"key":"StoneCalendar"}],"event_choices":[{"damage_healed":0,"gold_gain":0,"player_choice":"Shed Blood","damage_taken":20,"max_hp_gain":5,"max_hp_loss":0,"event_name":"Forgotten Altar","floor":21,"gold_loss":0}],"is_beta":false,"boss_relics":[{"not_picked":["SacredBark","Black Blood"],"picked":"Calling Bell"}],"items_purged_floors":[],"is_endless":false,"potions_floor_spawned":[1,4,5,16,18],"killed_by":"Slavers","ascension_level":0}}