{"host":"mgjbkrm6zb65cm01","time":1612878434,"event":{"mods":["ATMod(°¢èªMod)","BaseMod","Conspire","Good Game Mod","Minty Spire (QoL Compilation)","Quick Restart","Relic Stats","Replay The Spire","Spicy Shops","StSLib","The Servant 0.9.4","UnlockEverythingMod","noobMod"],"gold_per_floor":[115,134,151,167,181,181,208,228,301,311,327,337,367,382,382,586,586,599,611,0,11,11,11,143,143,166,279,299,299,315,21,21,224,224,241,261,261,42,59,194,194,194,194,44,63,0,0,85,85,213,213,213,139,402,524],"floor_reached":56,"language":"ZHS","playtime":3218,"items_purged":["Strike_R","Strike_R","Strike_R","Strike_R"],"score":1365,"play_id":"44e42cf0-5514-4240-a8e8-f61142e700bd","local_time":"20210209214714","is_ascension_mode":false,"campfire_choices":[{"data":"Armaments","floor":6.0,"key":"SMITH"},{"floor":15.0,"key":"DIG"},{"floor":23.0,"key":"RECALL"},{"data":"Limit Break","floor":25.0,"key":"SMITH"},{"floor":32.0,"key":"REST"},{"floor":41.0,"key":"REST"},{"data":"AT_ShrugMaster","floor":52.0,"key":"SMITH"}],"circlet_count":0,"master_deck":["Strike_R","Defend_R","Defend_R","Defend_R","Defend_R","Bash","Sword Boomerang","Armaments+1","Thunderclap","ReplayTheSpireMod:Muscle Training","Rampage","Inflame","Headbutt","Pommel Strike","AT_DrawKnifeCut","Sword Boomerang","Flex","Headbutt","Shockwave","Immolate","Whirlwind","Limit Break+1","Life Link+1","Bloodletting","Heavy Blade","Flex","conspire:Charge","ReplayTheSpireMod:Muscle Training+1","AT_ShrugMaster+1","Heavy Blade+1","Heavy Blade","Headbutt","Flame Barrier","AT_ShrugMaster","Burning Pact","Pot Of Greed","Pot Of Greed","Pot Of Greed"],"relics":["Burning Blood","REME:ComplimentaryCards","ice","AT_ATBox","NeowsBlessing","Prayer Wheel","MealTicket","Bottled Flame","Shovel","AT_TheCollector","SlaversCollar","Sling","Orichalcum","TungstenRod","conspire:TopHat","Regal Pillow","Chemical X","Sozu","Replay:Multitool","BargainBundle","Replay:Kaleidoscope","Replay:WaspNest","Red Mask","Replay:Bandana","Grinning Jar","Ice Cream"],"acts_visited":["Exordium","TheCity","TheBeyond","TheEnding"],"potions_floor_usage":[55],"damage_taken":[{"damage":0.0,"enemies":"Cultist","floor":1.0,"turns":1.0},{"damage":0.0,"enemies":"Jaw Worm","floor":2.0,"turns":1.0},{"damage":3.0,"enemies":"Small Slimes","floor":3.0,"turns":2.0},{"damage":22.0,"enemies":"Exordium Thugs","floor":4.0,"turns":4.0},{"damage":24.0,"enemies":"conspire:2 RoseBushes","floor":5.0,"turns":4.0},{"damage":15.0,"enemies":"Replay:BlueRogue","floor":7.0,"turns":4.0},{"damage":17.0,"enemies":"Large Slime","floor":8.0,"turns":5.0},{"damage":12.0,"enemies":"Exordium Wildlife","floor":10.0,"turns":3.0},{"damage":19.0,"enemies":"conspire:2 RoseBushes","floor":11.0,"turns":3.0},{"damage":9.0,"enemies":"Red Slaver","floor":12.0,"turns":3.0},{"damage":13.0,"enemies":"3 Sentries","floor":13.0,"turns":3.0},{"damage":9.0,"enemies":"Large Slime","floor":14.0,"turns":4.0},{"damage":18.0,"enemies":"The Guardian","floor":16.0,"turns":5.0},{"damage":16.0,"enemies":"Shell Parasite","floor":18.0,"turns":3.0},{"damage":11.0,"enemies":"Chosen","floor":19.0,"turns":3.0},{"damage":17.0,"enemies":"Centurion and Healer","floor":21.0,"turns":4.0},{"damage":17.0,"enemies":"Slavers","floor":24.0,"turns":2.0},{"damage":15.0,"enemies":"Sentry and Sphere","floor":27.0,"turns":4.0},{"damage":21.0,"enemies":"Snake Plant","floor":28.0,"turns":4.0},{"damage":20.0,"enemies":"Centurion and Healer","floor":30.0,"turns":5.0},{"damage":22.0,"enemies":"Automaton","floor":33.0,"turns":5.0},{"damage":29.0,"enemies":"3 Darklings","floor":35.0,"turns":5.0},{"damage":18.0,"enemies":"3 Shapes","floor":36.0,"turns":1.0},{"damage":53.0,"enemies":"Writhing Mass","floor":39.0,"turns":6.0},{"damage":0.0,"enemies":"R_Hoarder","floor":40.0,"turns":4.0},{"damage":6.0,"enemies":"4 Shapes","floor":45.0,"turns":1.0},{"damage":83.0,"enemies":"conspire:OrnateMirror","floor":50.0,"turns":6.0},{"damage":18.0,"enemies":"Shield and Spear","floor":54.0,"turns":4.0},{"damage":86,"enemies":"The Heart","floor":55,"turns":5}],"seed_played":"-1471703922081560326","potions_obtained":[{"floor":1.0,"key":"EntropicBrew"},{"floor":8.0,"key":"HeartOfIron"},{"floor":11.0,"key":"SteroidPotion"},{"floor":12.0,"key":"Toxic Potion"},{"floor":13.0,"key":"SneckoOil"},{"floor":14.0,"key":"CultistPotion"},{"floor":16.0,"key":"Cursed Concoction"},{"floor":21.0,"key":"SpeedPotion"},{"floor":24.0,"key":"Elixir"}],"is_trial":false,"path_per_floor":["M","M","M","M","M","R","E","M","T","M","M","M","E","M","R","B",null,"M","M","$","M","?","R","E","R","T","M","M","?","M","$","R","B",null,"M","M","T","$","M","E","R","$","T","$","M","?","$","?","R","B",null,"R","$","E","B",null],"character_chosen":"IRONCLAD","items_purchased":["Sling","Orichalcum","TungstenRod","Chemical X","Heavy Blade","SkillPotion","Strength Potion","BargainBundle","AT_ShrugMaster","Heavy Blade","Headbutt","Grinning Jar"],"campfire_rested":2,"item_purchase_floors":[20,20,20,31,31,31,31,38,38,38,38,53],"current_hp_per_floor":[80,80,80,64,46,46,37,26,26,20,7,78,71,68,68,56,92,82,77,92,81,81,81,70,70,70,61,46,46,32,47,93,77,105,82,70,70,85,38,44,90,105,105,105,105,105,105,80,105,102,106,106,106,94,14],"gold":524,"neow_bonus":"THREE_ENEMY_KILL","is_daily":false,"chose_seed":false,"campfire_upgraded":3,"win_rate":0.0,"timestamp":1612878434,"path_taken":["M","M","M","M","?","R","E","M","T","M","M","M","E","M","R","BOSS","M","M","$","M","?","R","E","R","T","M","M","?","M","$","R","BOSS","M","?","?","$","M","E","R","?","T","$","M","?","$","?","R","BOSS","R","$","E","BOSS"],"items_purchased_type":["Relic","Relic","Relic","Relic","Card","Potion","Potion","Relic","Card","Card","Card","Relic"],"build_version":"2020-12-22","purchased_purges":4,"victory":true,"max_hp_per_floor":[80,80,80,80,80,80,80,80,80,80,80,81,83,84,84,92,92,95,97,97,100,100,100,102,102,102,105,105,105,105,105,105,105,105,105,105,105,105,105,105,105,105,105,105,105,105,105,105,105,106,106,106,106,112,112],"relic_stats":{"Sozu":0,"Regal Pillow":30,"Shovel":1,"counters":[29,104],"Prayer Wheel":18,"MealTicket":60,"Chemical X":[7],"Orichalcum":[120],"obtain_stats":[{"Ice Cream":54,"Regal Pillow":29,"AT_ATBox":0,"ice":0,"Replay:Multitool":37,"Sling":20,"Burning Blood":0,"conspire:TopHat":24,"Sozu":34,"Replay:Bandana":48,"Shovel":13,"Prayer Wheel":3,"MealTicket":7,"Red Mask":46,"Chemical X":31,"BargainBundle":38,"NeowsBlessing":0,"Replay:WaspNest":43,"Replay:Kaleidoscope":40,"Orichalcum":20,"SlaversCollar":17,"REME:ComplimentaryCards":0,"Bottled Flame":9,"AT_TheCollector":15,"Grinning Jar":53,"TungstenRod":20},{"Ice Cream":28,"Regal Pillow":19,"AT_ATBox":0,"ice":0,"Replay:Multitool":23,"Sling":15,"Burning Blood":0,"conspire:TopHat":17,"Sozu":21,"Replay:Bandana":26,"Shovel":11,"Prayer Wheel":3,"MealTicket":6,"Red Mask":26,"Chemical X":20,"BargainBundle":23,"NeowsBlessing":0,"Replay:WaspNest":25,"Replay:Kaleidoscope":25,"Orichalcum":15,"SlaversCollar":13,"REME:ComplimentaryCards":0,"Bottled Flame":7,"AT_TheCollector":12,"Grinning Jar":27,"TungstenRod":15},{"Ice Cream":99,"Regal Pillow":62,"AT_ATBox":0,"ice":0,"Replay:Multitool":78,"Sling":48,"Burning Blood":0,"conspire:TopHat":54,"Sozu":72,"Replay:Bandana":89,"Shovel":33,"Prayer Wheel":3,"MealTicket":16,"Red Mask":89,"Chemical X":67,"BargainBundle":78,"NeowsBlessing":0,"Replay:WaspNest":88,"Replay:Kaleidoscope":88,"Orichalcum":48,"SlaversCollar":42,"REME:ComplimentaryCards":0,"Bottled Flame":21,"AT_TheCollector":37,"Grinning Jar":95,"TungstenRod":48}],"Burning Blood":159,"TungstenRod":102},"card_choices":[{"not_picked":["Cleave","Warcry"],"picked":"Sword Boomerang","floor":1.0},{"not_picked":["Evolve","AT_IchimonjiDouble","Havoc"],"picked":"SKIP","floor":2.0},{"not_picked":["Clash","Bloodletting"],"picked":"Armaments","floor":3.0},{"not_picked":["Iron Wave","Flex"],"picked":"Thunderclap","floor":3.0},{"not_picked":["AT_BodySlamDance","Second Wind"],"picked":"ReplayTheSpireMod:Muscle Training","floor":4.0},{"not_picked":["Flex","Sentinel"],"picked":"Rampage","floor":4.0},{"not_picked":["conspire:ExplosiveBarrier","Flex"],"picked":"Inflame","floor":5.0},{"not_picked":["Defy Death","Abandon","Impervious"],"picked":"SKIP","floor":5.0},{"not_picked":["Sentinel","Replay:Undeath\u0027s Touch"],"picked":"Headbutt","floor":7.0},{"not_picked":["Body Slam","Wild Strike"],"picked":"Pommel Strike","floor":8.0},{"not_picked":["Wild Strike","Run Through","Dropkick"],"picked":"SKIP","floor":8.0},{"not_picked":["True Grit","Twin Strike"],"picked":"AT_DrawKnifeCut","floor":10.0},{"not_picked":["Perfected Strike","Massacre","Disarm"],"picked":"SKIP","floor":10.0},{"not_picked":["Armaments","Twin Strike"],"picked":"Sword Boomerang","floor":11.0},{"not_picked":["Defy Death","Pommel Strike","Dark Embrace"],"picked":"SKIP","floor":11.0},{"not_picked":["Defy Death","Double Tap"],"picked":"Flex","floor":12.0},{"not_picked":["Iron Wave","AT_DrawKnifeCut","True Grit"],"picked":"SKIP","floor":12.0},{"not_picked":["Sever Soul","Anger"],"picked":"Headbutt","floor":13.0},{"not_picked":["Flex","Dual Wield"],"picked":"Shockwave","floor":14.0},{"not_picked":["Seeing Red","Warcry"],"picked":"Searing Blow","floor":14.0},{"not_picked":["conspire:Purge","Replay:Many Hands"],"picked":"Immolate","floor":16.0},{"not_picked":["Headbutt","Body Slam","Warcry"],"picked":"SKIP","floor":18.0},{"not_picked":["Headbutt","Wild Strike+1","Twin Strike"],"picked":"SKIP","floor":18.0},{"not_picked":["Armaments","Cleave"],"picked":"Whirlwind","floor":19.0},{"not_picked":["Twin Strike","Wild Strike","Run Through"],"picked":"SKIP","floor":19.0},{"not_picked":["Twin Strike","Headbutt","Abandon"],"picked":"SKIP","floor":21.0},{"not_picked":["Body Slam","conspire:Charge","Armaments"],"picked":"SKIP","floor":21.0},{"not_picked":["Rampage","Dual Wield"],"picked":"Limit Break","floor":24.0},{"not_picked":["Body Slam","ReplayTheSpireMod:Corrosion Curse+1","Abandon+1"],"picked":"SKIP","floor":27.0},{"not_picked":["AT_GerminateFire","Burning Pact","Headbutt"],"picked":"SKIP","floor":27.0},{"not_picked":["Perfected Strike+1","Warcry"],"picked":"Life Link+1","floor":28.0},{"not_picked":["Replay:Undeath\u0027s Touch","Searing Blow","Pommel Strike"],"picked":"SKIP","floor":28.0},{"not_picked":["Reckless Charge","Heavy Blade"],"picked":"Bloodletting","floor":30.0},{"not_picked":["Iron Wave","Body Slam","Anger+1"],"picked":"SKIP","floor":30.0},{"not_picked":["Dark Embrace","Second Wind"],"picked":"Flex","floor":35.0},{"not_picked":["Pommel Strike","Metallicize","Replay:Undeath\u0027s Touch"],"picked":"SKIP","floor":35.0},{"not_picked":["Seeing Red","Warcry"],"picked":"conspire:Charge","floor":36.0},{"not_picked":["Bloodletting","Pommel Strike"],"picked":"ReplayTheSpireMod:Muscle Training+1","floor":36.0},{"not_picked":["Body Slam","Dark Embrace+1"],"picked":"Flame Barrier","floor":39.0},{"not_picked":["Cleave","Rampage","Heavy Blade"],"picked":"SKIP","floor":39.0},{"not_picked":["Warcry+1","Anger+1","Cleave+1"],"picked":"SKIP","floor":40.0},{"not_picked":["Offering","Iron Wave"],"picked":"AT_ShrugMaster","floor":45.0},{"not_picked":["AT_DiedThrough+1","Dual Wield","AT_ShrugMaster"],"picked":"SKIP","floor":45.0},{"not_picked":["Havoc+1","Anger+1"],"picked":"Burning Pact","floor":48.0},{"not_picked":["Clash+1","Armaments","Dropkick+1"],"picked":"SKIP","floor":54.0}],"player_experience":146538,"relics_obtained":[{"floor":7.0,"key":"MealTicket"},{"floor":9.0,"key":"Bottled Flame"},{"floor":13.0,"key":"Shovel"},{"floor":15.0,"key":"AT_TheCollector"},{"floor":24.0,"key":"conspire:TopHat"},{"floor":37.0,"key":"Replay:Multitool"},{"floor":40.0,"key":"Replay:Kaleidoscope"},{"floor":43.0,"key":"Replay:WaspNest"},{"floor":48.0,"key":"Replay:Bandana"},{"floor":54.0,"key":"Ice Cream"}],"event_choices":[{"cards_removed":["Searing Blow"],"damage_healed":0.0,"max_hp_gain":0.0,"max_hp_loss":0.0,"gold_gain":0.0,"event_name":"WeMeetAgain","player_choice":"Gave Card","floor":29.0,"gold_loss":0.0,"damage_taken":0.0,"relics_obtained":["Regal Pillow"]},{"damage_healed":0.0,"max_hp_gain":0.0,"max_hp_loss":0.0,"gold_gain":0.0,"event_name":"Tomb of Lord Red Mask","player_choice":"Paid","floor":46.0,"gold_loss":63.0,"damage_taken":0.0,"relics_obtained":["Red Mask"]}],"is_beta":false,"boss_relics":[{"not_picked":["Snecko Eye","ReplayTheSpireMod:DimensionalGlitch"],"picked":"SlaversCollar"},{"not_picked":["AT_MortalBlade","Replay:Bronze Core"],"picked":"Sozu"}],"items_purged_floors":[20,31,38,44],"is_endless":false,"potions_floor_spawned":[1,8,11,12,13,14,16,21,24],"ascension_level":0}}