{"host":"d61fcf2p3sjwe6yo","time":1612869978,"event":{"mods":["BaseMod","Colored Map","Koishi","Marisa????????","Minty Spire (QoL Compilation)","StSLib","SuperFastMode","The Servant 0.9.4"],"gold_per_floor":[414,414,424,188,202,202,230,230,230,230,266,282,305,324,324,324,324],"floor_reached":16,"language":"ENG","playtime":776,"items_purged":["Strike_MRS"],"score":274,"play_id":"328cc689-1d45-406a-8534-5942f8173353","local_time":"20210209142618","is_ascension_mode":true,"campfire_choices":[{"data":"OortCloud","floor":6,"key":"SMITH"},{"data":"UpSweep","floor":10,"key":"SMITH"},{"data":"OrrerysSun","floor":15,"key":"SMITH"}],"circlet_count":0,"master_deck":["AscendersBane","Strike_MRS","Strike_MRS","Strike_MRS","Defend_MRS","Defend_MRS","Defend_MRS","Defend_MRS","MasterSpark","UpSweep+1","ChargeUpSpray","OortCloud+1","AsteroidBelt","Injury","OrrerysSun+1","OrrerysSun","GalacticHalo"],"relics":["MiniHakkero","Old Coin","Toolbox","Mummified Hand","Golden Idol","Eternal Feather","Oddly Smooth Stone"],"acts_visited":["Exordium"],"potions_floor_usage":[7,11,11,16],"damage_taken":[{"damage":2,"enemies":"Jaw Worm","floor":1,"turns":3},{"damage":1,"enemies":"Cultist","floor":3,"turns":3},{"damage":13,"enemies":"Small Slimes","floor":5,"turns":4},{"damage":8,"enemies":"3 Sentries","floor":7,"turns":7},{"damage":0,"enemies":"Gremlin Nob","floor":11,"turns":3},{"damage":0,"enemies":"Exordium Wildlife","floor":12,"turns":4},{"damage":11,"enemies":"Exordium Thugs","floor":13,"turns":6},{"damage":2,"enemies":"Red Slaver","floor":14,"turns":5},{"damage":41,"enemies":"Hexaghost","floor":16,"turns":14}],"seed_played":"7295160267462888364","potions_obtained":[{"floor":1,"key":"BlessingOfTheForge"},{"floor":5,"key":"Strength Potion"},{"floor":7,"key":"Swift Potion"},{"floor":11,"key":"SpeedPotion"},{"floor":14,"key":"Explosive Potion"}],"is_trial":false,"path_per_floor":["M","?","M","$","M","R","E","?","T","R","E","M","M","M","R","B"],"character_chosen":"MARISA","items_purchased":["Toolbox"],"campfire_rested":0,"item_purchase_floors":[4],"current_hp_per_floor":[61,61,60,60,47,47,39,39,39,45,45,45,34,32,41,0,0],"gold":324,"neow_bonus":"ONE_RARE_RELIC","is_daily":false,"chose_seed":false,"campfire_upgraded":3,"win_rate":0.0,"timestamp":1612869978,"path_taken":["M","?","?","$","M","R","E","?","T","R","E","M","M","M","R","BOSS"],"items_purchased_type":["Relic"],"build_version":"2020-12-22","purchased_purges":1,"victory":false,"max_hp_per_floor":[63,63,63,63,63,63,63,63,63,63,63,63,63,63,63,63,63],"card_choices":[{"not_picked":["SuperPerseids","UnstableBomb"],"picked":"ChargeUpSpray","floor":1},{"not_picked":["PulseMagic","DoubleSpark"],"picked":"OortCloud","floor":3},{"not_picked":["6A","ShootingEcho","SuperPerseids"],"picked":"SKIP","floor":5},{"not_picked":["Robbery","6A"],"picked":"AsteroidBelt","floor":7},{"not_picked":["SatelliteIllusion","SporeBomb"],"picked":"OrrerysSun","floor":11},{"not_picked":["Acceleration","PulseMagic"],"picked":"OrrerysSun","floor":12},{"not_picked":["PowerUp","ShootingEcho","WitchLeyline"],"picked":"SKIP","floor":13},{"not_picked":["NonDirectionalLaser","DoubleSpark"],"picked":"GalacticHalo","floor":14}],"player_experience":308429,"relics_obtained":[{"floor":7,"key":"Mummified Hand"},{"floor":9,"key":"Eternal Feather"},{"floor":11,"key":"Oddly Smooth Stone"}],"event_choices":[{"damage_healed":0,"gold_gain":0,"player_choice":"0 cards matched","damage_taken":0,"max_hp_gain":0,"max_hp_loss":0,"event_name":"Match and Keep!","floor":2,"gold_loss":0,"cards_obtained":[]},{"damage_healed":0,"gold_gain":0,"player_choice":"Take Wound","damage_taken":0,"relics_obtained":["Golden Idol"],"max_hp_gain":0,"max_hp_loss":0,"event_name":"Golden Idol","floor":8,"gold_loss":0,"cards_obtained":["Injury"]}],"is_beta":false,"boss_relics":[],"items_purged_floors":[4],"is_endless":false,"potions_floor_spawned":[1,5,7,11,14],"killed_by":"Hexaghost","ascension_level":20}}