{"host":"8jwrv7sn1174lfer","time":1612855960,"event":{"mods":["BaseMod","Colored Map","Colored Powertips","Downfall","Highlight Path","Minty Spire (QoL Compilation)","StSLib"],"gold_per_floor":[363,363,318,318,335,361,34,65,65,65,79,79,96,129,129,129,129],"floor_reached":16,"language":"ENG","playtime":1096,"items_purged":[],"score":177,"play_id":"50874657-4d0f-4b76-9702-25ecf7dfb159","local_time":"20210209023240","is_ascension_mode":true,"campfire_choices":[{"data":"Flex","floor":10,"key":"SMITH"},{"floor":12,"key":"REST"},{"data":"Blood for Blood","floor":15,"key":"SMITH"}],"circlet_count":0,"master_deck":["AscendersBane","Strike_R","Strike_R","Strike_R","Strike_R","Defend_R","Defend_R","Defend_R","Defend_R","Bash","True Grit+1","Intimidate","Flex+1","Anger","Cleave","Panache+1","Evolve+1","Blood for Blood+1","Warcry"],"relics":["Burning Blood","Frozen Egg 2","ClockworkSouvenir","Blood Vial","Self Forming Clay","PreservedInsect"],"acts_visited":["Exordium"],"potions_floor_usage":[8,13,16],"damage_taken":[{"damage":9,"enemies":"Jaw Worm","floor":1,"turns":5},{"damage":1,"enemies":"Small Slimes","floor":5,"turns":4},{"damage":36,"enemies":"Lagavulin","floor":6,"turns":8},{"damage":29,"enemies":"Gremlin Nob","floor":8,"turns":4},{"damage":1,"enemies":"Cultist","floor":11,"turns":4},{"damage":6,"enemies":"Lots of Slimes","floor":13,"turns":4},{"damage":15,"enemies":"3 Sentries","floor":14,"turns":6},{"damage":52,"enemies":"The Guardian","floor":16,"turns":7}],"seed_played":"-3498479270608629221","potions_obtained":[{"floor":6,"key":"champ:CounterPotion"},{"floor":11,"key":"SneckoOil"},{"floor":14,"key":"bronze:BurnAndBuffPotion"}],"is_trial":false,"path_per_floor":["M","?","$","?","M","E","$","E","T","R","M","R","M","E","R","B"],"character_chosen":"IRONCLAD","items_purchased":["Flex","ClockworkSouvenir","Panache+1"],"campfire_rested":1,"item_purchase_floors":[3,7,7],"current_hp_per_floor":[69,69,69,69,72,42,42,19,19,19,26,47,49,42,42,0,0],"gold":129,"neow_bonus":"TWO_FIFTY_GOLD","is_daily":false,"chose_seed":false,"campfire_upgraded":2,"win_rate":0.0,"timestamp":1612855960,"path_taken":["M","?","$","?","M","E","$","E","T","R","M","R","M","E","R","BOSS"],"items_purchased_type":["Card","Relic","Card"],"build_version":"2020-12-22","purchased_purges":0,"victory":false,"max_hp_per_floor":[72,72,72,72,72,72,72,72,72,72,72,72,72,72,72,72,72],"card_choices":[{"not_picked":["Anger","Clash"],"picked":"True Grit","floor":1},{"not_picked":["Dark Embrace","Sword Boomerang"],"picked":"Anger","floor":5},{"not_picked":["Blood for Blood","Iron Wave"],"picked":"Cleave","floor":6},{"not_picked":["Metallicize+1","Thunderclap"],"picked":"Evolve+1","floor":8},{"not_picked":["Hemokinesis","Flex","Cleave"],"picked":"SKIP","floor":11},{"not_picked":["Searing Blow","Perfected Strike"],"picked":"Blood for Blood","floor":13},{"not_picked":["Demon Form+1","Rupture+1"],"picked":"Warcry","floor":14}],"player_experience":726414,"relics_obtained":[{"floor":6,"key":"Frozen Egg 2"},{"floor":8,"key":"Blood Vial"},{"floor":9,"key":"Self Forming Clay"},{"floor":14,"key":"PreservedInsect"}],"event_choices":[{"damage_healed":0,"gold_gain":0,"cards_transformed":["Strike_R"],"player_choice":"Change","damage_taken":0,"max_hp_gain":0,"max_hp_loss":0,"event_name":"Living Wall","floor":2,"gold_loss":0,"cards_obtained":["Intimidate"]},{"damage_healed":0,"gold_gain":0,"player_choice":"Upgraded","damage_taken":0,"max_hp_gain":0,"max_hp_loss":0,"event_name":"Upgrade Shrine","floor":4,"gold_loss":0,"cards_upgraded":["True Grit"]}],"is_beta":false,"boss_relics":[],"items_purged_floors":[],"is_endless":false,"potions_floor_spawned":[6,11,14],"killed_by":"The Guardian","ascension_level":10}}