{"host":"p4v0hquynnreu717","time":1612839436,"event":{"mods":["BaseMod","Better Vampires","DeckTracker","Googly Eyes","Minty Spire (QoL Compilation)","Quick Restart","StSLib","SuperFastMode"],"gold_per_floor":[119,119,44,44,64,64,11,26,26,26,26,26],"floor_reached":11,"language":"ZHS","playtime":325,"items_purged":["Strike_G"],"score":107,"play_id":"93f98336-13c9-49ed-8baf-878dfef1bd74","local_time":"20210209105716","is_ascension_mode":true,"campfire_choices":[{"data":"Riddle With Holes","floor":6,"key":"SMITH"},{"data":"Neutralize","floor":10,"key":"SMITH"}],"circlet_count":0,"master_deck":["AscendersBane","Strike_G","Strike_G","Strike_G","Defend_G","Defend_G","Defend_G","Defend_G","Defend_G","Survivor","Neutralize+1","Riddle With Holes+1","Prepared","Dash"],"relics":["Ring of the Snake","Calipers","Paper Crane"],"acts_visited":["Exordium"],"potions_floor_usage":[],"damage_taken":[{"damage":4.0,"enemies":"Jaw Worm","floor":1.0,"turns":5.0},{"damage":8,"enemies":"Small Slimes","floor":5,"turns":4},{"damage":0,"enemies":"Cultist","floor":8,"turns":3},{"damage":26,"enemies":"Lagavulin","floor":11,"turns":8}],"seed_played":"5161692417378740855","potions_obtained":[{"floor":5,"key":"Explosive Potion"}],"is_trial":false,"path_per_floor":["M","?","$","?","M","R","$","M","T","R","E"],"character_chosen":"THE_SILENT","items_purchased":["Prepared"],"campfire_rested":0,"item_purchase_floors":[7],"current_hp_per_floor":[40,33,33,55,47,47,47,47,47,47,21,21],"gold":26,"neow_bonus":"ONE_RARE_RELIC","is_daily":false,"chose_seed":false,"campfire_upgraded":2,"win_rate":0.0,"timestamp":1612839436,"path_taken":["M","?","$","?","M","R","$","M","T","R","E"],"items_purchased_type":["Card"],"build_version":"2020-12-22","purchased_purges":1,"victory":false,"max_hp_per_floor":[66,66,66,66,66,66,66,66,66,66,66,66],"card_choices":[{"not_picked":["PiercingWail","Deflect"],"picked":"Riddle With Holes","floor":1.0},{"not_picked":["Setup","Deflect","Poisoned Stab"],"picked":"SKIP","floor":5},{"not_picked":["Riddle With Holes","Underhanded Strike"],"picked":"Dash","floor":8}],"player_experience":811233,"relics_obtained":[{"floor":9,"key":"Paper Crane"}],"event_choices":[{"cards_removed":["Strike_G"],"damage_healed":0.0,"max_hp_gain":0.0,"max_hp_loss":0.0,"gold_gain":0.0,"event_name":"Golden Wing","player_choice":"Card Removal","floor":2.0,"gold_loss":0.0,"damage_taken":7.0},{"damage_healed":22.0,"max_hp_gain":0.0,"max_hp_loss":0.0,"gold_gain":0.0,"event_name":"Big Fish","player_choice":"Banana","floor":4.0,"gold_loss":0.0,"damage_taken":0.0}],"is_beta":false,"boss_relics":[],"items_purged_floors":[3],"is_endless":false,"potions_floor_spawned":[5],"killed_by":"Lagavulin","ascension_level":15}}