{"host":"8fl9fk3sx00hvnsh","time":1612898635,"event":{"mods":["BaseMod","Bestiary","Bossed Relics","Colored Powertips","Custom Start","Downfall","Minty Spire (QoL Compilation)","Reliquary","Replay The Spire","StSLib","The Blue Laboratory","The Dragon Tamer","The Gatherer","The Marked","The Wild Card"],"gold_per_floor":[116,130,150,162,87,87,87,122,145,145,164,16,28,28,28,129,129,139,149,165,165,175,175,210,210,289,306,306,306,306,59,59,160,160,177,177,188,113,113,141,141,41,114,114,206,234,234,244,244,244,244],"floor_reached":50,"language":"ENG","playtime":2109,"items_purged":["downfall:Bewildered","Languid"],"score":593,"play_id":"2de0e914-f317-41fd-a18e-30942869f550","local_time":"20210209142355","is_ascension_mode":false,"campfire_choices":[{"data":"Limit Break","floor":6,"key":"SMITH"},{"floor":15,"key":"DIG"},{"floor":23,"key":"REST"},{"floor":28,"key":"REST"},{"data":"Fiend Fire","floor":30,"key":"SMITH"},{"floor":32,"key":"REST"},{"floor":41,"key":"REST"},{"floor":44,"key":"REST"},{"floor":49,"key":"REST"}],"circlet_count":0,"master_deck":["Strike_R","Strike_R","Strike_R","Strike_R","Strike_R","Defend_R","Defend_R","Defend_R+1","Defend_R","Bash","Limit Break+1","Flex","Headbutt","Perfected Strike","Iron Wave","Inflame","Self Repair+1","Pot Of Greed+1","Pot Of Greed","Pommel Strike","FTL","Sword Boomerang","Fiend Fire+1","Clash","Flex","Iron Wave+1","Pot Of Greed","Sword Boomerang+1","Inflame","Fiend Fire+1","downfall:Malfunctioning","Twin Strike+1","Sword Boomerang","Sword Boomerang+1"],"relics":["Iron Core","Grinning Jar","Brimstone","ReplayTheSpireMod:Lightbulb","Cursed Key","reliquary:Firecrackers","reliquary:PrincelyHelmet","Self Forming Clay","Replay:Bottled Steam","Pandora\u0027s Box","Replay:Kaleidoscope","Meat on the Bone","reliquary:Crutches","War Paint"],"acts_visited":["Exordium","TheCity","TheBeyond"],"potions_floor_usage":[20,40,50,50],"damage_taken":[{"damage":10,"enemies":"Jaw Worm","floor":1,"turns":4},{"damage":7,"enemies":"Small Slimes","floor":2,"turns":4},{"damage":1,"enemies":"Cultist","floor":3,"turns":3},{"damage":10,"enemies":"Looter","floor":4,"turns":3},{"damage":31,"enemies":"Lagavulin","floor":8,"turns":5},{"damage":27,"enemies":"Exordium Wildlife","floor":11,"turns":5},{"damage":0,"enemies":"Large Slime","floor":13,"turns":3},{"damage":0,"enemies":"Slime Boss","floor":16,"turns":3},{"damage":23,"enemies":"Shell Parasite","floor":18,"turns":3},{"damage":7,"enemies":"Chosen","floor":19,"turns":2},{"damage":35,"enemies":"Centurion and Healer","floor":20,"turns":4},{"damage":8,"enemies":"3 Cultists","floor":22,"turns":3},{"damage":23,"enemies":"Gremlin Leader","floor":24,"turns":4},{"damage":12,"enemies":"Cultist and Chosen","floor":27,"turns":3},{"damage":3,"enemies":"Champ","floor":33,"turns":6},{"damage":0,"enemies":"Orb Walker","floor":35,"turns":2},{"damage":19,"enemies":"3 Darklings","floor":37,"turns":4},{"damage":69,"enemies":"Nemesis","floor":40,"turns":5},{"damage":31,"enemies":"Giant Head","floor":46,"turns":5},{"damage":26,"enemies":"4 Shapes","floor":48,"turns":3},{"damage":72,"enemies":"Time Eater","floor":50,"turns":4}],"seed_played":"4199550510067013516","potions_obtained":[{"floor":3,"key":"SpeedPotion"},{"floor":4,"key":"Swift Potion"},{"floor":16,"key":"blueLaboratory:Moonshine"},{"floor":18,"key":"Toxic Potion"},{"floor":24,"key":"sneckomod:MuddlingPotion"},{"floor":48,"key":"blueLaboratory:BottledHope"}],"is_trial":false,"path_per_floor":["M","M","M","M","$","R","?","E","T","?","M","$","M","$","R","B",null,"M","M","M","$","M","R","E","T","T","M","R","?","R","$","R","B",null,"M","?","M","$","?","E","R","$","T","R","?","E","?","M","R","B"],"character_chosen":"IRONCLAD","items_purchased":["Inflame","Brimstone","Replay:Bottled Steam"],"campfire_rested":6,"item_purchase_floors":[5,12,31],"current_hp_per_floor":[76,75,80,76,76,76,76,55,55,80,63,63,73,73,73,80,80,67,70,45,45,37,61,48,48,48,36,60,60,60,60,80,77,80,80,80,71,71,71,12,36,36,36,60,40,21,70,54,70,0,0],"gold":244,"neow_bonus":"ONE_RANDOM_RARE_CARD","is_daily":false,"chose_seed":false,"campfire_upgraded":2,"win_rate":0.0,"timestamp":1612898635,"path_taken":["M","M","M","M","$","R","?","E","T","?","M","$","M","?","R","BOSS","M","M","M","$","M","R","E","?","T","M","R","?","R","?","R","BOSS","M","?","?","?","?","E","R","$","T","R","?","E","?","M","R","BOSS"],"items_purchased_type":["Card","Relic","Relic"],"build_version":"2020-12-22","purchased_purges":2,"victory":false,"max_hp_per_floor":[80,80,80,80,80,80,80,80,80,80,80,80,80,80,80,80,80,80,80,80,80,80,80,80,80,80,80,80,80,80,80,80,80,80,80,80,80,80,80,80,80,80,80,80,80,80,70,70,70,70,70],"card_choices":[{"not_picked":["Replay:Undeath\u0027s Touch","Dropkick"],"picked":"Flex","floor":1},{"not_picked":["Clothesline","Rage"],"picked":"Headbutt","floor":2},{"not_picked":["Flex","Shockwave"],"picked":"Perfected Strike","floor":3},{"not_picked":["Shockwave","Reckless Charge"],"picked":"Iron Wave","floor":4},{"not_picked":["Genetic Algorithm","Perfected Strike"],"picked":"Pommel Strike","floor":8},{"not_picked":["Cleave","Perfected Strike"],"picked":"FTL","floor":11},{"not_picked":["Armaments","Dropkick"],"picked":"Sword Boomerang","floor":13},{"not_picked":["Mirror Shield","Replay:Many Hands"],"picked":"Fiend Fire","floor":16},{"not_picked":["ReplayTheSpireMod:Strike From Hell","Disarm"],"picked":"Clash","floor":18},{"not_picked":["Sword Boomerang","Heavy Blade"],"picked":"Flex","floor":19},{"not_picked":["Clothesline","Sever Soul"],"picked":"Iron Wave+1","floor":20},{"not_picked":["Fire Breathing","Run Through","Body Slam"],"picked":"SKIP","floor":22},{"not_picked":["Reckless Charge","Defy Death+1"],"picked":"Sword Boomerang+1","floor":24},{"not_picked":["Replay:Undeath\u0027s Touch","Wild Strike"],"picked":"Inflame","floor":27},{"not_picked":["Bludgeon","Juggernaut"],"picked":"Fiend Fire","floor":33},{"not_picked":["Hemokinesis","Havoc+1","Body Slam+1"],"picked":"SKIP","floor":35},{"not_picked":["Havoc+1","Run Through","ReplayTheSpireMod:Strike From Hell+1"],"picked":"SKIP","floor":37},{"not_picked":["Dropkick","Flame Barrier+1","Thunderclap+1"],"picked":"SKIP","floor":40},{"not_picked":["Flame Barrier+1","Hemogenesis"],"picked":"Twin Strike+1","floor":45},{"not_picked":["Replay:Undeath\u0027s Touch+1","Sentinel"],"picked":"Sword Boomerang","floor":45},{"not_picked":["Cleave","Thunderclap"],"picked":"Sword Boomerang+1","floor":46},{"not_picked":["Rupture","Anger","ReplayTheSpireMod:Stacked+1"],"picked":"SKIP","floor":48}],"player_experience":254734,"relics_obtained":[{"floor":8,"key":"Grinning Jar"},{"floor":15,"key":"ReplayTheSpireMod:Lightbulb"},{"floor":24,"key":"reliquary:Firecrackers"},{"floor":25,"key":"reliquary:PrincelyHelmet"},{"floor":26,"key":"Self Forming Clay"},{"floor":40,"key":"Replay:Kaleidoscope"},{"floor":43,"key":"Meat on the Bone"},{"floor":45,"key":"reliquary:Crutches"},{"floor":46,"key":"War Paint"}],"event_choices":[{"damage_healed":26,"gold_gain":0,"player_choice":"Banana","damage_taken":0,"max_hp_gain":0,"max_hp_loss":0,"event_name":"Big Fish","floor":10,"gold_loss":0},{"damage_healed":0,"gold_gain":0,"player_choice":"Ignored","damage_taken":0,"max_hp_gain":0,"max_hp_loss":0,"event_name":"Vampires","floor":29,"gold_loss":0},{"damage_healed":0,"gold_gain":0,"player_choice":"Forge","damage_taken":0,"max_hp_gain":0,"max_hp_loss":0,"event_name":"Accursed Blacksmith","floor":36,"gold_loss":0,"cards_upgraded":["Fiend Fire"]},{"damage_healed":0,"gold_gain":0,"player_choice":"Ignored","damage_taken":0,"max_hp_gain":0,"max_hp_loss":0,"event_name":"Tomb of Lord Red Mask","floor":39,"gold_loss":0},{"damage_healed":70,"gold_gain":0,"player_choice":"Heal","damage_taken":0,"max_hp_gain":0,"max_hp_loss":10,"event_name":"The Moai Head","floor":47,"gold_loss":0}],"is_beta":false,"boss_relics":[{"not_picked":["Tiny House","reliquary:Craggleroot"],"picked":"Cursed Key"},{"not_picked":["Astrolabe","Replay:Wanted Poster"],"picked":"Pandora\u0027s Box"}],"items_purged_floors":[38,42],"is_endless":false,"potions_floor_spawned":[3,4,16,18,24,27,35,48],"killed_by":"Time Eater","ascension_level":0}}