{"host":"rvvatg3l87ylr0gg","time":1612910147,"event":{"mods":["2.2 Compatiblity","Act Like it!","Arknights","Bartender","BaseMod","BetterRewards","ChefMod","Dio Mod","Downfall","Duelist Mod","Fiend Mod","Hermit","Hero for Fun","Hubris","Jedi Mod","JesterMod","Jorbs\u0027s Wanderer Trilogy","LagranYue(???·?)","Magitek Elite","Marisa????????","Minty Spire (QoL Compilation)","Replay The Spire","Robot Space Explorer","SIMod","SOS???????","Shade Mod","Small Relic Pack","StSLib","Td1madao Mod","The Administrix","The Alterego","The Animator","The Blackbeard","The Bug Knight","The Construct","The Cursed","The Death Knight","The Disciple","The Druid","The Forsaken","The Hayseed","The Hierophant","The Judge","The Jungle","The Kombatant","The Marked","The Mystic","The Necromancer","The Poker Player","The Runesmith","The Saiyan","The Senshi","The Servant 0.9.4","The Showman","The Spell Scribe","The Vixen","The Wild Card","The Witch","TheFirefly"],"gold_per_floor":[120,120,184,209,209,209,282,52,75,75,153,209,209,286,286,286,286],"floor_reached":16,"language":"ENG","playtime":1151,"items_purged":[],"score":100,"play_id":"4a0d005f-7964-46e9-88f0-37588186faa0","local_time":"20210209153547","is_ascension_mode":false,"campfire_choices":[{"data":"Attack_b","floor":6,"key":"SMITH"},{"floor":10,"key":"REST"},{"floor":13,"key":"REST"},{"floor":15,"key":"REST"}],"circlet_count":0,"master_deck":["Attack_a","Attack_a","Attack_b+1","Shoot","Shoot","Provocation","Defend_Dante","Defend_Dante","Defend_Dante","Defend_Dante","Redorb+1","Gunstinger","Stinger","Millionstab","Straight","Swordmaster","Gilgamesh","Dash2","Stinger","Airtrick","Unrisingdragon","Chargeshoot2"],"relics":["SSS","Combocheck","LagranYue:RandomDrawCardRelic","relicPack:OneForAll","Odd Mushroom","Replay:Bottled Flurry"],"acts_visited":["Exordium"],"potions_floor_usage":[],"damage_taken":[{"damage":0,"enemies":"2 Louse","floor":1,"turns":2},{"damage":16,"enemies":"ats:Genji","floor":3,"turns":4},{"damage":5,"enemies":"Cultist","floor":4,"turns":5},{"damage":27,"enemies":"The Mushroom Lair","floor":7,"turns":5},{"damage":20,"enemies":"Lots of Slimes","floor":11,"turns":6},{"damage":11,"enemies":"Exordium Thugs","floor":12,"turns":5},{"damage":14,"enemies":"Replay:BlueRogue","floor":14,"turns":6},{"damage":76,"enemies":"Slime Boss","floor":16,"turns":9}],"seed_played":"-7627102154537029221","potions_obtained":[{"floor":3,"key":"DuplicationPotion"},{"floor":4,"key":"Block Potion"},{"floor":14,"key":"sneckomod:MuddlingPotion"}],"is_trial":false,"path_per_floor":["M","?","M","M","?","R","?","$","T","R","M","M","R","E","R","B"],"character_chosen":"DANTE","items_purchased":["Swordmaster","Gilgamesh","Dash2","Stinger"],"campfire_rested":3,"item_purchase_floors":[8,8,8,8],"current_hp_per_floor":[88,88,72,67,67,67,40,40,40,66,46,35,61,47,73,0,0],"gold":286,"neow_bonus":"TEN_PERCENT_HP_BONUS","is_daily":false,"chose_seed":false,"campfire_upgraded":1,"win_rate":0.0,"timestamp":1612910147,"path_taken":["M","?","M","M","?","R","?","$","T","R","M","M","R","E","R","BOSS"],"items_purchased_type":["Card","Card","Card","Card"],"build_version":"2020-12-22","purchased_purges":0,"victory":false,"max_hp_per_floor":[88,88,88,88,88,88,88,88,88,88,88,88,88,88,88,88,88],"card_choices":[{"not_picked":["LucifercomboA","Doubleshoot"],"picked":"Gunstinger","floor":1},{"not_picked":["Straight","Gunstinger"],"picked":"Stinger","floor":3},{"not_picked":["Holywater","Dash2"],"picked":"Millionstab","floor":4},{"not_picked":["DevilstarS","Dash2"],"picked":"Straight","floor":7},{"not_picked":["Splesh","Dash1"],"picked":"Airtrick","floor":11},{"not_picked":["Gunstinger","VitalstarM"],"picked":"Unrisingdragon","floor":12},{"not_picked":["VitalstarL","Ecstasy"],"picked":"Chargeshoot2","floor":14}],"player_experience":5701,"relics_obtained":[{"floor":7,"key":"Odd Mushroom"},{"floor":14,"key":"Replay:Bottled Flurry"}],"event_choices":[{"damage_healed":0,"gold_gain":0,"player_choice":"Grow","damage_taken":0,"max_hp_gain":0,"max_hp_loss":0,"event_name":"Living Wall","floor":5,"gold_loss":0,"cards_upgraded":["Redorb"]},{"damage_healed":0,"gold_gain":0,"player_choice":"Fought Mushrooms","damage_taken":0,"max_hp_gain":0,"max_hp_loss":0,"event_name":"Mushrooms","floor":7,"gold_loss":0}],"is_beta":false,"boss_relics":[],"items_purged_floors":[],"is_endless":false,"potions_floor_spawned":[3,4,14],"killed_by":"Slime Boss","ascension_level":0}}