{"host":"1zjc08c6hob33401","time":1612914368,"event":{"mods":["AchievementEnabler","Act Like it!","Aspiration","BaseMod","Downfall","Elementarium","Energized Spire","Evolution","Friendly Minions","Gensokyo","GifTheSpireLib","Hubris","Infinite Spire","Jedi Mod","Menagerie","Minty Spire (QoL Compilation)","Pale of the Ancients","Quick Restart","Reliquary","Replay The Spire","Retaliation","Shop Mod","Spicy Shops","Spire Arcade","StS++","StSLib","Stuff the Spire","The Blue Laboratory","Wandering Minibosses","??????REMEMod"],"gold_per_floor":[115,115,130,130,179,179,279,279,279,306,306,321,331,348,348,348,348],"floor_reached":16,"language":"RUS","playtime":903,"items_purged":[],"score":194,"play_id":"164106ec-1acd-4a70-a8a1-eab250776323","local_time":"20210210014608","is_ascension_mode":true,"campfire_choices":[{"data":"champ:HoldFirm","floor":6.0,"key":"SMITH"},{"floor":8.0,"key":"REST"}],"circlet_count":0,"master_deck":["AscendersBane","Strike_B","Strike_B","Strike_B","Strike_B","Defend_B","Defend_B","Defend_B","Defend_B","Zap","Dualcast","champ:HoldFirm+1","hubris:DoWhile+1","Darkness","StSpp:Igniter","Pain","Beam Cell","Machine Learning","StuffTheSpire:ShieldGenerator","Gash","Cold Snap"],"relics":["Cracked Core","EVO:Axolotl","REME_ComplimentaryCards","Mango","Gensokyo:LunaticRedEyes","Dead Branch","Ginger"],"acts_visited":["Gensokyo:Gensokyo"],"potions_floor_usage":[16],"damage_taken":[{"damage":0.0,"enemies":"Gensokyo:Python","floor":1.0,"turns":3.0},{"damage":18.0,"enemies":"Gensokyo:3_Fairies","floor":3.0,"turns":4.0},{"damage":5.0,"enemies":"Gensokyo:Gryphon","floor":5.0,"turns":4.0},{"damage":18.0,"enemies":"Gensokyo:Cirno","floor":10.0,"turns":6.0},{"damage":0.0,"enemies":"Gensokyo:Kitsune","floor":12.0,"turns":2.0},{"damage":0.0,"enemies":"Gensokyo:Gryphon_and_Rabbit","floor":13.0,"turns":4.0},{"damage":27.0,"enemies":"Gensokyo:VengefulSpirit","floor":14.0,"turns":6.0},{"damage":37,"enemies":"Gensokyo:Yukari","floor":16,"turns":9}],"seed_played":"-9170177409179227688","potions_obtained":[{"floor":3.0,"key":"REME_GoldPotion"},{"floor":5.0,"key":"StSpp:ScatteredWeakPotion"},{"floor":14.0,"key":"SteroidPotion"}],"is_trial":false,"path_per_floor":["M","?","M","?","M","R","?","R","T","E","?","M","M","M","R","B"],"character_chosen":"DEFECT","items_purchased":[],"campfire_rested":1,"item_purchase_floors":[],"current_hp_per_floor":[64,50,32,32,27,27,27,52,52,34,38,38,38,11,36,0,0],"gold":348,"neow_bonus":"ONE_RANDOM_RARE_CARD","is_daily":false,"chose_seed":false,"campfire_upgraded":1,"win_rate":0.0,"timestamp":1612914368,"path_taken":["M","?","M","?","?","R","?","R","T","E","?","M","M","?","R","BOSS"],"items_purchased_type":[],"build_version":"2020-12-22","purchased_purges":0,"victory":false,"max_hp_per_floor":[71,85,85,85,85,85,85,85,85,85,85,85,85,85,85,85,85],"card_choices":[{"not_picked":["jedi:blockon","Cold Snap"],"picked":"Darkness","floor":1.0},{"not_picked":["Rebound","StSpp:Pointer"],"picked":"StSpp:Igniter","floor":3.0},{"not_picked":["jedi:blockon","StuffTheSpire:LoadUp"],"picked":"Beam Cell","floor":5.0},{"not_picked":["Stack","ReplaySolidLightProjector"],"picked":"Machine Learning","floor":10.0},{"not_picked":["StSpp:Mask","Skim"],"picked":"StuffTheSpire:ShieldGenerator","floor":12.0},{"not_picked":["Heatsinks","aspiration:Polymerization"],"picked":"Gash","floor":13.0},{"not_picked":["Panic Button","Darkness"],"picked":"Cold Snap","floor":14.0}],"player_experience":748641,"relics_obtained":[{"floor":9.0,"key":"Dead Branch"},{"floor":10.0,"key":"Ginger"}],"event_choices":[],"is_beta":false,"boss_relics":[],"items_purged_floors":[],"is_endless":false,"potions_floor_spawned":[3,5,14],"killed_by":"Gensokyo:Yukari","ascension_level":20}}