{"host":"5njoj2zap3ickz2y","time":1612840852,"event":{"mods":["BaseMod","Colored Map","Downfall","Minty Spire (QoL Compilation)","Permanent Neow","Quick Restart","Relic Stats","StSLib","Unceasing Turn Reminder"],"gold_per_floor":[99,115,176,191,103,3,3,13,40,51,65,65,75,101,116,237,237,237,255,269,49,49,67,67,77,104,104,118,147,147,158,174,272,272,272,285,304,280,295,221,221,221,238,265,265,279,279,290,306,306],"floor_reached":51,"language":"ENG","playtime":8385,"items_purged":["Guardian:ChargeCore+1"],"score":875,"play_id":"09c0a641-1ed0-4c0e-88f0-949294461f10","local_time":"20210208192052","is_ascension_mode":true,"campfire_choices":[{"floor":1,"key":"RECALL"},{"data":"Guardian:TwinSlam","floor":6,"key":"SMITH"},{"data":"Guardian:ChargeCore","floor":12,"key":"SMITH"},{"data":"Guardian:PrismaticBarrier","floor":18,"key":"SMITH"},{"data":"Guardian:PrismaticBeam","floor":27,"key":"SMITH"},{"data":"Guardian:ChargeUp","floor":30,"key":"SMITH"},{"data":"Guardian:PrismaticBeam","floor":35,"key":"SMITH"},{"data":"Guardian:StasisField","floor":45,"key":"SMITH"},{"data":"Guardian:ChargeUp","floor":47,"key":"SMITH"}],"circlet_count":0,"master_deck":["Guardian:CurlUp","Guardian:TwinSlam+1","Guardian:TemporalStrike","Guardian:Reroute","Guardian:SpikerProtocol","Guardian:FloatingOrbs","Guardian:PrimingBeam","Guardian:FloatingOrbs+1","Guardian:PrismaticBeam+1","Guardian:SphericShield","Guardian:AncientConstruct+1","Guardian:ChargeUp+1","Guardian:PrismaticBarrier+1","Guardian:Reroute","Guardian:GemFinder+1","Guardian:Clone","Guardian:ShieldCharger+1","Guardian:Gem_Yellow","Guardian:Gem_Blue","Guardian:TimeCapacitor+1","Guardian:SentryBeam","Guardian:PrismaticBarrier+1","Guardian:ChargeUp+1","Guardian:Gem_Cyan","Guardian:Recover+1","Guardian:StasisField+1","Guardian:Gem_Cyan","Guardian:PrismaticBeam+1","Guardian:VentSteam+1","Guardian:Gem_Red","Guardian:Gem_Red","Guardian:TemporalStrike","Guardian:Gem_Cyan","Guardian:Gem_Cyan","Guardian:Gem_Green","Guardian:Gem_Purple","Guardian:CrystalBeam+1"],"relics":["Coffee Dripper","Ancient Tea Set","downfall:HeartBlessingRed","Frozen Egg 2","Centennial Puzzle","Bag of Marbles","Pandora\u0027s Box","Membership Card","Pantograph","Letter Opener","Unceasing Top","Busted Crown","Medical Kit","Shuriken","Toy Ornithopter","Lantern","Orichalcum"],"acts_visited":["Exordium","TheCity","TheBeyond"],"potions_floor_usage":[11,14,16,32,33],"damage_taken":[{"damage":7,"enemies":"Jaw Worm","floor":2,"turns":4},{"damage":19,"enemies":"Gremlin Nob","floor":3,"turns":6},{"damage":1,"enemies":"Cultist","floor":4,"turns":3},{"damage":5,"enemies":"downfall:FleeingMerchant","floor":5,"turns":4},{"damage":0,"enemies":"Small Slimes","floor":8,"turns":2},{"damage":13,"enemies":"Lagavulin","floor":9,"turns":4},{"damage":2,"enemies":"Blue Slaver","floor":10,"turns":3},{"damage":6,"enemies":"Exordium Wildlife","floor":11,"turns":2},{"damage":0,"enemies":"Large Slime","floor":13,"turns":4},{"damage":4,"enemies":"3 Sentries","floor":14,"turns":5},{"damage":0,"enemies":"Lots of Slimes","floor":15,"turns":3},{"damage":14,"enemies":"IC_STATUS_ARCHETYPE","floor":16,"turns":5},{"damage":0,"enemies":"Shell Parasite","floor":19,"turns":4},{"damage":10,"enemies":"Chosen","floor":20,"turns":3},{"damage":12,"enemies":"downfall:FleeingMerchant","floor":21,"turns":4},{"damage":8,"enemies":"Snecko","floor":23,"turns":4},{"damage":10,"enemies":"Cultist and Chosen","floor":25,"turns":5},{"damage":20,"enemies":"Book of Stabbing","floor":26,"turns":5},{"damage":8,"enemies":"Centurion and Healer","floor":28,"turns":5},{"damage":0,"enemies":"Slavers","floor":29,"turns":4},{"damage":0,"enemies":"3 Cultists","floor":31,"turns":3},{"damage":0,"enemies":"Snake Plant","floor":32,"turns":3},{"damage":8,"enemies":"DF_ARCHETYPE_CLAW","floor":33,"turns":5},{"damage":0,"enemies":"Orb Walker","floor":36,"turns":3},{"damage":0,"enemies":"3 Shapes","floor":37,"turns":3},{"damage":17,"enemies":"downfall:FleeingMerchant","floor":38,"turns":4},{"damage":17,"enemies":"Maw","floor":39,"turns":5},{"damage":0,"enemies":"Sphere and 2 Shapes","floor":43,"turns":3},{"damage":0,"enemies":"Reptomancer","floor":44,"turns":3},{"damage":0,"enemies":"3 Darklings","floor":46,"turns":3},{"damage":0,"enemies":"4 Shapes","floor":48,"turns":1},{"damage":0,"enemies":"Maw","floor":49,"turns":5},{"damage":66,"enemies":"WA_ARCHETYPE_DIVINITY","floor":50,"turns":5}],"seed_played":"-1116311073218082597","potions_obtained":[{"floor":3,"key":"Energy Potion"},{"floor":4,"key":"SpeedPotion"},{"floor":10,"key":"Dexterity Potion"},{"floor":11,"key":"sneckomod:MuddlingPotion"},{"floor":14,"key":"ColorlessPotion"},{"floor":25,"key":"Energy Potion"},{"floor":26,"key":"Guardian:StasisDiscoveryPotion"},{"floor":37,"key":"Weak Potion"},{"floor":49,"key":"Regen Potion"}],"is_trial":false,"path_per_floor":["R","M","?","M","$","R","T","M","E","M","M","R","M","E","M","B",null,"R","M","M","$","?","M","T","M","E","R","M","E","R","M","M","B",null,"R","M","M","$","M","$","T","?","M","E","R","M","R","M","M","B",null],"character_chosen":"GUARDIAN","items_purchased":["Guardian:FloatingOrbs","Membership Card","Guardian:TimeCapacitor+1","Guardian:SentryBeam","Medical Kit","Shuriken","Guardian:TemporalStrike","Toy Ornithopter","Block Potion","Lantern"],"campfire_rested":0,"item_purchase_floors":[5,21,21,21,38,38,38,38,38,40],"current_hp_per_floor":[80,73,54,53,48,48,48,48,35,33,27,27,27,23,23,9,80,80,80,70,58,58,50,50,40,20,20,12,12,12,12,12,29,80,80,80,80,63,46,46,46,46,46,46,46,46,46,46,46,5],"gold":306,"neow_bonus":"BOSS_RELIC","is_daily":false,"chose_seed":false,"campfire_upgraded":8,"win_rate":0.0,"timestamp":1612840852,"path_taken":["R","M","?","M","?","R","T","M","E","M","M","R","M","E","M","BOSS","R","M","M","$","?","?","T","M","E","R","M","E","R","M","M","BOSS","R","M","M","$","M","$","T","?","M","E","R","M","R","M","M","BOSS"],"items_purchased_type":["Card","Relic","Card","Card","Relic","Relic","Card","Relic","Potion","Relic"],"build_version":"2020-12-22","purchased_purges":1,"victory":true,"max_hp_per_floor":[80,80,80,80,80,80,80,80,80,80,80,80,80,80,80,80,80,80,80,80,80,80,80,80,80,80,80,80,80,80,80,80,80,80,80,80,80,80,80,80,80,80,80,80,80,80,80,80,80,80],"relic_stats":{"Centennial Puzzle":[42],"Busted Crown":36,"counters":[33,125],"Shuriken":[20],"Pantograph":50,"Pandora\u0027s Box":["Guardian:Gem_White","Guardian:ChargeUp","Guardian:PrismaticBarrier","Guardian:Gem_Green","Guardian:Reroute","Guardian:GemFinder","Guardian:Gem_Cyan","Guardian:Clone"],"Letter Opener":[606],"Orichalcum":[0],"Medical Kit":[1],"obtain_stats":[{"Lantern":40,"downfall:HeartBlessingRed":6,"Guardian:ModeShifter":0,"Letter Opener":26,"Frozen Egg 2":7,"Orichalcum":44,"Ancient Tea Set":3,"Medical Kit":38,"Centennial Puzzle":9,"Busted Crown":34,"Shuriken":38,"Pantograph":24,"Pandora\u0027s Box":17,"Coffee Dripper":0,"Bag of Marbles":14,"Membership Card":21,"Unceasing Top":29,"Toy Ornithopter":38},{"Lantern":27,"downfall:HeartBlessingRed":4,"Guardian:ModeShifter":0,"Letter Opener":18,"Frozen Egg 2":4,"Orichalcum":29,"Ancient Tea Set":2,"Medical Kit":26,"Centennial Puzzle":6,"Busted Crown":23,"Shuriken":26,"Pantograph":16,"Pandora\u0027s Box":12,"Coffee Dripper":0,"Bag of Marbles":10,"Membership Card":15,"Unceasing Top":20,"Toy Ornithopter":26},{"Lantern":105,"downfall:HeartBlessingRed":17,"Guardian:ModeShifter":0,"Letter Opener":70,"Frozen Egg 2":17,"Orichalcum":111,"Ancient Tea Set":10,"Medical Kit":100,"Centennial Puzzle":23,"Busted Crown":90,"Shuriken":100,"Pantograph":60,"Pandora\u0027s Box":45,"Coffee Dripper":0,"Bag of Marbles":37,"Membership Card":56,"Unceasing Top":79,"Toy Ornithopter":100}],"Unceasing Top":[149],"Toy Ornithopter":0},"card_choices":[{"not_picked":["Guardian:TemporalShield","Guardian:CrystalBeam"],"picked":"Guardian:TemporalStrike","floor":2},{"not_picked":["Guardian:GuardianWhirl","Guardian:ShieldCharger"],"picked":"Guardian:Reroute","floor":3},{"not_picked":["Guardian:Emergency","Guardian:EvasiveProtocol"],"picked":"Guardian:ChargeCore","floor":4},{"not_picked":["Guardian:FastForward","Guardian:WalkerClaw"],"picked":"Guardian:SpikerProtocol","floor":5},{"not_picked":["Guardian:ShieldCharger","Guardian:WalkerClaw"],"picked":"Guardian:PrimingBeam","floor":8},{"not_picked":["Guardian:Planning","Guardian:Gem_Blue"],"picked":"Guardian:Gem_Fragmented","floor":9},{"not_picked":["Guardian:ArmoredProtocol+1","Guardian:PiercingHide"],"picked":"Guardian:FloatingOrbs+1","floor":10},{"not_picked":["Guardian:Repulse+1","Guardian:Incinerate"],"picked":"Guardian:Gem_Cyan","floor":11},{"not_picked":["Guardian:TemporalStrike","Guardian:Harden"],"picked":"Guardian:PrismaticBeam","floor":13},{"not_picked":["Guardian:Reroute","Guardian:Gem_Green"],"picked":"Guardian:SphericShield","floor":14},{"not_picked":["Guardian:Clone","Guardian:VentSteam"],"picked":"Guardian:Gem_Green","floor":15},{"not_picked":["Guardian:StasisStrike","Guardian:RevengeProtocol+1"],"picked":"Guardian:AncientConstruct+1","floor":16},{"not_picked":["Guardian:Gem_Green","Guardian:Gem_Cyan"],"picked":"Guardian:Gem_Lightblue","floor":19},{"not_picked":["Guardian:TimeBomb","Guardian:RefractedBeam+1"],"picked":"Guardian:ShieldCharger+1","floor":19},{"not_picked":["Guardian:Gem_Lightblue","Guardian:Gem_Cyan"],"picked":"Guardian:Gem_Red","floor":20},{"not_picked":["Guardian:TemporalShield","Guardian:Planning"],"picked":"Guardian:Gem_Yellow","floor":20},{"not_picked":["Guardian:Gem_Cyan","Guardian:Gem_Lightblue"],"picked":"Guardian:Gem_Red","floor":21},{"not_picked":["Guardian:Gem_Green","Guardian:GuardianWhirl"],"picked":"Guardian:Gem_Blue","floor":21},{"not_picked":["Guardian:Gem_Lightblue","Guardian:Gem_Cyan"],"picked":"Guardian:Gem_Red","floor":23},{"not_picked":["Guardian:WalkerClaw","Guardian:TemporalShield+1"],"picked":"Guardian:ChargeUp","floor":23},{"not_picked":["Guardian:Gem_Cyan","Guardian:Gem_Green"],"picked":"Guardian:Gem_Lightblue","floor":25},{"not_picked":["Guardian:RollAttack","Guardian:BronzeOrb"],"picked":"Guardian:Gem_Orange","floor":25},{"not_picked":["Guardian:Gem_Green","Guardian:Gem_Lightblue"],"picked":"Guardian:Gem_Red","floor":26},{"not_picked":["Guardian:VentSteam+1","Guardian:BodySlam"],"picked":"Guardian:Gem_Red","floor":26},{"not_picked":["Guardian:Gem_Lightblue","Guardian:Gem_Green"],"picked":"Guardian:Gem_Cyan","floor":28},{"not_picked":["Guardian:ChargeCore","Guardian:BronzeOrb"],"picked":"Guardian:Gem_Purple","floor":28},{"not_picked":["Guardian:Orbwalk+1","Guardian:TemporalStrike+1"],"picked":"Guardian:Recover+1","floor":29},{"not_picked":["Guardian:Gem_Cyan","Guardian:TemporalShield"],"picked":"Guardian:StasisField","floor":31},{"not_picked":["Guardian:Gem_Green","Guardian:Gem_Lightblue"],"picked":"Guardian:Gem_Cyan","floor":32},{"not_picked":["Guardian:Reroute","Guardian:TemporalStrike+1"],"picked":"Guardian:PrismaticBeam","floor":32},{"not_picked":["Guardian:Gem_Lightblue","Guardian:Gem_Green"],"picked":"Guardian:Gem_Cyan","floor":33},{"not_picked":["Guardian:StasisField","Guardian:RevengeProtocol+1"],"picked":"Guardian:Gem_Synthetic","floor":33},{"not_picked":["Guardian:Gem_Green","Guardian:Gem_Lightblue"],"picked":"Guardian:Gem_Red","floor":36},{"not_picked":[],"picked":"Guardian:VentSteam+1","floor":36},{"not_picked":["Guardian:Gem_Cyan","Guardian:Gem_Green"],"picked":"Guardian:Gem_Red","floor":37},{"not_picked":["Guardian:FloatingOrbs+1"],"picked":"SKIP","floor":37},{"not_picked":["Guardian:Gem_Lightblue","Guardian:Gem_Cyan"],"picked":"Guardian:Gem_Red","floor":38},{"not_picked":["Guardian:FloatingOrbs+1"],"picked":"SKIP","floor":38},{"not_picked":["Guardian:Gem_Lightblue","Guardian:Gem_Red"],"picked":"Guardian:Gem_Cyan","floor":39},{"not_picked":["Guardian:Recover"],"picked":"SKIP","floor":39},{"not_picked":["Guardian:Gem_Green","Guardian:Gem_Lightblue"],"picked":"Guardian:Gem_Cyan","floor":43},{"not_picked":["Guardian:Gem_Red"],"picked":"SKIP","floor":43},{"not_picked":["Guardian:Gem_Cyan","Guardian:Gem_Lightblue"],"picked":"Guardian:Gem_Green","floor":44},{"not_picked":["Guardian:SentryBeam+1"],"picked":"SKIP","floor":44},{"not_picked":["Guardian:SentryBeam+1"],"picked":"SKIP","floor":44},{"not_picked":["Guardian:ChargeUp"],"picked":"SKIP","floor":46},{"not_picked":[],"picked":"Guardian:Gem_Purple","floor":48},{"not_picked":[],"picked":"Guardian:CrystalBeam+1","floor":49}],"player_experience":1819263,"relics_obtained":[{"floor":3,"key":"Ancient Tea Set"},{"floor":7,"key":"Frozen Egg 2"},{"floor":9,"key":"Centennial Puzzle"},{"floor":14,"key":"Bag of Marbles"},{"floor":24,"key":"Pantograph"},{"floor":26,"key":"Letter Opener"},{"floor":29,"key":"Unceasing Top"},{"floor":44,"key":"Orichalcum"}],"event_choices":[],"is_beta":false,"boss_relics":[{"not_picked":["Cursed Key","Snecko Eye"],"picked":"Pandora\u0027s Box"},{"not_picked":["Empty Cage","Runic Dome"],"picked":"Busted Crown"}],"items_purged_floors":[38],"is_endless":false,"potions_floor_spawned":[3,4,10,11,13,14,25,26,28,29,37,43,48,49],"ascension_level":1}}