{"host":"og6lam4kt3nibbw0","time":1612897248,"event":{"mods":["AchievementEnabler","BaseMod","Colored Map","DeckTracker","Highlight Path","Keyboard Shortcuts","Minty Spire (QoL Compilation)","Permanent Neow","Quick Restart","StSLib","SuperFastMode"],"gold_per_floor":[118,118,118,118,137,137,137,137,137,160,180,200,220,220,220],"floor_reached":14,"language":"KOR","playtime":282,"items_purged":[],"score":164,"play_id":"45d02307-b22f-43d1-a3b5-3aa1acc3202c","local_time":"20210210040048","is_ascension_mode":true,"campfire_choices":[{"data":"Coolheaded","floor":6.0,"key":"SMITH"},{"data":"Ball Lightning","floor":8.0,"key":"SMITH"}],"circlet_count":0,"master_deck":["AscendersBane","Strike_B+1","Strike_B","Defend_B","Defend_B","Defend_B","Zap+1","Dualcast","Ball Lightning+1","Coolheaded+1","Conserve Battery","Blizzard","Leap"],"relics":["Empty Cage","Golden Idol","Akabeko"],"acts_visited":["Exordium"],"potions_floor_usage":[],"damage_taken":[{"damage":5.0,"enemies":"2 Louse","floor":1.0,"turns":3.0},{"damage":7.0,"enemies":"Small Slimes","floor":5.0,"turns":3.0},{"damage":0.0,"enemies":"Cultist","floor":10.0,"turns":2.0},{"damage":32.0,"enemies":"Gremlin Gang","floor":11.0,"turns":4.0},{"damage":6.0,"enemies":"Large Slime","floor":12.0,"turns":5.0},{"damage":0.0,"enemies":"Looter","floor":13.0,"turns":2.0},{"damage":0,"enemies":"Gremlin Nob","floor":14,"turns":2}],"seed_played":"7116049353187862076","potions_obtained":[{"floor":5.0,"key":"FearPotion"},{"floor":10.0,"key":"Regen Potion"},{"floor":13.0,"key":"Explosive Potion"}],"is_trial":false,"path_per_floor":["M","?","?","?","M","R","?","R","T","M","M","M","M","E"],"character_chosen":"DEFECT","items_purchased":[],"campfire_rested":0,"item_purchase_floors":[],"current_hp_per_floor":[59,64,41,41,34,34,34,34,34,34,2,8,8,8,8],"gold":220,"neow_bonus":"BOSS_RELIC","is_daily":false,"chose_seed":false,"campfire_upgraded":2,"win_rate":0.0,"timestamp":1612897248,"path_taken":["M","?","?","?","M","R","?","R","T","M","M","M","M","E"],"items_purchased_type":[],"build_version":"2020-12-22","purchased_purges":0,"victory":false,"max_hp_per_floor":[71,76,76,69,69,69,69,69,69,69,69,69,69,69,69],"card_choices":[{"not_picked":["Darkness","Reinforced Body"],"picked":"Ball Lightning","floor":1.0},{"not_picked":["Hello World","White Noise"],"picked":"Coolheaded","floor":5.0},{"not_picked":["Gash","Fusion"],"picked":"Blizzard","floor":10.0},{"not_picked":["Rebound","Turbo","Barrage"],"picked":"SKIP","floor":11.0},{"not_picked":["Aggregate","Ball Lightning"],"picked":"Leap","floor":12.0},{"not_picked":["Streamline","Steam","Gash"],"picked":"SKIP","floor":13.0}],"player_experience":991045,"relics_obtained":[{"floor":9.0,"key":"Akabeko"}],"event_choices":[{"damage_healed":0.0,"max_hp_gain":5.0,"max_hp_loss":0.0,"gold_gain":0.0,"event_name":"Big Fish","player_choice":"Donut","floor":2.0,"gold_loss":0.0,"damage_taken":0.0},{"damage_healed":0.0,"max_hp_gain":0.0,"max_hp_loss":0.0,"gold_gain":0.0,"event_name":"Shining Light","player_choice":"Entered Light","floor":3.0,"gold_loss":0.0,"damage_taken":23.0,"cards_upgraded":["Strike_B","Zap"]},{"damage_healed":0.0,"max_hp_gain":0.0,"max_hp_loss":7.0,"gold_gain":0.0,"event_name":"Golden Idol","player_choice":"Lose Max HP","floor":4.0,"gold_loss":0.0,"damage_taken":0.0,"relics_obtained":["Golden Idol"]},{"damage_healed":0.0,"max_hp_gain":0.0,"max_hp_loss":0.0,"gold_gain":0.0,"cards_transformed":["Strike_B"],"event_name":"Living Wall","player_choice":"Change","floor":7.0,"gold_loss":0.0,"damage_taken":0.0,"cards_obtained":["Conserve Battery"]}],"is_beta":false,"boss_relics":[],"items_purged_floors":[],"is_endless":false,"potions_floor_spawned":[5,10,13],"killed_by":"Gremlin Nob","ascension_level":20}}