{"host":"soyfmymeou4emntr","time":1612843580,"event":{"mods":["BaseMod","Minty Spire (QoL Compilation)","Permanent Neow","Relic Sorter","Relic Stats","StSLib"],"gold_per_floor":[112,112,130,143,143,176,176,202,202,221,221,221,221,101,101,179,179,194,208,68,68,81,81,25,50,50,65,99,126,126,143,143,220,220,236,248,262,262,262,262,288,288,288,299,312,312,312],"floor_reached":46,"language":"ENG","playtime":4805,"items_purged":[],"score":1071,"play_id":"385a8abc-915e-456b-a08b-c582620378ab","local_time":"20210208210620","is_ascension_mode":true,"campfire_choices":[{"floor":7.0,"key":"REST"},{"data":"Flame Barrier","floor":11.0,"key":"SMITH"},{"data":"Hemokinesis","floor":13.0,"key":"SMITH"},{"data":"Bloodletting","floor":15.0,"key":"SMITH"},{"data":"Barricade","floor":23.0,"key":"SMITH"},{"data":"True Grit","floor":32.0,"key":"SMITH"},{"data":"Fire Breathing","floor":40.0,"key":"SMITH"},{"data":"Feel No Pain","floor":42.0,"key":"SMITH"}],"circlet_count":0,"master_deck":["AscendersBane","Bash","Rage","Anger","Cleave+1","Shockwave+1","Immolate","Shockwave","Flame Barrier+1","Rupture+1","Hemokinesis+1","Headbutt","Feel No Pain+1","Feel No Pain","Spot Weakness","Second Wind","Bloodletting+1","Barricade+1","Pommel Strike+1","True Grit+1","Power Through","Bite","Bite","Bite","Bite","Bite","Reaper","True Grit","True Grit","Fire Breathing+1","Dark Embrace+1","Whirlwind","Wild Strike+1","Reaper","Pommel Strike+1","Flame Barrier","Master of Strategy","Good Instincts","True Grit+1","Fire Breathing+1"],"relics":["Pandora\u0027s Box","Kunai","Bird Faced Urn","Ice Cream","Black Star","CaptainsWheel","Centennial Puzzle","MealTicket","Red Mask","Art of War","Anchor","Coffee Dripper","Sundial","Potion Belt"],"acts_visited":["Exordium","TheCity","TheBeyond"],"potions_floor_usage":[46],"damage_taken":[{"damage":0.0,"enemies":"Jaw Worm","floor":1.0,"turns":3.0},{"damage":1.0,"enemies":"2 Louse","floor":3.0,"turns":2.0},{"damage":2.0,"enemies":"Cultist","floor":4.0,"turns":3.0},{"damage":16.0,"enemies":"Lagavulin","floor":6.0,"turns":4.0},{"damage":13.0,"enemies":"3 Sentries","floor":8.0,"turns":4.0},{"damage":2.0,"enemies":"3 Louse","floor":10.0,"turns":3.0},{"damage":39.0,"enemies":"Hexaghost","floor":16.0,"turns":6.0},{"damage":17.0,"enemies":"Spheric Guardian","floor":18.0,"turns":4.0},{"damage":25.0,"enemies":"Shell Parasite","floor":19.0,"turns":4.0},{"damage":22.0,"enemies":"Centurion and Healer","floor":22.0,"turns":15.0},{"damage":34.0,"enemies":"Gremlin Leader","floor":25.0,"turns":7.0},{"damage":7.0,"enemies":"Snake Plant","floor":27.0,"turns":4.0},{"damage":17.0,"enemies":"Masked Bandits","floor":28.0,"turns":6.0},{"damage":25.0,"enemies":"Slavers","floor":29.0,"turns":6.0},{"damage":21.0,"enemies":"Snecko","floor":31.0,"turns":6.0},{"damage":46.0,"enemies":"Automaton","floor":33.0,"turns":9.0},{"damage":13.0,"enemies":"Orb Walker","floor":35.0,"turns":4.0},{"damage":0.0,"enemies":"3 Shapes","floor":36.0,"turns":2.0},{"damage":22.0,"enemies":"Writhing Mass","floor":37.0,"turns":10.0},{"damage":50.0,"enemies":"Reptomancer","floor":41.0,"turns":7.0},{"damage":9.0,"enemies":"Jaw Worm Horde","floor":44.0,"turns":5.0},{"damage":47,"enemies":"Spire Growth","floor":45,"turns":9},{"damage":85,"enemies":"Giant Head","floor":46,"turns":6}],"seed_played":"3088684733514856050","potions_obtained":[{"floor":8.0,"key":"BlessingOfTheForge"},{"floor":16.0,"key":"PowerPotion"},{"floor":25.0,"key":"PowerPotion"},{"floor":28.0,"key":"Block Potion"},{"floor":33.0,"key":"Dexterity Potion"},{"floor":35.0,"key":"Strength Potion"},{"floor":36.0,"key":"LiquidMemories"},{"floor":44.0,"key":"FearPotion"}],"is_trial":false,"path_per_floor":["M","?","M","M","?","E","R","E","T","M","R","?","R","$","R","B",null,"M","M","$","?","M","R","$","E","T","M","?","E","?","M","R","B",null,"M","M","M","?","?","R","E","R","T","M","M","E"],"character_chosen":"IRONCLAD","items_purchased":["Second Wind","Bloodletting","Power Through","PowerPotion","True Grit"],"campfire_rested":1,"item_purchase_floors":[14,14,20,20,24],"current_hp_per_floor":[68,68,67,65,42,26,48,35,35,33,33,75,75,75,75,38,66,53,34,34,34,52,52,52,32,32,41,42,51,51,41,41,43,50,50,52,52,42,42,42,37,37,37,52,35,0,0],"gold":312,"neow_bonus":"BOSS_RELIC","is_daily":false,"chose_seed":false,"campfire_upgraded":7,"win_rate":0.0,"timestamp":1612843580,"path_taken":["M","?","M","M","?","E","R","E","T","M","R","?","R","$","R","BOSS","M","M","$","?","M","R","$","E","T","M","?","E","?","M","R","BOSS","M","M","M","?","?","R","E","R","T","?","M","E"],"items_purchased_type":["Card","Card","Card","Potion","Card"],"build_version":"2020-12-22","purchased_purges":0,"victory":false,"max_hp_per_floor":[75,75,75,75,75,75,75,75,75,75,75,75,75,75,75,75,75,75,75,75,52,52,52,52,52,52,52,52,52,52,52,52,52,52,52,52,52,52,52,52,52,52,52,52,52,52,52],"relic_stats":{"Centennial Puzzle":[33],"counters":[23,129],"Sundial":[0],"Bird Faced Urn":[113],"Pandora\u0027s Box":["Rage","Anger","Cleave","Shockwave","Sentinel","Immolate","Shockwave","Flame Barrier","Rupture"],"MealTicket":0,"Black Star":3,"Art of War":[11],"Kunai":[22],"obtain_stats":[{"Ice Cream":9,"Potion Belt":41,"Burning Blood":0,"CaptainsWheel":25,"Centennial Puzzle":25,"Anchor":29,"Sundial":41,"Bird Faced Urn":8,"Pandora\u0027s Box":0,"MealTicket":26,"Black Star":17,"Red Mask":28,"Art of War":29,"Coffee Dripper":34,"Kunai":6},{"Ice Cream":5,"Potion Belt":20,"Burning Blood":0,"CaptainsWheel":11,"Centennial Puzzle":11,"Anchor":14,"Sundial":20,"Bird Faced Urn":5,"Pandora\u0027s Box":0,"MealTicket":11,"Black Star":7,"Red Mask":13,"Art of War":14,"Coffee Dripper":16,"Kunai":4},{"Ice Cream":16,"Potion Belt":109,"Burning Blood":0,"CaptainsWheel":55,"Centennial Puzzle":55,"Anchor":71,"Sundial":109,"Bird Faced Urn":16,"Pandora\u0027s Box":0,"MealTicket":55,"Black Star":25,"Red Mask":65,"Art of War":71,"Coffee Dripper":86,"Kunai":12}]},"card_choices":[{"not_picked":["Perfected Strike","Sword Boomerang"],"picked":"Hemokinesis","floor":1.0},{"not_picked":["Dropkick","Clash"],"picked":"Headbutt","floor":3.0},{"not_picked":["Pommel Strike","Anger"],"picked":"Feel No Pain","floor":4.0},{"not_picked":["Rage","Headbutt"],"picked":"Feel No Pain","floor":6.0},{"not_picked":["Twin Strike","Thunderclap","Rage"],"picked":"SKIP","floor":8.0},{"not_picked":["Clash","Sword Boomerang"],"picked":"Spot Weakness","floor":10.0},{"not_picked":["Berserk","Double Tap"],"picked":"Barricade","floor":16.0},{"not_picked":["Perfected Strike","Dual Wield"],"picked":"Pommel Strike+1","floor":18.0},{"not_picked":["Body Slam","Ghostly Armor"],"picked":"True Grit","floor":19.0},{"not_picked":["Shrug It Off+1","Rampage"],"picked":"Reaper","floor":22.0},{"not_picked":["Blood for Blood","Pommel Strike","Iron Wave"],"picked":"SKIP","floor":25.0},{"not_picked":["Reckless Charge","Clash"],"picked":"True Grit","floor":27.0},{"not_picked":["Perfected Strike","Searing Blow"],"picked":"Fire Breathing","floor":28.0},{"not_picked":["Uppercut","Heavy Blade"],"picked":"Dark Embrace","floor":29.0},{"not_picked":["Shrug It Off+1","Thunderclap"],"picked":"Wild Strike+1","floor":31.0},{"not_picked":["Barricade","Juggernaut"],"picked":"Reaper","floor":33.0},{"not_picked":["Searing Blow+1","Body Slam"],"picked":"Pommel Strike+1","floor":35.0},{"not_picked":["Flex","Rampage"],"picked":"Flame Barrier","floor":36.0},{"not_picked":["Dark Embrace","True Grit","Cleave"],"picked":"SKIP","floor":37.0},{"not_picked":["Bandage Up","Secret Technique"],"picked":"Master of Strategy","floor":38.0},{"not_picked":["Dark Shackles","Chrysalis"],"picked":"Good Instincts","floor":38.0},{"not_picked":["Clash+1","Double Tap"],"picked":"True Grit+1","floor":41.0},{"not_picked":["Shockwave","Clothesline"],"picked":"Fire Breathing+1","floor":44.0},{"not_picked":["Sentinel","Uppercut","Dropkick"],"picked":"SKIP","floor":45}],"player_experience":3140753,"relics_obtained":[{"floor":6.0,"key":"Kunai"},{"floor":8.0,"key":"Bird Faced Urn"},{"floor":9.0,"key":"Ice Cream"},{"floor":25.0,"key":"CaptainsWheel"},{"floor":25.0,"key":"Centennial Puzzle"},{"floor":26.0,"key":"MealTicket"},{"floor":28.0,"key":"Red Mask"},{"floor":29.0,"key":"Art of War"},{"floor":29.0,"key":"Anchor"},{"floor":41.0,"key":"Sundial"},{"floor":41.0,"key":"Potion Belt"}],"event_choices":[{"damage_healed":0.0,"max_hp_gain":0.0,"max_hp_loss":0.0,"gold_gain":0.0,"event_name":"Living Wall","player_choice":"Grow","floor":2.0,"gold_loss":0.0,"damage_taken":0.0,"cards_upgraded":["Rupture"]},{"damage_healed":0.0,"max_hp_gain":0.0,"max_hp_loss":0.0,"gold_gain":0.0,"event_name":"Shining Light","player_choice":"Entered Light","floor":5.0,"gold_loss":0.0,"damage_taken":23.0,"cards_upgraded":["Cleave","Shockwave"]},{"cards_removed":["Sentinel"],"damage_healed":42.0,"max_hp_gain":0.0,"max_hp_loss":0.0,"gold_gain":0.0,"event_name":"Bonfire Elementals","player_choice":"Offered Uncommon","floor":12.0,"gold_loss":0.0,"damage_taken":0.0},{"damage_healed":0.0,"max_hp_gain":0.0,"max_hp_loss":23.0,"gold_gain":0.0,"event_name":"Vampires","player_choice":"Became a vampire","floor":21.0,"gold_loss":0.0,"damage_taken":0.0,"cards_obtained":["Bite","Bite","Bite","Bite","Bite"]},{"damage_healed":0.0,"max_hp_gain":0.0,"max_hp_loss":0.0,"gold_gain":0.0,"event_name":"Masked Bandits","player_choice":"Fought Bandits","floor":28.0,"gold_loss":0.0,"damage_taken":0.0},{"damage_healed":0.0,"max_hp_gain":0.0,"max_hp_loss":0.0,"gold_gain":0.0,"event_name":"The Library","player_choice":"Read","floor":30.0,"gold_loss":0.0,"damage_taken":0.0,"cards_obtained":["Whirlwind"]},{"damage_healed":0.0,"max_hp_gain":0.0,"max_hp_loss":0.0,"gold_gain":0.0,"event_name":"SensoryStone","player_choice":"Memory 3","floor":38.0,"gold_loss":0.0,"damage_taken":10.0},{"damage_healed":0.0,"max_hp_gain":0.0,"max_hp_loss":0.0,"gold_gain":0.0,"event_name":"Accursed Blacksmith","player_choice":"Forge","floor":39.0,"gold_loss":0.0,"damage_taken":0.0,"cards_upgraded":["Dark Embrace"]}],"is_beta":false,"boss_relics":[{"not_picked":["Busted Crown","Calling Bell"],"picked":"Black Star"},{"not_picked":["Cursed Key","SlaversCollar"],"picked":"Coffee Dripper"}],"items_purged_floors":[],"is_endless":false,"potions_floor_spawned":[8,16,25,27,28,33,35,36,44],"killed_by":"Giant Head","ascension_level":20}}