{"host":"wfy07lporsqrbz3r","time":1612866533,"event":{"mods":["BaseMod","Minty Spire (QoL Compilation)","Replay The Spire","StSLib"],"gold_per_floor":[118,118,118,118,118,149,185,185,185,228,228,264,297,297,297,395,395,411,411,455,215,215,250,285,336,371,421,433,488,500,512,524,536,536],"floor_reached":33,"language":"ZHS","playtime":827,"items_purged":[],"score":1188,"play_id":"5d6f8106-cf9d-4448-87f4-06596cdc8f2e","local_time":"20210209182853","daily_mods":["SealedDeck","Heirloom","Flight","Elite Swarm","Lethality"],"is_ascension_mode":true,"campfire_choices":[{"floor":15.0,"key":"DIG"},{"floor":30,"key":"REST"},{"floor":32,"key":"REST"}],"circlet_count":0,"master_deck":["AscendersBane","Massacre","Pummel","Sentinel","Abandon","ReplayTheSpireMod:Limb From Limb","Pommel Strike","Inflame","Anger","Pommel Strike","Bludgeon+1","Double Tap","Fiend Fire","Feed","Limit Break","Writhe","Pot Of Greed","Pot Of Greed","Reaper"],"relics":["Burning Blood","Replay:Multitool","Turnip","Replay:Towering Pillar of Hats","CaptainsWheel","Peace Pipe","ReplayTheSpireMod:Lightbulb","Mercury Hourglass","Replay:Bottled Snecko","Sozu","Red Mask","Membership Card","Juzu Bracelet","Grinning Jar","Pen Nib","MawBank","Shovel","Tiny Chest","Chameleon Ring","Nloth\u0027s Gift"],"acts_visited":["Exordium","TheCity"],"potions_floor_usage":[],"damage_taken":[{"damage":0.0,"enemies":"2 Louse","floor":1.0,"turns":1.0},{"damage":23.0,"enemies":"Lagavulin","floor":6.0,"turns":3.0},{"damage":0.0,"enemies":"Gremlin Nob","floor":7.0,"turns":1.0},{"damage":23.0,"enemies":"Lagavulin","floor":10.0,"turns":3.0},{"damage":0.0,"enemies":"Gremlin Nob","floor":12.0,"turns":2.0},{"damage":0.0,"enemies":"Lagavulin","floor":13.0,"turns":3.0},{"damage":0.0,"enemies":"Slime Boss","floor":16.0,"turns":2.0},{"damage":0.0,"enemies":"Spheric Guardian","floor":18.0,"turns":1.0},{"damage":0.0,"enemies":"Masked Bandits","floor":20.0,"turns":2.0},{"damage":36.0,"enemies":"Replay:Snechameleon","floor":23.0,"turns":3.0},{"damage":6.0,"enemies":"Gremlin Leader","floor":24.0,"turns":2.0},{"damage":20.0,"enemies":"Slavers","floor":25.0,"turns":2.0},{"damage":14.0,"enemies":"Book of Stabbing","floor":27.0,"turns":2.0},{"damage":25,"enemies":"Slavers","floor":29,"turns":3},{"damage":62,"enemies":"Pondfish","floor":33,"turns":2}],"seed_played":"-7531563432480387012","potions_obtained":[{"floor":1.0,"key":"BloodPotion"},{"floor":10.0,"key":"SkillPotion"},{"floor":13.0,"key":"Adrenaline Potion"}],"is_trial":true,"path_per_floor":["M","?","?","?","$","E","E","$","T","E","$","E","E","$","R","B",null,"M","?","?","$","?","E","E","E","T","E","$","E","R","?","R","B"],"character_chosen":"IRONCLAD","items_purchased":["Membership Card","Juzu Bracelet"],"campfire_rested":2,"item_purchase_floors":[21,21],"current_hp_per_floor":[74,74,74,48,48,31,52,52,52,35,35,41,47,47,47,53,70,75,75,78,78,78,48,48,34,34,26,26,11,34,34,57,0,0],"gold":536,"neow_bonus":"","is_daily":false,"chose_seed":false,"campfire_upgraded":0,"win_rate":0.0,"timestamp":1612866533,"path_taken":["M","?","?","?","$","E","E","$","T","E","?","E","E","$","R","BOSS","M","?","?","$","?","E","E","E","T","E","$","E","R","?","R","BOSS"],"items_purchased_type":["Relic","Relic"],"build_version":"2020-12-22","purchased_purges":0,"victory":false,"max_hp_per_floor":[75,75,75,75,75,75,75,75,75,75,75,75,75,75,75,75,75,75,75,78,78,78,78,78,78,78,78,78,78,78,78,78,78,78],"card_choices":[{"not_picked":["Iron Wave","Massacre","Perfected Strike"],"picked":"SKIP","floor":1.0},{"not_picked":["Berserk","Corruption"],"picked":"Double Tap","floor":6.0},{"not_picked":["Replay:Many Hands","Immolate"],"picked":"Fiend Fire","floor":7.0},{"not_picked":["Reaper","Bludgeon"],"picked":"Feed","floor":10.0},{"not_picked":["Replay:Many Hands","Juggernaut"],"picked":"Limit Break","floor":12.0},{"not_picked":["Barricade","Fiend Fire","Berserk"],"picked":"SKIP","floor":13.0},{"not_picked":["Headbutt","Body Slam","Clash"],"picked":"SKIP","floor":18.0},{"not_picked":["Corruption","Immolate","Bludgeon"],"picked":"SKIP","floor":23.0},{"not_picked":["Corruption","Eclipse","Brutality"],"picked":"SKIP","floor":24.0},{"not_picked":["Exhume","Brutality"],"picked":"Reaper","floor":25.0},{"not_picked":["Exhume","Hemogenesis","Impervious"],"picked":"SKIP","floor":27.0},{"not_picked":["Exhume","Impervious","Juggernaut"],"picked":"SKIP","floor":29}],"player_experience":837488,"relics_obtained":[{"floor":6.0,"key":"Turnip"},{"floor":7.0,"key":"Replay:Towering Pillar of Hats"},{"floor":9.0,"key":"CaptainsWheel"},{"floor":10.0,"key":"Peace Pipe"},{"floor":12.0,"key":"ReplayTheSpireMod:Lightbulb"},{"floor":13.0,"key":"Mercury Hourglass"},{"floor":15.0,"key":"Replay:Bottled Snecko"},{"floor":20.0,"key":"Red Mask"},{"floor":23.0,"key":"Pen Nib"},{"floor":24.0,"key":"MawBank"},{"floor":25.0,"key":"Shovel"},{"floor":26.0,"key":"Tiny Chest"},{"floor":29,"key":"Chameleon Ring"}],"event_choices":[{"damage_healed":0.0,"max_hp_gain":0.0,"max_hp_loss":0.0,"gold_gain":0.0,"event_name":"Golden Idol","player_choice":"Take Damage","floor":4.0,"gold_loss":0.0,"damage_taken":26.0,"relics_obtained":["Golden Idol"]},{"damage_healed":0.0,"max_hp_gain":0.0,"max_hp_loss":0.0,"gold_gain":0.0,"event_name":"Vampires","player_choice":"Ignored","floor":19.0,"gold_loss":0.0,"damage_taken":0.0},{"damage_healed":0.0,"max_hp_gain":0.0,"max_hp_loss":0.0,"gold_gain":0.0,"event_name":"Masked Bandits","player_choice":"Fought Bandits","floor":20.0,"gold_loss":0.0,"damage_taken":0.0},{"damage_healed":0.0,"max_hp_gain":0.0,"max_hp_loss":0.0,"gold_gain":0.0,"event_name":"The Mausoleum","player_choice":"Opened","floor":22.0,"gold_loss":0.0,"damage_taken":0.0,"relics_obtained":["Grinning Jar"],"cards_obtained":["Writhe"]},{"damage_healed":0,"gold_gain":0,"player_choice":"Traded Relic","damage_taken":0,"relics_obtained":["Nloth\u0027s Gift"],"max_hp_gain":0,"max_hp_loss":0,"event_name":"N\u0027loth","floor":31,"relics_lost":["Golden Idol"],"gold_loss":0}],"is_beta":false,"boss_relics":[{"not_picked":["SlaversCollar","Fusion Hammer"],"picked":"Sozu"}],"items_purged_floors":[],"is_endless":true,"potions_floor_spawned":[1,10,13,16,24,25,29],"killed_by":"Pondfish","ascension_level":20}}