{"host":"6pfj0wha12yu6wq3","time":1612863571,"event":{"mods":["AchievementEnabler","BaseMod","Colored Map","Colored Powertips","Curses Come First","DeckTracker","Minty Spire (QoL Compilation)","RNG Fix","Relic Sorter","Relic Stats","StSLib","UnlockEverythingMod","ojb\u0027s Better Paths Mod","ojb\u0027s Info Mod"],"gold_per_floor":[117,128,128,93,103,133,133,160,160,176,226,237,237,265,265,341,341,358,202,230,247,95,123,123,141,168,93,93,427,427,452,452,526,526,542,561,572,589,811,836,856,558,582,125,156,156,156,156,156,156,156,156,156,6,31,31],"floor_reached":57,"language":"ENG","playtime":4892,"items_purged":["Strike_G","Strike_G","Doubt","Defend_G"],"score":2897,"play_id":"f584903e-5066-4797-ad48-b403585df3d4","local_time":"20210209043931","is_ascension_mode":true,"campfire_choices":[{"data":"Venomology","floor":7,"key":"SMITH"},{"data":"Envenom","floor":13,"key":"SMITH"},{"data":"Tactician","floor":15,"key":"SMITH"},{"data":"Wraith Form v2","floor":24,"key":"SMITH"},{"data":"After Image","floor":28,"key":"SMITH"},{"data":"Tools of the Trade","floor":30,"key":"SMITH"},{"data":"Reflex","floor":32,"key":"SMITH"},{"floor":47,"key":"RECALL"},{"data":"Wraith Form v2","floor":49,"key":"SMITH"},{"data":"Calculated Gamble","floor":53,"key":"SMITH"}],"circlet_count":0,"master_deck":["AscendersBane","Strike_G","Defend_G","Defend_G","Survivor","Neutralize","Venomology+1","Eviscerate","Dagger Throw","Unload","Terror","Tactician+1","Envenom+1","Underhanded Strike","Tools of the Trade+1","Leg Sweep","Crippling Poison","Wraith Form v2+1","Eviscerate","Blade Dance","Terror","After Image+1","Reflex+1","Blade Dance","Wraith Form v2+1","PiercingWail","Acrobatics","Expertise+1","Calculated Gamble+1","Concentrate","Backflip","Phantasmal Killer","Calculated Gamble"],"relics":["Ring of the Snake","Pen Nib","Pear","White Beast Statue","Pantograph","Snake Skull","Coffee Dripper","Red Mask","Blood Vial","Anchor","Old Coin","Potion Belt","Cursed Key","Shuriken","Lantern","Akabeko","StrikeDummy"],"acts_visited":["Exordium","TheCity","TheBeyond","TheEnding"],"potions_floor_usage":[2,5,6,6,6,8,10,12,14,14,16,18,20,20,21,23,23,25,29,31,31,33,36,36,37,38,40,40,41,45,56,56,56],"damage_taken":[{"damage":7,"enemies":"Small Slimes","floor":1,"turns":5},{"damage":1,"enemies":"Cultist","floor":2,"turns":4},{"damage":0,"enemies":"2 Louse","floor":5,"turns":2},{"damage":3,"enemies":"Gremlin Nob","floor":6,"turns":3},{"damage":10,"enemies":"Lagavulin","floor":8,"turns":5},{"damage":17,"enemies":"Exordium Thugs","floor":10,"turns":3},{"damage":2,"enemies":"Large Slime","floor":12,"turns":4},{"damage":4,"enemies":"Gremlin Nob","floor":14,"turns":3},{"damage":25,"enemies":"Hexaghost","floor":16,"turns":6},{"damage":12,"enemies":"2 Thieves","floor":18,"turns":4},{"damage":11,"enemies":"Masked Bandits","floor":20,"turns":5},{"damage":12,"enemies":"Shell Parasite","floor":21,"turns":4},{"damage":26,"enemies":"Gremlin Leader","floor":23,"turns":6},{"damage":0,"enemies":"Snecko","floor":25,"turns":3},{"damage":4,"enemies":"Slavers","floor":29,"turns":8},{"damage":0,"enemies":"Gremlin Leader","floor":31,"turns":6},{"damage":13,"enemies":"Champ","floor":33,"turns":10},{"damage":1,"enemies":"3 Shapes","floor":35,"turns":5},{"damage":0,"enemies":"3 Darklings","floor":36,"turns":6},{"damage":9,"enemies":"Writhing Mass","floor":37,"turns":8},{"damage":4,"enemies":"Maw","floor":38,"turns":7},{"damage":3,"enemies":"Reptomancer","floor":40,"turns":5},{"damage":0,"enemies":"Transient","floor":41,"turns":6},{"damage":3,"enemies":"Giant Head","floor":45,"turns":5},{"damage":0,"enemies":"Awakened One","floor":50,"turns":6},{"damage":14,"enemies":"Donu and Deca","floor":51,"turns":9},{"damage":1,"enemies":"Shield and Spear","floor":55,"turns":8},{"damage":1,"enemies":"The Heart","floor":56,"turns":8}],"seed_played":"-7062495611112583400","potions_obtained":[{"floor":1,"key":"ColorlessPotion"},{"floor":10,"key":"Energy Potion"},{"floor":14,"key":"GhostInAJar"},{"floor":18,"key":"DuplicationPotion"},{"floor":20,"key":"ColorlessPotion"},{"floor":23,"key":"FearPotion"},{"floor":25,"key":"SmokeBomb"},{"floor":29,"key":"SneckoOil"},{"floor":31,"key":"ColorlessPotion"},{"floor":33,"key":"Strength Potion"},{"floor":35,"key":"LiquidBronze"},{"floor":36,"key":"CunningPotion"},{"floor":37,"key":"Block Potion"},{"floor":38,"key":"PowerPotion"},{"floor":40,"key":"AttackPotion"},{"floor":41,"key":"CunningPotion"},{"floor":45,"key":"DuplicationPotion"}],"is_trial":false,"path_per_floor":["M","M","?","?","M","E","R","E","T","M","?","M","R","E","R","B",null,"M","$","?","M","$","E","R","M","T","?","R","E","R","E","R","B",null,"M","M","M","M","?","E","M","$","T","$","E","T","R","$","R","B","B",null,"R","$","E","B",null],"character_chosen":"THE_SILENT","items_purchased":["Leg Sweep","Wraith Form v2","Pen Nib","Backflip","Lantern","Phantasmal Killer"],"campfire_rested":0,"item_purchase_floors":[19,22,42,42,44,44],"current_hp_per_floor":[52,51,51,66,66,73,73,63,63,46,39,37,37,33,33,33,65,53,53,42,30,30,4,4,6,6,6,6,4,4,6,6,20,62,63,65,58,56,56,55,57,57,57,57,56,56,56,56,56,76,62,73,73,73,74,75],"gold":31,"neow_bonus":"TRANSFORM_CARD","is_daily":false,"chose_seed":false,"campfire_upgraded":9,"win_rate":0.0,"timestamp":1612863571,"path_taken":["M","M","?","?","M","E","R","E","T","M","?","M","R","E","R","BOSS","M","$","?","M","$","E","R","?","T","?","R","E","R","E","R","BOSS","M","M","?","M","?","E","?","$","T","$","E","?","R","?","R","BOSS","BOSS","R","$","E","BOSS"],"items_purchased_type":["Card","Card","Relic","Card","Relic","Card"],"build_version":"2020-12-22","purchased_purges":4,"victory":true,"max_hp_per_floor":[66,66,66,66,66,76,76,76,76,76,76,76,76,76,76,76,76,76,76,76,76,76,76,76,76,76,76,76,76,76,76,76,76,76,76,76,76,76,76,76,76,76,76,76,76,76,76,76,76,76,76,76,76,76,76,76],"relic_stats":{"Blood Vial":28,"counters":[28,154],"Shuriken":[36],"Pantograph":68,"Pen Nib":[13],"Snake Skull":[354],"Cursed Key":1,"obtain_stats":[{"Potion Belt":31,"Lantern":44,"Pear":6,"Snake Skull":14,"Pen Nib":42,"Cursed Key":34,"White Beast Statue":8,"Akabeko":45,"Old Coin":29,"Blood Vial":23,"Anchor":26,"Shuriken":40,"Pantograph":9,"Coffee Dripper":17,"Red Mask":20,"StrikeDummy":55,"Ring of the Snake":0},{"Potion Belt":16,"Lantern":23,"Pear":4,"Snake Skull":8,"Pen Nib":23,"Cursed Key":17,"White Beast Statue":5,"Akabeko":24,"Old Coin":15,"Blood Vial":13,"Anchor":14,"Shuriken":22,"Pantograph":5,"Coffee Dripper":9,"Red Mask":11,"StrikeDummy":27,"Ring of the Snake":0},{"Potion Belt":71,"Lantern":118,"Pear":14,"Snake Skull":29,"Pen Nib":118,"Cursed Key":81,"White Beast Statue":19,"Akabeko":123,"Old Coin":65,"Blood Vial":54,"Anchor":57,"Shuriken":112,"Pantograph":19,"Coffee Dripper":35,"Red Mask":44,"StrikeDummy":146,"Ring of the Snake":0}],"Ring of the Snake":[56]},"card_choices":[{"not_picked":["Slice","Deadly Poison"],"picked":"Eviscerate","floor":1},{"not_picked":["Sucker Punch","Choke"],"picked":"Dagger Throw","floor":2},{"not_picked":["Poisoned Stab","Backflip"],"picked":"Terror","floor":5},{"not_picked":["Catalyst","Flying Knee","Outmaneuver"],"picked":"SKIP","floor":6},{"not_picked":["Poisoned Stab","Slice"],"picked":"Tactician","floor":8},{"not_picked":["Escape Plan","Underhanded Strike"],"picked":"Envenom","floor":10},{"not_picked":["Cloak And Dagger","Terror","Predator"],"picked":"SKIP","floor":12},{"not_picked":["Masterful Stab","Flying Knee"],"picked":"Underhanded Strike","floor":14},{"not_picked":["A Thousand Cuts","Bullet Time"],"picked":"Tools of the Trade","floor":16},{"not_picked":["Cloak And Dagger","Expertise","Quick Slash+1"],"picked":"SKIP","floor":18},{"not_picked":["Well Laid Plans","Outmaneuver"],"picked":"Crippling Poison","floor":20},{"not_picked":["Outmaneuver+1","Deadly Poison","Quick Slash+1"],"picked":"SKIP","floor":21},{"not_picked":["Unload","Endless Agony"],"picked":"Eviscerate","floor":23},{"not_picked":["Flying Knee","Flechettes"],"picked":"Blade Dance","floor":25},{"not_picked":["Prepared","Masterful Stab"],"picked":"Reflex","floor":29},{"not_picked":["Cloak And Dagger","Skewer"],"picked":"Blade Dance","floor":31},{"not_picked":["Bullet Time","Corpse Explosion"],"picked":"Wraith Form v2","floor":33},{"not_picked":["Underhanded Strike","Poisoned Stab"],"picked":"PiercingWail","floor":35},{"not_picked":["Dodge and Roll","Backflip"],"picked":"Acrobatics","floor":36},{"not_picked":["Slice","Outmaneuver"],"picked":"Expertise+1","floor":37},{"not_picked":["Predator","Tactician"],"picked":"Calculated Gamble","floor":38},{"not_picked":["Quick Slash","All Out Attack","Dodge and Roll+1"],"picked":"SKIP","floor":40},{"not_picked":["Poisoned Stab","Endless Agony"],"picked":"Concentrate","floor":41},{"not_picked":["Dash","Burst"],"picked":"Calculated Gamble","floor":45},{"not_picked":["Bane","Bouncing Flask","Skewer"],"picked":"SKIP","floor":55}],"player_experience":691003,"relics_obtained":[{"floor":6,"key":"Pear"},{"floor":8,"key":"White Beast Statue"},{"floor":9,"key":"Pantograph"},{"floor":14,"key":"Snake Skull"},{"floor":20,"key":"Red Mask"},{"floor":23,"key":"Blood Vial"},{"floor":26,"key":"Anchor"},{"floor":29,"key":"Old Coin"},{"floor":31,"key":"Potion Belt"},{"floor":40,"key":"Shuriken"},{"floor":45,"key":"Akabeko"},{"floor":55,"key":"StrikeDummy"}],"event_choices":[{"damage_healed":0,"gold_gain":0,"cards_transformed":["Defend_G"],"player_choice":"Change","damage_taken":0,"max_hp_gain":0,"max_hp_loss":0,"event_name":"Living Wall","floor":3,"gold_loss":0,"cards_obtained":["Unload"]},{"damage_healed":16,"gold_gain":0,"player_choice":"Healed","damage_taken":0,"max_hp_gain":0,"max_hp_loss":0,"event_name":"The Cleric","floor":4,"gold_loss":35},{"damage_healed":0,"gold_gain":50,"player_choice":"Touch","damage_taken":7,"max_hp_gain":0,"max_hp_loss":0,"event_name":"FaceTrader","floor":11,"gold_loss":0},{"damage_healed":0,"gold_gain":0,"player_choice":"Fought Bandits","damage_taken":0,"max_hp_gain":0,"max_hp_loss":0,"event_name":"Masked Bandits","floor":20,"gold_loss":0},{"damage_healed":0,"gold_gain":0,"cards_transformed":["Strike_G","Strike_G"],"player_choice":"Transformed Cards","damage_taken":0,"max_hp_gain":0,"max_hp_loss":0,"event_name":"Designer","floor":27,"gold_loss":75,"cards_obtained":["Terror","After Image"]},{"damage_healed":0,"gold_gain":222,"player_choice":"Wore Mask","damage_taken":0,"max_hp_gain":0,"max_hp_loss":0,"event_name":"Tomb of Lord Red Mask","floor":39,"gold_loss":0}],"is_beta":false,"boss_relics":[{"not_picked":["SacredBark","Busted Crown"],"picked":"Coffee Dripper"},{"not_picked":["Pandora\u0027s Box","Fusion Hammer"],"picked":"Cursed Key"}],"items_purged_floors":[19,42,44,54],"is_endless":false,"potions_floor_spawned":[1,2,10,12,14,16,18,20,21,23,25,29,31,33,35,36,37,38,40,41,45,55],"ascension_level":20}}