{"host":"t9667tqki5o0r0xm","time":1612839049,"event":{"mods":["BaseMod","Downfall","Minty Spire (QoL Compilation)","StSLib"],"gold_per_floor":[99,99,274,274,274,274,301,327,11,11,11,24,35,52,66,164,164,164,179,171,36,136,159,210,210,210,210,235,235,235,235],"floor_reached":29,"language":"ENG","playtime":2382,"items_purged":["Doubt"],"score":211,"play_id":"d24ce6be-bb8a-4130-93e9-8e263f7be282","local_time":"20210209035049","is_ascension_mode":false,"campfire_choices":[{"data":"hexamod:Float","floor":1,"key":"SMITH"},{"floor":11,"key":"REST"},{"data":"hexamod:VolcanoVisage","floor":18,"key":"SMITH"},{"data":"hexamod:ExtraCrispy","floor":25,"key":"SMITH"},{"floor":27,"key":"REST"}],"circlet_count":0,"master_deck":["hexamod:Strike","hexamod:Strike","hexamod:Strike","hexamod:Defend","hexamod:Defend","hexamod:Defend","hexamod:Defend","hexamod:Sear","hexamod:Float+1","hexamod:StepThrough","hexamod:FourthSeal","hexamod:Again","hexamod:FlamesFromBeyond","hexamod:TimeOfNeed","hexamod:GhostflameBarrier","hexamod:ShieldOfDarkness","hexamod:AdvancingGuard","hexamod:GhostOfSpireFuture","hexamod:VolcanoVisage+1","hexamod:FourthSeal","hexamod:FirstSeal","hexamod:SecondSeal","hexamod:FourthSeal","hexamod:InspiringFlames+1","hexamod:BurningTouch","hexamod:ExtraCrispy+1","hexamod:HauntingEcho+1"],"relics":["hexamod:UnbrokenSoul","downfall:HeartsMalice","MawBank","Mummified Hand","MealTicket"],"acts_visited":["Exordium","TheCity"],"potions_floor_usage":[16,23],"damage_taken":[{"damage":0,"enemies":"Small Slimes","floor":2,"turns":1},{"damage":0,"enemies":"Jaw Worm","floor":4,"turns":1},{"damage":0,"enemies":"Cultist","floor":5,"turns":1},{"damage":24,"enemies":"Lots of Slimes","floor":8,"turns":6},{"damage":10,"enemies":"downfall:FleeingMerchant","floor":9,"turns":4},{"damage":9,"enemies":"Blue Slaver","floor":12,"turns":3},{"damage":0,"enemies":"Red Slaver","floor":13,"turns":3},{"damage":4,"enemies":"Large Slime","floor":14,"turns":9},{"damage":2,"enemies":"Exordium Wildlife","floor":15,"turns":8},{"damage":34,"enemies":"DF_ARCHETYPE_STREAMLINE","floor":16,"turns":14},{"damage":5,"enemies":"Shell Parasite","floor":19,"turns":9},{"damage":3,"enemies":"downfall:FleeingMerchant","floor":21,"turns":4},{"damage":30,"enemies":"Centurion and Healer","floor":23,"turns":11},{"damage":41,"enemies":"3 Cultists","floor":28,"turns":9},{"damage":52,"enemies":"Cultist and Chosen","floor":29,"turns":5}],"seed_played":"-8286074026432242992","potions_obtained":[{"floor":12,"key":"hexamod:InfernoChargePotion"},{"floor":12,"key":"Weak Potion"},{"floor":14,"key":"BlessingOfTheForge"},{"floor":15,"key":"hexamod:SoulburnPotion"},{"floor":16,"key":"Ancient Potion"},{"floor":19,"key":"Regen Potion"},{"floor":21,"key":"Dexterity Potion"},{"floor":23,"key":"Energy Potion"},{"floor":23,"key":"PowerPotion"},{"floor":23,"key":"PowerPotion"}],"is_trial":false,"path_per_floor":["R","M","?","M","M","?","T","M","$","?","R","M","M","M","M","B",null,"R","M","?","$","?","M","T","R","?","R","M","M"],"character_chosen":"THE_SPIRIT","items_purchased":["Mummified Hand","hexamod:BurningTouch","hexamod:ExtraCrispy"],"campfire_rested":2,"item_purchase_floors":[9,21,21],"current_hp_per_floor":[70,70,70,70,70,70,70,46,36,36,57,48,48,44,42,8,70,70,65,58,62,62,54,54,54,54,70,36,0,0,0],"gold":235,"neow_bonus":"THREE_ENEMY_KILL","is_daily":false,"chose_seed":false,"campfire_upgraded":3,"win_rate":0.0,"timestamp":1612839049,"path_taken":["R","M","?","M","M","?","T","M","$","?","R","?","M","M","M","BOSS","R","M","?","$","?","M","T","R","?","R","M","M"],"items_purchased_type":["Relic","Card","Card"],"build_version":"2020-12-22","purchased_purges":1,"victory":false,"max_hp_per_floor":[70,70,70,70,70,70,70,70,70,70,70,70,70,70,70,70,70,70,70,70,70,70,70,70,70,70,70,70,70,70,70],"card_choices":[{"not_picked":["hexamod:HeatShield","hexamod:SpectralAdrenaline"],"picked":"hexamod:StepThrough","floor":2},{"not_picked":["hexamod:NightmareStrike","hexamod:RetreatToShadows"],"picked":"hexamod:FourthSeal","floor":4},{"not_picked":["hexamod:HeatMetal","hexamod:Firestarter"],"picked":"hexamod:Again","floor":5},{"not_picked":["hexamod:FourthSeal","hexamod:NightmareStrike"],"picked":"hexamod:FlamesFromBeyond","floor":8},{"not_picked":["hexamod:ThirdSeal","hexamod:NightmareGuise"],"picked":"hexamod:TimeOfNeed","floor":9},{"not_picked":["hexamod:HeatMetal","hexamod:SecondSeal"],"picked":"hexamod:GhostflameBarrier","floor":12},{"not_picked":["hexamod:GhostShield","hexamod:SkipABeat"],"picked":"hexamod:ShieldOfDarkness","floor":13},{"not_picked":["hexamod:GhostShield","hexamod:FastForward"],"picked":"hexamod:AdvancingGuard","floor":14},{"not_picked":["hexamod:Firestarter","hexamod:FirstSeal"],"picked":"hexamod:GhostOfSpireFuture","floor":15},{"not_picked":["hexamod:TurnItUp","hexamod:ParanormalForm"],"picked":"hexamod:VolcanoVisage","floor":16},{"not_picked":["hexamod:Hexaguard","hexamod:HeatCrush"],"picked":"hexamod:FourthSeal","floor":19},{"not_picked":["hexamod:NightmareGuise","hexamod:GhostLash"],"picked":"hexamod:InspiringFlames+1","floor":21},{"not_picked":["hexamod:SpectersWail+1","hexamod:HeatMetal"],"picked":"hexamod:HauntingEcho+1","floor":23},{"not_picked":["hexamod:GhostLash","hexamod:NecessarySacrifice","hexamod:NightmareGuise"],"picked":"SKIP","floor":28}],"player_experience":2040319,"relics_obtained":[{"floor":7,"key":"MawBank"},{"floor":24,"key":"MealTicket"}],"event_choices":[],"is_beta":false,"boss_relics":[{"not_picked":["Astrolabe","Pandora\u0027s Box"],"picked":"hexamod:UnbrokenSoul"}],"items_purged_floors":[9],"is_endless":false,"potions_floor_spawned":[12,14,15,16,19],"killed_by":"Cultist and Chosen","ascension_level":0}}