{"host":"vflj39ie5n27t074","time":1612860127,"event":{"mods":["BaseMod","BetterRewards","Bossed Relics","Colored Map","Colored Powertips","Downfall","Hubris","Infinite Spire","Marisa????????","Minty Spire (QoL Compilation)","Replay The Spire","SIMod","StSLib","The Bug Knight","The Jungle","The Mystic","The Servant 0.9.4"],"gold_per_floor":[109,129,53,3,26,58,76,76,76,76,76,151,169,9,9,105,105,125,125,175,189,202,202,202,202],"floor_reached":24,"language":"ENG","playtime":2282,"items_purged":[],"score":254,"play_id":"0eec2420-525e-4647-baaf-5c8f6b7e6716","local_time":"20210209024207","is_ascension_mode":true,"campfire_choices":[{"data":"PartyTime","floor":8.0,"key":"SMITH"},{"data":"Yay","floor":10.0,"key":"SMITH"},{"floor":15.0,"key":"REST"},{"data":"TakeTheLead","floor":23,"key":"SMITH"}],"circlet_count":0,"master_deck":["Strike_AJ","Strike_TS","Strike_RR","Strike_RD","Defend_TS","Defend_PP","Defend_FS","Defend_AJ","ConcertedEfforts","HarmonyShield","PartyTime+1","CheerUp","BehindTheScene+1","Yay+1","Yay","Yay","Louder","MirrorLake","MirrorLake","TakeTheLead+1","Overwhelming","ReplayTheSpireMod:Chaos Vortex","ISayNo+1","SwiftKick","Magictrain+1"],"relics":["The_element_of_harmony","hubris:CrystalStatue","Hyacinth","Pondfish Scales","Ornamental Fan","Replay:Bronze Core"],"acts_visited":["Exordium","theJungle:Jungle"],"potions_floor_usage":[],"damage_taken":[{"damage":0.0,"enemies":"Small Slimes","floor":1.0,"turns":3.0},{"damage":0.0,"enemies":"Cultist","floor":2.0,"turns":4.0},{"damage":45.0,"enemies":"3 Sentries","floor":6.0,"turns":13.0},{"damage":0.0,"enemies":"2 Louse","floor":7.0,"turns":4.0},{"damage":5.0,"enemies":"Exordium Wildlife","floor":13.0,"turns":5.0},{"damage":102.0,"enemies":"Slime Boss","floor":16.0,"turns":30.0},{"damage":29.0,"enemies":"Shell Parasite","floor":18.0,"turns":9.0},{"damage":7,"enemies":"theJungle:Flameango_and_Byrd","floor":21,"turns":7},{"damage":26,"enemies":"theJungle:2_Snecko_Cultists","floor":22,"turns":5},{"damage":125,"enemies":"theJungle:Cassacara","floor":24,"turns":11}],"seed_played":"7689016306068705408","potions_obtained":[{"floor":7.0,"key":"Adrenaline Potion"},{"floor":16.0,"key":"BlessingOfTheForge"},{"floor":18.0,"key":"Strength Potion"},{"floor":20.0,"key":"Swift Potion"}],"is_trial":false,"path_per_floor":["M","M","?","$","T","E","M","R","T","R","?","?","M","$","R","B",null,"M","?","?","M","M","R","E"],"character_chosen":"TWI_CLASS","items_purchased":["Yay","Louder","MirrorLake"],"campfire_rested":1,"item_purchase_floors":[4,14,14],"current_hp_per_floor":[90,90,90,90,90,45,45,45,45,45,45,34,29,29,56,27,90,79,57,57,56,43,43,0,0],"gold":202,"neow_bonus":"TEN_PERCENT_HP_BONUS","is_daily":false,"chose_seed":false,"campfire_upgraded":3,"win_rate":0.0,"timestamp":1612860127,"path_taken":["M","M","?","?","?","E","?","R","T","R","?","?","M","$","R","BOSS","M","?","?","?","M","R","E"],"items_purchased_type":["Card","Card","Card"],"build_version":"2020-12-22","purchased_purges":0,"victory":false,"max_hp_per_floor":[90,90,90,90,90,90,90,90,90,90,90,90,90,90,90,90,90,90,90,90,90,90,90,180,180],"card_choices":[{"not_picked":["Whining"],"picked":"PartyTime","floor":1.0},{"not_picked":["PartyTime"],"picked":"CheerUp","floor":1.0},{"not_picked":["Return_To_Past"],"picked":"BehindTheScene","floor":2.0},{"not_picked":["RashStunts","Magic_Beam"],"picked":"SKIP","floor":2.0},{"not_picked":["SwiftKick"],"picked":"Yay","floor":6.0},{"not_picked":["Lasso"],"picked":"Yay","floor":6.0},{"not_picked":["DynamicVision","TenInstruments"],"picked":"SKIP","floor":7.0},{"not_picked":["TenInstruments","HarmonyForm"],"picked":"SKIP","floor":7.0},{"not_picked":["RashStunts","KillingWithKindness"],"picked":"SKIP","floor":13.0},{"not_picked":["PartyAlone","GemstoneDetection"],"picked":"SKIP","floor":13.0},{"not_picked":["CowboySkills"],"picked":"TakeTheLead","floor":16.0},{"not_picked":["MirrorLake"],"picked":"Overwhelming","floor":16.0},{"not_picked":["ServeMeal","ThunderCloud"],"picked":"SKIP","floor":18.0},{"not_picked":["AppleFeast","BatchProduction"],"picked":"SKIP","floor":18.0},{"not_picked":["infinitespire:Oblivion","infinitespire:Execution"],"picked":"ReplayTheSpireMod:Chaos Vortex","floor":19.0},{"not_picked":["ThunderCloud"],"picked":"ISayNo+1","floor":20.0},{"not_picked":["AppleFeast"],"picked":"SwiftKick","floor":21},{"not_picked":["CheerUp","ISayNo"],"picked":"SKIP","floor":21},{"not_picked":["Smile"],"picked":"Magictrain+1","floor":22},{"not_picked":["ServeMeal","PinkiePromise"],"picked":"SKIP","floor":22}],"player_experience":121455,"relics_obtained":[{"floor":5.0,"key":"Hyacinth"},{"floor":6.0,"key":"Pondfish Scales"},{"floor":9.0,"key":"Ornamental Fan"}],"event_choices":[{"damage_healed":0.0,"max_hp_gain":0.0,"max_hp_loss":0.0,"gold_gain":0.0,"event_name":"WeMeetAgain","player_choice":"Paid Gold","floor":3.0,"gold_loss":76.0,"damage_taken":0.0,"relics_obtained":["hubris:CrystalStatue"]},{"damage_healed":0.0,"max_hp_gain":0.0,"max_hp_loss":0.0,"gold_gain":0.0,"event_name":"Living Wall","player_choice":"Grow","floor":11.0,"gold_loss":0.0,"damage_taken":0.0,"cards_upgraded":["BehindTheScene"]},{"damage_healed":0.0,"max_hp_gain":0.0,"max_hp_loss":0.0,"gold_gain":75.0,"event_name":"World of Goop","player_choice":"Gather Gold","floor":12.0,"gold_loss":0.0,"damage_taken":11.0}],"is_beta":false,"boss_relics":[{"not_picked":["Velvet Choker","ChewingGum"],"picked":"Replay:Bronze Core"}],"items_purged_floors":[],"is_endless":false,"potions_floor_spawned":[7,16,18],"killed_by":"theJungle:Cassacara","ascension_level":1}}