{"host":"rlecp7y56fma31cw","time":1612829680,"event":{"mods":["BaseMod","Block Reminder","Colored Map","Colored Powertips","Defective Defect","Googly Eyes","Minty Spire (QoL Compilation)","Quick Restart","Rare Cards Sparkle","Relic Stats","StSLib","SuperFastMode","The IronCluck","everything is the same but u backflip on backflip","slay the spire mod where everything is the same but ironclad has a cowboy hat"],"gold_per_floor":[115,65,75,75,49,49,81,81,81,156,156,172,199,216,216,312,312,282,282],"floor_reached":18,"language":"ENG","playtime":634,"items_purged":[],"score":204,"play_id":"0da6fdb1-94eb-462c-a9a0-e1f12d0de39d","local_time":"20210208191440","is_ascension_mode":true,"campfire_choices":[{"data":"Bash","floor":6,"key":"SMITH"},{"data":"Feed","floor":8,"key":"SMITH"},{"floor":11,"key":"REST"},{"data":"Clothesline","floor":15,"key":"SMITH"}],"circlet_count":0,"master_deck":["Strike_R","Strike_R","Strike_R","Strike_R","Defend_R","Defend_R","Defend_R","Defend_R","Bash+1","Limit Break","Rupture","Clothesline+1","Feed+1","Twin Strike","Pommel Strike","Immolate"],"relics":["Burning Blood","Regal Pillow","Red Skull","Pear","Shuriken","Runic Cube"],"acts_visited":["Exordium","TheCity"],"potions_floor_usage":[7,16],"damage_taken":[{"damage":4,"enemies":"2 Louse","floor":1,"turns":3},{"damage":6,"enemies":"Jaw Worm","floor":3,"turns":3},{"damage":5,"enemies":"Gremlin Nob","floor":7,"turns":4},{"damage":0,"enemies":"Small Slimes","floor":12,"turns":3},{"damage":29,"enemies":"Lagavulin","floor":13,"turns":7},{"damage":16,"enemies":"3 Louse","floor":14,"turns":3},{"damage":66,"enemies":"The Guardian","floor":16,"turns":12},{"damage":31,"enemies":"2 Thieves","floor":18,"turns":5}],"seed_played":"-6593073192518732799","potions_obtained":[{"floor":1,"key":"Fire Potion"},{"floor":12,"key":"PowerPotion"},{"floor":13,"key":"Strength Potion"},{"floor":14,"key":"LiquidBronze"}],"is_trial":false,"path_per_floor":["M","?","M","?","$","R","E","R","T","?","R","M","E","M","R","B",null,"M"],"character_chosen":"IRONCLAD","items_purchased":["Clothesline"],"campfire_rested":1,"item_purchase_floors":[5],"current_hp_per_floor":[58,58,58,46,46,46,47,47,57,46,88,94,75,69,69,13,106,81,81],"gold":282,"neow_bonus":"THREE_RARE_CARDS","is_daily":false,"chose_seed":false,"campfire_upgraded":3,"win_rate":0.0,"timestamp":1612829680,"path_taken":["M","?","M","?","?","R","E","R","T","?","R","M","E","M","R","BOSS","M"],"items_purchased_type":["Card"],"build_version":"2020-12-22","purchased_purges":0,"victory":false,"max_hp_per_floor":[80,80,80,80,80,80,80,80,90,90,90,94,98,102,102,106,106,106,106],"relic_stats":{"Regal Pillow":15,"counters":[8,40],"Shuriken":[4],"obtain_stats":[{"Regal Pillow":4,"Pear":9,"Shuriken":13,"Burning Blood":0,"Red Skull":7,"Runic Cube":17},{"Regal Pillow":2,"Pear":3,"Shuriken":5,"Burning Blood":0,"Red Skull":3,"Runic Cube":7},{"Regal Pillow":6,"Pear":10,"Shuriken":20,"Burning Blood":0,"Red Skull":10,"Runic Cube":35}],"Burning Blood":44,"Runic Cube":[5]},"card_choices":[{"not_picked":["Exhume","Impervious"],"picked":"Limit Break","floor":0},{"not_picked":["Uppercut","Clothesline"],"picked":"Rupture","floor":1},{"not_picked":["Havoc","Seeing Red","Iron Wave"],"picked":"SKIP","floor":3},{"not_picked":["Body Slam","Cleave"],"picked":"Feed","floor":7},{"not_picked":["Sever Soul","Burning Pact"],"picked":"Twin Strike","floor":12},{"not_picked":["Blood for Blood","Iron Wave","Clash"],"picked":"SKIP","floor":13},{"not_picked":["Blood for Blood","Battle Trance"],"picked":"Pommel Strike","floor":14},{"not_picked":["Impervious","Exhume"],"picked":"Immolate","floor":16},{"not_picked":["Burning Pact","Headbutt","Evolve"],"picked":"SKIP","floor":18}],"player_experience":881543,"relics_obtained":[{"floor":7,"key":"Red Skull"},{"floor":9,"key":"Pear"},{"floor":13,"key":"Shuriken"}],"event_choices":[{"cards_removed":["Strike_R"],"damage_healed":0,"gold_gain":0,"player_choice":"Card Removal","damage_taken":0,"max_hp_gain":0,"max_hp_loss":0,"event_name":"The Cleric","floor":2,"gold_loss":50},{"damage_healed":0,"gold_gain":0,"player_choice":"Success","damage_taken":12,"relics_obtained":["Regal Pillow"],"max_hp_gain":0,"max_hp_loss":0,"event_name":"Scrap Ooze","floor":4,"gold_loss":0},{"damage_healed":0,"gold_gain":75,"player_choice":"Gather Gold","damage_taken":11,"max_hp_gain":0,"max_hp_loss":0,"event_name":"World of Goop","floor":10,"gold_loss":0}],"is_beta":false,"boss_relics":[{"not_picked":["Runic Dome","Pandora\u0027s Box"],"picked":"Runic Cube"}],"items_purged_floors":[],"is_endless":false,"potions_floor_spawned":[1,12,13,14],"killed_by":"2 Thieves","ascension_level":1}}