{"host":"m6aaltr68g9tvoay","time":1612846314,"event":{"mods":["AchievementEnabler","BaseMod","Colored Map","Downfall","Minty Spire (QoL Compilation)","Slay the Relics Exporter","StSLib"],"gold_per_floor":[99,119,138,73,89,89,89,107,107,107,107],"floor_reached":9,"language":"ENG","playtime":536,"items_purged":[],"score":82,"play_id":"3c1e5b8c-f9d1-4729-abf8-3322785ba4cc","local_time":"20210208205154","is_ascension_mode":true,"campfire_choices":[{"floor":1,"key":"RECALL"},{"floor":6,"key":"REST"}],"circlet_count":0,"master_deck":["AscendersBane","Slimebound:Strike_Slimebound","Slimebound:Strike_Slimebound","Slimebound:Strike_Slimebound","Slimebound:Tackle","Slimebound:Defend_Slimebound","Slimebound:Defend_Slimebound","Slimebound:Defend_Slimebound","Slimebound:Defend_Slimebound","Slimebound:Split","Slimebound:CorrosiveSpit","Secret Technique","Slimebound:GrowthPunch","Slimebound:RejuvenatingLick","Slimebound:HauntingLick","Slimebound:Prepare","Slimebound:LivingWall","Slimebound:SlimeSpikes"],"relics":["Slimebound:AbsorbEndCombat","Mango"],"acts_visited":["Exordium"],"potions_floor_usage":[],"damage_taken":[{"damage":3,"enemies":"Cultist","floor":2,"turns":4},{"damage":5,"enemies":"2 Louse","floor":3,"turns":3},{"damage":6,"enemies":"downfall:FleeingMerchant","floor":4,"turns":4},{"damage":9,"enemies":"Jaw Worm","floor":5,"turns":4},{"damage":13,"enemies":"Exordium Thugs","floor":8,"turns":6},{"damage":66,"enemies":"Gremlin Nob","floor":9,"turns":6}],"seed_played":"1261429805203077333","potions_obtained":[{"floor":2,"key":"Swift Potion"},{"floor":8,"key":"bronze:BurnAndBuffPotion"}],"is_trial":false,"path_per_floor":["R","M","M","$","M","R","T","M","E"],"character_chosen":"SLIMEBOUND","items_purchased":["Slimebound:Prepare"],"campfire_rested":1,"item_purchase_floors":[4],"current_hp_per_floor":[44,45,42,44,43,62,76,69,7,7,7],"gold":107,"neow_bonus":"RANDOM_COLORLESS_2","is_daily":false,"chose_seed":false,"campfire_upgraded":0,"win_rate":0.0,"timestamp":1612846314,"path_taken":["R","M","?","$","M","R","T","M","E"],"items_purchased_type":["Card"],"build_version":"2020-12-22","purchased_purges":0,"victory":false,"max_hp_per_floor":[65,65,65,65,65,65,79,79,79,79,79],"card_choices":[{"not_picked":["Violence","Thinking Ahead"],"picked":"Secret Technique","floor":0},{"not_picked":["Slimebound:LeechingTouch","Slimebound:AcidTongue"],"picked":"Slimebound:GrowthPunch","floor":2},{"not_picked":["Slimebound:Chomp","Slimebound:ViciousTackle"],"picked":"Slimebound:RejuvenatingLick","floor":3},{"not_picked":["Slimebound:ForwardTackle","Slimebound:Dissolve"],"picked":"Slimebound:HauntingLick","floor":4},{"not_picked":["Slimebound:GoopSpray","Slimebound:SlimeBrawl"],"picked":"Slimebound:LivingWall","floor":5},{"not_picked":["Slimebound:GoopSpray","Slimebound:HauntingLick"],"picked":"Slimebound:SlimeSpikes","floor":8}],"player_experience":1880721,"relics_obtained":[{"floor":7,"key":"Mango"}],"event_choices":[],"is_beta":false,"boss_relics":[],"items_purged_floors":[],"is_endless":false,"potions_floor_spawned":[2,8],"killed_by":"Gremlin Nob","ascension_level":11}}