{"host":"824exx23qlyrdtjz","time":1612900404,"event":{"mods":["BaseMod","Colored Map","Downfall","Minty Spire (QoL Compilation)","StSLib"],"gold_per_floor":[99,99,99,157,157,64,88,101,251,281,122,135,43,68,80,184,184,84,101,101,117,317,27,27,27,27,27],"floor_reached":25,"language":"ENG","playtime":1098,"items_purged":["bronze:Strike","downfall:Haunted"],"score":205,"play_id":"e8462f11-8380-4e30-b674-5e6c5effa175","local_time":"20210209145324","is_ascension_mode":false,"campfire_choices":[{"data":"bronze:Assembly","floor":1.0,"key":"SMITH"},{"floor":18,"key":"RECALL"}],"circlet_count":0,"master_deck":["bronze:Strike","bronze:Strike","bronze:Strike","bronze:Defend","bronze:Defend","bronze:Defend","bronze:Defend","bronze:Replicate","bronze:Goto","bronze:Assembly+1","bronze:Fortify","bronze:OilSpill","bronze:Frontload","bronze:Repair","bronze:Fortify","downfall:Icky","bronze:Safeguard","bronze:Repulsor","bronze:Boost","bronze:ChildClass","bronze:ItsAFeature","bronze:BronzeArmor","bronze:RecursiveStrike","bronze:OilSpill","bronze:Assembly","bronze:WhirlingStrike","bronze:OilSpill","bronze:Flail"],"relics":["bronze:BronzeCore","MealTicket","Orichalcum","Bronze Scales","HornCleat","Boot","Philosopher\u0027s Stone","downfall:HeartBlessingGreen","Membership Card","Bottled Flame"],"acts_visited":["Exordium","TheCity"],"potions_floor_usage":[23,25],"damage_taken":[{"damage":0.0,"enemies":"Cultist","floor":3.0,"turns":1.0},{"damage":56.0,"enemies":"3 Sentries","floor":4.0,"turns":9.0},{"damage":3.0,"enemies":"downfall:FleeingMerchant","floor":6.0,"turns":4.0},{"damage":2.0,"enemies":"2 Louse","floor":8.0,"turns":2.0},{"damage":24.0,"enemies":"Lagavulin","floor":10.0,"turns":7.0},{"damage":0.0,"enemies":"downfall:FleeingMerchant","floor":11.0,"turns":4.0},{"damage":6.0,"enemies":"Jaw Worm","floor":12.0,"turns":3.0},{"damage":0.0,"enemies":"downfall:FleeingMerchant","floor":13.0,"turns":4.0},{"damage":8.0,"enemies":"3 Sentries","floor":14.0,"turns":8.0},{"damage":0.0,"enemies":"Large Slime","floor":15.0,"turns":7.0},{"damage":52,"enemies":"WA_ARCHETYPE_RETAIN","floor":16,"turns":8},{"damage":6,"enemies":"Chosen","floor":19,"turns":5},{"damage":0,"enemies":"Shell Parasite","floor":21,"turns":3},{"damage":0,"enemies":"downfall:FleeingMerchant","floor":23,"turns":4},{"damage":73,"enemies":"Gremlin Leader","floor":25,"turns":6}],"seed_played":"-2853019758157220105","potions_obtained":[{"floor":8.0,"key":"champ:CounterPotion"},{"floor":10.0,"key":"LiquidBronze"},{"floor":12.0,"key":"champ:CounterPotion"},{"floor":14.0,"key":"bronze:BurnAndBuffPotion"},{"floor":21,"key":"Fire Potion"}],"is_trial":false,"path_per_floor":["R","?","M","?","T","$","T","M","?","E","$","M","$","E","M","B",null,"R","M","?","M","?","$","T","E"],"character_chosen":"THE_AUTOMATON","items_purchased":["bronze:Repair","bronze:Boost","bronze:BronzeArmor","Membership Card","bronze:Flail"],"campfire_rested":0,"item_purchase_floors":[6,11,13,23,23],"current_hp_per_floor":[70,70,70,14,14,26,26,31,31,14,36,37,59,58,65,18,70,70,64,64,70,70,70,70,0,0,0],"gold":27,"neow_bonus":"ONE_RANDOM_RARE_CARD","is_daily":false,"chose_seed":false,"campfire_upgraded":1,"win_rate":0.0,"timestamp":1612900404,"path_taken":["R","?","M","?","?","$","T","M","?","E","$","?","?","E","M","BOSS","R","M","?","M","?","$","T","E"],"items_purchased_type":["Card","Card","Card","Relic","Card"],"build_version":"2020-12-22","purchased_purges":2,"victory":false,"max_hp_per_floor":[70,70,70,70,70,70,70,70,70,70,70,70,70,70,70,70,70,70,70,70,70,70,70,70,70,70,70],"card_choices":[{"not_picked":["bronze:FineTuning","bronze:DelayedGuard"],"picked":"bronze:Fortify","floor":3.0},{"not_picked":["bronze:Overheat","bronze:BronzeArmor"],"picked":"bronze:OilSpill","floor":4.0},{"not_picked":["bronze:DelayedGuard","bronze:Constructor"],"picked":"bronze:Frontload","floor":6.0},{"not_picked":["bronze:DelayedGuard","bronze:Philosophize"],"picked":"bronze:Fortify","floor":8.0},{"not_picked":["bronze:Overload","bronze:FineTuning"],"picked":"bronze:Safeguard","floor":10.0},{"not_picked":["bronze:NullPointer","bronze:Allocate"],"picked":"bronze:Repulsor","floor":11.0},{"not_picked":["bronze:Branch","bronze:WhirlingStrike"],"picked":"bronze:ChildClass","floor":12.0},{"not_picked":["bronze:Turbo","bronze:MaxOutput"],"picked":"bronze:ItsAFeature","floor":13.0},{"not_picked":["bronze:MaxOutput","bronze:Terminator"],"picked":"bronze:RecursiveStrike","floor":14.0},{"not_picked":["bronze:Deprecate","bronze:Separator"],"picked":"bronze:OilSpill","floor":15.0},{"not_picked":["bronze:BurnOut","bronze:HyperBeam"],"picked":"bronze:Assembly","floor":16},{"not_picked":["bronze:Fortify","bronze:Shield","bronze:Deprecate"],"picked":"SKIP","floor":19},{"not_picked":["bronze:MaxOutput","bronze:CutThrough"],"picked":"bronze:OilSpill","floor":21},{"not_picked":["bronze:Overload","bronze:DelayedGuard","bronze:Separator"],"picked":"SKIP","floor":23}],"player_experience":203719,"relics_obtained":[{"floor":4.0,"key":"MealTicket"},{"floor":5.0,"key":"Orichalcum"},{"floor":7.0,"key":"Bronze Scales"},{"floor":10.0,"key":"HornCleat"},{"floor":14.0,"key":"Boot"},{"floor":24,"key":"Bottled Flame"}],"event_choices":[{"damage_healed":0,"gold_gain":0,"player_choice":"Read","damage_taken":0,"max_hp_gain":0,"max_hp_loss":0,"event_name":"The Library","floor":20,"gold_loss":0,"cards_obtained":["bronze:WhirlingStrike"]}],"is_beta":false,"boss_relics":[{"not_picked":["Velvet Choker","Coffee Dripper"],"picked":"Philosopher\u0027s Stone"}],"items_purged_floors":[11,23],"is_endless":false,"potions_floor_spawned":[8,10,12,14,21],"killed_by":"Gremlin Leader","ascension_level":0}}