{"host":"tml1x4ylw9tadh99","time":1612897156,"event":{"mods":["AchievementEnabler","Act Like it!","BaseMod","Bestiary","Colored Map","Colored Powertips","DeckTracker","Friendly Minions","GifTheSpireLib","Minty Spire (QoL Compilation)","Quick Restart","Random Character Button","Random Character Mod","Relic Stats","StSLib","Synergy Search"],"gold_per_floor":[116,116,133,208,133,162,175,210,237,247,422,433,433,433],"floor_reached":13,"language":"ENG","playtime":838,"items_purged":["Strike_P"],"score":120,"play_id":"1f4c9bd5-a1e7-4afc-9934-e3b74ea28b19","local_time":"20210209195916","is_ascension_mode":false,"campfire_choices":[],"circlet_count":0,"master_deck":["Strike_P","Strike_P","Strike_P","Defend_P","Defend_P","Defend_P","Eruption","Vigilance","Omniscience","ThirdEye","Doubt"],"relics":["PureWater","NeowsBlessing","Potion Belt","Anchor","Strawberry"],"acts_visited":["Exordium"],"potions_floor_usage":[8,8,10],"damage_taken":[{"damage":0,"enemies":"2 Louse","floor":1,"turns":1},{"damage":0,"enemies":"Cultist","floor":3,"turns":1},{"damage":0,"enemies":"Gremlin Nob","floor":6,"turns":1},{"damage":0,"enemies":"Jaw Worm","floor":7,"turns":3},{"damage":21,"enemies":"3 Sentries","floor":8,"turns":14},{"damage":0,"enemies":"Blue Slaver","floor":10,"turns":8},{"damage":27,"enemies":"2 Fungi Beasts","floor":12,"turns":5},{"damage":0,"enemies":"Lagavulin","floor":13,"turns":3}],"seed_played":"1605023235298589459","potions_obtained":[{"floor":6,"key":"Explosive Potion"},{"floor":7,"key":"StancePotion"},{"floor":8,"key":"DistilledChaos"}],"is_trial":false,"path_per_floor":["M","?","M","?","$","E","M","E","T","M","?","M","E"],"character_chosen":"WATCHER","items_purchased":[],"campfire_rested":0,"item_purchase_floors":[],"current_hp_per_floor":[72,72,72,61,61,61,61,40,47,47,47,20,20,20],"gold":433,"neow_bonus":"THREE_ENEMY_KILL","is_daily":false,"chose_seed":false,"campfire_upgraded":0,"win_rate":0.0,"timestamp":1612897156,"path_taken":["M","?","?","?","$","E","M","E","T","M","?","M","E"],"items_purchased_type":[],"build_version":"2020-12-22","purchased_purges":1,"victory":false,"max_hp_per_floor":[72,72,72,72,72,72,72,72,79,79,79,79,79,79],"relic_stats":{"counters":[8,36],"obtain_stats":[{"Potion Belt":6,"Anchor":8,"NeowsBlessing":0,"Strawberry":9,"PureWater":0},{"Potion Belt":3,"Anchor":5,"NeowsBlessing":0,"Strawberry":5,"PureWater":0},{"Potion Belt":3,"Anchor":20,"NeowsBlessing":0,"Strawberry":20,"PureWater":0}]},"card_choices":[{"not_picked":["JustLucky","EmptyBody","ForeignInfluence"],"picked":"SKIP","floor":1},{"not_picked":["Prostrate","Consecrate","Evaluate"],"picked":"SKIP","floor":3},{"not_picked":["Swivel","DeceiveReality"],"picked":"Omniscience","floor":6},{"not_picked":["Protect","ReachHeaven"],"picked":"ThirdEye","floor":7},{"not_picked":["Conclude","CarveReality","Prostrate"],"picked":"SKIP","floor":8},{"not_picked":["Nirvana","Halt","JustLucky"],"picked":"SKIP","floor":10},{"not_picked":["BattleHymn","EmptyBody","WheelKick"],"picked":"SKIP","floor":12}],"player_experience":45928,"relics_obtained":[{"floor":6,"key":"Potion Belt"},{"floor":8,"key":"Anchor"},{"floor":9,"key":"Strawberry"}],"event_choices":[{"cards_removed":["Defend_P"],"damage_healed":0,"gold_gain":0,"player_choice":"Offered Basic","damage_taken":0,"max_hp_gain":0,"max_hp_loss":0,"event_name":"Bonfire Elementals","floor":2,"gold_loss":0},{"damage_healed":0,"gold_gain":75,"player_choice":"Gather Gold","damage_taken":11,"max_hp_gain":0,"max_hp_loss":0,"event_name":"World of Goop","floor":4,"gold_loss":0},{"damage_healed":0,"gold_gain":175,"player_choice":"AGREE","damage_taken":0,"max_hp_gain":0,"max_hp_loss":0,"event_name":"Liars Game","floor":11,"gold_loss":0,"cards_obtained":["Doubt"]}],"is_beta":false,"boss_relics":[],"items_purged_floors":[5],"is_endless":false,"potions_floor_spawned":[6,7,8],"killed_by":"Lagavulin","ascension_level":0}}