{"host":"rolltorest","time":1612831179,"event":{"mods":["BaseMod","Minty Spire (QoL Compilation)","Relic Stats","Slay the Relics Exporter","StSLib"],"gold_per_floor":[117,28,28,52,71,71,115,130,130,153,191,211,211,211,211,300,300,313,313,334,259,283,321,321,339,362,412,412,412],"floor_reached":28,"language":"ENG","playtime":941,"items_purged":[],"score":600,"play_id":"1fd4a5de-8441-468a-84d9-613b5b8874b1","local_time":"20210208163939","is_ascension_mode":true,"campfire_choices":[{"data":"WheelKick","floor":6,"key":"SMITH"},{"floor":13,"key":"REST"},{"data":"Meditate","floor":15,"key":"SMITH"},{"data":"Ghostly","floor":24,"key":"SMITH"}],"circlet_count":0,"master_deck":["AscendersBane","Strike_P","Strike_P","Strike_P","Defend_P","Defend_P","Defend_P","Defend_P","Eruption","Vigilance","Consecrate","Meditate+1","WheelKick+1","FlyingSleeves","Swivel","FollowUp","WindmillStrike","BowlingBash","DevaForm","Ghostly+1","Ghostly","Ghostly","WheelKick","Conclude"],"relics":["VioletLotus","Golden Idol","Mercury Hourglass","Lizard Tail","Torii","StrikeDummy","Black Star","Ice Cream","Incense Burner","Ancient Tea Set"],"acts_visited":["Exordium","TheCity"],"potions_floor_usage":[11,12,20,22],"damage_taken":[{"damage":18,"enemies":"Small Slimes","floor":1,"turns":7},{"damage":6,"enemies":"Cultist","floor":4,"turns":5},{"damage":9,"enemies":"Jaw Worm","floor":5,"turns":3},{"damage":0,"enemies":"Gremlin Nob","floor":7,"turns":2},{"damage":3,"enemies":"Looter","floor":8,"turns":4},{"damage":9,"enemies":"Lots of Slimes","floor":10,"turns":3},{"damage":12,"enemies":"Lagavulin","floor":11,"turns":6},{"damage":1,"enemies":"3 Louse","floor":12,"turns":2},{"damage":17,"enemies":"The Guardian","floor":16,"turns":9},{"damage":0,"enemies":"Spheric Guardian","floor":18,"turns":2},{"damage":11,"enemies":"2 Thieves","floor":20,"turns":4},{"damage":24,"enemies":"Cultist and Chosen","floor":22,"turns":4},{"damage":0,"enemies":"Gremlin Leader","floor":23,"turns":6},{"damage":1,"enemies":"Centurion and Healer","floor":25,"turns":5},{"damage":0,"enemies":"Book of Stabbing","floor":28,"turns":2}],"seed_played":"-8225576652215543718","potions_obtained":[{"floor":1,"key":"Weak Potion"},{"floor":10,"key":"Strength Potion"},{"floor":12,"key":"Fire Potion"},{"floor":16,"key":"Regen Potion"},{"floor":22,"key":"Fruit Juice"}],"is_trial":false,"path_per_floor":["M","$","?","M","M","R","E","M","T","M","E","M","R","?","R","B",null,"M","?","M","?","M","E","R","M","T","?","E"],"character_chosen":"WATCHER","items_purchased":["Meditate"],"campfire_rested":1,"item_purchase_floors":[2],"current_hp_per_floor":[43,43,43,37,28,28,28,25,25,16,4,3,21,16,16,31,54,54,31,20,20,7,7,7,6,6,6,6,6],"gold":412,"neow_bonus":"BOSS_RELIC","is_daily":false,"chose_seed":false,"campfire_upgraded":3,"win_rate":0.0,"timestamp":1612831179,"path_taken":["M","$","?","M","M","R","E","M","T","M","E","M","R","?","R","BOSS","M","?","M","?","M","E","R","M","T","?","E"],"items_purchased_type":["Card"],"build_version":"2020-12-18","purchased_purges":0,"victory":false,"max_hp_per_floor":[68,68,62,62,62,62,62,62,62,62,62,62,62,62,62,62,62,62,31,31,31,31,31,31,31,31,31,31,31],"relic_stats":{"Lizard Tail":31,"Torii":13,"counters":[15,64],"Golden Idol":80,"VioletLotus":[7],"Black Star":1,"obtain_stats":[{"Ice Cream":23,"Lizard Tail":9,"Torii":11,"Golden Idol":3,"VioletLotus":0,"Black Star":17,"Incense Burner":23,"PureWater":0,"StrikeDummy":14,"Ancient Tea Set":26,"Mercury Hourglass":7},{"Ice Cream":13,"Lizard Tail":5,"Torii":7,"Golden Idol":1,"VioletLotus":0,"Black Star":9,"Incense Burner":13,"PureWater":0,"StrikeDummy":8,"Ancient Tea Set":14,"Mercury Hourglass":4},{"Ice Cream":57,"Lizard Tail":21,"Torii":30,"Golden Idol":7,"VioletLotus":0,"Black Star":41,"Incense Burner":57,"PureWater":0,"StrikeDummy":32,"Ancient Tea Set":62,"Mercury Hourglass":17}],"Mercury Hourglass":[189]},"card_choices":[{"not_picked":["Weave","Study"],"picked":"Consecrate","floor":1},{"not_picked":["SignatureMove","FlyingSleeves"],"picked":"WheelKick","floor":4},{"not_picked":["Crescendo","Evaluate"],"picked":"FlyingSleeves","floor":5},{"not_picked":["BattleHymn","Crescendo"],"picked":"Swivel","floor":7},{"not_picked":["Consecrate","EmptyBody"],"picked":"FollowUp","floor":8},{"not_picked":["DeceiveReality","ConjureBlade"],"picked":"WindmillStrike","floor":10},{"not_picked":["WaveOfTheHand","FollowUp"],"picked":"BowlingBash","floor":11},{"not_picked":["Fasting2","BowlingBash","EmptyBody"],"picked":"SKIP","floor":12},{"not_picked":["ConjureBlade","Devotion"],"picked":"DevaForm","floor":16},{"not_picked":["Prostrate","BattleHymn","CrushJoints"],"picked":"SKIP","floor":18},{"not_picked":["FollowUp","CarveReality"],"picked":"WheelKick","floor":20},{"not_picked":["Evaluate","CrushJoints","Worship"],"picked":"SKIP","floor":22},{"not_picked":["Nirvana","Alpha","BowlingBash"],"picked":"SKIP","floor":23},{"not_picked":["Consecrate","EmptyBody"],"picked":"Conclude","floor":25}],"player_experience":1926405,"relics_obtained":[{"floor":7,"key":"Mercury Hourglass"},{"floor":9,"key":"Lizard Tail"},{"floor":11,"key":"Torii"},{"floor":23,"key":"Ice Cream"},{"floor":23,"key":"Incense Burner"},{"floor":26,"key":"Ancient Tea Set"}],"event_choices":[{"damage_healed":0,"gold_gain":0,"player_choice":"Lose Max HP","damage_taken":0,"relics_obtained":["Golden Idol"],"max_hp_gain":0,"max_hp_loss":6,"event_name":"Golden Idol","floor":3,"gold_loss":0},{"damage_healed":0,"gold_gain":0,"player_choice":"Success","damage_taken":5,"relics_obtained":["StrikeDummy"],"max_hp_gain":0,"max_hp_loss":0,"event_name":"Scrap Ooze","floor":14,"gold_loss":0},{"damage_healed":0,"gold_gain":0,"player_choice":"Became a Ghost","damage_taken":0,"max_hp_gain":0,"max_hp_loss":31,"event_name":"Ghosts","floor":19,"gold_loss":0,"cards_obtained":["Ghostly","Ghostly","Ghostly"]},{"cards_removed":["Strike_P"],"damage_healed":0,"gold_gain":0,"player_choice":"Gave Gold","damage_taken":0,"max_hp_gain":0,"max_hp_loss":0,"event_name":"Beggar","floor":21,"gold_loss":75},{"damage_healed":0,"gold_gain":50,"player_choice":"Stole From Cult","damage_taken":0,"max_hp_gain":0,"max_hp_loss":0,"event_name":"Nest","floor":27,"gold_loss":0}],"is_beta":true,"boss_relics":[{"not_picked":["Coffee Dripper","Sozu"],"picked":"Black Star"}],"items_purged_floors":[],"is_endless":false,"potions_floor_spawned":[1,10,12,16,18,22],"killed_by":"Book of Stabbing","ascension_level":20}}