{"host":"n3yraofadl2d9nwo","time":1612887094,"event":{"mods":["BaseMod","Friendly Minions","Marisa????????","Minty Spire (QoL Compilation)","StSLib","The Animator"],"gold_per_floor":[112,45,57,57,67,99,99,22,22,37,37,56,56,91,91,193,193,213,233,253,29,39,64,64,74,74,105,138,153,153,180,180,284,309,334,51,75,90,90,90,149,165,191,259,259,284,299,310,310,322,322,322,582,590,590],"floor_reached":54,"language":"ENG","playtime":5927,"items_purged":["animator:Strike"],"score":818,"play_id":"66e3d169-363e-4226-b559-12da42b31786","local_time":"20210209171134","is_ascension_mode":false,"campfire_choices":[{"data":"animator:AcuraAkari","floor":7,"key":"SMITH"},{"data":"animator:PandorasActor","floor":11,"key":"SMITH"},{"data":"animator:Kaijin","floor":13,"key":"SMITH"},{"data":"animator:AcuraTooru","floor":15,"key":"SMITH"},{"data":"animator:Emonzaemon","floor":24,"key":"SMITH"},{"data":"animator:GazelDwargon","floor":32,"key":"SMITH"},{"floor":40,"key":"RECALL"},{"floor":45,"key":"REST"},{"floor":49,"key":"REST"},{"floor":52,"key":"REST"}],"circlet_count":0,"master_deck":["animator:Strike_HitsugiNoChaika","animator:Defend_HitsugiNoChaika","animator:Strike+1","animator:Defend","animator:Defend","animator:Defend","animator:AcuraAkari+1","animator:Gillette","animator:Emonzaemon","animator:AcuraTooru","animator:Ara","Decay","animator:PandorasActor","animator:Fredrika","animator:Kaijin","animator:Entoma+1","animator:Souei","animator:Hakurou","animator:Ainz","animator:Guy","animator:HighElfArcher","animator:Assassin","animator:Shuna","animator:Fredrika","animator:Chris","animator:GazelDwargon","animator:SilverFang","animator:Sebas","animator:Gilgamesh+1","animator:OrikoMikuni","animator:WinryRockbell","animator:Ara","animator:Tet","animator:PandorasActor","animator:Aqua"],"relics":["animator:TheWolleyCore","animator:AncientMedallion"],"acts_visited":["Exordium","TheCity","TheBeyond","TheEnding","EYB:TheUnnamedReign"],"potions_floor_usage":[10,33,33,33,33,33,50,50,50],"damage_taken":[{"damage":1,"enemies":"2 Louse","floor":1,"turns":3},{"damage":6,"enemies":"Cultist","floor":3,"turns":3},{"damage":10,"enemies":"Small Slimes","floor":5,"turns":3},{"damage":0,"enemies":"Exordium Wildlife","floor":6,"turns":2},{"damage":35,"enemies":"Gremlin Gang","floor":10,"turns":5},{"damage":3,"enemies":"Exordium Thugs","floor":12,"turns":6},{"damage":5,"enemies":"Gremlin Nob","floor":14,"turns":3},{"damage":25,"enemies":"Slime Boss","floor":16,"turns":8},{"damage":18,"enemies":"Spheric Guardian","floor":18,"turns":4},{"damage":2,"enemies":"Chosen","floor":19,"turns":4},{"damage":13,"enemies":"Shelled Parasite and Fungi","floor":20,"turns":7},{"damage":0,"enemies":"Snecko","floor":22,"turns":3},{"damage":0,"enemies":"Gremlin Leader","floor":23,"turns":6},{"damage":13,"enemies":"Snake Plant","floor":25,"turns":3},{"damage":4,"enemies":"animator:HornedBat","floor":27,"turns":9},{"damage":0,"enemies":"Masked Bandits","floor":28,"turns":4},{"damage":7,"enemies":"Centurion and Healer","floor":29,"turns":5},{"damage":0,"enemies":"3 Cultists","floor":31,"turns":6},{"damage":40,"enemies":"Collector","floor":33,"turns":9},{"damage":1,"enemies":"3 Darklings","floor":35,"turns":6},{"damage":0,"enemies":"3 Shapes","floor":37,"turns":5},{"damage":0,"enemies":"3 Darklings","floor":38,"turns":5},{"damage":59,"enemies":"Giant Head","floor":41,"turns":8},{"damage":2,"enemies":"Jaw Worm Horde","floor":42,"turns":5},{"damage":5,"enemies":"Reptomancer","floor":44,"turns":6},{"damage":0,"enemies":"Spire Growth","floor":47,"turns":5},{"damage":0,"enemies":"3 Darklings","floor":48,"turns":3},{"damage":83,"enemies":"Donu and Deca","floor":50,"turns":12},{"damage":108,"enemies":"animator:UNNAMED_HAT","floor":54,"turns":16}],"seed_played":"-1226754188292117839","potions_obtained":[{"floor":3,"key":"PowerPotion"},{"floor":12,"key":"ColorlessPotion"},{"floor":16,"key":"Strength Potion"},{"floor":19,"key":"AttackPotion"},{"floor":28,"key":"EntropicBrew"},{"floor":33,"key":"Weak Potion"},{"floor":35,"key":"Dexterity Potion"}],"is_trial":false,"path_per_floor":["M","$","M","?","M","M","R","$","T","M","R","M","R","E","R","B",null,"M","M","M","$","M","E","R","M","T","E","?","M","?","M","R","B",null,"M","$","M","M","?","R","E","M","T","E","R","T","M","M","R","B",null,"R","??","M"],"character_chosen":"THE_ANIMATOR","items_purchased":["animator:AcuraTooru","animator:Kaijin","Strawberry","Pantograph","animator:WinryRockbell"],"campfire_rested":3,"item_purchase_floors":[2,8,21,36,36],"current_hp_per_floor":[65,65,59,59,49,49,49,49,49,26,26,37,37,44,44,31,68,53,51,40,47,49,51,51,50,50,48,50,57,57,59,59,31,92,93,93,95,97,97,97,50,62,62,59,89,89,92,94,104,35,106,106,98,0,0],"gold":590,"neow_bonus":"REMOVE_CARD","is_daily":false,"chose_seed":false,"campfire_upgraded":6,"win_rate":0.0,"timestamp":1612887094,"path_taken":["M","$","M","?","M","?","R","$","T","?","R","M","R","E","R","BOSS","M","M","M","$","M","E","R","M","T","E","?","M","?","M","R","BOSS","M","$","M","M","?","R","E","?","T","E","R","?","M","M","R","BOSS","R","??","M"],"items_purchased_type":["Card","Card","Relic","Relic","Card"],"build_version":"2020-12-22","purchased_purges":1,"victory":false,"max_hp_per_floor":[66,66,66,66,66,66,66,66,66,66,66,68,68,68,68,68,68,71,71,73,80,82,84,84,84,84,86,88,90,90,92,92,92,92,94,94,96,98,98,98,98,100,100,102,102,102,102,104,104,106,106,106,98,98,98],"card_choices":[{"not_picked":["animator:TukaLunaMarceau","animator:Melzalgald"],"picked":"animator:Emonzaemon","floor":1},{"not_picked":["animator:Emonzaemon","animator:CowGirl"],"picked":"animator:Ara","floor":3},{"not_picked":["animator:ChlammyZell","animator:Jibril"],"picked":"animator:PandorasActor","floor":5},{"not_picked":["animator:Gillette","animator:Guy"],"picked":"animator:Fredrika","floor":6},{"not_picked":["animator:Priestess","animator:ChaikaBohdan"],"picked":"animator:Entoma","floor":10},{"not_picked":["animator:SilverFang","animator:Mitsuba"],"picked":"animator:Souei","floor":12},{"not_picked":["animator:Genos","animator:Father"],"picked":"animator:Hakurou","floor":14},{"not_picked":["animator:Wiz","animator:Gilgamesh"],"picked":"animator:Ainz","floor":16},{"not_picked":["animator:AcuraTooru","animator:ChaikaBohdan"],"picked":"animator:Guy","floor":18},{"not_picked":["animator:MaesHughes","animator:NagisaMomoe"],"picked":"animator:HighElfArcher","floor":19},{"not_picked":["animator:GazelDwargon","animator:MumenRider+1"],"picked":"animator:Assassin","floor":20},{"not_picked":["animator:Aisha","animator:Gluttony","animator:Sloth"],"picked":"SKIP","floor":22},{"not_picked":["animator:Millim","animator:Veldora"],"picked":"animator:Shuna","floor":23},{"not_picked":["animator:Spearman","animator:Yuuichirou"],"picked":"animator:Fredrika","floor":25},{"not_picked":["animator:Mitsuba","animator:Spearman"],"picked":"animator:Chris","floor":27},{"not_picked":["animator:TsurugaMeisai+1","animator:YaoHaDucy"],"picked":"animator:GazelDwargon","floor":28},{"not_picked":["animator:YunYun","animator:MetalKnight"],"picked":"animator:SilverFang+1","floor":29},{"not_picked":["animator:PandorasActor+1","animator:Entoma"],"picked":"animator:Sebas+1","floor":31},{"not_picked":["animator:HomuraAkemi+1","animator:GoblinSlayer"],"picked":"animator:Gilgamesh","floor":33},{"not_picked":["animator:KrulTepes+1","animator:NagisaMomoe+1"],"picked":"animator:OrikoMikuni+1","floor":35},{"not_picked":["animator:Shigure+1","animator:ShinjiMatou+1"],"picked":"animator:Ara","floor":37},{"not_picked":["animator:Guy+1","animator:Hitei"],"picked":"animator:Tet+1","floor":38},{"not_picked":["animator:Sebas+1","animator:Cocytus"],"picked":"animator:PandorasActor+1","floor":41},{"not_picked":["animator:Elsword","animator:Mitsurugi","animator:LizardPriest+1"],"picked":"SKIP","floor":42},{"not_picked":["animator:Spearman+1","animator:GazelDwargon"],"picked":"animator:Aqua+1","floor":44},{"not_picked":["animator:Souei+1","animator:Gillette+1"],"picked":"animator:Gilgamesh","floor":47},{"not_picked":["animator:Cocytus","animator:Demiurge+1"],"picked":"animator:Entoma","floor":48}],"player_experience":836673,"relics_obtained":[{"floor":9,"key":"Meat on the Bone"},{"floor":14,"key":"Bottled Lightning"},{"floor":23,"key":"White Beast Statue"},{"floor":26,"key":"Toxic Egg 2"},{"floor":27,"key":"HornCleat"},{"floor":28,"key":"Red Mask"},{"floor":41,"key":"Paper Crane"},{"floor":44,"key":"Nunchaku"},{"floor":46,"key":"Centennial Puzzle"},{"floor":53,"key":"animator:TheWolleyCore"},{"floor":53,"key":"animator:AncientMedallion"}],"event_choices":[{"damage_healed":0,"gold_gain":0,"player_choice":"Cursed","damage_taken":0,"max_hp_gain":0,"max_hp_loss":0,"event_name":"Wheel of Change","floor":4,"gold_loss":0,"cards_obtained":["Decay"]},{"damage_healed":0,"gold_gain":0,"player_choice":"Fought Bandits","damage_taken":0,"max_hp_gain":0,"max_hp_loss":0,"event_name":"Masked Bandits","floor":28,"gold_loss":0},{"damage_healed":0,"gold_gain":0,"player_choice":"Inject Mutagens","damage_taken":0,"relics_obtained":["MutagenicStrength"],"max_hp_gain":0,"max_hp_loss":0,"event_name":"Drug Dealer","floor":30,"gold_loss":0},{"damage_healed":0,"gold_gain":0,"player_choice":"Ignored","damage_taken":0,"max_hp_gain":0,"max_hp_loss":0,"event_name":"Transmorgrifier","floor":39,"gold_loss":0}],"is_beta":false,"boss_relics":[{"not_picked":["SacredBark","animator:VividPicture"],"picked":"animator:CursedBlade"},{"not_picked":["Tiny House","Astrolabe"],"picked":"Fusion Hammer"}],"items_purged_floors":[21],"is_endless":false,"potions_floor_spawned":[3,12,16,19,20,25,27,28,29,31,33,35,37,38,41,42,44,47,48],"killed_by":"animator:UNNAMED_HAT","ascension_level":0}}