{"host":"sxnl403xm2xmiyj1","time":1612848542,"event":{"mods":["AchievementEnabler","BaseMod","Colored Map","Keyboard Shortcuts","Minty Spire (QoL Compilation)","Quick Restart","StSLib","SuperFastMode"],"gold_per_floor":[365,290,304,20,32,69,69,106,106,148,174,200,200,200,200,280,280,306,327,352,332,357,357,379,419,443,463,2,52,81,123,123,123,123],"floor_reached":33,"language":"KOR","playtime":1022,"items_purged":["Strike_B"],"score":668,"play_id":"ada006fd-beea-4ee3-91f1-d7ac2c497da0","local_time":"20210209142902","is_ascension_mode":true,"campfire_choices":[{"floor":7.0,"key":"REST"},{"data":"Hologram","floor":13.0,"key":"SMITH"},{"data":"Zap","floor":15.0,"key":"SMITH"},{"data":"Self Repair","floor":23,"key":"SMITH"},{"data":"Capacitor","floor":32,"key":"SMITH"}],"circlet_count":0,"master_deck":["AscendersBane","Strike_B","Strike_B","Defend_B","Defend_B","Defend_B","Defend_B","Zap+1","Dualcast","Chill","Compile Driver","Compile Driver","Ball Lightning","Hologram+1","Gash","Self Repair+1","Coolheaded+1","Biased Cognition","Glacier","Barrage","White Noise","Force Field","Hologram","Chaos","Biased Cognition","Capacitor+1","Seek","White Noise","Static Discharge"],"relics":["Cracked Core","Mummified Hand","CeramicFish","HornCleat","Cables","Bag of Marbles","Coffee Dripper","Regal Pillow","Boot","Bronze Scales","Nunchaku"],"acts_visited":["Exordium","TheCity"],"potions_floor_usage":[25,25,25,33],"damage_taken":[{"damage":18.0,"enemies":"Small Slimes","floor":1.0,"turns":3.0},{"damage":7.0,"enemies":"Jaw Worm","floor":3.0,"turns":4.0},{"damage":1.0,"enemies":"Cultist","floor":5.0,"turns":3.0},{"damage":18.0,"enemies":"3 Sentries","floor":6.0,"turns":8.0},{"damage":9.0,"enemies":"Gremlin Nob","floor":8.0,"turns":3.0},{"damage":0.0,"enemies":"3 Sentries","floor":10.0,"turns":5.0},{"damage":2.0,"enemies":"2 Fungi Beasts","floor":11.0,"turns":3.0},{"damage":0.0,"enemies":"Gremlin Gang","floor":12.0,"turns":4.0},{"damage":28.0,"enemies":"Hexaghost","floor":16.0,"turns":9.0},{"damage":19.0,"enemies":"Shell Parasite","floor":18.0,"turns":3.0},{"damage":0.0,"enemies":"Chosen","floor":19.0,"turns":4.0},{"damage":4.0,"enemies":"Shelled Parasite and Fungi","floor":20.0,"turns":4.0},{"damage":0,"enemies":"Snake Plant","floor":22,"turns":4},{"damage":5,"enemies":"Centurion and Healer","floor":24,"turns":6},{"damage":26,"enemies":"Slavers","floor":25,"turns":9},{"damage":0,"enemies":"Snecko","floor":27,"turns":5},{"damage":0,"enemies":"Snake Plant","floor":30,"turns":3},{"damage":17,"enemies":"Book of Stabbing","floor":31,"turns":4},{"damage":57,"enemies":"Automaton","floor":33,"turns":8}],"seed_played":"284450556807316189","potions_obtained":[{"floor":1.0,"key":"DistilledChaos"},{"floor":3.0,"key":"Block Potion"},{"floor":6.0,"key":"DistilledChaos"},{"floor":8.0,"key":"AttackPotion"},{"floor":12.0,"key":"GamblersBrew"},{"floor":18.0,"key":"GamblersBrew"},{"floor":20,"key":"DuplicationPotion"},{"floor":21,"key":"EntropicBrew"},{"floor":27,"key":"Energy Potion"}],"is_trial":false,"path_per_floor":["M","?","M","$","M","E","R","E","T","E","M","M","R","?","R","B",null,"M","M","M","?","M","R","M","E","T","M","$","?","M","E","R","B"],"character_chosen":"DEFECT","items_purchased":["Mummified Hand","Capacitor","Bronze Scales","Seek"],"campfire_rested":1,"item_purchase_floors":[4,28,28,28],"current_hp_per_floor":[46,46,39,39,38,20,39,30,30,30,28,35,35,35,35,14,52,40,47,50,50,57,57,62,46,46,56,56,56,64,57,57,0,0],"gold":123,"neow_bonus":"TWO_FIFTY_GOLD","is_daily":false,"chose_seed":false,"campfire_upgraded":4,"win_rate":0.0,"timestamp":1612848542,"path_taken":["M","?","M","$","M","E","R","E","T","E","M","M","R","?","R","BOSS","M","?","M","?","M","R","M","E","T","?","$","?","M","E","R","BOSS"],"items_purchased_type":["Relic","Card","Relic","Card"],"build_version":"2020-12-22","purchased_purges":1,"victory":false,"max_hp_per_floor":[64,64,64,64,64,64,64,64,64,64,64,64,64,64,64,64,64,64,64,64,64,64,64,64,64,64,64,64,64,64,64,64,64,64],"card_choices":[{"not_picked":["Lockon","Turbo"],"picked":"Chill","floor":1.0},{"not_picked":["Sweeping Beam","Streamline"],"picked":"Compile Driver","floor":3.0},{"not_picked":["Steam","Stack"],"picked":"Compile Driver","floor":5.0},{"not_picked":["Leap","Reinforced Body"],"picked":"Ball Lightning","floor":6.0},{"not_picked":["All For One","Sweeping Beam"],"picked":"Hologram","floor":8.0},{"not_picked":["Reprogram","Steam"],"picked":"Gash","floor":10.0},{"not_picked":["Blizzard","Streamline"],"picked":"Self Repair","floor":11.0},{"not_picked":["Force Field","Undo"],"picked":"Coolheaded","floor":12.0},{"not_picked":["Core Surge","All For One"],"picked":"Biased Cognition","floor":16.0},{"not_picked":["Rebound","Beam Cell"],"picked":"Glacier","floor":18.0},{"not_picked":["Rebound","Ball Lightning"],"picked":"Barrage","floor":19.0},{"not_picked":["Reprogram","Ball Lightning"],"picked":"White Noise","floor":20},{"not_picked":["Leap+1","Compile Driver"],"picked":"Force Field","floor":22},{"not_picked":["Redo","Sweeping Beam+1"],"picked":"Hologram","floor":24},{"not_picked":["Tempest","Auto Shields"],"picked":"Chaos","floor":25},{"not_picked":["Coolheaded","Hologram"],"picked":"Biased Cognition","floor":27},{"not_picked":["Chill","Compile Driver"],"picked":"White Noise","floor":30},{"not_picked":["White Noise","Skim"],"picked":"Static Discharge","floor":31}],"player_experience":205256,"relics_obtained":[{"floor":6.0,"key":"CeramicFish"},{"floor":8.0,"key":"HornCleat"},{"floor":9.0,"key":"Cables"},{"floor":10.0,"key":"Bag of Marbles"},{"floor":25,"key":"Regal Pillow"},{"floor":26,"key":"Boot"},{"floor":31,"key":"Nunchaku"}],"event_choices":[{"cards_removed":["Strike_B"],"damage_healed":0.0,"max_hp_gain":0.0,"max_hp_loss":0.0,"gold_gain":0.0,"event_name":"The Cleric","player_choice":"Card Removal","floor":2.0,"gold_loss":75.0,"damage_taken":0.0},{"damage_healed":0.0,"max_hp_gain":0.0,"max_hp_loss":0.0,"gold_gain":0.0,"event_name":"Upgrade Shrine","player_choice":"Upgraded","floor":14.0,"gold_loss":0.0,"damage_taken":0.0,"cards_upgraded":["Coolheaded"]},{"damage_healed":0,"gold_gain":0,"player_choice":"Bought 1 Potion","damage_taken":0,"max_hp_gain":0,"max_hp_loss":0,"event_name":"The Woman in Blue","floor":21,"gold_loss":0},{"damage_healed":0,"gold_gain":50,"player_choice":"Pray","damage_taken":0,"max_hp_gain":0,"max_hp_loss":0,"event_name":"Golden Shrine","floor":29,"gold_loss":0}],"is_beta":false,"boss_relics":[{"not_picked":["SacredBark","Busted Crown"],"picked":"Coffee Dripper"}],"items_purged_floors":[28],"is_endless":false,"potions_floor_spawned":[1,3,6,8,12,18,20,22,27],"killed_by":"Automaton","ascension_level":20}}