{"host":"hcg1n1zeml53gytb","time":1612841846,"event":{"mods":["BaseMod","Better Third Choice","Colored Powertips","Displayed Cursed Tome","Hermit","Highlight Path","Minty Spire (QoL Compilation)","Quick Restart","Rare Cards Sparkle","Relic Stats","Replay The Spire","StSLib","The Cursed"],"gold_per_floor":[110,110,130,130,89,115,141,171,171],"floor_reached":8,"language":"ENG","playtime":220,"items_purged":["Decay"],"score":96,"play_id":"f084aeda-7ff1-44b4-b2ac-8d52dd92d10e","local_time":"20210208213726","is_ascension_mode":true,"campfire_choices":[],"circlet_count":0,"master_deck":["Strike_G","Strike_G","Strike_G","Strike_G","Defend_G","Defend_G","Defend_G","Defend_G","Defend_G","Survivor","Neutralize+1","Dagger Spray","Caltrops","PiercingWail","Masterful Stab","Escape Plan"],"relics":["Ring of the Snake","NeowsBlessing","ReplayTheSpireMod:CursedCoin","CeramicFish","Blood Vial"],"acts_visited":["Exordium"],"potions_floor_usage":[8],"damage_taken":[{"damage":0,"enemies":"Jaw Worm","floor":1,"turns":1},{"damage":0,"enemies":"Cultist","floor":3,"turns":1},{"damage":0,"enemies":"3 Sentries","floor":6,"turns":1},{"damage":0,"enemies":"2 Louse","floor":7,"turns":3},{"damage":31,"enemies":"Gremlin Nob","floor":8,"turns":4}],"seed_played":"9010371600169206059","potions_obtained":[{"floor":3,"key":"SkillPotion"}],"is_trial":false,"path_per_floor":["M","?","M","?","$","E","M","E"],"character_chosen":"THE_SILENT","items_purchased":["ReplayTheSpireMod:CursedCoin","PiercingWail","Masterful Stab"],"campfire_rested":0,"item_purchase_floors":[5,5,5],"current_hp_per_floor":[70,70,70,70,70,70,70,39,39],"gold":171,"neow_bonus":"THREE_ENEMY_KILL","is_daily":false,"chose_seed":false,"campfire_upgraded":0,"win_rate":0.0,"timestamp":1612841846,"path_taken":["M","?","?","?","$","E","M","E"],"items_purchased_type":["Relic","Card","Card"],"build_version":"2020-12-22","purchased_purges":1,"victory":false,"max_hp_per_floor":[70,70,70,70,70,70,70,70,70],"relic_stats":{"Blood Vial":0,"counters":[5,10],"CeramicFish":9,"obtain_stats":[{"Blood Vial":8,"NeowsBlessing":0,"ReplayTheSpireMod:CursedCoin":5,"CeramicFish":6,"Ring of the Snake":0},{"Blood Vial":5,"NeowsBlessing":0,"ReplayTheSpireMod:CursedCoin":2,"CeramicFish":3,"Ring of the Snake":0},{"Blood Vial":10,"NeowsBlessing":0,"ReplayTheSpireMod:CursedCoin":2,"CeramicFish":3,"Ring of the Snake":0}],"Ring of the Snake":[10]},"card_choices":[{"not_picked":["Riddle With Holes","Slice"],"picked":"Dagger Spray","floor":1},{"not_picked":["Fluid Movement","Prepared"],"picked":"Caltrops","floor":3},{"not_picked":["Masterful Stab","Slice","Riddle With Holes"],"picked":"SKIP","floor":6},{"not_picked":["PiercingWail","Caltrops"],"picked":"Escape Plan","floor":7}],"player_experience":515029,"relics_obtained":[{"floor":6,"key":"CeramicFish"},{"floor":8,"key":"Blood Vial"}],"event_choices":[{"damage_healed":0,"gold_gain":0,"player_choice":"Upgraded","damage_taken":0,"max_hp_gain":0,"max_hp_loss":0,"event_name":"Upgrade Shrine","floor":2,"gold_loss":0,"cards_upgraded":["Neutralize"]},{"cards_removed":["Strike_G"],"damage_healed":0,"gold_gain":0,"player_choice":"Offered Basic","damage_taken":0,"max_hp_gain":0,"max_hp_loss":0,"event_name":"Bonfire Elementals","floor":4,"gold_loss":0}],"is_beta":false,"boss_relics":[],"items_purged_floors":[5],"is_endless":false,"potions_floor_spawned":[3],"killed_by":"Gremlin Nob","ascension_level":1}}