{"host":"x5w9zppki4gdwvc7","time":1612903335,"event":{"mods":["AchievementEnabler","BaseMod","Colored Powertips","DeckTracker","Minty Spire (QoL Compilation)","SuperFastMode"],"gold_per_floor":[13,27,27,46,46,46,85,105,105,105,120,139,139,159,159,159,159],"floor_reached":16,"language":"ENG","playtime":442,"items_purged":[],"score":125,"play_id":"574108c9-97e3-4c16-91e4-2da7f7285a31","local_time":"20210209214215","is_ascension_mode":true,"campfire_choices":[{"data":"Streamline","floor":6,"key":"SMITH"},{"floor":10,"key":"REST"},{"floor":15,"key":"REST"}],"circlet_count":0,"master_deck":["Strike_B","Strike_B","Strike_B","Strike_B","Defend_B","Defend_B","Defend_B","Defend_B","Zap","Dualcast","The Bomb+1","Streamline+1","Beam Cell","Gash","Chill","Stack","Defragment+1","Reinforced Body"],"relics":["Cracked Core","Golden Idol","Question Card","Singing Bowl"],"acts_visited":["Exordium"],"potions_floor_usage":[16],"damage_taken":[{"damage":12,"enemies":"2 Louse","floor":1,"turns":4},{"damage":7,"enemies":"Small Slimes","floor":2,"turns":3},{"damage":11,"enemies":"Cultist","floor":4,"turns":4},{"damage":30,"enemies":"Lagavulin","floor":7,"turns":5},{"damage":2,"enemies":"3 Louse","floor":8,"turns":3},{"damage":8,"enemies":"Exordium Wildlife","floor":11,"turns":4},{"damage":16,"enemies":"Lots of Slimes","floor":12,"turns":4},{"damage":9,"enemies":"Looter","floor":14,"turns":2},{"damage":24,"enemies":"Slime Boss","floor":16,"turns":3}],"seed_played":"2681403961067830644","potions_obtained":[{"floor":1,"key":"Energy Potion"},{"floor":2,"key":"BlessingOfTheForge"},{"floor":11,"key":"Ancient Potion"}],"is_trial":false,"path_per_floor":["M","M","?","M","?","R","E","M","T","R","M","M","?","M","R","B"],"character_chosen":"DEFECT","items_purchased":[],"campfire_rested":2,"item_purchase_floors":[],"current_hp_per_floor":[63,56,56,45,45,45,15,13,13,33,27,11,11,2,23,0,0],"gold":159,"neow_bonus":"RANDOM_COLORLESS_2","is_daily":false,"chose_seed":false,"campfire_upgraded":1,"win_rate":0.0,"timestamp":1612903335,"path_taken":["M","M","?","M","?","R","E","M","T","R","?","M","?","M","R","BOSS"],"items_purchased_type":[],"build_version":"2020-12-22","purchased_purges":0,"victory":false,"max_hp_per_floor":[75,75,69,69,69,69,69,69,69,69,71,71,71,71,71,71,71],"card_choices":[{"not_picked":["Sadistic Nature","Violence"],"picked":"The Bomb","floor":0},{"not_picked":["Recycle","Redo"],"picked":"Streamline","floor":1},{"not_picked":["Barrage","Streamline"],"picked":"Beam Cell","floor":2},{"not_picked":["Fusion","Hologram"],"picked":"Gash","floor":4},{"not_picked":["Beam Cell","Steam Power"],"picked":"Chill","floor":7},{"not_picked":["Storm","Beam Cell","Fission"],"picked":"Stack","floor":8},{"not_picked":["Coolheaded","Conserve Battery","Ball Lightning","Steam"],"picked":"Singing Bowl","floor":11},{"not_picked":["Glacier","Beam Cell","Conserve Battery"],"picked":"Defragment","floor":12},{"not_picked":["Genetic Algorithm","Force Field","Conserve Battery"],"picked":"Reinforced Body","floor":14}],"player_experience":573662,"relics_obtained":[{"floor":7,"key":"Question Card"},{"floor":9,"key":"Singing Bowl"}],"event_choices":[{"damage_healed":0,"gold_gain":0,"player_choice":"Lose Max HP","damage_taken":0,"relics_obtained":["Golden Idol"],"max_hp_gain":0,"max_hp_loss":6,"event_name":"Golden Idol","floor":3,"gold_loss":0},{"damage_healed":0,"gold_gain":0,"player_choice":"Forge","damage_taken":0,"max_hp_gain":0,"max_hp_loss":0,"event_name":"Accursed Blacksmith","floor":5,"gold_loss":0,"cards_upgraded":["The Bomb"]},{"damage_healed":0,"gold_gain":0,"player_choice":"Grow","damage_taken":0,"max_hp_gain":0,"max_hp_loss":0,"event_name":"Living Wall","floor":13,"gold_loss":0,"cards_upgraded":["Defragment"]}],"is_beta":false,"boss_relics":[],"items_purged_floors":[],"is_endless":false,"potions_floor_spawned":[1,2,11,14],"killed_by":"Slime Boss","ascension_level":4}}