{"host":"zxkjcgzis4pm3za5","time":1612844197,"event":{"mods":["AchievementEnabler","BaseMod","Colored Map","Colored Powertips","Minty Spire (QoL Compilation)","Quick Restart","RNG Fix","Random Character Button","Relic Sorter","Relic Stats","StSLib"],"gold_per_floor":[113,123,198,198,83,83,115,145,218,218,232,245,245,574,574,649,649,664,664,285,299,314,314,314],"floor_reached":23,"language":"ENG","playtime":888,"items_purged":["Pain"],"score":437,"play_id":"7dec8d32-a92f-4a04-b0d7-a4f4fca2f634","local_time":"20210209094637","is_ascension_mode":true,"campfire_choices":[{"data":"Eruption","floor":6.0,"key":"SMITH"},{"floor":10.0,"key":"REST"},{"data":"Trip","floor":13.0,"key":"SMITH"},{"data":"WindmillStrike","floor":15.0,"key":"SMITH"}],"circlet_count":0,"master_deck":["AscendersBane","Strike_P","Strike_P","Strike_P","Strike_P","Defend_P","Defend_P","Defend_P","Defend_P","Eruption+1","Vigilance","Trip+1","EmptyBody","InnerPeace","FearNoEvil","Tantrum","ThirdEye","FollowUp","WindmillStrike+1","BowlingBash","Devotion","BattleHymn","SashWhip","Halt","Pray"],"relics":["PureWater","Calipers","Lizard Tail","Odd Mushroom","InkBottle","Old Coin","Cursed Key","WarpedTongs","Blue Candle"],"acts_visited":["Exordium","TheCity"],"potions_floor_usage":[23],"damage_taken":[{"damage":0.0,"enemies":"Cultist","floor":1.0,"turns":2.0},{"damage":0.0,"enemies":"Jaw Worm","floor":2.0,"turns":4.0},{"damage":15.0,"enemies":"Lagavulin","floor":7.0,"turns":7.0},{"damage":3.0,"enemies":"The Mushroom Lair","floor":8.0,"turns":3.0},{"damage":0.0,"enemies":"2 Louse","floor":11.0,"turns":2.0},{"damage":0.0,"enemies":"2 Fungi Beasts","floor":12.0,"turns":2.0},{"damage":4.0,"enemies":"Gremlin Nob","floor":14.0,"turns":3.0},{"damage":45.0,"enemies":"The Guardian","floor":16.0,"turns":12.0},{"damage":27.0,"enemies":"Shell Parasite","floor":18.0,"turns":3.0},{"damage":5.0,"enemies":"Chosen","floor":21.0,"turns":4.0},{"damage":0.0,"enemies":"3 Cultists","floor":22.0,"turns":4.0},{"damage":25,"enemies":"Book of Stabbing","floor":23,"turns":5}],"seed_played":"-4998604289300423484","potions_obtained":[{"floor":1.0,"key":"AttackPotion"},{"floor":8.0,"key":"SteroidPotion"},{"floor":16.0,"key":"Fire Potion"},{"floor":22.0,"key":"Weak Potion"}],"is_trial":false,"path_per_floor":["M","M","?","?","$","R","E","?","T","R","M","M","R","E","R","B",null,"M","?","$","M","M","E"],"character_chosen":"WATCHER","items_purchased":["FearNoEvil","Tantrum","Blue Candle","SashWhip"],"campfire_rested":1,"item_purchase_floors":[5,5,20,20],"current_hp_per_floor":[61,61,50,32,32,32,17,14,14,34,34,34,34,30,30,22,57,30,30,30,25,25,0,0],"gold":314,"neow_bonus":"RANDOM_COLORLESS","is_daily":false,"chose_seed":false,"campfire_upgraded":3,"win_rate":0.0,"timestamp":1612844197,"path_taken":["M","M","?","?","$","R","E","?","T","R","?","M","R","E","R","BOSS","M","?","$","?","M","E"],"items_purchased_type":["Card","Card","Relic","Card"],"build_version":"2020-12-22","purchased_purges":1,"victory":false,"max_hp_per_floor":[68,68,68,68,68,68,68,68,68,68,68,68,68,68,68,68,68,68,68,68,68,68,68,68],"relic_stats":{"Lizard Tail":34,"counters":[12,51],"Blue Candle":[0],"Cursed Key":0,"obtain_stats":[{"Lizard Tail":7,"Calipers":4,"Blue Candle":20,"PureWater":0,"Odd Mushroom":8,"Cursed Key":17,"InkBottle":9,"Old Coin":14,"WarpedTongs":19},{"Lizard Tail":3,"Calipers":2,"Blue Candle":9,"PureWater":0,"Odd Mushroom":4,"Cursed Key":8,"InkBottle":4,"Old Coin":7,"WarpedTongs":9},{"Lizard Tail":13,"Calipers":6,"Blue Candle":38,"PureWater":0,"Odd Mushroom":16,"Cursed Key":35,"InkBottle":16,"Old Coin":23,"WarpedTongs":38}],"InkBottle":[12],"WarpedTongs":[13]},"card_choices":[{"not_picked":["Impatience","Forethought"],"picked":"Trip","floor":0.0},{"not_picked":["DeceiveReality","Indignation"],"picked":"EmptyBody","floor":1.0},{"not_picked":["SashWhip","Study"],"picked":"InnerPeace","floor":2.0},{"not_picked":["Evaluate","PathToVictory"],"picked":"ThirdEye","floor":7.0},{"not_picked":["SignatureMove","Protect"],"picked":"FollowUp","floor":8.0},{"not_picked":["Tantrum","Fasting2"],"picked":"WindmillStrike","floor":11.0},{"not_picked":["Collect","JustLucky"],"picked":"BowlingBash","floor":12.0},{"not_picked":["Fasting2","EmptyBody","Prostrate"],"picked":"SKIP","floor":14.0},{"not_picked":["Omniscience","MasterReality"],"picked":"Devotion","floor":16.0},{"not_picked":["ClearTheMind+1","Halt"],"picked":"BattleHymn","floor":18.0},{"not_picked":["SashWhip","ThirdEye"],"picked":"Halt","floor":21.0},{"not_picked":["Wireheading","ClearTheMind"],"picked":"Pray","floor":22.0}],"player_experience":339266,"relics_obtained":[{"floor":7.0,"key":"Lizard Tail"},{"floor":8.0,"key":"Odd Mushroom"},{"floor":9.0,"key":"InkBottle"},{"floor":14.0,"key":"Old Coin"}],"event_choices":[{"damage_healed":0.0,"max_hp_gain":0.0,"max_hp_loss":0.0,"gold_gain":75.0,"event_name":"World of Goop","player_choice":"Gather Gold","floor":3.0,"gold_loss":0.0,"damage_taken":11.0},{"damage_healed":0.0,"max_hp_gain":0.0,"max_hp_loss":0.0,"gold_gain":0.0,"event_name":"Scrap Ooze","player_choice":"Success","floor":4.0,"gold_loss":0.0,"damage_taken":18.0,"relics_obtained":["Calipers"]},{"damage_healed":0.0,"max_hp_gain":0.0,"max_hp_loss":0.0,"gold_gain":0.0,"event_name":"Mushrooms","player_choice":"Fought Mushrooms","floor":8.0,"gold_loss":0.0,"damage_taken":0.0},{"damage_healed":0.0,"max_hp_gain":0.0,"max_hp_loss":0.0,"gold_gain":0.0,"event_name":"Accursed Blacksmith","player_choice":"Rummage","floor":19.0,"gold_loss":0.0,"damage_taken":0.0,"relics_obtained":["WarpedTongs"],"cards_obtained":["Pain"]}],"is_beta":false,"boss_relics":[{"not_picked":["Empty Cage","Busted Crown"],"picked":"Cursed Key"}],"items_purged_floors":[20],"is_endless":false,"potions_floor_spawned":[1,8,16,18,22],"killed_by":"Book of Stabbing","ascension_level":19}}