{"host":"q0qnzbgdx8oqogg9","time":1612833392,"event":{"mods":["BaseMod","Minty Spire (QoL Compilation)","StSLib"],"gold_per_floor":[13,13,33,56,56,56,72,113,125,150,162,162],"floor_reached":11,"language":"ENG","playtime":277,"items_purged":[],"score":120,"play_id":"d043afaf-f767-497f-b8a0-e068e7349214","local_time":"20210208201632","is_ascension_mode":true,"campfire_choices":[{"data":"Zap","floor":6.0,"key":"SMITH"}],"circlet_count":0,"master_deck":["AscendersBane","Strike_B","Strike_B","Strike_B","Defend_B","Defend_B","Defend_B","Zap+1","Dualcast","Genetic Algorithm","Streamline+1","Leap","Cold Snap","Defragment"],"relics":["Cracked Core","Golden Idol","MawBank"],"acts_visited":["Exordium"],"potions_floor_usage":[11],"damage_taken":[{"damage":5.0,"enemies":"Small Slimes","floor":1.0,"turns":3.0},{"damage":2.0,"enemies":"2 Louse","floor":3.0,"turns":3.0},{"damage":0.0,"enemies":"Cultist","floor":4.0,"turns":3.0},{"damage":0.0,"enemies":"3 Louse","floor":7.0,"turns":3.0},{"damage":17.0,"enemies":"Lagavulin","floor":8.0,"turns":6.0},{"damage":4.0,"enemies":"Looter","floor":10.0,"turns":3.0},{"damage":24,"enemies":"3 Sentries","floor":11,"turns":4}],"seed_played":"8359164300174782087","potions_obtained":[{"floor":4.0,"key":"Strength Potion"},{"floor":7.0,"key":"PotionOfCapacity"}],"is_trial":false,"path_per_floor":["M","?","M","M","?","R","M","E","T","M","E"],"character_chosen":"DEFECT","items_purchased":[],"campfire_rested":0,"item_purchase_floors":[],"current_hp_per_floor":[63,45,43,43,43,43,43,26,26,22,0,0],"gold":162,"neow_bonus":"REMOVE_TWO","is_daily":false,"chose_seed":false,"campfire_upgraded":1,"win_rate":0.0,"timestamp":1612833392,"path_taken":["M","?","M","M","?","R","M","E","T","M","E"],"items_purchased_type":[],"build_version":"2020-12-22","purchased_purges":0,"victory":false,"max_hp_per_floor":[75,75,75,75,75,75,75,75,75,75,75,75],"card_choices":[{"not_picked":["Beam Cell","Leap"],"picked":"Genetic Algorithm","floor":1.0},{"not_picked":["Tempest","Turbo"],"picked":"Streamline","floor":3.0},{"not_picked":["Sweeping Beam","Compile Driver"],"picked":"Leap","floor":4.0},{"not_picked":["Steam","Rebound"],"picked":"Cold Snap","floor":7.0},{"not_picked":["Barrage","Cold Snap","Recycle"],"picked":"SKIP","floor":8.0},{"not_picked":["Heatsinks","Stack"],"picked":"Defragment","floor":10.0}],"player_experience":349248,"relics_obtained":[{"floor":8.0,"key":"MawBank"}],"event_choices":[{"damage_healed":0.0,"max_hp_gain":0.0,"max_hp_loss":0.0,"gold_gain":0.0,"event_name":"Golden Idol","player_choice":"Take Damage","floor":2.0,"gold_loss":0.0,"damage_taken":18.0,"relics_obtained":["Golden Idol"]},{"damage_healed":0.0,"max_hp_gain":0.0,"max_hp_loss":0.0,"gold_gain":0.0,"event_name":"Living Wall","player_choice":"Grow","floor":5.0,"gold_loss":0.0,"damage_taken":0.0,"cards_upgraded":["Streamline"]}],"is_beta":false,"boss_relics":[],"items_purged_floors":[],"is_endless":false,"potions_floor_spawned":[4,7],"killed_by":"3 Sentries","ascension_level":12}}