{"host":"dh4nu8nelr2izibb","time":1612840944,"event":{"mods":["100% Spire Juice","BaseMod","Card Forge","Displayed Cursed Tome","HololiveMod","Marisa????????","Minty Spire (QoL Compilation)","Poor People Problems","Puzzle Mod","Quick Restart","Relic Filter","StSLib","The Marked","The Servant 0.9.4","WarShipGirlsR/????R mod","Yakumo Yukari mod"],"gold_per_floor":[12,31,44,61,61,61,74,106,106,106,121,141,169,199,199,277,277,290,187,205,205,221,253,253,271,271,300,300,300,313,341,341,413,413,432,485,504,521,185,218,93,53,100,100,117,137,156,181,181,181,181],"floor_reached":50,"language":"ENG","playtime":2189,"items_purged":["Strike_G","Strike_G","Strike_G"],"score":1352,"play_id":"1b45f5b6-4c3d-43d6-9411-f6f94924c935","local_time":"20210208222224","is_ascension_mode":true,"campfire_choices":[{"floor":6,"key":"REST"},{"data":"Apotheosis","floor":10,"key":"SMITH"},{"floor":15,"key":"REST"},{"floor":24,"key":"REST"},{"floor":29,"key":"REST"},{"data":"After Image","floor":32,"key":"SMITH"},{"data":"Footwork","floor":44,"key":"SMITH"},{"data":"Wraith Form v2","floor":49,"key":"SMITH"}],"circlet_count":0,"master_deck":["AscendersBane","Defend_G","Defend_G","Defend_G","Defend_G","Survivor","Neutralize+1","Apotheosis+1","Backflip","PiercingWail","All Out Attack","Blade Dance","Sucker Punch","Finisher","Cloak And Dagger","Flying Knee","Cloak And Dagger","Glass Knife","Leg Sweep","Cloak And Dagger","Riddle With Holes","Deflect","After Image+1","Cloak And Dagger","Terror","After Image","Skewer","Acrobatics","Backflip","Panache","Footwork+1","Adrenaline","Wraith Form v2+1","Blur+1","Blade Dance"],"relics":["Ring of the Serpent","Hammer of Thor","Seething Fire","Anvil of the Gods","Blood Vial","Shuriken","Omamori","Odd Mushroom","Hololive_Finger","Nunchaku","Eternal Feather","Du-Vu Doll","MutagenicStrength","Anchor","Centennial Puzzle","Ancient Tea Set","Mercury Hourglass"],"acts_visited":["Exordium","TheCity","TheBeyond"],"potions_floor_usage":[11,13,35,40,40,50,50],"damage_taken":[{"damage":4,"enemies":"2 Louse","floor":1,"turns":3},{"damage":0,"enemies":"Jaw Worm","floor":2,"turns":5},{"damage":2,"enemies":"Small Slimes","floor":3,"turns":5},{"damage":16,"enemies":"Exordium Wildlife","floor":4,"turns":6},{"damage":0,"enemies":"Looter","floor":7,"turns":4},{"damage":4,"enemies":"Lagavulin","floor":8,"turns":6},{"damage":0,"enemies":"Red Slaver","floor":11,"turns":3},{"damage":6,"enemies":"Large Slime","floor":12,"turns":4},{"damage":10,"enemies":"3 Sentries","floor":13,"turns":6},{"damage":5,"enemies":"The Mushroom Lair","floor":14,"turns":4},{"damage":0,"enemies":"Slime Boss","floor":16,"turns":5},{"damage":14,"enemies":"Shell Parasite","floor":18,"turns":4},{"damage":10,"enemies":"2 Thieves","floor":20,"turns":4},{"damage":0,"enemies":"Snake Plant","floor":22,"turns":3},{"damage":33,"enemies":"Slavers","floor":23,"turns":5},{"damage":8,"enemies":"Snecko","floor":25,"turns":7},{"damage":48,"enemies":"Book of Stabbing","floor":27,"turns":7},{"damage":0,"enemies":"Centurion and Healer","floor":30,"turns":6},{"damage":5,"enemies":"Slavers","floor":31,"turns":5},{"damage":39,"enemies":"Collector","floor":33,"turns":9},{"damage":0,"enemies":"3 Darklings","floor":35,"turns":6},{"damage":21,"enemies":"2 Orb Walkers","floor":36,"turns":5},{"damage":0,"enemies":"3 Shapes","floor":37,"turns":3},{"damage":0,"enemies":"Maw","floor":38,"turns":6},{"damage":6,"enemies":"Reptomancer","floor":40,"turns":4},{"damage":5,"enemies":"4 Shapes","floor":45,"turns":3},{"damage":0,"enemies":"Jaw Worm Horde","floor":46,"turns":3},{"damage":0,"enemies":"Writhing Mass","floor":47,"turns":5},{"damage":0,"enemies":"Nemesis","floor":48,"turns":7},{"damage":68,"enemies":"Time Eater","floor":50,"turns":11}],"seed_played":"-2609767886239355566","potions_obtained":[{"floor":1,"key":"FairyPotion"},{"floor":2,"key":"BlessingOfTheForge"},{"floor":8,"key":"Poison Potion"},{"floor":12,"key":"Explosive Potion"},{"floor":14,"key":"Ancient Potion"},{"floor":27,"key":"Energy Potion"},{"floor":36,"key":"AttackPotion"},{"floor":38,"key":"EntropicBrew"},{"floor":45,"key":"PanachePotion"}],"is_trial":false,"path_per_floor":["M","M","M","M","?","R","M","E","T","R","M","M","E","?","R","B",null,"M","$","M","?","M","E","R","M","T","E","?","R","M","E","R","B",null,"M","?","M","M","$","E","$","?","T","R","M","M","M","E","R","B"],"character_chosen":"THE_SILENT","items_purchased":["Cloak And Dagger","Panache","Footwork"],"campfire_rested":4,"item_purchase_floors":[19,39,39],"current_hp_per_floor":[55,55,53,37,37,56,56,52,52,52,54,50,42,39,58,60,65,52,52,44,44,46,15,34,28,28,4,4,38,40,37,52,15,53,55,36,38,40,40,36,36,36,36,54,51,53,55,57,66,0,0],"gold":181,"neow_bonus":"RANDOM_COLORLESS_2","is_daily":false,"chose_seed":false,"campfire_upgraded":4,"win_rate":0.0,"timestamp":1612840944,"path_taken":["M","M","M","M","?","R","M","E","T","R","M","M","E","?","R","BOSS","M","$","M","?","M","E","R","M","T","E","?","R","M","E","R","BOSS","M","?","M","M","$","E","$","?","T","R","M","M","M","E","R","BOSS"],"items_purchased_type":["Card","Card","Card"],"build_version":"2020-12-22","purchased_purges":3,"victory":false,"max_hp_per_floor":[66,66,66,66,66,66,66,66,66,66,66,66,66,66,66,66,66,66,66,66,66,66,66,66,66,66,66,66,66,66,66,66,66,66,66,66,66,66,66,66,66,66,66,66,66,66,66,66,66,66,66],"card_choices":[{"not_picked":["Mayhem","Chrysalis"],"picked":"Apotheosis","floor":0},{"not_picked":["PiercingWail","Deadly Poison"],"picked":"Backflip","floor":1},{"not_picked":["Underhanded Strike","Choke"],"picked":"PiercingWail","floor":2},{"not_picked":["Backstab","Well Laid Plans"],"picked":"All Out Attack","floor":3},{"not_picked":["Outmaneuver","Accuracy"],"picked":"Blade Dance","floor":4},{"not_picked":["Outmaneuver","Eviscerate"],"picked":"Sucker Punch","floor":7},{"not_picked":["Blade Dance","Expertise"],"picked":"Finisher","floor":8},{"not_picked":["Dagger Throw","Acrobatics"],"picked":"Cloak And Dagger","floor":11},{"not_picked":["Sucker Punch","Dagger Throw"],"picked":"Flying Knee","floor":12},{"not_picked":["Predator","Sucker Punch"],"picked":"Cloak And Dagger","floor":13},{"not_picked":["Die Die Die","Bullet Time"],"picked":"Glass Knife","floor":16},{"not_picked":["Quick Slash","Backstab"],"picked":"Leg Sweep","floor":18},{"not_picked":["Slice+1","Concentrate","Quick Slash"],"picked":"SKIP","floor":20},{"not_picked":["Reflex","Quick Slash"],"picked":"Deflect","floor":22},{"not_picked":["PiercingWail","Sucker Punch"],"picked":"After Image","floor":23},{"not_picked":["Dagger Spray+1","Infinite Blades"],"picked":"Cloak And Dagger","floor":25},{"not_picked":["PiercingWail","Catalyst"],"picked":"Terror","floor":27},{"not_picked":["Slice","PiercingWail","Sucker Punch"],"picked":"SKIP","floor":30},{"not_picked":["Choke","Underhanded Strike","Dagger Throw"],"picked":"SKIP","floor":31},{"not_picked":["Venomology","Die Die Die"],"picked":"After Image","floor":33},{"not_picked":["PiercingWail","Calculated Gamble","Cloak And Dagger"],"picked":"SKIP","floor":35},{"not_picked":["PiercingWail+1","Prepared"],"picked":"Skewer","floor":36},{"not_picked":["Underhanded Strike","Bane+1"],"picked":"Acrobatics","floor":37},{"not_picked":["Tactician+1","Distraction"],"picked":"Backflip","floor":38},{"not_picked":["Underhanded Strike","All Out Attack","Terror+1"],"picked":"SKIP","floor":40},{"not_picked":[],"picked":"Adrenaline","floor":42},{"not_picked":["Predator","Heel Hook","Sucker Punch"],"picked":"SKIP","floor":45},{"not_picked":["Dodge and Roll","Expertise"],"picked":"Wraith Form v2","floor":46},{"not_picked":["Poisoned Stab","PiercingWail+1"],"picked":"Blur+1","floor":47},{"not_picked":["Blur+1","Quick Slash"],"picked":"Blade Dance","floor":48}],"player_experience":1153733,"relics_obtained":[{"floor":8,"key":"Blood Vial"},{"floor":9,"key":"Shuriken"},{"floor":13,"key":"Omamori"},{"floor":14,"key":"Odd Mushroom"},{"floor":23,"key":"Nunchaku"},{"floor":26,"key":"Eternal Feather"},{"floor":27,"key":"Du-Vu Doll"},{"floor":31,"key":"Anchor"},{"floor":40,"key":"Centennial Puzzle"},{"floor":43,"key":"Ancient Tea Set"},{"floor":48,"key":"Mercury Hourglass"}],"event_choices":[{"damage_healed":0,"gold_gain":0,"player_choice":"Leave","damage_taken":0,"max_hp_gain":0,"max_hp_loss":0,"event_name":"The Cleric","floor":5,"gold_loss":0},{"damage_healed":0,"gold_gain":0,"player_choice":"Fought Mushrooms","damage_taken":0,"max_hp_gain":0,"max_hp_loss":0,"event_name":"Mushrooms","floor":14,"gold_loss":0},{"damage_healed":0,"gold_gain":0,"player_choice":"Read","damage_taken":0,"max_hp_gain":0,"max_hp_loss":0,"event_name":"The Library","floor":21,"gold_loss":0,"cards_obtained":["Riddle With Holes"]},{"damage_healed":0,"gold_gain":0,"player_choice":"Inject Mutagens","damage_taken":0,"relics_obtained":["MutagenicStrength"],"max_hp_gain":0,"max_hp_loss":0,"event_name":"Drug Dealer","floor":28,"gold_loss":0},{"damage_healed":0,"gold_gain":0,"player_choice":"Fight","damage_taken":0,"max_hp_gain":0,"max_hp_loss":0,"event_name":"Mysterious Sphere","floor":36,"gold_loss":0}],"is_beta":false,"boss_relics":[{"not_picked":["Philosopher\u0027s Stone","Hololive_TopUpMoneyS"],"picked":"Hololive_Finger"},{"not_picked":["Velvet Choker","Astrolabe"],"picked":"Ring of the Serpent"}],"items_purged_floors":[19,39,41],"is_endless":false,"potions_floor_spawned":[1,2,8,12,14,18,22,27,30,33,36,38,45,46,47],"killed_by":"Time Eater","ascension_level":20}}