{"host":"p9vmbvw2hh2n16dn","time":1612868332,"event":{"mods":["AchievementEnabler","BaseMod","Block Reminder","Minty Spire (QoL Compilation)","Relic Stats","SuperFastMode"],"gold_per_floor":[112,126,72,72,72,72,82,114,114,76,110,110,137,152,152,254,254,268,331,79,95,145,145,156,186,186,236,263,280,310,373,373,373,373],"floor_reached":33,"language":"ENG","playtime":1475,"items_purged":["Strike_B"],"score":479,"play_id":"0f6801b4-26a0-46a5-8ea8-65f33c83fcd4","local_time":"20210209115852","is_ascension_mode":true,"campfire_choices":[{"floor":12.0,"key":"REST"},{"data":"Defragment","floor":15.0,"key":"SMITH"},{"floor":23.0,"key":"REST"},{"floor":32.0,"key":"REST"}],"circlet_count":0,"master_deck":["Strike_B","Strike_B","Strike_B","Defend_B","Defend_B","Defend_B+1","Defend_B","Zap","Dualcast+1","Barrage","Rebound","Ball Lightning+1","Defragment+1","Sweeping Beam+1","Electrodynamics","Conserve Battery","Core Surge+1","Loop","Darkness","Reboot","Cold Snap+1","Undo","Cold Snap+1","Compile Driver+1","Core Surge+1"],"relics":["Cracked Core","NeowsBlessing","Molten Egg 2","SsserpentHead","Bronze Scales","Symbiotic Virus","PreservedInsect","Bag of Marbles","Black Star","Art of War","Prayer Wheel","Bag of Preparation","Gremlin Horn","Eternal Feather","Shuriken"],"acts_visited":["Exordium","TheCity"],"potions_floor_usage":[],"damage_taken":[{"damage":0.0,"enemies":"Small Slimes","floor":1.0,"turns":1.0},{"damage":0.0,"enemies":"2 Louse","floor":2.0,"turns":1.0},{"damage":0.0,"enemies":"Cultist","floor":7.0,"turns":1.0},{"damage":16.0,"enemies":"Gremlin Nob","floor":8.0,"turns":3.0},{"damage":10.0,"enemies":"Lagavulin","floor":11.0,"turns":5.0},{"damage":0.0,"enemies":"Gremlin Nob","floor":13.0,"turns":2.0},{"damage":0.0,"enemies":"Lots of Slimes","floor":14.0,"turns":1.0},{"damage":23.0,"enemies":"The Guardian","floor":16.0,"turns":6.0},{"damage":0.0,"enemies":"3 Byrds","floor":18.0,"turns":2.0},{"damage":15.0,"enemies":"Spheric Guardian","floor":19.0,"turns":4.0},{"damage":41.0,"enemies":"Centurion and Healer","floor":21.0,"turns":5.0},{"damage":18.0,"enemies":"Snecko","floor":24.0,"turns":4.0},{"damage":11.0,"enemies":"Gremlin Leader","floor":25.0,"turns":3.0},{"damage":19.0,"enemies":"Slavers","floor":28.0,"turns":2.0},{"damage":1.0,"enemies":"3 Cultists","floor":29.0,"turns":4.0},{"damage":0.0,"enemies":"Shelled Parasite and Fungi","floor":31.0,"turns":2.0},{"damage":61,"enemies":"Automaton","floor":33,"turns":6}],"seed_played":"1384265779791217413","potions_obtained":[{"floor":8.0,"key":"EssenceOfDarkness"},{"floor":11.0,"key":"LiquidMemories"},{"floor":13.0,"key":"AttackPotion"},{"floor":14.0,"key":"CultistPotion"},{"floor":16.0,"key":"LiquidBronze"},{"floor":18.0,"key":"PotionOfCapacity"},{"floor":25.0,"key":"AttackPotion"},{"floor":28.0,"key":"EssenceOfSteel"},{"floor":29.0,"key":"EntropicBrew"},{"floor":30.0,"key":"ColorlessPotion"}],"is_trial":false,"path_per_floor":["M","M","$","?","?","?","M","E","T","$","E","R","E","M","R","B",null,"M","M","$","M","?","R","M","E","T","?","E","M","?","M","R","B"],"character_chosen":"DEFECT","items_purchased":["Rebound","Defragment","Art of War","Loop"],"campfire_rested":3,"item_purchase_floors":[3,10,20,20],"current_hp_per_floor":[68,68,68,56,41,41,41,25,25,25,15,37,37,37,37,14,60,60,45,45,4,29,51,33,22,22,22,3,2,2,2,39,0,0],"gold":373,"neow_bonus":"THREE_ENEMY_KILL","is_daily":false,"chose_seed":false,"campfire_upgraded":1,"win_rate":0.0,"timestamp":1612868332,"path_taken":["M","M","$","?","?","?","M","E","T","$","E","R","E","M","R","BOSS","M","?","?","M","?","R","M","E","T","?","E","M","?","?","R","BOSS"],"items_purchased_type":["Card","Card","Relic","Card"],"build_version":"2020-12-22","purchased_purges":1,"victory":false,"max_hp_per_floor":[75,75,75,75,75,75,75,75,75,75,75,75,75,75,75,75,75,75,75,75,75,75,75,75,75,75,75,75,75,75,75,75,75,75],"relic_stats":{"SsserpentHead":300,"Gremlin Horn":[7,7],"counters":[17,52],"Shuriken":[3],"Bronze Scales":[121],"Prayer Wheel":2,"Eternal Feather":15,"PreservedInsect":112,"Black Star":2,"Art of War":[4],"Bag of Preparation":[8],"obtain_stats":[{"NeowsBlessing":0,"Gremlin Horn":26,"Eternal Feather":28,"PreservedInsect":11,"Bag of Preparation":25,"SsserpentHead":6,"Shuriken":28,"Bronze Scales":8,"Molten Egg 2":4,"Prayer Wheel":25,"Bag of Marbles":13,"Black Star":17,"Art of War":20,"Cracked Core":0,"Symbiotic Virus":9},{"NeowsBlessing":0,"Gremlin Horn":13,"Eternal Feather":14,"PreservedInsect":5,"Bag of Preparation":13,"SsserpentHead":2,"Shuriken":14,"Bronze Scales":4,"Molten Egg 2":2,"Prayer Wheel":13,"Bag of Marbles":6,"Black Star":8,"Art of War":10,"Cracked Core":0,"Symbiotic Virus":4},{"NeowsBlessing":0,"Gremlin Horn":38,"Eternal Feather":40,"PreservedInsect":11,"Bag of Preparation":38,"SsserpentHead":2,"Shuriken":40,"Bronze Scales":6,"Molten Egg 2":2,"Prayer Wheel":38,"Bag of Marbles":13,"Black Star":20,"Art of War":26,"Cracked Core":0,"Symbiotic Virus":6}]},"card_choices":[{"not_picked":["Redo","Coolheaded","Hologram"],"picked":"SKIP","floor":1.0},{"not_picked":["Gash","Turbo"],"picked":"Barrage","floor":2.0},{"not_picked":["Amplify","Compile Driver+1"],"picked":"Ball Lightning+1","floor":7.0},{"not_picked":["Gash+1","Force Field","Go for the Eyes+1"],"picked":"SKIP","floor":8.0},{"not_picked":["Beam Cell+1","Coolheaded"],"picked":"Sweeping Beam+1","floor":11.0},{"not_picked":["Steam","Chill"],"picked":"Electrodynamics","floor":13.0},{"not_picked":["Redo","Scrape+1"],"picked":"Conserve Battery","floor":14.0},{"not_picked":["Meteor Strike+1","All For One+1"],"picked":"Core Surge+1","floor":16.0},{"not_picked":["Double Energy","Stack","Coolheaded"],"picked":"SKIP","floor":18.0},{"not_picked":["Genetic Algorithm","Hologram","Rip and Tear+1"],"picked":"SKIP","floor":19.0},{"not_picked":["Leap","Scrape+1"],"picked":"Darkness","floor":21.0},{"not_picked":["Steam Power","FTL+1"],"picked":"Reboot","floor":24.0},{"not_picked":["Reprogram","Fusion"],"picked":"Cold Snap+1","floor":25.0},{"not_picked":["Scrape+1","All For One+1"],"picked":"Undo","floor":28.0},{"not_picked":["Stack","Steam Power"],"picked":"Cold Snap+1","floor":29.0},{"not_picked":["Steam Power","Turbo","Barrage+1"],"picked":"SKIP","floor":29.0},{"not_picked":["Chaos","Redo"],"picked":"Compile Driver+1","floor":31.0},{"not_picked":["Hologram","Sweeping Beam+1"],"picked":"Core Surge+1","floor":31.0}],"player_experience":310782,"relics_obtained":[{"floor":8.0,"key":"Bronze Scales"},{"floor":9.0,"key":"Symbiotic Virus"},{"floor":11.0,"key":"PreservedInsect"},{"floor":13.0,"key":"Bag of Marbles"},{"floor":25.0,"key":"Prayer Wheel"},{"floor":25.0,"key":"Bag of Preparation"},{"floor":26.0,"key":"Gremlin Horn"},{"floor":28.0,"key":"Eternal Feather"},{"floor":28.0,"key":"Shuriken"}],"event_choices":[{"damage_healed":0.0,"max_hp_gain":0.0,"max_hp_loss":0.0,"gold_gain":0.0,"event_name":"Scrap Ooze","player_choice":"Success","floor":4.0,"gold_loss":0.0,"damage_taken":12.0,"relics_obtained":["Molten Egg 2"]},{"damage_healed":0.0,"max_hp_gain":0.0,"max_hp_loss":0.0,"gold_gain":0.0,"event_name":"Shining Light","player_choice":"Entered Light","floor":5.0,"gold_loss":0.0,"damage_taken":15.0,"cards_upgraded":["Defend_B","Dualcast"]},{"damage_healed":0.0,"max_hp_gain":0.0,"max_hp_loss":0.0,"gold_gain":0.0,"event_name":"FaceTrader","player_choice":"Trade","floor":6.0,"gold_loss":0.0,"damage_taken":0.0,"relics_obtained":["SsserpentHead"]},{"damage_healed":25.0,"max_hp_gain":0.0,"max_hp_loss":0.0,"gold_gain":0.0,"event_name":"The Library","player_choice":"Heal","floor":22.0,"gold_loss":0.0,"damage_taken":0.0},{"damage_healed":0.0,"max_hp_gain":0.0,"max_hp_loss":0.0,"gold_gain":0.0,"event_name":"Ghosts","player_choice":"Ignored","floor":27.0,"gold_loss":0.0,"damage_taken":0.0},{"damage_healed":0.0,"max_hp_gain":0.0,"max_hp_loss":0.0,"gold_gain":0.0,"event_name":"The Woman in Blue","player_choice":"Bought 1 Potion","floor":30.0,"gold_loss":0.0,"damage_taken":0.0}],"is_beta":false,"boss_relics":[{"not_picked":["Coffee Dripper","FrozenCore"],"picked":"Black Star"}],"items_purged_floors":[20],"is_endless":false,"potions_floor_spawned":[8,11,13,14,16,18,25,28,29],"killed_by":"Automaton","ascension_level":9}}