{"host":"btj53a7qlsawl9sy","time":1612846345,"event":{"mods":["100% Spire Juice","ATMod(∞¢Ë™Mod)","Act Like it!","Arknights","BaseMod","Better Vampires","Colored Powertips","Dota2Spire","Gensokyo","Luminous","Marisa£®ÏF”Í°°ƒß¿Ì…≥£©","Marked Mod","Minty Spire (QoL Compilation)","Quick Restart","Reimu£®≤©¿ˆ¡È√Œ£©","Relic Stats","Remilia£®¿Ÿ√◊¿Ú—«£©","Replay The Spire","Spicy Shops","StSLib","The Administrix","The Servant 0.9.4","Yakumo Yukari mod","Youmu£®ªÍ∆«—˝√Œ£©","Yuyuko","°æ“≈ŒÔø®≈∆°øREMEMod","≤–¡Ù÷ÆŒÔ"],"gold_per_floor":[161,173,173,173,183,183,217,24,24,36,36,53,64,164,164,261,261,271,287,302,313,27,27,53,53,53,53,152,179,5,18,18,114,114,125,137,137,152,164,199,214,234,310,310,342,342,35,49,49,49,49,49,11,38,38,38],"floor_reached":55,"language":"ZHS","playtime":3346,"items_purged":["Regret","Parasite"],"score":987,"play_id":"6889be7a-1151-481d-9bbd-b2a5fdbb5b22","local_time":"20210209125225","is_ascension_mode":true,"campfire_choices":[{"floor":6,"key":"REST"},{"floor":15,"key":"REST"},{"floor":23,"key":"REST"},{"floor":25,"key":"RECALL"},{"data":"AT_EmpoweredMortalDraw","floor":27,"key":"SMITH"},{"floor":32,"key":"REST"},{"floor":44,"key":"REST"},{"data":"Hemogenesis","floor":46,"key":"SMITH"},{"data":"Perfected Strike","floor":52,"key":"SMITH"}],"circlet_count":0,"master_deck":["Strike_R","Strike_R","Strike_R+1","Defend_R","Defend_R","Defend_R+1","Defend_R","Bash","Perfected Strike","Infernal Blade","Perfected Strike+1","ReplayTheSpireMod:Splinters","Bloodletting","Iron Wave","AT_EmpoweredMortalDraw+1","Body Slam","Shrug It Off","Hemokinesis","Hemogenesis+1","CurseOfTheBell","Clash","Massacre+1","True Grit","Sword Boomerang+1","Pummel","Sword Boomerang+1","Twin Strike","Seeing Red","Evolve","True Grit","AT_FamilyPortrait","Iron Wave","Feed+1","Twin Strike","Heavy Blade+1","Spot Weakness","Sword Boomerang+1","Sword Boomerang+1","True Grit","Uppercut","Defy Death+1","ReplayTheSpireMod:Muscle Training","Hemogenesis","Rampage+1","Reckless Charge","AT_EmpoweredMortalDraw","Shrug It Off+1"],"relics":["AT_ATBox","REME_ComplimentaryCards","Tiny House","Ring of Hypnosis","Ring of Fury","FossilizedHelix","AT_TimeSand","Calling Bell","Oddly Smooth Stone","REME_HourglassOfDeath","Replay:PocketPolymizer","Membership Card","AT_ArchangelStaff","Regal Pillow","PlaceholderMod:DeVermisMysteriis","Dota2Spire:Mjollnir","Thread and Needle","Ginger","BargainBundle","Potion Belt","Dota2Spire:Bloodstone","Sundial","Quantum Egg","Orichalcum","Dota2Spire:ShivaGuard","AT_BellowingDragoncrestRing","Lee\u0027s Waffle","Pen Nib"],"acts_visited":["Exordium","TheCity","TheBeyond","TheEnding"],"potions_floor_usage":[7,19,29,30,33,41,41,42,55],"damage_taken":[{"damage":8,"enemies":"Small Slimes","floor":1,"turns":3},{"damage":0,"enemies":"2 Louse","floor":2,"turns":2},{"damage":2,"enemies":"Jaw Worm","floor":5,"turns":2},{"damage":9,"enemies":"3 Sentries","floor":7,"turns":6},{"damage":0,"enemies":"3 Louse","floor":10,"turns":2},{"damage":12,"enemies":"Gremlin Gang","floor":12,"turns":2},{"damage":4,"enemies":"Exordium Wildlife","floor":13,"turns":4},{"damage":52,"enemies":"The Guardian","floor":16,"turns":8},{"damage":8,"enemies":"Shell Parasite","floor":18,"turns":5},{"damage":10,"enemies":"3 Byrds","floor":19,"turns":4},{"damage":10,"enemies":"Snecko","floor":20,"turns":4},{"damage":6,"enemies":"Cultist and Chosen","floor":21,"turns":5},{"damage":5,"enemies":"Gremlin Leader","floor":24,"turns":7},{"damage":0,"enemies":"Slavers","floor":29,"turns":1},{"damage":14,"enemies":"Centurion and Healer","floor":31,"turns":3},{"damage":19,"enemies":"Collector","floor":33,"turns":6},{"damage":2,"enemies":"Orb Walker","floor":35,"turns":2},{"damage":0,"enemies":"3 Shapes","floor":36,"turns":2},{"damage":0,"enemies":"3 Darklings","floor":38,"turns":3},{"damage":11,"enemies":"Maw","floor":39,"turns":6},{"damage":43,"enemies":"Nemesis","floor":40,"turns":5},{"damage":23,"enemies":"Transient","floor":41,"turns":5},{"damage":10,"enemies":"Jaw Worm Horde","floor":42,"turns":2},{"damage":0,"enemies":"R_Hoarder","floor":45,"turns":7},{"damage":0,"enemies":"3 Darklings","floor":48,"turns":3},{"damage":24,"enemies":"Donu and Deca","floor":50,"turns":8},{"damage":26,"enemies":"Shield and Spear","floor":54,"turns":6},{"damage":98,"enemies":"The Heart","floor":55,"turns":5}],"seed_played":"-8220162949671227865","potions_obtained":[{"floor":0,"key":"Fire Potion"},{"floor":1,"key":"LifebloodPotion"},{"floor":12,"key":"Energy Potion"},{"floor":16,"key":"HeartOfIron"},{"floor":19,"key":"BloodPotion"},{"floor":21,"key":"Elixir"},{"floor":31,"key":"Milkshake"},{"floor":36,"key":"Adrenaline Potion"},{"floor":48,"key":"ZuzhouPotion:ReiMu"},{"floor":54,"key":"Adrenaline Potion"}],"is_trial":false,"path_per_floor":["M","M","?","?","M","R","E","$","T","M","?","M","M","?","R","B",null,"M","M","M","M","$","R","E","R","T","R","?","E","$","M","R","B",null,"M","M","?","M","M","E","M","M","T","R","E","R","$","M","R","B",null,"R","$","E","B"],"character_chosen":"IRONCLAD","items_purchased":["AT_EmpoweredMortalDraw","Membership Card","AT_ArchangelStaff","Regal Pillow","PlaceholderMod:DeVermisMysteriis","Ginger","BargainBundle","Twin Strike","Seeing Red","Evolve","True Grit","AT_FamilyPortrait","Potion Belt","REME_GoldPotion","Explosive Potion","GamblersBrew","Dota2Spire:ShivaGuard","AT_BellowingDragoncrestRing","Hemogenesis","Lee\u0027s Waffle"],"campfire_rested":5,"item_purchase_floors":[8,22,22,22,22,30,30,30,30,30,30,30,30,30,30,30,47,47,47,53],"current_hp_per_floor":[77,77,60,60,58,83,74,74,74,74,74,62,58,58,83,31,85,77,67,57,51,51,85,80,80,80,80,80,80,80,66,82,63,82,83,83,83,83,72,53,30,37,37,77,80,80,80,83,91,80,91,91,98,72,0,0],"gold":38,"neow_bonus":"BOSS_RELIC","is_daily":false,"chose_seed":false,"campfire_upgraded":3,"win_rate":0.0,"timestamp":1612846345,"path_taken":["M","M","?","?","M","R","E","?","T","M","?","M","M","?","R","BOSS","M","M","?","M","$","R","E","R","T","R","?","E","?","M","R","BOSS","M","M","?","?","M","E","M","M","T","R","E","R","$","M","R","BOSS","R","$","E","BOSS"],"items_purchased_type":["Card","Relic","Relic","Relic","Relic","Relic","Relic","Card","Card","Card","Card","Card","Relic","Potion","Potion","Potion","Relic","Relic","Card","Relic"],"build_version":"2020-12-22","purchased_purges":2,"victory":false,"max_hp_per_floor":[85,85,85,85,85,85,85,85,85,85,85,85,85,85,85,85,85,85,85,85,85,85,85,85,85,85,85,85,85,82,82,82,82,82,85,85,85,85,85,85,85,85,85,85,88,88,88,91,91,91,91,91,98,98,98,98],"relic_stats":{"Regal Pillow":24,"Lee\u0027s Waffle":7,"counters":[28,118],"Sundial":[0],"Pen Nib":[1],"Ginger":[8],"Orichalcum":[36],"obtain_stats":[{"Regal Pillow":22,"AT_ATBox":0,"Tiny House":0,"Replay:PocketPolymizer":17,"PlaceholderMod:DeVermisMysteriis":22,"AT_TimeSand":9,"Ginger":30,"AT_ArchangelStaff":22,"Burning Blood":0,"Sundial":40,"Dota2Spire:Mjollnir":24,"Potion Belt":30,"BargainBundle":30,"Lee\u0027s Waffle":53,"Ring of Hypnosis":4,"Quantum Egg":43,"Oddly Smooth Stone":17,"Thread and Needle":29,"Dota2Spire:ShivaGuard":47,"Dota2Spire:Bloodstone":34,"Pen Nib":54,"Orichalcum":45,"Calling Bell":17,"AT_BellowingDragoncrestRing":47,"REME_HourglassOfDeath":17,"Ring of Fury":4,"Membership Card":22,"FossilizedHelix":7,"REME_ComplimentaryCards":0},{"Regal Pillow":12,"AT_ATBox":0,"Tiny House":0,"Replay:PocketPolymizer":8,"PlaceholderMod:DeVermisMysteriis":12,"AT_TimeSand":4,"Ginger":14,"AT_ArchangelStaff":12,"Burning Blood":0,"Sundial":21,"Dota2Spire:Mjollnir":13,"Potion Belt":14,"BargainBundle":14,"Lee\u0027s Waffle":26,"Ring of Hypnosis":2,"Quantum Egg":23,"Oddly Smooth Stone":8,"Thread and Needle":14,"Dota2Spire:ShivaGuard":24,"Dota2Spire:Bloodstone":16,"Pen Nib":27,"Orichalcum":24,"Calling Bell":8,"AT_BellowingDragoncrestRing":24,"REME_HourglassOfDeath":8,"Ring of Fury":2,"Membership Card":12,"FossilizedHelix":4,"REME_ComplimentaryCards":0},{"Regal Pillow":47,"AT_ATBox":0,"Tiny House":0,"Replay:PocketPolymizer":29,"PlaceholderMod:DeVermisMysteriis":47,"AT_TimeSand":13,"Ginger":55,"AT_ArchangelStaff":47,"Burning Blood":0,"Sundial":82,"Dota2Spire:Mjollnir":54,"Potion Belt":55,"BargainBundle":55,"Lee\u0027s Waffle":107,"Ring of Hypnosis":5,"Quantum Egg":89,"Oddly Smooth Stone":29,"Thread and Needle":55,"Dota2Spire:ShivaGuard":96,"Dota2Spire:Bloodstone":64,"Pen Nib":113,"Orichalcum":96,"Calling Bell":29,"AT_BellowingDragoncrestRing":96,"REME_HourglassOfDeath":29,"Ring of Fury":5,"Membership Card":47,"FossilizedHelix":13,"REME_ComplimentaryCards":0}]},"card_choices":[{"not_picked":["Carnage","Heavy Blade"],"picked":"Perfected Strike","floor":0},{"not_picked":["AT_CaressingTears","Wild Strike"],"picked":"Infernal Blade","floor":1},{"not_picked":["Anger","Havoc"],"picked":"Perfected Strike","floor":2},{"not_picked":["Dark Embrace","ReplayTheSpireMod:Strike From Hell"],"picked":"Bloodletting","floor":5},{"not_picked":["Battle Trance","Second Wind"],"picked":"Iron Wave","floor":7},{"not_picked":["AT_GerminateFire","Dropkick"],"picked":"Body Slam","floor":10},{"not_picked":["Perfected Strike","Entrench"],"picked":"Shrug It Off","floor":12},{"not_picked":["Whirlwind","ReplayTheSpireMod:Strike From Hell"],"picked":"Hemokinesis","floor":13},{"not_picked":["Eclipse","REME_Fury"],"picked":"Hemogenesis","floor":16},{"not_picked":["Heavy Blade+1","Sever Soul"],"picked":"Clash","floor":18},{"not_picked":["Burning Pact","Reckless Charge"],"picked":"Massacre+1","floor":19},{"not_picked":["Havoc","Rampage"],"picked":"True Grit","floor":20},{"not_picked":["Flex","ReplayTheSpireMod:Strike From Hell"],"picked":"Sword Boomerang+1","floor":21},{"not_picked":["Clash","Fiend Fire"],"picked":"Pummel","floor":24},{"not_picked":["Dual Wield","ReplayReversal+1"],"picked":"Sword Boomerang+1","floor":29},{"not_picked":["Wild Strike","Armaments"],"picked":"Iron Wave","floor":31},{"not_picked":["Barricade","AT_Dispersion"],"picked":"Feed","floor":33},{"not_picked":["AT_CaressingTears","Headbutt"],"picked":"Twin Strike","floor":35},{"not_picked":["Sentinel+1","Clothesline"],"picked":"Heavy Blade+1","floor":36},{"not_picked":["Heavy Blade+1","Warcry"],"picked":"Sword Boomerang+1","floor":38},{"not_picked":["Perfected Strike","Clash+1"],"picked":"Sword Boomerang+1","floor":39},{"not_picked":["Feel No Pain+1","Run Through"],"picked":"True Grit","floor":40},{"not_picked":["Intimidate","Headbutt"],"picked":"Uppercut","floor":41},{"not_picked":["Dropkick+1","Evolve"],"picked":"Defy Death+1","floor":42},{"not_picked":["ReplayTheSpireMod:Strike From Hell+1","Headbutt"],"picked":"ReplayTheSpireMod:Muscle Training","floor":45},{"not_picked":["Headbutt+1","Searing Blow+1"],"picked":"Rampage+1","floor":48},{"not_picked":["Thunderclap","Flex"],"picked":"Shrug It Off+1","floor":54}],"player_experience":150491,"relics_obtained":[{"floor":4,"key":"Ring of Hypnosis"},{"floor":4,"key":"Ring of Fury"},{"floor":7,"key":"FossilizedHelix"},{"floor":9,"key":"AT_TimeSand"},{"floor":17,"key":"Oddly Smooth Stone"},{"floor":17,"key":"REME_HourglassOfDeath"},{"floor":17,"key":"Replay:PocketPolymizer"},{"floor":24,"key":"Dota2Spire:Mjollnir"},{"floor":29,"key":"Thread and Needle"},{"floor":40,"key":"Sundial"},{"floor":43,"key":"Quantum Egg"},{"floor":45,"key":"Orichalcum"},{"floor":54,"key":"Pen Nib"}],"event_choices":[{"damage_healed":0,"gold_gain":0,"player_choice":"Entered Light","damage_taken":17,"max_hp_gain":0,"max_hp_loss":0,"event_name":"Shining Light","floor":3,"gold_loss":0,"cards_upgraded":["Defend_R","Strike_R"]},{"damage_healed":0,"gold_gain":0,"player_choice":"Leave","damage_taken":0,"max_hp_gain":0,"max_hp_loss":0,"event_name":"The Cleric","floor":11,"gold_loss":0},{"damage_healed":0,"gold_gain":100,"player_choice":"Pray","damage_taken":0,"max_hp_gain":0,"max_hp_loss":0,"event_name":"Golden Shrine","floor":14,"gold_loss":0},{"damage_healed":0,"gold_gain":99,"player_choice":"Stole From Cult","damage_taken":0,"max_hp_gain":0,"max_hp_loss":0,"event_name":"Nest","floor":28,"gold_loss":0},{"damage_healed":0,"gold_gain":0,"cards_transformed":["Strike_R"],"player_choice":"Transformed","damage_taken":0,"max_hp_gain":0,"max_hp_loss":0,"event_name":"Transmorgrifier","floor":37,"gold_loss":0,"cards_obtained":["Spot Weakness"]}],"is_beta":false,"boss_relics":[{"not_picked":["SacredBark","Replay:Wanted Poster"],"picked":"Calling Bell"},{"not_picked":["REME_ChargedStone","PlaceholderMod:LiveLive"],"picked":"Dota2Spire:Bloodstone"}],"items_purged_floors":[30,30],"is_endless":false,"potions_floor_spawned":[1,12,16,19,21,24,31,36,39,40,48,54],"killed_by":"The Heart","ascension_level":1}}