{"host":"95z455tvs39jqwbd","time":1612900653,"event":{"mods":["2.2 Compatiblity","Abigail Mod","AchievementEnabler","Act Like it!","Aspiration","Astrologer","BaseMod","Bestiary","Better Match","Better Third Choice","BetterRewards","Challenge The Spire","Colored Map","Conspire","Curses Come First","Custom Start","DeckTracker","Defuse TimeMaze Blight","Downfall","Duelist Mod","Ekko","Elementarium","Fox Events","Friendly Minions","GifTheSpireLib","Grow up Mod","Halation","Hallownest","Hermit","Hero for Fun","Hubris","Infinite Spire","JesterMod","Jorbs\u0027s Wanderer Trilogy","Kiyohime????","Luminous","Marisa????????","Mimic Mod","Minty Spire (QoL Compilation)","Pale of the Ancients","Permanent Neow","READ ME - Guardian Mod","Rare Cards Sparkle","Relic Stats","Reliquary","Remove Card Discount Mod","Replay The Spire","Shade Mod","Spicy Shops","Spikes Relics","Spire Arcade","StSLib","Stuff the Spire","SuperFastMode","The Administrix","The Awakened One except there are too many feathers","The Bladedancer","The Blue Laboratory","The Construct","The Cursed","The Death Knight","The Disciple","The Exalted","The Forsaken","The Hayseed","The Hierophant","The Judge","The Jungle","The Marked","The Mystic","The Necromancer","The Runesmith","The Servant 0.9.4","TheBandit","TheSwordswoman","Treasure Hunter","Uncapped","Unceasing Turn Reminder","Waifu the Spire","Yuyuko"],"gold_per_floor":[119,133,133,133,133,159,175,175,255,268,268,282,62,82,82,182,182,201,201,201,215,215,215,246,215,240,240,257,277,304,66,66,165,165,193,225,225,252,252,252],"floor_reached":39,"language":"ENG","playtime":1909,"items_purged":[],"score":703,"play_id":"c358c77a-f208-49ce-a4a3-ce5359047cfa","local_time":"20210209205733","is_ascension_mode":false,"campfire_choices":[{"floor":15,"key":"REST"},{"floor":23,"key":"REST"},{"data":"theMarked:ThrowWeapon","floor":32,"key":"SMITH"}],"circlet_count":0,"master_deck":["conspire:GhostlyDefend","conspire:GhostlyDefend","conspire:GhostlyDefend","theMarked:SoldierOfQuellstein","theMarked:Overcharge","theMarked:RepellingDischarge","TH:CursedSword+1","theMarked:ChannelForce+1","theMarked:ResourceFulStrike","TH:ElvenBoots","theMarked:Improvise","theMarked:ContemptForTheProud","theMarked:Levitate","TH:PixieDust","theMarked:Abjuration","theMarked:Aftermath","Bite+1","Bite+1","Bite+1","Bite+1","Bite+1","theMarked:ElectricStrings+1","theMarked:ElectricStrings+1","theMarked:Indomitable+1","TH:CopperCoins","StuffTheSpire:Deluminance","StuffTheSpire:Deluminance","StuffTheSpire:Deluminance","StuffTheSpire:Deluminance","StuffTheSpire:Deluminance","theMarked:Overcharge+1","theMarked:SwordAndMagic","TH:EnergyPotion","theMarked:ThrowWeapon+1","TH:CursedSword","theMarked:ThrowWeapon","theMarked:TheMission+1","theMarked:HeightenedSenses+1","theMarked:EmpowerWeapon+1"],"relics":["theMarked:ArtifactOfAir","reliquary:Stiletto","Gremlin Food","Thread and Needle","Gremlin Horn","conspire:Boomerang","Torii","aspiration:MobileForge","hubris:Icosahedron","Replay:Bottled Eggs","Replay:Bottled Flurry","Smiling Mask","StuffTheSpire:BlackoutCurse","Simple Rune","conspire:InfiniteJournal","reliquary:SilkGlove","infinitespire:EvilPickle","conspire:SeveredTorchhead","hubris:Towel"],"acts_visited":["Exordium","TheCity","Hallownest:KingdomsEdge"],"potions_floor_usage":[6,21,30,30,38],"damage_taken":[{"damage":19,"enemies":"infinitespire:Voidling","floor":1,"turns":5},{"damage":1,"enemies":"Jaw Worm","floor":2,"turns":3},{"damage":65,"enemies":"Lagavulin","floor":6,"turns":10},{"damage":0,"enemies":"2 Louse","floor":7,"turns":2},{"damage":9,"enemies":"Exordium Thugs","floor":10,"turns":5},{"damage":18,"enemies":"3 Louse","floor":12,"turns":5},{"damage":0,"enemies":"Large Slime","floor":14,"turns":2},{"damage":7,"enemies":"Slime Boss","floor":16,"turns":8},{"damage":17,"enemies":"Chosen","floor":18,"turns":6},{"damage":18,"enemies":"conspire:FuzzyDice","floor":21,"turns":4},{"damage":7,"enemies":"Cultist and Chosen","floor":24,"turns":6},{"damage":1,"enemies":"Cultist and Chosen","floor":25,"turns":6},{"damage":26,"enemies":"3 Cultists","floor":28,"turns":6},{"damage":13,"enemies":"Chosen and Byrds","floor":29,"turns":5},{"damage":124,"enemies":"Nightmare","floor":30,"turns":8},{"damage":14,"enemies":"Pondfish","floor":33,"turns":8},{"damage":215,"enemies":"Hallownest:3_Siblings","floor":35,"turns":12},{"damage":16,"enemies":"Hallownest:Shield_Heavy","floor":36,"turns":4},{"damage":132,"enemies":"Hallownest:monsterPrimalAspid","floor":38,"turns":6},{"damage":43,"enemies":"Hallownest:Slobbering_and_Violent","floor":39,"turns":3}],"seed_played":"-6411864265617144796","potions_obtained":[{"floor":1,"key":"LiquidMemories"},{"floor":7,"key":"Dexterity Potion"},{"floor":10,"key":"Elixir"},{"floor":11,"key":"CultistPotion"},{"floor":25,"key":"FearPotion"},{"floor":33,"key":"blueLaboratory:BottleOfVodka"},{"floor":38,"key":"SteroidPotion"}],"is_trial":false,"path_per_floor":["M","M","?","?","?","E","M","?","T","M","?","M","$","M","R","B",null,"M","?","?","M","?","R","MIM","M","T","?","M","M","NM","$","R","B",null,"M","M","?","M","M"],"character_chosen":"THE_DEFAULT","items_purchased":["conspire:Boomerang","Torii","conspire:InfiniteJournal","reliquary:SilkGlove"],"campfire_rested":2,"item_purchase_floors":[13,13,31,31],"current_hp_per_floor":[78,87,79,89,99,44,54,64,74,75,85,77,87,97,173,176,250,243,192,202,200,210,232,235,250,260,270,263,266,164,174,184,180,342,149,143,153,31,0,0],"gold":252,"neow_bonus":"RANDOM_COMMON_RELIC","is_daily":false,"chose_seed":false,"campfire_upgraded":1,"win_rate":0.0,"timestamp":1612900653,"path_taken":["M","?","?","?","?","E","M","?","T","?","?","M","$","M","R","BOSS","M","?","?","?","?","R","?","M","T","?","?","M","NM","$","R","BOSS","M","M","?","M","M"],"items_purchased_type":["Relic","Relic","Relic","Relic"],"build_version":"2020-12-22","purchased_purges":0,"victory":false,"max_hp_per_floor":[90,100,110,120,130,140,150,160,170,180,190,200,210,220,230,240,250,260,192,202,212,222,232,242,252,262,272,282,292,302,312,322,332,342,352,362,372,382,382,382],"relic_stats":{"Gremlin Horn":[16,16],"Torii":21,"counters":[20,113],"Smiling Mask":0,"obtain_stats":[{"Gremlin Food":3,"reliquary:SilkGlove":31,"Gremlin Horn":9,"Torii":13,"StuffTheSpire:BlackoutCurse":27,"Thread and Needle":6,"conspire:Boomerang":13,"hubris:Towel":37,"Smiling Mask":26,"conspire:InfiniteJournal":31,"infinitespire:EvilPickle":33,"conspire:SeveredTorchhead":34,"theMarked:ArtifactOfAir":0,"hubris:Icosahedron":20,"aspiration:MobileForge":17,"Simple Rune":30,"reliquary:Stiletto":0,"Replay:Bottled Flurry":24,"Replay:Bottled Eggs":22},{"Gremlin Food":2,"reliquary:SilkGlove":15,"Gremlin Horn":4,"Torii":6,"StuffTheSpire:BlackoutCurse":12,"Thread and Needle":3,"conspire:Boomerang":6,"hubris:Towel":18,"Smiling Mask":12,"conspire:InfiniteJournal":15,"infinitespire:EvilPickle":16,"conspire:SeveredTorchhead":16,"theMarked:ArtifactOfAir":0,"hubris:Icosahedron":9,"aspiration:MobileForge":8,"Simple Rune":15,"reliquary:Stiletto":0,"Replay:Bottled Flurry":11,"Replay:Bottled Eggs":10},{"Gremlin Food":8,"reliquary:SilkGlove":80,"Gremlin Horn":20,"Torii":30,"StuffTheSpire:BlackoutCurse":62,"Thread and Needle":18,"conspire:Boomerang":30,"hubris:Towel":104,"Smiling Mask":62,"conspire:InfiniteJournal":80,"infinitespire:EvilPickle":88,"conspire:SeveredTorchhead":88,"theMarked:ArtifactOfAir":0,"hubris:Icosahedron":46,"aspiration:MobileForge":40,"Simple Rune":80,"reliquary:Stiletto":0,"Replay:Bottled Flurry":56,"Replay:Bottled Eggs":50}]},"card_choices":[{"not_picked":["theMarked:Memento","theMarked:Static"],"picked":"theMarked:Overcharge","floor":1},{"not_picked":["theMarked:Seal","theMarked:SwordAndMagic"],"picked":"theMarked:RepellingDischarge","floor":2},{"not_picked":["TH:Mimic"],"picked":"TH:CursedSword","floor":6},{"not_picked":["theMarked:WardOff","theMarked:ChainLightning"],"picked":"theMarked:ChannelForce","floor":6},{"not_picked":["theMarked:AttractMetal","theMarked:HeightenedSenses"],"picked":"theMarked:ResourceFulStrike","floor":7},{"not_picked":["TH:PixieDust"],"picked":"TH:ElvenBoots","floor":9},{"not_picked":["theMarked:ComboAttacks","theMarked:Overthink"],"picked":"theMarked:Improvise","floor":10},{"not_picked":["theMarked:RepellingDischarge","theMarked:Convert"],"picked":"theMarked:ContemptForTheProud","floor":12},{"not_picked":["theMarked:Determination","theMarked:Memento"],"picked":"theMarked:Levitate","floor":14},{"not_picked":["TH:DeckOfManyThings"],"picked":"TH:PixieDust","floor":16},{"not_picked":["theMarked:DispelDoubt","theMarked:UnarmedFury"],"picked":"theMarked:Abjuration","floor":16},{"not_picked":["theMarked:Panic","theMarked:ResourceFulStrike"],"picked":"theMarked:Aftermath","floor":18},{"not_picked":["theMarked:ResourceFulStrike","theMarked:Static"],"picked":"theMarked:ElectricStrings+1","floor":21},{"not_picked":["theMarked:ChainLightning","theMarked:Frustration"],"picked":"theMarked:ElectricStrings+1","floor":24},{"not_picked":["theMarked:RepellingDischarge","theMarked:TakeCover"],"picked":"theMarked:Indomitable+1","floor":25},{"not_picked":["TH:ArmorSpikes"],"picked":"TH:CopperCoins","floor":26},{"not_picked":["theMarked:TwofoldDefense","theMarked:Memento"],"picked":"theMarked:Overcharge+1","floor":28},{"not_picked":["theMarked:ResourceFulStrike","theMarked:KeepCalmAndFight"],"picked":"theMarked:SwordAndMagic","floor":29},{"not_picked":["TH:ElvenBoots"],"picked":"TH:EnergyPotion","floor":30},{"not_picked":["theMarked:StartUp","theMarked:Parkour"],"picked":"theMarked:ThrowWeapon","floor":30},{"not_picked":["TH:Mimic"],"picked":"TH:CursedSword","floor":33},{"not_picked":["theMarked:TurnInvisible","theMarked:BindingBlade"],"picked":"theMarked:ThrowWeapon","floor":33},{"not_picked":["theMarked:WardOff+1","theMarked:HeightenedSenses"],"picked":"theMarked:TheMission+1","floor":35},{"not_picked":["theMarked:RepellingDischarge","theMarked:TunnelVision"],"picked":"theMarked:HeightenedSenses+1","floor":36},{"not_picked":["theMarked:WastefulAttack","theMarked:SwordAndMagic+1"],"picked":"theMarked:EmpowerWeapon+1","floor":38}],"player_experience":171902,"relics_obtained":[{"floor":6,"key":"Thread and Needle"},{"floor":9,"key":"Gremlin Horn"},{"floor":24,"key":"Replay:Bottled Flurry"},{"floor":26,"key":"Smiling Mask"},{"floor":30,"key":"Simple Rune"}],"event_choices":[{"damage_healed":0,"gold_gain":0,"player_choice":"Relic ","damage_taken":18,"max_hp_gain":0,"max_hp_loss":0,"event_name":"betterThird:BetterScrap","floor":3,"gold_loss":0,"cards_obtained":["Skim"]},{"damage_healed":0,"gold_gain":0,"player_choice":"Agree","damage_taken":0,"max_hp_gain":0,"max_hp_loss":0,"event_name":"conspire:LoneGhost","floor":5,"gold_loss":0},{"cards_removed":["conspire:GhostlyDefend"],"damage_healed":0,"gold_gain":0,"player_choice":"Purged","damage_taken":0,"max_hp_gain":0,"max_hp_loss":0,"event_name":"Purifier","floor":8,"gold_loss":0},{"damage_healed":0,"gold_gain":0,"player_choice":"Got Potions","damage_taken":0,"max_hp_gain":0,"max_hp_loss":0,"event_name":"Lab","floor":11,"gold_loss":0},{"damage_healed":0,"gold_gain":0,"player_choice":"Became a vampire","damage_taken":0,"max_hp_gain":0,"max_hp_loss":78,"event_name":"Vampires","floor":19,"gold_loss":0,"cards_obtained":["Bite","Bite","Bite","Bite","Bite"]}],"is_beta":false,"boss_relics":[{"not_picked":["construct:WeddingRing","halation:Yufonium"],"picked":"aspiration:MobileForge"},{"not_picked":["halation:HeavySnake","aspiration:RunicSpoon"],"picked":"conspire:SeveredTorchhead"}],"items_purged_floors":[],"is_endless":true,"potions_floor_spawned":[1,7,10,25,28,29,33,36,38],"killed_by":"Hallownest:Slobbering_and_Violent","ascension_level":0}}