{"host":"ls51t9cob9m2p2s9","time":1612899783,"event":{"mods":["AchievementEnabler","BaseMod","Become a monster ???","Colored Powertips","Downfall","Highlight Path","Minty Spire (QoL Compilation)","Quick Restart","Rare Cards Sparkle","StSLib","Uncapped"],"gold_per_floor":[99,99,125,117,137,163,163,263,263,263,282,9,28,28,46,150,150,150,150,172,44,44,62,89,99,99,127,167,181,281,281,281,281],"floor_reached":31,"language":"ENG","playtime":5758,"items_purged":[],"score":245,"play_id":"c04c5b9f-c98e-4e6e-872c-4d476611a513","local_time":"20210209194303","is_ascension_mode":false,"campfire_choices":[{"floor":1.0,"key":"RECALL"},{"floor":10.0,"key":"REST"},{"floor":18.0,"key":"REST"},{"floor":26,"key":"REST"}],"circlet_count":0,"master_deck":["hexamod:Defend","hexamod:Defend","hexamod:Defend","hexamod:Defend","hexamod:Sear+1","hexamod:Float","hexamod:SecondSeal","hexamod:FirstSeal","hexamod:PhantomCloak","hexamod:SpectersWail","hexamod:AdvancingGuard","hexamod:GhostOfSpireFuture","hexamod:Incineration","hexamod:PhantomCloak","hexamod:InspiringFlames","hexamod:GhostShield","hexamod:Hexaguard","hexamod:TimeOfNeed","hexamod:VolcanoVisage","hexamod:SwordOfDarkness","hexamod:InspiringFlames","hexamod:FastForward","hexamod:InspiringFlames","hexamod:EtherealExpedition","hexamod:FirstSeal","RitualDagger+1","hexamod:FourthSeal","hexamod:SpectralAdrenaline+1","hexamod:Rewind","hexamod:GhostflameBarrier","hexamod:SpectersWail+1","hexamod:ThirdSeal"],"relics":["hexamod:SpiritBrand","Bottled Flame","Shuriken","Dream Catcher","Empty Cage","Bag of Preparation","Bottled Lightning"],"acts_visited":[],"potions_floor_usage":[27,27,28,28,29,31,31],"damage_taken":[{"damage":10.0,"enemies":"Small Slimes","floor":5.0,"turns":6.0},{"damage":1.0,"enemies":"Jaw Worm","floor":6.0,"turns":5.0},{"damage":28.0,"enemies":"downfall:Heads","floor":8.0,"turns":9.0},{"damage":0.0,"enemies":"2 Louse","floor":11.0,"turns":3.0},{"damage":3.0,"enemies":"downfall:FleeingMerchant","floor":12.0,"turns":4.0},{"damage":12.0,"enemies":"Blue Slaver","floor":13.0,"turns":5.0},{"damage":10.0,"enemies":"Lots of Slimes","floor":15.0,"turns":10.0},{"damage":23.0,"enemies":"IC_STATUS_ARCHETYPE","floor":16.0,"turns":15.0},{"damage":0.0,"enemies":"Chosen","floor":19.0,"turns":1.0},{"damage":31.0,"enemies":"3 Byrds","floor":20.0,"turns":7.0},{"damage":0.0,"enemies":"downfall:FleeingMerchant","floor":21.0,"turns":4.0},{"damage":25,"enemies":"Snake Plant","floor":23,"turns":6},{"damage":21,"enemies":"Shelled Parasite and Fungi","floor":25,"turns":13},{"damage":3,"enemies":"Sentry and Sphere","floor":27,"turns":8},{"damage":75,"enemies":"Gremlin Leader","floor":28,"turns":10},{"damage":0,"enemies":"Snecko","floor":29,"turns":8},{"damage":39,"enemies":"Slavers","floor":31,"turns":10}],"seed_played":"1867022283880944744","potions_obtained":[{"floor":5.0,"key":"BlessingOfTheForge"},{"floor":6.0,"key":"GamblersBrew"},{"floor":8.0,"key":"Strength Potion"},{"floor":11.0,"key":"PowerPotion"},{"floor":22,"key":"CultistPotion"},{"floor":23,"key":"Slimebound:ThreeZeroPotion"},{"floor":27,"key":"PowerPotion"},{"floor":27,"key":"SneckoOil"},{"floor":28,"key":"GamblersBrew"},{"floor":29,"key":"Weak Potion"},{"floor":29,"key":"DistilledChaos"}],"is_trial":false,"path_per_floor":["R","?","T","?","M","M","T","?","?","R","M","$","M","?","M","B",null,"R","M","M","$","?","M","T","M","R","M","E","M","?","E"],"character_chosen":"THE_SPIRIT","items_purchased":["Dream Catcher","FairyPotion","hexamod:InspiringFlames","hexamod:EtherealExpedition","hexamod:FirstSeal"],"campfire_rested":3,"item_purchase_floors":[12,12,12,21,21],"current_hp_per_floor":[77,77,77,70,67,66,66,45,42,65,72,76,71,71,68,52,77,77,77,46,46,46,28,28,21,44,55,22,29,29,0,0,0],"gold":281,"neow_bonus":"TEN_PERCENT_HP_BONUS","is_daily":false,"chose_seed":false,"campfire_upgraded":0,"win_rate":0.0,"timestamp":1612899783,"path_taken":["R","?","?","?","M","M","T","?","?","R","M","$","?","?","M","BOSS","R","?","M","$","?","M","T","M","R","M","E","M","?","E"],"items_purchased_type":["Relic","Potion","Card","Card","Card"],"build_version":"2020-12-22","purchased_purges":0,"victory":false,"max_hp_per_floor":[77,77,77,77,77,77,77,77,77,77,77,77,77,77,77,77,77,77,77,77,77,77,77,77,77,77,77,77,77,77,77,77,77],"card_choices":[{"not_picked":["hexamod:SwordOfDarkness","hexamod:CatchUp"],"picked":"hexamod:PhantomCloak","floor":5.0},{"not_picked":["hexamod:GhostOfSpirePast","hexamod:SoulSteal"],"picked":"hexamod:SpectersWail","floor":6.0},{"not_picked":["hexamod:BacktrackSmack","hexamod:Hexaguard"],"picked":"hexamod:GhostOfSpireFuture","floor":8.0},{"not_picked":["hexamod:NightmareStrike","hexamod:Again"],"picked":"hexamod:Incineration","floor":11.0},{"not_picked":["hexamod:Hexaguard","hexamod:RecurringNightmare"],"picked":"hexamod:PhantomCloak","floor":12.0},{"not_picked":["hexamod:ThermalTransfer","hexamod:RecurringNightmare"],"picked":"hexamod:EmpoweredFlame","floor":13.0},{"not_picked":["hexamod:GhostLash","hexamod:Firestarter"],"picked":"hexamod:TimeOfNeed","floor":15.0},{"not_picked":["hexamod:GhostflameInferno","hexamod:UnleashSpirits"],"picked":"hexamod:VolcanoVisage","floor":16.0},{"not_picked":["hexamod:NightmareStrike","hexamod:NightmareGuise+1"],"picked":"hexamod:SwordOfDarkness","floor":18.0},{"not_picked":["hexamod:NightmareStrike","hexamod:HauntingEcho+1"],"picked":"hexamod:InspiringFlames","floor":19.0},{"not_picked":["hexamod:AdvancingGuard","hexamod:Firestarter+1"],"picked":"hexamod:FastForward","floor":20.0},{"not_picked":["hexamod:GhostOfSpirePast+1","hexamod:HauntingEcho+1"],"picked":"hexamod:InspiringFlames","floor":21},{"not_picked":["hexamod:GhostLash","hexamod:RainOfEmbers"],"picked":"hexamod:FourthSeal","floor":23},{"not_picked":["hexamod:Again","hexamod:EtherealExpedition+1"],"picked":"hexamod:SpectralAdrenaline+1","floor":25},{"not_picked":["hexamod:ShieldOfDarkness","hexamod:GhostLash+1"],"picked":"hexamod:Rewind","floor":26},{"not_picked":["hexamod:GhostLash","hexamod:AdvancingGuard"],"picked":"hexamod:GhostflameBarrier","floor":27},{"not_picked":["hexamod:ParanormalForm","hexamod:GhostLash"],"picked":"hexamod:SpectersWail+1","floor":28},{"not_picked":["hexamod:ShieldOfDarkness+1","hexamod:RecurringNightmare"],"picked":"hexamod:ThirdSeal","floor":29}],"player_experience":390462,"relics_obtained":[{"floor":7.0,"key":"Bottled Flame"},{"floor":24,"key":"Bag of Preparation"},{"floor":28,"key":"Bottled Lightning"}],"event_choices":[{"damage_healed":0.0,"max_hp_gain":0.0,"max_hp_loss":0.0,"gold_gain":0.0,"event_name":"Scrap Ooze","player_choice":"Success","floor":9.0,"gold_loss":0.0,"damage_taken":3.0,"relics_obtained":["Shuriken"]}],"is_beta":false,"boss_relics":[{"not_picked":["Fusion Hammer","Astrolabe"],"picked":"Empty Cage"}],"items_purged_floors":[],"is_endless":false,"potions_floor_spawned":[5,6,8,11,16,20,23,27,29],"killed_by":"Slavers","ascension_level":0}}