{"host":"yuoancq4cku3x8wq","time":1612878587,"event":{"mods":["AchievementEnabler","BaseMod","Minty Spire (QoL Compilation)","Quick Restart","StSLib","SuperFastMode"],"gold_per_floor":[118,118,134,150,150,185,201,227,227,252,252,177,212,212,212,316,316,334,334,348,263,203,203,203,10,10,10,30,30,55,69,69,164,164,178,67,67,80,80,110,129,155,223,183,183,197,226,276,276,276,276,276,77,110,110],"floor_reached":56,"language":"ZHS","playtime":2712,"items_purged":["Strike_R","Defend_R","Blood for Blood+1"],"score":1535,"play_id":"3facbd37-78e9-4160-bc8a-3ee4828ed892","local_time":"20210209214947","is_ascension_mode":true,"campfire_choices":[{"floor":11.0,"key":"REST"},{"data":"Burning Pact","floor":15.0,"key":"SMITH"},{"data":"Sentinel","floor":23.0,"key":"SMITH"},{"floor":32.0,"key":"DIG"},{"floor":49.0,"key":"RECALL"},{"data":"Barricade","floor":52.0,"key":"SMITH"}],"circlet_count":0,"master_deck":["Defend_R","Defend_R","Bash","Barricade+1","Shrug It Off","Fire Breathing","Burning Pact+1","Brutality","Sentinel+1","Reaper","Finesse","Berserk+1","Dark Embrace+1","Rupture+1","Entrench","Finesse","Shrug It Off+1","Entrench+1","Battle Trance","Second Wind+1","Body Slam+1","Power Through+1","Feel No Pain+1"],"relics":["Burning Blood","NeowsBlessing","Toy Ornithopter","Juzu Bracelet","MealTicket","Letter Opener","Meat on the Bone","Empty Cage","Nilry\u0027s Codex","Gambling Chip","Frozen Egg 2","Shovel","Charon\u0027s Ashes","Runic Pyramid","Du-Vu Doll","Singing Bowl","Shuriken","Akabeko","CaptainsWheel","StoneCalendar"],"acts_visited":["Exordium","TheCity","TheBeyond","TheEnding"],"potions_floor_usage":[54],"damage_taken":[{"damage":0.0,"enemies":"2 Louse","floor":1.0,"turns":1.0},{"damage":0.0,"enemies":"Cultist","floor":3.0,"turns":1.0},{"damage":0.0,"enemies":"Jaw Worm","floor":4.0,"turns":1.0},{"damage":27.0,"enemies":"Lagavulin","floor":6.0,"turns":7.0},{"damage":20.0,"enemies":"Exordium Thugs","floor":7.0,"turns":5.0},{"damage":27.0,"enemies":"Gremlin Nob","floor":8.0,"turns":5.0},{"damage":21.0,"enemies":"3 Sentries","floor":10.0,"turns":6.0},{"damage":27.0,"enemies":"Gremlin Nob","floor":13.0,"turns":4.0},{"damage":34.0,"enemies":"Slime Boss","floor":16.0,"turns":7.0},{"damage":19.0,"enemies":"Spheric Guardian","floor":18.0,"turns":4.0},{"damage":8.0,"enemies":"3 Byrds","floor":20.0,"turns":5.0},{"damage":14.0,"enemies":"Snecko","floor":28.0,"turns":4.0},{"damage":21.0,"enemies":"Gremlin Leader","floor":30.0,"turns":4.0},{"damage":26.0,"enemies":"Snake Plant","floor":31.0,"turns":4.0},{"damage":15.0,"enemies":"Automaton","floor":33.0,"turns":8.0},{"damage":10.0,"enemies":"3 Shapes","floor":35.0,"turns":3.0},{"damage":4.0,"enemies":"Orb Walker","floor":38.0,"turns":4.0},{"damage":22.0,"enemies":"Reptomancer","floor":40.0,"turns":5.0},{"damage":10.0,"enemies":"4 Shapes","floor":41.0,"turns":4.0},{"damage":4.0,"enemies":"Giant Head","floor":42.0,"turns":6.0},{"damage":4.0,"enemies":"Spire Growth","floor":46.0,"turns":4.0},{"damage":25.0,"enemies":"Reptomancer","floor":47.0,"turns":4.0},{"damage":0.0,"enemies":"Mind Bloom Boss Battle","floor":48.0,"turns":3.0},{"damage":38.0,"enemies":"Donu and Deca","floor":50.0,"turns":4.0},{"damage":8,"enemies":"Shield and Spear","floor":54,"turns":3},{"damage":54,"enemies":"The Heart","floor":55,"turns":6}],"seed_played":"-2079202212030863550","potions_obtained":[{"floor":1.0,"key":"SpeedPotion"},{"floor":3.0,"key":"ElixirPotion"},{"floor":13.0,"key":"Weak Potion"},{"floor":14.0,"key":"GamblersBrew"},{"floor":14.0,"key":"LiquidMemories"},{"floor":16.0,"key":"Regen Potion"},{"floor":31.0,"key":"HeartOfIron"},{"floor":42.0,"key":"SpeedPotion"},{"floor":44.0,"key":"Swift Potion"},{"floor":44.0,"key":"FearPotion"},{"floor":47.0,"key":"BloodPotion"}],"is_trial":false,"path_per_floor":["M","?","M","M","?","E","M","E","T","E","R","$","E","?","R","B",null,"M","?","M","?","?","R","?","$","T","T","M","$","E","M","R","B",null,"M","$","?","M","?","E","M","E","T","?","?","M","E","?","R","B",null,"R","$","E","B",null],"character_chosen":"IRONCLAD","items_purchased":["Finesse","Rupture+1","Entrench","Feel No Pain+1"],"campfire_rested":1,"item_purchase_floors":[25,36,36,53],"current_hp_per_floor":[80,80,80,80,80,59,45,34,34,19,43,58,37,37,37,21,80,67,51,76,76,76,76,76,80,80,80,72,80,80,60,60,51,80,76,80,75,77,76,65,73,77,77,77,77,78,59,65,65,45,78,78,78,80,58],"gold":110,"neow_bonus":"THREE_ENEMY_KILL","is_daily":false,"chose_seed":false,"campfire_upgraded":3,"win_rate":0.0,"timestamp":1612878587,"path_taken":["M","?","?","M","?","E","M","E","T","E","R","?","E","?","R","BOSS","M","?","M","?","?","R","?","?","T","?","M","$","E","M","R","BOSS","M","?","?","M","?","E","M","E","T","?","?","M","E","?","R","BOSS","R","$","E","BOSS"],"items_purchased_type":["Card","Card","Card","Card"],"build_version":"2020-12-22","purchased_purges":3,"victory":true,"max_hp_per_floor":[80,80,80,80,80,80,80,80,80,80,80,80,80,80,80,80,80,80,80,80,80,80,80,80,80,80,80,80,80,80,80,80,80,80,80,80,80,80,76,76,76,78,78,78,78,78,78,78,78,78,78,78,78,80,80],"card_choices":[{"not_picked":["Disarm","Dark Embrace","Heavy Blade"],"picked":"SKIP","floor":1.0},{"not_picked":["Clothesline","Clash"],"picked":"Shrug It Off","floor":3.0},{"not_picked":["Anger","Twin Strike"],"picked":"Blood for Blood","floor":4.0},{"not_picked":["Intimidate","Cleave"],"picked":"Fire Breathing","floor":6.0},{"not_picked":["Wild Strike","Metallicize"],"picked":"Burning Pact","floor":7.0},{"not_picked":["True Grit","Dropkick"],"picked":"Brutality","floor":8.0},{"not_picked":["Flex","Uppercut"],"picked":"Sentinel","floor":10.0},{"not_picked":["Seeing Red","Sword Boomerang","Metallicize"],"picked":"SKIP","floor":13.0},{"not_picked":["Barricade","Bludgeon"],"picked":"Reaper","floor":16.0},{"not_picked":["Anger+1","Dual Wield","Sword Boomerang"],"picked":"SKIP","floor":18.0},{"not_picked":["Thunderclap+1","Ghostly Armor","Heavy Blade"],"picked":"SKIP","floor":20.0},{"not_picked":["Blood for Blood","True Grit","Iron Wave"],"picked":"SKIP","floor":28.0},{"not_picked":["Sever Soul","Heavy Blade"],"picked":"Berserk+1","floor":30.0},{"not_picked":["Wild Strike","Iron Wave","Heavy Blade"],"picked":"SKIP","floor":31.0},{"not_picked":["Fiend Fire","Bludgeon"],"picked":"Impervious","floor":33.0},{"not_picked":["Rampage+1","Shrug It Off"],"picked":"Dark Embrace+1","floor":35.0},{"not_picked":["Dramatic Entrance","Enlightenment"],"picked":"Finesse","floor":37.0},{"not_picked":["Iron Wave+1","Searing Blow"],"picked":"Shrug It Off+1","floor":38.0},{"not_picked":["Body Slam","Shrug It Off+1"],"picked":"Entrench+1","floor":40.0},{"not_picked":["Inflame+1","Clash"],"picked":"Battle Trance","floor":41.0},{"not_picked":["Warcry","Headbutt+1","Sword Boomerang+1"],"picked":"Singing Bowl","floor":42.0},{"not_picked":["Cleave","Havoc+1"],"picked":"Second Wind+1","floor":46.0},{"not_picked":["Wild Strike+1","Pummel"],"picked":"Body Slam+1","floor":47.0},{"not_picked":["Reaper","Headbutt"],"picked":"Power Through+1","floor":48.0},{"not_picked":["Spot Weakness+1","Iron Wave","Armaments+1"],"picked":"Singing Bowl","floor":54}],"player_experience":246760,"relics_obtained":[{"floor":6.0,"key":"Toy Ornithopter"},{"floor":8.0,"key":"Juzu Bracelet"},{"floor":9.0,"key":"MealTicket"},{"floor":10.0,"key":"Letter Opener"},{"floor":13.0,"key":"Meat on the Bone"},{"floor":19.0,"key":"Nilry\u0027s Codex"},{"floor":26.0,"key":"Frozen Egg 2"},{"floor":30.0,"key":"Shovel"},{"floor":32.0,"key":"Charon\u0027s Ashes"},{"floor":40.0,"key":"Du-Vu Doll"},{"floor":42.0,"key":"Singing Bowl"},{"floor":43.0,"key":"Shuriken"},{"floor":47.0,"key":"Akabeko"},{"floor":48.0,"key":"CaptainsWheel"},{"floor":54,"key":"StoneCalendar"}],"event_choices":[{"damage_healed":0.0,"max_hp_gain":0.0,"max_hp_loss":0.0,"gold_gain":0.0,"cards_transformed":["Strike_R"],"event_name":"Transmorgrifier","player_choice":"Transformed","floor":2.0,"gold_loss":0.0,"damage_taken":0.0,"cards_obtained":["Barricade"]},{"damage_healed":0.0,"max_hp_gain":0.0,"max_hp_loss":0.0,"gold_gain":0.0,"event_name":"Upgrade Shrine","player_choice":"Upgraded","floor":5.0,"gold_loss":0.0,"damage_taken":0.0,"cards_upgraded":["Blood for Blood"]},{"damage_healed":0.0,"max_hp_gain":0.0,"max_hp_loss":0.0,"gold_gain":0.0,"event_name":"Lab","player_choice":"Got Potions","floor":14.0,"gold_loss":0.0,"damage_taken":0.0},{"damage_healed":0.0,"max_hp_gain":0.0,"max_hp_loss":0.0,"gold_gain":0.0,"event_name":"Cursed Tome","player_choice":"Obtained Book","floor":19.0,"gold_loss":0.0,"damage_taken":16.0},{"damage_healed":0.0,"max_hp_gain":0.0,"max_hp_loss":0.0,"gold_gain":0.0,"event_name":"Addict","player_choice":"Obtained Relic","floor":21.0,"gold_loss":85.0,"damage_taken":0.0,"relics_obtained":["Gambling Chip"]},{"cards_removed":["Strike_R"],"damage_healed":0.0,"max_hp_gain":0.0,"max_hp_loss":0.0,"gold_gain":0.0,"event_name":"Designer","player_choice":"Single Remove","floor":22.0,"gold_loss":60.0,"damage_taken":0.0},{"cards_removed":["Defend_R"],"damage_healed":0.0,"max_hp_gain":0.0,"max_hp_loss":0.0,"gold_gain":0.0,"event_name":"Bonfire Elementals","player_choice":"Offered Basic","floor":24.0,"gold_loss":0.0,"damage_taken":0.0},{"damage_healed":0.0,"max_hp_gain":0.0,"max_hp_loss":0.0,"gold_gain":0.0,"event_name":"SensoryStone","player_choice":"Memory 2","floor":37.0,"gold_loss":0.0,"damage_taken":5.0},{"damage_healed":0.0,"max_hp_gain":0.0,"max_hp_loss":4.0,"gold_gain":0.0,"event_name":"Winding Halls","player_choice":"Max HP","floor":39.0,"gold_loss":0.0,"damage_taken":0.0},{"damage_healed":0.0,"max_hp_gain":0.0,"max_hp_loss":0.0,"gold_gain":0.0,"event_name":"The Woman in Blue","player_choice":"Bought 3 Potions","floor":44.0,"gold_loss":0.0,"damage_taken":0.0},{"cards_removed":["Impervious"],"damage_healed":0.0,"max_hp_gain":0.0,"max_hp_loss":0.0,"gold_gain":0.0,"event_name":"Falling","player_choice":"Removed Skill","floor":45.0,"gold_loss":0.0,"damage_taken":0.0},{"damage_healed":0.0,"max_hp_gain":0.0,"max_hp_loss":0.0,"gold_gain":0.0,"event_name":"MindBloom","player_choice":"Fight","floor":48.0,"gold_loss":0.0,"damage_taken":0.0}],"is_beta":false,"boss_relics":[{"not_picked":["Black Star","Busted Crown"],"picked":"Empty Cage"},{"not_picked":["Black Blood","Fusion Hammer"],"picked":"Runic Pyramid"}],"items_purged_floors":[12,25,53],"is_endless":false,"potions_floor_spawned":[1,3,13,16,31,33,42,47,48],"ascension_level":4}}