{"host":"qgvpd00zvzorrg7j","time":1612836764,"event":{"mods":["BaseMod","Colored Map","Downfall","Minty Spire (QoL Compilation)","Quick Restart","StSLib"],"gold_per_floor":[99,111,21,21,21,31,31,31,46,57,57,90,90,110,123,123,123,123],"floor_reached":16,"language":"ENG","playtime":906,"items_purged":["bronze:Defend"],"score":102,"play_id":"7562c81e-fe1a-4999-811a-d6c33d298b30","local_time":"20210208211244","is_ascension_mode":false,"campfire_choices":[{"data":"bronze:Goto","floor":1.0,"key":"SMITH"},{"data":"bronze:Branch","floor":8.0,"key":"SMITH"},{"data":"bronze:DelayedGuard","floor":13.0,"key":"SMITH"}],"circlet_count":0,"master_deck":["bronze:Strike","bronze:Strike","bronze:Strike","bronze:Defend","bronze:Defend","bronze:Defend","bronze:Replicate","bronze:Goto+1","bronze:Branch+1","bronze:Repair","bronze:DelayedGuard+1","bronze:AlphaBuild","bronze:Repair"],"relics":["bronze:BronzeCore","Gremlin Horn","InkBottle","WingedGreaves"],"acts_visited":["Exordium"],"potions_floor_usage":[16,16,16],"damage_taken":[{"damage":2.0,"enemies":"2 Louse","floor":2.0,"turns":3.0},{"damage":0.0,"enemies":"downfall:FleeingMerchant","floor":3.0,"turns":4.0},{"damage":1.0,"enemies":"Jaw Worm","floor":6.0,"turns":3.0},{"damage":0.0,"enemies":"Small Slimes","floor":9.0,"turns":3.0},{"damage":11.0,"enemies":"Exordium Wildlife","floor":10.0,"turns":4.0},{"damage":5.0,"enemies":"Gremlin Nob","floor":12.0,"turns":6.0},{"damage":9.0,"enemies":"Red Slaver","floor":14.0,"turns":2.0},{"damage":5.0,"enemies":"Exordium Thugs","floor":15.0,"turns":4.0},{"damage":93,"enemies":"IC_STATUS_ARCHETYPE","floor":16,"turns":18}],"seed_played":"6238190920181344416","potions_obtained":[{"floor":2.0,"key":"Block Potion"},{"floor":6.0,"key":"SteroidPotion"},{"floor":10.0,"key":"hexamod:SoulburnPotion"},{"floor":15.0,"key":"Swift Potion"}],"is_trial":false,"path_per_floor":["R","M","$","?","T","M","T","R","M","M","?","E","R","M","M","B"],"character_chosen":"THE_AUTOMATON","items_purchased":[],"campfire_rested":0,"item_purchase_floors":[],"current_hp_per_floor":[77,75,75,75,75,74,74,74,74,70,75,77,77,75,77,0,0,0],"gold":123,"neow_bonus":"TEN_PERCENT_HP_BONUS","is_daily":false,"chose_seed":false,"campfire_upgraded":3,"win_rate":0.0,"timestamp":1612836764,"path_taken":["R","M","$","?","?","M","T","R","M","M","?","E","R","M","M","BOSS"],"items_purchased_type":[],"build_version":"2020-12-22","purchased_purges":1,"victory":false,"max_hp_per_floor":[77,77,77,77,77,77,77,77,77,77,82,82,82,82,82,82,82,82],"card_choices":[{"not_picked":["bronze:Separator","bronze:Turbo","bronze:CutThrough"],"picked":"SKIP","floor":2.0},{"not_picked":["bronze:WhirlingStrike","bronze:DarkDash"],"picked":"bronze:Branch","floor":3.0},{"not_picked":["bronze:BuggyMess","bronze:Deprecate"],"picked":"bronze:Repair","floor":6.0},{"not_picked":["bronze:Terminator","bronze:BuggyMess"],"picked":"bronze:DelayedGuard","floor":9.0},{"not_picked":["bronze:ForceShield","bronze:Optimize"],"picked":"bronze:AlphaBuild","floor":10.0},{"not_picked":["bronze:BitShift","bronze:ForLoop"],"picked":"bronze:Repair","floor":12.0},{"not_picked":["bronze:Iterate","bronze:ForceShield","bronze:Overload"],"picked":"SKIP","floor":14.0},{"not_picked":["bronze:Overheat","bronze:NullPointer","bronze:Iterate"],"picked":"SKIP","floor":15.0}],"player_experience":613353,"relics_obtained":[{"floor":5.0,"key":"Gremlin Horn"},{"floor":7.0,"key":"InkBottle"},{"floor":12.0,"key":"WingedGreaves"}],"event_choices":[{"damage_healed":0.0,"max_hp_gain":5.0,"max_hp_loss":0.0,"gold_gain":0.0,"event_name":"Big Fish","player_choice":"Donut","floor":11.0,"gold_loss":0.0,"damage_taken":0.0}],"is_beta":false,"boss_relics":[],"items_purged_floors":[3],"is_endless":false,"potions_floor_spawned":[2,6,10,12,15],"killed_by":"IC_STATUS_ARCHETYPE","ascension_level":0}}