{"host":"mv9iawyrph7ym8en","time":1612900012,"event":{"mods":["Act Like it!","Aspiration","BaseMod","Conspire","Defuse TimeMaze Blight","Downfall","Minty Spire (QoL Compilation)","Replay The Spire","Ryuuou龙王","Shop Mod","Spicy Shops","StSLib","TestMod","[IsaacMod]以撒尖塔"],"gold_per_floor":[199,233,233,240,264,164,191,224,280,66,150,215,115,149,166,294,294,294,301,348,355,448,448,448,489,525,425,467,488,547,563,604,765,765,765,850,1250,1160,1229,1356,1380,1380,1479,1479,1563,1563,2674,2707,2746,3836,3836,4912,3839,3839,4847,4847],"floor_reached":55,"language":"ZHS","playtime":2328,"items_purged":["champ:Defend+1"],"score":1411,"play_id":"6d2abe22-d85a-4b65-bb41-98c2829be1f3","local_time":"20210210034652","is_ascension_mode":true,"campfire_choices":[{"floor":1.0,"key":"RECALL"},{"data":"champ:EndlessRage","floor":6.0,"key":"SMITH"},{"data":"champ:PerfectedStrike","floor":13.0,"key":"SMITH"},{"data":"champ:ShieldSigil","floor":18.0,"key":"SMITH"},{"data":"champ:TripleStrike","floor":23.0,"key":"SMITH"},{"data":"champ:PerfectedStrike","floor":27,"key":"SMITH"},{"data":"champ:EnchantCrown","floor":35,"key":"SMITH"},{"data":"Ryuuou:NotRegret","floor":54,"key":"SMITH"}],"circlet_count":0,"master_deck":["champ:Strike+1","champ:Strike+1","champ:Strike+1","champ:Strike+1","champ:Defend+1","champ:Execute+1","champ:Taunt+1","champ:EndlessRage+1","champ:Endure+1","champ:TripleStrike+1","champ:ShieldSigil+1","champ:PerfectedStrike+1","champ:Devastate+1","champ:PerfectedStrike+1","champ:GutPunch+1","champ:FaceSlap+1","champ:EnGarde+1","champ:EnchantCrown+1","champ:Duel+1","champ:BerserkersShout+1","Ryuuou:NotRegret+1","champ:PerfectedStrike+1","champ:PerfectedStrike+1","champ:BerserkersShout+1","champ:ShieldSigil","champ:CalledShot","champ:ShieldWall","champ:RageSigil"],"relics":["champ:ChampionCrown","HushsDoor","testmod-ObsoleteBoomerang","SalivaCoin","downfall:ShatteredFragment","downfall:HeartBlessingRed","Happy Flower","Anchor","Eternal Feather","testmod-Acrobat","downfall:HeartBlessingGreen","BookofShadows","testmod-StringDisintegrator","Nilry\u0027s Codex","Ancient Tea Set","downfall:HeartBlessingBlue","War Paint","Replay:Ringing Soul","testmod-NegativeEmotionEnhancer","Nunchaku","HandDrill","ClockworkSouvenir","Boot","Bag of Marbles","Juzu Bracelet","Centennial Puzzle","Replay:Bandana","Pear","testmod-BalancedPeriapt","Orrery","testmod-Antiphasic","Whetstone","StoneCalendar","Art of War","Strange Spoon"],"acts_visited":["Exordium","TheCity","TheBeyond","TheEnding"],"potions_floor_usage":[28,29,33,43,55,55],"damage_taken":[{"damage":11.0,"enemies":"Small Slimes","floor":2.0,"turns":3.0},{"damage":10.0,"enemies":"2 Louse","floor":5.0,"turns":2.0},{"damage":12.0,"enemies":"Jaw Worm","floor":8.0,"turns":2.0},{"damage":22.0,"enemies":"Lagavulin","floor":9.0,"turns":4.0},{"damage":20.0,"enemies":"downfall:FleeingMerchant","floor":10.0,"turns":4.0},{"damage":31.0,"enemies":"Lagavulin Event","floor":11.0,"turns":4.0},{"damage":30.0,"enemies":"3 Louse","floor":12.0,"turns":2.0},{"damage":10.0,"enemies":"Replay:BlueRogue","floor":14.0,"turns":2.0},{"damage":0.0,"enemies":"Exordium Wildlife","floor":15.0,"turns":2.0},{"damage":25.0,"enemies":"IC_STATUS_ARCHETYPE","floor":16.0,"turns":4.0},{"damage":16.0,"enemies":"3 Byrds","floor":20.0,"turns":3.0},{"damage":10.0,"enemies":"conspire:SneckoGhost","floor":25.0,"turns":3.0},{"damage":21.0,"enemies":"conspire:HollyBat","floor":26.0,"turns":6.0},{"damage":10,"enemies":"Gremlin Leader","floor":28,"turns":4},{"damage":10,"enemies":"Centurion and Healer","floor":29,"turns":3},{"damage":17,"enemies":"conspire:SneckoGhost","floor":30,"turns":4},{"damage":0,"enemies":"Snecko","floor":31,"turns":2},{"damage":24,"enemies":"Snake Plant","floor":32,"turns":3},{"damage":39,"enemies":"SI_MIRROR_ARCHETYPE","floor":33,"turns":6},{"damage":44,"enemies":"conspire:MimicChest","floor":36,"turns":3},{"damage":30,"enemies":"downfall:FleeingMerchant","floor":38,"turns":4},{"damage":32,"enemies":"3 Shapes","floor":39,"turns":2},{"damage":58,"enemies":"R_Hoarder","floor":40,"turns":5},{"damage":50,"enemies":"Reptomancer","floor":43,"turns":4},{"damage":35,"enemies":"R_Hoarder","floor":45,"turns":2},{"damage":40,"enemies":"Nemesis","floor":47,"turns":3},{"damage":0,"enemies":"3 Darklings","floor":48,"turns":1},{"damage":5,"enemies":"Spire Growth","floor":49,"turns":1},{"damage":35,"enemies":"WA_ARCHETYPE_DIVINITY","floor":50,"turns":5},{"damage":15,"enemies":"downfall:CharBossMerchant","floor":52,"turns":4},{"damage":0,"enemies":"downfall:NeowBoss","floor":55,"turns":17}],"seed_played":"1483917985399557364","potions_obtained":[{"floor":2.0,"key":"FearPotion"},{"floor":5.0,"key":"Elixir"},{"floor":14.0,"key":"LiquidBronze"},{"floor":16.0,"key":"BlessingOfTheForge"},{"floor":20.0,"key":"DuplicationPotion"},{"floor":26,"key":"Regen Potion"},{"floor":29,"key":"Fruit Juice"},{"floor":32,"key":"Toxic Potion"},{"floor":33,"key":"champ:CounterPotion"},{"floor":43,"key":"champ:CounterPotion"},{"floor":48,"key":"PowerPotion"}],"is_trial":false,"path_per_floor":["R","M","?","?","M","R","T","M","E","$","?","M","R","E","M","B",null,"R","?","M","?","?","R","T","E","M","R","E","M","E","M","M","B",null,"R","?","?","$","M","E","T","?","E","?","E","?","E","M","M","B",null,"E","$","R","B"],"character_chosen":"THE_CHAMP","items_purchased":["Eternal Feather","HandDrill","ClockworkSouvenir","Boot","Orrery","testmod-Antiphasic","Whetstone","StoneCalendar","Art of War","Strange Spoon","champ:RageSigil"],"campfire_rested":0,"item_purchase_floors":[10,38,38,38,53,53,53,53,53,53,53],"current_hp_per_floor":[90,89,89,62,62,62,62,60,58,53,32,32,38,38,38,38,90,90,74,68,50,35,44,44,44,23,42,54,59,55,58,34,26,119,119,105,105,110,102,101,101,101,107,133,137,137,151,152,156,157,157,158,158,158,158,158,158],"gold":4847,"neow_bonus":"HUNDRED_GOLD","is_daily":false,"chose_seed":false,"campfire_upgraded":7,"win_rate":0.0,"timestamp":1612900012,"path_taken":["R","M","?","?","M","R","T","M","E","$","?","?","R","E","M","BOSS","R","?","M","?","?","R","T","E","?","R","E","M","E","M","M","BOSS","R","?","?","$","?","E","T","?","E","?","E","?","E","M","M","BOSS","E","$","R","BOSS"],"items_purchased_type":["Relic","Relic","Relic","Relic","Relic","Relic","Relic","Relic","Relic","Relic","Card"],"build_version":"2020-12-22","purchased_purges":1,"victory":false,"max_hp_per_floor":[90,90,90,90,90,90,90,90,90,90,90,90,90,90,90,90,90,90,90,90,95,95,95,95,95,95,105,105,110,113,116,116,119,119,119,123,123,127,128,129,129,129,130,133,137,137,151,152,156,157,157,158,158,158,158,158,158],"card_choices":[{"not_picked":["champ:Shatter","champ:Haymaker"],"picked":"champ:EndlessRage","floor":2.0},{"not_picked":["champ:BerserkerStyle","champ:PreciseThrust"],"picked":"champ:Endure","floor":5.0},{"not_picked":["champ:Haymaker","champ:FlashCut","champ:EndlessRage"],"picked":"SKIP","floor":8.0},{"not_picked":["champ:ViciousMockery","champ:IronFortress"],"picked":"champ:TripleStrike","floor":9.0},{"not_picked":["champ:IgnorePain","champ:PreciseThrust","champ:EndlessRage"],"picked":"SKIP","floor":10.0},{"not_picked":["champ:DefensiveShout","champ:BladeFlurry"],"picked":"champ:ShieldSigil","floor":11.0},{"not_picked":["champ:BladeFlurry","champ:FocusedDefense"],"picked":"champ:PerfectedStrike","floor":12.0},{"not_picked":["champ:Backstep","champ:SkillfulDodge","champ:ArenaPreparation"],"picked":"SKIP","floor":14.0},{"not_picked":["champ:FalseCounter","champ:BringItOn","champ:HeartStrike"],"picked":"SKIP","floor":15.0},{"not_picked":["champ:EnchantShield","champ:GladiatorForm"],"picked":"champ:Devastate","floor":16.0},{"not_picked":["champ:Haymaker","champ:HeartStrike+1","champ:Shatter"],"picked":"SKIP","floor":20.0},{"not_picked":["champ:HeartStrike","champ:RisingSlash"],"picked":"champ:PerfectedStrike","floor":25.0},{"not_picked":["champ:CalledShot","champ:Parry","champ:GutPunch"],"picked":"SKIP","floor":26},{"not_picked":["champ:Circumvent","champ:TornadoPunch+1"],"picked":"champ:GutPunch","floor":28},{"not_picked":["champ:BerserkerStyle+1","champ:DeathBlow","champ:Backstep+1"],"picked":"SKIP","floor":29},{"not_picked":["champ:CrookedStrike","champ:ShieldThrow"],"picked":"champ:FaceSlap","floor":30},{"not_picked":["champ:GladiatorStyle","champ:Duel"],"picked":"champ:EnGarde+1","floor":31},{"not_picked":["champ:Circumvent","champ:Shatter","champ:StanceDance"],"picked":"SKIP","floor":32},{"not_picked":["champ:DancingMaster","champ:LastStand"],"picked":"champ:EnchantCrown","floor":33},{"not_picked":["champ:FocusedDefense+1","champ:Haymaker"],"picked":"champ:Duel+1","floor":36},{"not_picked":["champ:DeathBlow+1","champ:Circumvent+1"],"picked":"champ:BerserkersShout","floor":38},{"not_picked":["champ:Circumvent+1","champ:TornadoPunch+1","champ:FanOfKnives"],"picked":"SKIP","floor":39},{"not_picked":["champ:CalledShot+1","champ:PreciseThrust+1","champ:DefensiveShout+1"],"picked":"SKIP","floor":40},{"not_picked":["champ:Circumvent","champ:PreciseThrust","champ:FanOfKnives+1"],"picked":"SKIP","floor":43},{"not_picked":["champ:Backstep","champ:BladeFlurry+1"],"picked":"champ:PerfectedStrike+1","floor":45},{"not_picked":["champ:EnGarde","champ:FocusedDefense"],"picked":"champ:PerfectedStrike+1","floor":47},{"not_picked":["champ:HeartStrike+1","champ:FanOfKnives","champ:RecklessLeap+1"],"picked":"SKIP","floor":48},{"not_picked":["champ:EnGarde+1","champ:SwordThrow"],"picked":"champ:BerserkersShout+1","floor":49},{"not_picked":["champ:Encircle+1","champ:PreciseThrust"],"picked":"champ:ShieldSigil","floor":52},{"not_picked":["champ:Backstep+1","champ:DeathBlow+1"],"picked":"champ:CalledShot","floor":53},{"not_picked":["champ:PreciseThrust+1","champ:SetATrap"],"picked":"champ:ShieldWall","floor":53}],"player_experience":649411,"relics_obtained":[{"floor":7.0,"key":"Happy Flower"},{"floor":9.0,"key":"Anchor"},{"floor":11.0,"key":"testmod-Acrobat"},{"floor":14.0,"key":"BookofShadows"},{"floor":19.0,"key":"Nilry\u0027s Codex"},{"floor":25.0,"key":"Ancient Tea Set"},{"floor":28,"key":"War Paint"},{"floor":30,"key":"Replay:Ringing Soul"},{"floor":36,"key":"Nunchaku"},{"floor":40,"key":"Bag of Marbles"},{"floor":41,"key":"Juzu Bracelet"},{"floor":43,"key":"Centennial Puzzle"},{"floor":45,"key":"Replay:Bandana"},{"floor":47,"key":"Pear"},{"floor":52,"key":"testmod-BalancedPeriapt"}],"event_choices":[{"cards_removed":["champ:Defend"],"damage_healed":0.0,"max_hp_gain":0.0,"max_hp_loss":0.0,"gold_gain":0.0,"event_name":"The Cleric","player_choice":"Card Removal","floor":3.0,"gold_loss":0.0,"damage_taken":0.0},{"damage_healed":0,"gold_gain":400,"player_choice":"Sell","damage_taken":0,"max_hp_gain":0,"max_hp_loss":0,"event_name":"恩洛斯的盘子","floor":37,"relics_lost":["testmod-TestBox"],"gold_loss":0},{"cards_removed":["champ:Defend"],"damage_healed":0,"gold_gain":0,"player_choice":"Removed Skill","damage_taken":0,"max_hp_gain":0,"max_hp_loss":0,"event_name":"Falling","floor":42,"gold_loss":0},{"damage_healed":0,"gold_gain":0,"player_choice":"Swap Relic","damage_taken":0,"relics_obtained":["NeowsBlessing"],"max_hp_gain":0,"max_hp_loss":0,"event_name":"给自己的盒子","floor":46,"relics_lost":["NeowsBlessing"],"gold_loss":0}],"is_beta":false,"boss_relics":[{"not_picked":["Painkiller Herb","testmod-KeyOfTheVoid"],"picked":"testmod-StringDisintegrator"},{"not_picked":[]},{"not_picked":["aspiration:RitualDagger","Velvet Choker"],"picked":"testmod-NegativeEmotionEnhancer"},{"not_picked":[]}],"items_purged_floors":[53],"is_endless":false,"potions_floor_spawned":[2,5,14,16,20,26,29,32,33,36,39,43,48,49],"killed_by":"downfall:NeowBoss","ascension_level":2}}