{"host":"r5cycnjhcbwgkpkf","time":1612890586,"event":{"mods":["2.2 Compatiblity","AchievementEnabler","BaseMod","Bestiary","Better Altar","Better Match","Better Note","Better Skull","Better Third Choice","BetterRewards","Colored Map","Colored Powertips","Infinite Spire","Minty Spire (QoL Compilation)","Reliquary","Replay The Spire","Spicy Shops","StSLib"],"gold_per_floor":[113,113,113,128,143,143,30,30,53,85,85,112,130,130,130,249,249,267,267,287,302,353,353,368,384,384,384,384,21,40,65,65,189,189,208,208,224,23,43,43,76,76,76,116,116,131,150,166,166,166],"floor_reached":51,"language":"ENG","playtime":4308,"items_purged":["Strike_G"],"score":1118,"play_id":"2f8d1d11-234a-4215-b92b-cac99f98eb2d","local_time":"20210209090946","is_ascension_mode":true,"campfire_choices":[{"floor":6.0,"key":"REST"},{"data":"Calculated Gamble","floor":8.0,"key":"SMITH"},{"data":"Eviscerate","floor":11.0,"key":"SMITH"},{"data":"Backstab","floor":15.0,"key":"SMITH"},{"floor":23.0,"key":"REST"},{"floor":28.0,"key":"REST"},{"floor":32.0,"key":"REST"},{"floor":40,"key":"REST"},{"floor":42,"key":"REST"},{"floor":49,"key":"REST"}],"circlet_count":0,"master_deck":["Strike_G","Strike_G","Strike_G","Defend_G","Defend_G+1","Defend_G+1","Defend_G","Defend_G","Survivor","Neutralize","Backstab+1","Calculated Gamble+1","Underhanded Strike","Noxious Fumes","Acrobatics","Unload","Eviscerate+1","Fluid Movement","Tools of the Trade+1","Distraction","Underhanded Strike","Backstab","Calculated Gamble","Terror+1","ReplayTheSpireMod:Scrap Shanks+1","Night Terror"],"relics":["Ring of the Snake","TungstenRod","Membership Card","War Paint","Nunchaku","Oddly Smooth Stone","infinitespire:Beetle Shell","reliquary:Knoch","reliquary:Firecrackers","Golden Idol","reliquary:KinkedSpring","Toy Ornithopter","Unceasing Top","Regal Pillow","Divine Protection","infinitespire:WardingShard","reliquary:PorcupineQuills","SacredBark","reliquary:PorcupineQuills","Sling","Replay:Baseball","Mercury Hourglass","infinitespire:Joker Card"],"acts_visited":["Exordium","TheCity","TheBeyond"],"potions_floor_usage":[37,46,46,46,50,50,50],"damage_taken":[{"damage":0.0,"enemies":"Jaw Worm","floor":1.0,"turns":2.0},{"damage":0.0,"enemies":"Cultist","floor":4.0,"turns":3.0},{"damage":0.0,"enemies":"2 Louse","floor":5.0,"turns":2.0},{"damage":0.0,"enemies":"Gremlin Nob","floor":10.0,"turns":2.0},{"damage":15.0,"enemies":"3 Sentries","floor":12.0,"turns":5.0},{"damage":1.0,"enemies":"Exordium Thugs","floor":13.0,"turns":2.0},{"damage":41.0,"enemies":"Fading Forest","floor":16.0,"turns":11.0},{"damage":10.0,"enemies":"3 Byrds","floor":18.0,"turns":8.0},{"damage":14.0,"enemies":"Chosen","floor":20.0,"turns":5.0},{"damage":11.0,"enemies":"Centurion and Healer","floor":21.0,"turns":6.0},{"damage":22.0,"enemies":"3 Cultists","floor":24.0,"turns":5.0},{"damage":7.0,"enemies":"Shelled Parasite and Fungi","floor":25.0,"turns":4.0},{"damage":11.0,"enemies":"Centurion and Healer","floor":30.0,"turns":5.0},{"damage":6.0,"enemies":"Sentry and Sphere","floor":31.0,"turns":5.0},{"damage":15.0,"enemies":"Automaton","floor":33.0,"turns":12.0},{"damage":7.0,"enemies":"Orb Walker","floor":35.0,"turns":4.0},{"damage":16,"enemies":"3 Darklings","floor":37,"turns":5},{"damage":38,"enemies":"Transient","floor":39,"turns":5},{"damage":22,"enemies":"Reptomancer","floor":41,"turns":4},{"damage":45,"enemies":"Giant Head","floor":44,"turns":6},{"damage":0,"enemies":"Maw","floor":46,"turns":4},{"damage":0,"enemies":"4 Shapes","floor":47,"turns":6},{"damage":0,"enemies":"Jaw Worm Horde","floor":48,"turns":4},{"damage":11,"enemies":"infinitespire:MassOfShapes","floor":50,"turns":16}],"seed_played":"7978463552923181050","potions_obtained":[{"floor":5.0,"key":"Block Potion"},{"floor":12.0,"key":"ColorlessPotion"},{"floor":22.0,"key":"EntropicBrew"},{"floor":22.0,"key":"Poison Potion"},{"floor":22.0,"key":"BlessingOfTheForge"},{"floor":25.0,"key":"DuplicationPotion"},{"floor":37,"key":"Strength Potion"}],"is_trial":false,"path_per_floor":["M","?","?","M","M","R","$","R","T","E","R","E","M","?","R","B",null,"M","?","M","M","?","R","M","M","T","?","R","$","M","M","R","B",null,"M","?","M","$","M","R","E","R","T","E","?","M","M","M","R","B",null],"character_chosen":"THE_SILENT","items_purchased":["TungstenRod","Membership Card","Backstab","Calculated Gamble","War Paint","Underhanded Strike","Quick Slash","Noxious Fumes","SkillPotion","Eviscerate","Oddly Smooth Stone","Divine Protection","infinitespire:WardingShard","reliquary:PorcupineQuills","Backstab","reliquary:SculptingSteel","Sling"],"campfire_rested":7,"item_purchase_floors":[0,0,0,0,0,0,0,0,0,7,7,29,29,29,29,38,38],"current_hp_per_floor":[49,40,44,44,44,65,65,65,65,65,65,50,49,49,49,16,53,43,43,29,18,18,37,15,13,13,13,47,47,36,30,64,49,61,54,54,43,43,5,39,17,51,51,6,6,21,21,21,55,58],"gold":166,"neow_bonus":"","is_daily":false,"chose_seed":false,"campfire_upgraded":3,"win_rate":0.0,"timestamp":1612890586,"path_taken":["M","?","?","?","M","R","$","R","T","E","R","E","M","?","R","BOSS","M","?","M","?","?","R","M","M","T","?","R","?","M","M","R","BOSS","M","?","?","$","M","R","E","R","T","E","?","?","M","M","R","BOSS"],"items_purchased_type":["Relic","Relic","Card","Card","Relic","Card","Card","Card","Potion","Card","Relic","Relic","Relic","Relic","Card","Relic","Relic"],"build_version":"2020-12-22","purchased_purges":1,"victory":true,"max_hp_per_floor":[70,70,70,70,70,70,70,70,70,70,70,70,70,65,65,65,65,65,65,65,65,65,65,65,65,65,65,65,65,65,65,65,65,65,65,65,65,65,65,65,65,65,65,65,65,65,65,65,65,65],"card_choices":[{"not_picked":["Flying Knee","Quick Slash"],"picked":"Acrobatics","floor":1.0},{"not_picked":["Cloak And Dagger","Hidden Blade","Blade Dance"],"picked":"SKIP","floor":4.0},{"not_picked":["Underhanded Strike","Deflect"],"picked":"Unload","floor":5.0},{"not_picked":["Infinite Blades","Blade Dance","Acrobatics"],"picked":"SKIP","floor":10.0},{"not_picked":["Eviscerate","Escape Plan"],"picked":"Fluid Movement","floor":12.0},{"not_picked":["Acrobatics","Choke","Cloak And Dagger"],"picked":"SKIP","floor":13.0},{"not_picked":["Phantasmal Killer","Envenom"],"picked":"Tools of the Trade","floor":16.0},{"not_picked":["Bane","All Out Attack","Quick Slash"],"picked":"SKIP","floor":18.0},{"not_picked":["ReplayTheSpireMod:Exploit Weakness","Hidden Blade","Deadly Poison"],"picked":"SKIP","floor":20.0},{"not_picked":["Deflect","Dash"],"picked":"Distraction","floor":21.0},{"not_picked":["Backstab","Crippling Poison+1"],"picked":"Underhanded Strike","floor":24.0},{"not_picked":["Acrobatics","Blade Dance+1","All Out Attack"],"picked":"SKIP","floor":25.0},{"not_picked":["Finisher","Fluid Movement+1"],"picked":"Calculated Gamble","floor":30.0},{"not_picked":["Calculated Gamble+1","Masterful Stab","Prepared"],"picked":"SKIP","floor":31.0},{"not_picked":["Reflex","Predator"],"picked":"Terror+1","floor":35.0},{"not_picked":["Flying Knee","Slice+1","ReplayTheSpireMod:The Works"],"picked":"SKIP","floor":37},{"not_picked":["Crippling Poison+1","Quick Slash+1"],"picked":"ReplayTheSpireMod:Scrap Shanks+1","floor":39},{"not_picked":["Backflip+1","Slice+1","Hidden Blade"],"picked":"SKIP","floor":41},{"not_picked":["All Out Attack","Backstab","Predator"],"picked":"SKIP","floor":44},{"not_picked":["Crippling Poison+1","Expertise","Dodge and Roll"],"picked":"SKIP","floor":46},{"not_picked":["Quick Slash","Blade Dance","PiercingWail+1"],"picked":"SKIP","floor":47},{"not_picked":["Cloak And Dagger+1","Quick Slash","Backflip"],"picked":"SKIP","floor":48}],"player_experience":401633,"relics_obtained":[{"floor":9.0,"key":"infinitespire:Beetle Shell"},{"floor":10.0,"key":"reliquary:Knoch"},{"floor":12.0,"key":"reliquary:Firecrackers"},{"floor":26.0,"key":"Unceasing Top"},{"floor":41,"key":"Replay:Baseball"},{"floor":43,"key":"Mercury Hourglass"},{"floor":44,"key":"infinitespire:Joker Card"}],"event_choices":[{"damage_healed":0.0,"max_hp_gain":0.0,"max_hp_loss":0.0,"gold_gain":0.0,"event_name":"betterThird:BetterScrap","player_choice":"Relic ","floor":2.0,"gold_loss":0.0,"damage_taken":12.0,"cards_obtained":["Glacier"]},{"damage_healed":4.0,"max_hp_gain":0.0,"max_hp_loss":0.0,"gold_gain":0.0,"event_name":"betterSkull:BetterSkull","player_choice":"LEAVE ","floor":3.0,"gold_loss":0.0,"damage_taken":0.0,"cards_upgraded":[],"relics_obtained":[]},{"damage_healed":0.0,"max_hp_gain":0.0,"max_hp_loss":5.0,"gold_gain":0.0,"event_name":"Golden Idol","player_choice":"Lose Max HP","floor":14.0,"gold_loss":0.0,"damage_taken":0.0,"relics_obtained":["Golden Idol"]},{"cards_removed":["Quick Slash"],"damage_healed":0.0,"max_hp_gain":0.0,"max_hp_loss":0.0,"gold_gain":0.0,"event_name":"WeMeetAgain","player_choice":"Gave Card","floor":19.0,"gold_loss":0.0,"damage_taken":0.0,"relics_obtained":["Toy Ornithopter"]},{"damage_healed":0.0,"max_hp_gain":0.0,"max_hp_loss":0.0,"gold_gain":0.0,"event_name":"Accursed Blacksmith","player_choice":"Forge","floor":36.0,"gold_loss":0.0,"damage_taken":0.0,"cards_upgraded":["Tools of the Trade"]},{"damage_healed":0,"gold_gain":0,"cards_transformed":["Strike_G"],"player_choice":"Transformed","damage_taken":0,"max_hp_gain":0,"max_hp_loss":0,"event_name":"Transmorgrifier","floor":45,"gold_loss":0,"cards_obtained":["Night Terror"]}],"is_beta":false,"boss_relics":[{"not_picked":["Runic Dome","Snecko Scales"],"picked":"reliquary:KinkedSpring"},{"not_picked":["Kintsugi","Calling Bell"],"picked":"SacredBark"}],"items_purged_floors":[0],"is_endless":false,"potions_floor_spawned":[5,12,25,30,33,37,39,44],"ascension_level":5}}