{"host":"126yiuos2nq86se7","time":1612840356,"event":{"mods":["AchievementEnabler","Act Like it!","BaseMod","BetterRewards","Colored Map","Colored Powertips","Friendly Minions","Highlight Path","Hubris","Minty Spire (QoL Compilation)","Reimu??????","Remilia??????","StSLib","SuperFastMode","The Animator"],"gold_per_floor":[99,0,10,22,97,97,109,136,136,136,167,167,139,139,139,236,236,236,236,52,52,52,52,52,52,52,52,52,52,52,52,52,52,52,52,52,52,0,0,0,0,0,0,0,0,0,0,0,0,0,0],"floor_reached":50,"language":"ENG","playtime":2212,"items_purged":["Poor:ReiMu","Strike_Lin:ReiMu","KamiRite:ReiMu+1"],"score":617,"play_id":"20f65c26-cd6c-475d-a313-e67960c45e3b","local_time":"20210209141236","is_ascension_mode":true,"campfire_choices":[{"floor":6,"key":"REST"},{"floor":10,"key":"REST"},{"floor":12,"key":"REST"},{"floor":15,"key":"REST"},{"data":"Free:ReiMu","floor":23,"key":"SMITH"},{"data":"DoubleButterfly:ReiMu","floor":25,"key":"SMITH"},{"data":"Mountainwind:ReiMu","floor":27,"key":"SMITH"},{"data":"Armaments","floor":29,"key":"SMITH"},{"data":"InherentArray:ReiMu","floor":30,"key":"SMITH"},{"floor":32,"key":"REST"},{"floor":40,"key":"REST"},{"data":"Revelation:ReiMu","floor":44,"key":"SMITH"},{"floor":49,"key":"REST"}],"circlet_count":0,"master_deck":["Strike_Lin:ReiMu+1","Strike_Lin:ReiMu","Defend_Lin:ReiMu","Defend_Lin:ReiMu","Defend_Lin:ReiMu","Defend_Lin:ReiMu","NB:ReiMu","Stagnation:ReiMu","Free:ReiMu+1","DoubleButterfly:ReiMu+1","AlertArray:ReiMu","SpreadBorder2:ReiMu","PayForSelf:ReiMu+1","Mountainwind:ReiMu+1","InherentArray:ReiMu+1","RunawayExorcism:ReiMu","YinYangSange:ReiMu","Armaments+1","Good Instincts","Crusade:ReiMu+1","WonderfulDomain:ReiMu+1","Revelation:ReiMu+1","AirManeuver:ReiMu+1","Free:ReiMu+1","YinYangSange:ReiMu","Madness","Madness"],"relics":["FlyPower:ReiMu","WingedGreaves","Oddly Smooth Stone","Bottled Flame","PreservedInsect","Ectoplasm","MutagenicStrength","Tiny Chest","hubris:HollowSoul","Whetstone","Pantograph"],"acts_visited":["Exordium","TheCity","TheBeyond"],"potions_floor_usage":[16,16,33,33,50,50],"damage_taken":[{"damage":0,"enemies":"Small Slimes","floor":1,"turns":4},{"damage":2,"enemies":"Jaw Worm","floor":3,"turns":9},{"damage":0,"enemies":"2 Louse","floor":4,"turns":5},{"damage":11,"enemies":"Lots of Slimes","floor":7,"turns":9},{"damage":25,"enemies":"3 Sentries","floor":11,"turns":12},{"damage":2,"enemies":"Exordium Thugs","floor":13,"turns":7},{"damage":27,"enemies":"Hexaghost","floor":16,"turns":17},{"damage":17,"enemies":"3 Byrds","floor":18,"turns":8},{"damage":0,"enemies":"Chosen","floor":28,"turns":8},{"damage":2,"enemies":"Snake Plant","floor":31,"turns":8},{"damage":6,"enemies":"Automaton","floor":33,"turns":11},{"damage":23,"enemies":"3 Darklings","floor":35,"turns":8},{"damage":5,"enemies":"3 Shapes","floor":36,"turns":7},{"damage":1,"enemies":"Jaw Worm Horde","floor":39,"turns":5},{"damage":3,"enemies":"4 Shapes","floor":45,"turns":12},{"damage":40,"enemies":"Maw","floor":46,"turns":11},{"damage":8,"enemies":"Spire Growth","floor":48,"turns":8},{"damage":16,"enemies":"hubris:GrandSnecko","floor":50,"turns":2}],"seed_played":"-4286080823467207736","potions_obtained":[{"floor":1,"key":"HakureiPotion:ReiMu"},{"floor":7,"key":"Block Potion"},{"floor":18,"key":"SpeedPotion"},{"floor":31,"key":"LiquidBronze"},{"floor":39,"key":"Fire Potion"},{"floor":46,"key":"Block Potion"}],"is_trial":false,"path_per_floor":["M","$","M","M","?","R","M","T","T","R","E","R","M","?","R","B",null,"M","?","$","?","?","R","?","R","T","R","M","R","R","M","R","B",null,"M","M","?","$","M","R","T","?","T","R","M","M","?","M","R","B"],"character_chosen":"REIMU","items_purchased":["Free:ReiMu","DoubleButterfly:ReiMu","SpreadBorder2:ReiMu","Good Instincts"],"campfire_rested":7,"item_purchase_floors":[0,0,2,20],"current_hp_per_floor":[36,36,34,34,23,42,31,31,31,50,25,44,42,42,61,34,65,48,48,48,48,48,48,48,48,48,48,48,48,48,46,65,59,65,42,37,40,40,39,59,59,59,59,59,56,16,7,34,54,0,0],"gold":0,"neow_bonus":"","is_daily":false,"chose_seed":false,"campfire_upgraded":6,"win_rate":0.0,"timestamp":1612840356,"path_taken":["M","$","M","M","?","R","M","?","T","R","E","R","M","?","R","BOSS","M","?","$","?","?","R","?","R","T","R","?","R","R","M","R","BOSS","M","M","?","?","M","R","?","?","T","R","M","?","?","M","R","BOSS"],"items_purchased_type":["Card","Card","Card","Card"],"build_version":"2020-12-22","purchased_purges":3,"victory":false,"max_hp_per_floor":[65,65,65,65,65,65,65,65,65,65,65,65,65,65,65,65,65,65,65,65,65,65,65,65,65,65,65,65,65,65,65,65,65,65,65,65,68,68,68,68,68,68,68,68,68,68,68,68,68,68,68],"card_choices":[{"not_picked":["ShadowOfCrow2:ReiMu","YinYangSign:ReiMu"],"picked":"AlertArray:ReiMu","floor":1},{"not_picked":["SpringWay:ReiMu","Conquer:ReiMu"],"picked":"PayForSelf:ReiMu","floor":3},{"not_picked":["BarrageOfMoneybags:ReiMu","AlertArray:ReiMu","WonderfulDomain:ReiMu"],"picked":"SKIP","floor":4},{"not_picked":["Intuition:ReiMu","SpringWay:ReiMu"],"picked":"Mountainwind:ReiMu","floor":7},{"not_picked":["Conquer:ReiMu","Revelation:ReiMu"],"picked":"InherentArray:ReiMu","floor":11},{"not_picked":["Meditation:ReiMu","OrbThrow:ReiMu","TightArray:ReiMu"],"picked":"SKIP","floor":13},{"not_picked":["PrayRite:ReiMu","KamiRite:ReiMu"],"picked":"RunawayExorcism:ReiMu","floor":16},{"not_picked":["Amulet:ReiMu","Enchanting:ReiMu"],"picked":"YinYangSange:ReiMu","floor":18},{"not_picked":["SubAcupoint:ReiMu","TightArray:ReiMu+1","AirStrike:ReiMu"],"picked":"SKIP","floor":28},{"not_picked":["PhosphorusFlame:ReiMu","EmergencyTakeOff:ReiMu"],"picked":"Crusade:ReiMu+1","floor":31},{"not_picked":["SpringWay:ReiMu","UniversalSpiritual:ReiMu"],"picked":"WonderfulDomain:ReiMu+1","floor":35},{"not_picked":["KamiSacrifice:ReiMu","RainPray2:ReiMu+1"],"picked":"Revelation:ReiMu","floor":36},{"not_picked":["SafetyPray:ReiMu+1","Amulet:ReiMu"],"picked":"AirManeuver:ReiMu+1","floor":39},{"not_picked":["SpreadBorder2:ReiMu","TightArray:ReiMu","Amulet:ReiMu+1"],"picked":"SKIP","floor":45},{"not_picked":["SealNeedle:ReiMu","AirStrike:ReiMu+1"],"picked":"YinYangSange:ReiMu","floor":46},{"not_picked":["Enchanting:ReiMu","Meditation:ReiMu+1","ShadowOfCrow2:ReiMu+1"],"picked":"SKIP","floor":48}],"player_experience":1648714,"relics_obtained":[{"floor":8,"key":"Oddly Smooth Stone"},{"floor":9,"key":"Bottled Flame"},{"floor":11,"key":"PreservedInsect"},{"floor":26,"key":"Tiny Chest"},{"floor":41,"key":"Whetstone"},{"floor":43,"key":"Pantograph"}],"event_choices":[{"damage_healed":0,"gold_gain":75,"player_choice":"Gather Gold","damage_taken":11,"max_hp_gain":0,"max_hp_loss":0,"event_name":"World of Goop","floor":5,"gold_loss":0},{"cards_removed":["Strike_Lin:ReiMu"],"damage_healed":0,"gold_gain":0,"player_choice":"Forget","damage_taken":0,"max_hp_gain":0,"max_hp_loss":0,"event_name":"Living Wall","floor":14,"gold_loss":0},{"damage_healed":0,"gold_gain":0,"player_choice":"Read","damage_taken":0,"max_hp_gain":0,"max_hp_loss":0,"event_name":"The Library","floor":19,"gold_loss":0,"cards_obtained":["Armaments"]},{"damage_healed":0,"gold_gain":0,"player_choice":"Inject Mutagens","damage_taken":0,"relics_obtained":["MutagenicStrength"],"max_hp_gain":0,"max_hp_loss":0,"event_name":"Drug Dealer","floor":21,"gold_loss":0},{"damage_healed":0,"gold_gain":0,"player_choice":"Ignored","damage_taken":0,"max_hp_gain":0,"max_hp_loss":0,"event_name":"N\u0027loth","floor":24,"gold_loss":0},{"damage_healed":0,"gold_gain":0,"player_choice":"Copied","damage_taken":0,"max_hp_gain":0,"max_hp_loss":0,"event_name":"Duplicator","floor":42,"gold_loss":0,"cards_obtained":["Free:ReiMu"]},{"damage_healed":0,"gold_gain":0,"player_choice":"Embrace Madness","damage_taken":9,"max_hp_gain":0,"max_hp_loss":0,"event_name":"Winding Halls","floor":47,"gold_loss":0,"cards_obtained":["Madness","Madness"]}],"is_beta":false,"boss_relics":[{"not_picked":["hubris:VirtuousBlindfold","Empty Cage"],"picked":"Ectoplasm"},{"not_picked":["Runic Pyramid","hubris:CrackedHourglass"],"picked":"hubris:HollowSoul"}],"items_purged_floors":[2,20,38],"is_endless":false,"potions_floor_spawned":[1,7,18,31,39,46],"killed_by":"hubris:GrandSnecko","ascension_level":1}}