{"host":"sav7uxregyirlf69","time":1612832821,"event":{"mods":["AchievementEnabler","BaseMod","Colored Map","DeckTracker","Keyboard Shortcuts","Minty Spire (QoL Compilation)","READ ME - Guardian Mod","StSLib","SuperFastMode"],"gold_per_floor":[110,110,51,51,71,100,25,35,35,35,51,81,131,150,150,224,224,243,107,118,118,135,135,135],"floor_reached":23,"language":"KOR","playtime":474,"items_purged":["Strike_G","Strike_G"],"score":452,"play_id":"d3ec154a-23f6-4109-8611-f602294cff0a","local_time":"20210209100701","is_ascension_mode":true,"campfire_choices":[{"data":"Eviscerate","floor":10,"key":"SMITH"},{"data":"Concentrate","floor":15,"key":"SMITH"}],"circlet_count":0,"master_deck":["AscendersBane","Strike_G+1","Strike_G","Strike_G","Defend_G+1","Defend_G","Defend_G","Defend_G","Defend_G","Survivor","Neutralize","Eviscerate+1","Prepared+1","Dagger Throw","Acrobatics","Dagger Throw","Concentrate+1","Adrenaline","Well Laid Plans"],"relics":["Ring of the Snake","NeowsBlessing","Meat on the Bone","Gremlin Horn","Toy Ornithopter","Philosopher\u0027s Stone"],"acts_visited":["Exordium","TheCity"],"potions_floor_usage":[12,16,22],"damage_taken":[{"damage":0,"enemies":"Small Slimes","floor":1,"turns":1},{"damage":0,"enemies":"2 Louse","floor":5,"turns":1},{"damage":0,"enemies":"Gremlin Nob","floor":6,"turns":1},{"damage":4,"enemies":"Cultist","floor":8,"turns":3},{"damage":0,"enemies":"2 Fungi Beasts","floor":11,"turns":2},{"damage":14,"enemies":"Lagavulin","floor":12,"turns":4},{"damage":0,"enemies":"Lots of Slimes","floor":14,"turns":2},{"damage":9,"enemies":"Slime Boss","floor":16,"turns":7},{"damage":0,"enemies":"Spheric Guardian","floor":18,"turns":1},{"damage":7,"enemies":"Chosen","floor":20,"turns":4},{"damage":25,"enemies":"Snake Plant","floor":22,"turns":5},{"damage":46,"enemies":"Slavers","floor":23,"turns":3}],"seed_played":"-2663864123593391405","potions_obtained":[{"floor":1,"key":"LiquidMemories"},{"floor":8,"key":"Fire Potion"},{"floor":14,"key":"Fire Potion"}],"is_trial":false,"path_per_floor":["M","?","$","?","M","E","$","M","T","R","M","E","?","M","R","B",null,"M","$","M","?","M","E"],"character_chosen":"THE_SILENT","items_purchased":["Prepared","Well Laid Plans"],"campfire_rested":0,"item_purchase_floors":[3,19],"current_hp_per_floor":[59,39,39,39,39,39,39,35,35,35,35,33,33,45,45,41,60,60,60,53,53,45,0,0],"gold":135,"neow_bonus":"THREE_ENEMY_KILL","is_daily":false,"chose_seed":false,"campfire_upgraded":2,"win_rate":0.0,"timestamp":1612832821,"path_taken":["M","?","$","?","?","E","$","M","T","R","M","E","?","?","R","BOSS","M","$","M","?","M","E"],"items_purchased_type":["Card","Card"],"build_version":"2020-12-22","purchased_purges":2,"victory":false,"max_hp_per_floor":[66,66,66,66,66,66,66,66,66,66,66,66,66,66,66,66,66,66,66,66,66,66,66,66],"card_choices":[{"not_picked":["Dash","Dodge and Roll"],"picked":"Eviscerate","floor":1},{"not_picked":["Slice","Underhanded Strike"],"picked":"Dagger Throw","floor":5},{"not_picked":["Backflip","Setup","PiercingWail"],"picked":"SKIP","floor":6},{"not_picked":["Backflip","Sucker Punch"],"picked":"Acrobatics","floor":8},{"not_picked":["Sucker Punch","Outmaneuver"],"picked":"Dagger Throw","floor":11},{"not_picked":["Infinite Blades","Sucker Punch","Outmaneuver"],"picked":"SKIP","floor":12},{"not_picked":["Acrobatics","Expertise"],"picked":"Concentrate","floor":14},{"not_picked":["Corpse Explosion","Grand Finale"],"picked":"Adrenaline","floor":16},{"not_picked":["Dagger Spray","PiercingWail","Sucker Punch"],"picked":"SKIP","floor":18},{"not_picked":["Blade Dance","Dodge and Roll","Prepared"],"picked":"SKIP","floor":20},{"not_picked":["Riddle With Holes","Deadly Poison","Finisher"],"picked":"SKIP","floor":22}],"player_experience":1529302,"relics_obtained":[{"floor":6,"key":"Meat on the Bone"},{"floor":9,"key":"Gremlin Horn"},{"floor":12,"key":"Toy Ornithopter"}],"event_choices":[{"damage_healed":0,"gold_gain":0,"player_choice":"Entered Light","damage_taken":20,"max_hp_gain":0,"max_hp_loss":0,"event_name":"Shining Light","floor":2,"gold_loss":0,"cards_upgraded":["Strike_G","Defend_G"]},{"damage_healed":0,"gold_gain":0,"player_choice":"Upgraded","damage_taken":0,"max_hp_gain":0,"max_hp_loss":0,"event_name":"Upgrade Shrine","floor":4,"gold_loss":0,"cards_upgraded":["Prepared"]},{"damage_healed":0,"gold_gain":50,"player_choice":"Pray","damage_taken":0,"max_hp_gain":0,"max_hp_loss":0,"event_name":"Golden Shrine","floor":13,"gold_loss":0},{"damage_healed":0,"gold_gain":0,"player_choice":"Ignored","damage_taken":0,"max_hp_gain":0,"max_hp_loss":0,"event_name":"Ghosts","floor":21,"gold_loss":0}],"is_beta":false,"boss_relics":[{"not_picked":["Black Star","Ring of the Serpent"],"picked":"Philosopher\u0027s Stone"}],"items_purged_floors":[7,19],"is_endless":false,"potions_floor_spawned":[1,8,11,14],"killed_by":"Slavers","ascension_level":20}}