{"host":"dojv50o4unegzio5","time":1612903355,"event":{"mods":["BaseMod","Better Silent Start","Ironclad Rager","Minty Spire (QoL Compilation)"],"gold_per_floor":[114,129,129,144,159,159,189,189,189,204,234,234,264,264,264,364,364,379,394,394,394],"floor_reached":20,"language":"ENG","playtime":1116,"items_purged":[],"score":419,"play_id":"401d75b9-0658-49ca-a096-435782a8a49c","local_time":"20210209154235","daily_mods":["Draft","Hoarder","DeadlyEvents"],"is_ascension_mode":false,"campfire_choices":[{"data":"Deadly Poison","floor":6,"key":"SMITH"},{"floor":8,"key":"REST"},{"floor":12,"key":"REST"},{"floor":15,"key":"REST"}],"circlet_count":0,"master_deck":["Deadly Poison","Deadly Poison+1","Deadly Poison","Dagger Throw","Dagger Throw","Dagger Throw","Underhanded Strike","Underhanded Strike","Underhanded Strike","Deadly Poison","Deadly Poison","Deadly Poison","Deflect","Deflect","Deflect","Cloak And Dagger","Cloak And Dagger","Cloak And Dagger","Riddle With Holes","Riddle With Holes","Riddle With Holes","PiercingWail","PiercingWail","PiercingWail","Backflip","Backflip","Backflip","Blade Dance","Blade Dance","Blade Dance","Poisoned Stab","Poisoned Stab","Poisoned Stab","Cloak And Dagger","Cloak And Dagger","Cloak And Dagger+1","Predator","Predator","Predator","PiercingWail","PiercingWail","PiercingWail","Flying Knee","Flying Knee","Flying Knee","Predator","Predator","Predator","Dash","Dash","Dash","Poisoned Stab","Poisoned Stab","Poisoned Stab","Concentrate","Concentrate","Concentrate","All Out Attack","All Out Attack","All Out Attack","Flying Knee","Flying Knee","Flying Knee","Leg Sweep","Leg Sweep","Leg Sweep","Die Die Die","Die Die Die","Die Die Die","Glass Knife","Glass Knife","Glass Knife","Footwork","Footwork","Footwork","Bouncing Flask","Bouncing Flask","Bouncing Flask"],"relics":["Ring of the Serpent","Blood Vial","Vajra","Mercury Hourglass","MealTicket"],"acts_visited":["Exordium","TheCity"],"potions_floor_usage":[7,16,16,16],"damage_taken":[{"damage":8,"enemies":"Small Slimes","floor":1,"turns":4},{"damage":0,"enemies":"Cultist","floor":2,"turns":3},{"damage":0,"enemies":"2 Louse","floor":4,"turns":2},{"damage":1,"enemies":"Exordium Thugs","floor":5,"turns":4},{"damage":32,"enemies":"Gremlin Nob","floor":7,"turns":4},{"damage":4,"enemies":"Looter","floor":10,"turns":3},{"damage":22,"enemies":"Lagavulin","floor":11,"turns":5},{"damage":0,"enemies":"Gremlin Nob","floor":13,"turns":3},{"damage":66,"enemies":"The Guardian","floor":16,"turns":8},{"damage":30,"enemies":"Spheric Guardian","floor":18,"turns":4},{"damage":27,"enemies":"Shell Parasite","floor":19,"turns":6},{"damage":20,"enemies":"Centurion and Healer","floor":20,"turns":1}],"seed_played":"-878916022338446095","potions_obtained":[{"floor":1,"key":"BlessingOfTheForge"},{"floor":4,"key":"Explosive Potion"},{"floor":5,"key":"ColorlessPotion"},{"floor":13,"key":"DuplicationPotion"}],"is_trial":false,"path_per_floor":["M","M","?","M","M","R","E","R","T","M","E","R","E","?","R","B",null,"M","M","M"],"character_chosen":"THE_SILENT","items_purchased":[],"campfire_rested":3,"item_purchase_floors":[],"current_hp_per_floor":[62,62,62,62,61,61,29,50,50,48,28,49,51,51,70,4,70,40,15,0,0],"gold":394,"neow_bonus":"","is_daily":true,"chose_seed":false,"campfire_upgraded":1,"win_rate":0.0,"timestamp":1612903355,"path_taken":["M","M","?","?","M","R","E","R","T","M","?","R","?","?","R","BOSS","M","M","M"],"items_purchased_type":[],"build_version":"2020-12-22","purchased_purges":0,"victory":false,"max_hp_per_floor":[70,70,70,70,70,70,70,70,70,70,70,70,70,70,70,70,70,70,70,70,70],"card_choices":[{"not_picked":["Infinite Blades","Prepared"],"picked":"Deadly Poison","floor":0},{"not_picked":["Blur","ICR:Vanish"],"picked":"Dagger Throw","floor":0},{"not_picked":["Deflect","Endless Agony"],"picked":"Underhanded Strike","floor":0},{"not_picked":["Outmaneuver","Bouncing Flask"],"picked":"Deadly Poison","floor":0},{"not_picked":["Dagger Throw","Masterful Stab"],"picked":"Deflect","floor":0},{"not_picked":["Quick Slash","Blade Dance"],"picked":"Cloak And Dagger","floor":0},{"not_picked":["Dodge and Roll","Deflect"],"picked":"Riddle With Holes","floor":0},{"not_picked":["Acrobatics","Backflip"],"picked":"PiercingWail","floor":0},{"not_picked":["Underhanded Strike","Outmaneuver"],"picked":"Backflip","floor":0},{"not_picked":["Prepared","Deadly Poison"],"picked":"Blade Dance","floor":0},{"not_picked":["Eviscerate","Calculated Gamble"],"picked":"Poisoned Stab","floor":0},{"not_picked":["Acrobatics","Prepared"],"picked":"Cloak And Dagger","floor":0},{"not_picked":["Deadly Poison","Blade Dance"],"picked":"Predator","floor":0},{"not_picked":["Acrobatics","Dagger Throw"],"picked":"PiercingWail","floor":0},{"not_picked":["Dagger Throw","Underhanded Strike"],"picked":"Flying Knee","floor":0},{"not_picked":["Quick Slash","Deflect"],"picked":"Predator","floor":1},{"not_picked":["Backflip","Acrobatics"],"picked":"Dash","floor":2},{"not_picked":["PiercingWail","Dodge and Roll"],"picked":"Poisoned Stab","floor":4},{"not_picked":["Acrobatics","Blur"],"picked":"Concentrate","floor":5},{"not_picked":["Prepared","Infinite Blades"],"picked":"All Out Attack","floor":7},{"not_picked":["Slice","Heel Hook"],"picked":"Flying Knee","floor":10},{"not_picked":["Flying Knee","Doppelganger"],"picked":"Leg Sweep","floor":11},{"not_picked":["Sucker Punch","Blade Dance"],"picked":"Die Die Die","floor":13},{"not_picked":["Burst","Tools of the Trade"],"picked":"Glass Knife","floor":16},{"not_picked":["Prepared+1","Dagger Throw"],"picked":"Footwork","floor":18},{"not_picked":["Outmaneuver","Skewer+1"],"picked":"Bouncing Flask","floor":19}],"player_experience":445158,"relics_obtained":[{"floor":7,"key":"Blood Vial"},{"floor":9,"key":"Vajra"},{"floor":11,"key":"Mercury Hourglass"},{"floor":13,"key":"MealTicket"}],"event_choices":[{"damage_healed":0,"gold_gain":0,"player_choice":"Forge","damage_taken":0,"max_hp_gain":0,"max_hp_loss":0,"event_name":"Accursed Blacksmith","floor":3,"gold_loss":0,"cards_upgraded":["Cloak And Dagger"]},{"damage_healed":0,"gold_gain":0,"player_choice":"Ignored","damage_taken":0,"max_hp_gain":0,"max_hp_loss":0,"event_name":"Liars Game","floor":14,"gold_loss":0}],"is_beta":false,"boss_relics":[{"not_picked":["Fusion Hammer","Sozu"],"picked":"Ring of the Serpent"}],"items_purged_floors":[],"is_endless":false,"potions_floor_spawned":[1,4,5,13],"killed_by":"Centurion and Healer","ascension_level":0}}