{"host":"e5u7qs1emxzejr12","time":1612870128,"event":{"mods":["100% Spire Juice","2.2 Compatiblity","Act Like it!","Arknights","Ascension Unlocker","BaseMod","CapriCore","Card Forge","Colored Powertips","Custom Start","GifTheSpireLib","Highlight Path","Marisa（F雨　魔理沙）","Minty Spire (QoL Compilation)","Monster B Gone","MostiFishMod","Quick Restart","Relic Filter Mod","Reliquary","Replay The Spire","StSLib","SuperFastMode","The Animator","The Blackbeard","WarShipGirlsR/战舰少女R mod","篝火指南"],"gold_per_floor":[115,129,142,156,173,208,53,71,71,71,90,122,140,140,140,140,140],"floor_reached":16,"language":"ZHS","playtime":1109,"items_purged":[],"score":108,"play_id":"b3e4bcb4-44ba-4b63-b74e-154523eeb3e5","local_time":"20210209192848","is_ascension_mode":false,"campfire_choices":[{"floor":10,"key":"RECALL"},{"floor":15,"key":"REST"}],"circlet_count":0,"master_deck":["animator:Strike_Konosuba+1","animator:Defend_Konosuba+1","animator:Kazuma+1","animator:Aqua+1","animator:Aqua+1","animator:Laby+1","animator:Alexander+1","animator:MetalKnight+1","animator:DolaSchwi+1","animator:Elesis+2","animator:Aisha+1","animator:Raven+1","animator:Priestess+1","animator:Alexander+1"],"relics":["animator:LivingPicture","animator:TheMissingPiece","Hammer of Thor","Seething Fire","Anvil of the Gods","DaveBox","animator:PurgingStone","DianPoetry","NeowsBlessing","SynthV:TestCard","Replay:PocketPolymizer","SynthV:C4","Bottled Tornado","Pet Ghost"],"acts_visited":["Exordium"],"potions_floor_usage":[],"damage_taken":[{"damage":0,"enemies":"Cultist","floor":1,"turns":1},{"damage":0,"enemies":"ats:Genji","floor":2,"turns":1},{"damage":3,"enemies":"Small Slimes","floor":3,"turns":3},{"damage":9,"enemies":"3 Louse","floor":4,"turns":2},{"damage":5,"enemies":"Blue Slaver","floor":5,"turns":3},{"damage":6,"enemies":"Replay:BlueRogue","floor":6,"turns":4},{"damage":0,"enemies":"2 Fungi Beasts","floor":8,"turns":2},{"damage":6,"enemies":"3 Louse","floor":11,"turns":3},{"damage":2,"enemies":"Blue Slaver","floor":12,"turns":3},{"damage":2,"enemies":"Lots of Slimes","floor":13,"turns":3},{"damage":2,"enemies":"Fading Forest","floor":16,"turns":1}],"seed_played":"-6134180925709993542","potions_obtained":[{"floor":2,"key":"Weak Potion"},{"floor":4,"key":"Explosive Potion"},{"floor":5,"key":"FearPotion"}],"is_trial":false,"path_per_floor":["M","M","M","M","M","E","$","M","T","R","M","M","M","?","R","B"],"character_chosen":"THE_ANIMATOR","items_purchased":["SynthV:C4"],"campfire_rested":1,"item_purchase_floors":[7],"current_hp_per_floor":[66,66,63,57,58,58,58,61,61,61,58,62,63,63,66,66,66],"gold":140,"neow_bonus":"THREE_ENEMY_KILL","is_daily":false,"chose_seed":false,"campfire_upgraded":0,"win_rate":0.0,"timestamp":1612870128,"path_taken":["M","M","?","M","M","E","?","M","T","R","M","?","M","?","R","BOSS"],"items_purchased_type":["Relic"],"build_version":"2020-12-22","purchased_purges":0,"victory":false,"max_hp_per_floor":[66,66,66,66,66,66,66,66,66,66,66,66,66,66,66,66,66],"card_choices":[{"not_picked":["animator:Millim","animator:IrohaTamaki"],"picked":"animator:Aqua","floor":1},{"not_picked":["animator:Evileye","animator:GazelDwargon","animator:Tatsumaki","animator:DolaCouronne"],"picked":"animator:Laby","floor":2},{"not_picked":["animator:ShinjiMatou","animator:Souei","animator:Laby","animator:Lancer"],"picked":"animator:Alexander","floor":3},{"not_picked":["animator:Sonic","animator:Tatsumaki","animator:Genos","animator:SilverFang"],"picked":"animator:MetalKnight","floor":4},{"not_picked":["animator:Saber","animator:Witch","animator:Millim","animator:Benimaru"],"picked":"animator:DolaSchwi","floor":5},{"not_picked":["animator:DolaStephanie","animator:PandorasActor","animator:Archer","animator:IrohaTamaki"],"picked":"animator:Elesis","floor":6},{"not_picked":["animator:MumenRider","animator:YuiTsuruno","animator:Elsword","animator:IrohaTamaki"],"picked":"animator:Aisha","floor":8},{"not_picked":["animator:Elsword","animator:Lu","animator:Chung","animator:Add"],"picked":"animator:Raven","floor":11},{"not_picked":["animator:MetalKnight","animator:ShinjiMatou","animator:Rider","animator:Mitsurugi"],"picked":"animator:Priestess","floor":12},{"not_picked":["animator:GazelDwargon","animator:IzunaHatsuse","animator:Elsword","animator:HomuraAkemi"],"picked":"animator:Alexander","floor":13}],"player_experience":102905,"relics_obtained":[{"floor":1,"key":"SynthV:TestCard"},{"floor":6,"key":"Replay:PocketPolymizer"},{"floor":9,"key":"Bottled Tornado"}],"event_choices":[{"damage_healed":0,"gold_gain":0,"player_choice":"Box","damage_taken":0,"relics_obtained":["Pet Ghost"],"max_hp_gain":0,"max_hp_loss":0,"event_name":"Big Fish","floor":14,"gold_loss":0,"cards_obtained":["Regret"]}],"is_beta":false,"boss_relics":[],"items_purged_floors":[],"is_endless":false,"potions_floor_spawned":[2,4,5,6,11,13],"killed_by":"Fading Forest","ascension_level":0}}