{"host":"am551fa6890rb9vo","time":1612860998,"event":{"mods":["BaseMod","DeckTracker","Minty Spire (QoL Compilation)","Morshu Shopkeeper - ENHANCED","Rare Cards Sparkle","Relic Stats","Smile Girya","StSLib","The IronCluck","everything is the same but u backflip on backflip","slay the spire mod where everything is the same but ironclad has a cowboy hat"],"gold_per_floor":[117,28,41,59,59,89,89,39,64,339,349,359,206,237,237,334,334,354,369,97,97,97,122,122,139,139,159,159,159],"floor_reached":28,"language":"ENG","playtime":2013,"items_purged":["Regret","Strike_P"],"score":273,"play_id":"73289dd4-cb34-4f51-915e-040dddff7a48","local_time":"20210209085638","is_ascension_mode":false,"campfire_choices":[{"floor":7,"key":"REST"},{"data":"Establishment","floor":15,"key":"SMITH"}],"circlet_count":0,"master_deck":["Strike_P","Defend_P","Defend_P","Defend_P","Eruption","Vigilance","Conclude","ThirdEye","FlurryOfBlows","ClearTheMind","FollowUp","Establishment+1","FlurryOfBlows","Protect","Crescendo","Judgement","SandsOfTime","Blasphemy","RitualDagger","Shame","FlurryOfBlows","TalkToTheHand"],"relics":["PureWater","Bag of Preparation","Oddly Smooth Stone","Strawberry","Darkstone Periapt","Empty Cage","Membership Card","PreservedInsect","WingedGreaves","CaptainsWheel","Ginger"],"acts_visited":["Exordium","TheCity"],"potions_floor_usage":[6,16,23,23,23,23,25],"damage_taken":[{"damage":0,"enemies":"Small Slimes","floor":1,"turns":4},{"damage":0,"enemies":"Cultist","floor":3,"turns":2},{"damage":1,"enemies":"Jaw Worm","floor":4,"turns":4},{"damage":54,"enemies":"Lagavulin","floor":6,"turns":11},{"damage":0,"enemies":"3 Louse","floor":11,"turns":1},{"damage":8,"enemies":"Red Slaver","floor":12,"turns":3},{"damage":3,"enemies":"3 Sentries","floor":14,"turns":6},{"damage":25,"enemies":"Hexaghost","floor":16,"turns":11},{"damage":0,"enemies":"Spheric Guardian","floor":18,"turns":3},{"damage":9,"enemies":"3 Byrds","floor":19,"turns":3},{"damage":13,"enemies":"Slavers","floor":23,"turns":3},{"damage":3,"enemies":"Shelled Parasite and Fungi","floor":25,"turns":4},{"damage":0,"enemies":"Snake Plant","floor":27,"turns":2},{"damage":100019,"enemies":"Gremlin Leader","floor":28,"turns":3}],"seed_played":"-6831014612908664616","potions_obtained":[{"floor":4,"key":"Fruit Juice"},{"floor":6,"key":"AttackPotion"},{"floor":16,"key":"EntropicBrew"},{"floor":19,"key":"Energy Potion"},{"floor":25,"key":"Weak Potion"}],"is_trial":false,"path_per_floor":["M","?","M","M","?","E","R","?","T","?","M","M","$","E","R","B",null,"M","M","$","?","?","E","?","M","T","M","E"],"character_chosen":"WATCHER","items_purchased":["FlurryOfBlows","Protect","Membership Card","PreservedInsect"],"campfire_rested":1,"item_purchase_floors":[13,13,20,20],"current_hp_per_floor":[79,79,79,78,78,29,54,54,61,61,61,53,53,50,50,25,91,91,82,82,76,82,69,69,66,66,66,0,0],"gold":159,"neow_bonus":"TEN_PERCENT_HP_BONUS","is_daily":false,"chose_seed":false,"campfire_upgraded":1,"win_rate":0.0,"timestamp":1612860998,"path_taken":["M","?","?","M","?","E","R","?","T","?","M","M","$","E","R","BOSS","M","M","$","?","?","E","?","M","T","M","E"],"items_purchased_type":["Card","Card","Relic","Relic"],"build_version":"2020-12-22","purchased_purges":2,"victory":false,"max_hp_per_floor":[79,79,79,79,79,84,84,84,91,91,91,91,91,91,91,91,91,91,91,91,91,97,97,97,97,97,97,97,97],"relic_stats":{"Darkstone Periapt":6,"counters":[14,59],"PreservedInsect":88,"Bag of Preparation":[26],"Ginger":[2],"obtain_stats":[{"Darkstone Periapt":14,"CaptainsWheel":23,"Strawberry":9,"Oddly Smooth Stone":6,"PreservedInsect":20,"WingedGreaves":22,"Bag of Preparation":2,"Membership Card":20,"Ginger":26,"PureWater":0,"Empty Cage":17},{"Darkstone Periapt":7,"CaptainsWheel":11,"Strawberry":4,"Oddly Smooth Stone":4,"PreservedInsect":10,"WingedGreaves":10,"Bag of Preparation":1,"Membership Card":10,"Ginger":12,"PureWater":0,"Empty Cage":8},{"Darkstone Periapt":31,"CaptainsWheel":51,"Strawberry":21,"Oddly Smooth Stone":21,"PreservedInsect":48,"WingedGreaves":48,"Bag of Preparation":4,"Membership Card":48,"Ginger":55,"PureWater":0,"Empty Cage":42}]},"card_choices":[{"not_picked":["Evaluate","Nirvana"],"picked":"Conclude","floor":1},{"not_picked":["FlyingSleeves","Fasting2"],"picked":"ThirdEye","floor":3},{"not_picked":["Crescendo","WheelKick"],"picked":"FlurryOfBlows","floor":4},{"not_picked":["WheelKick","Crescendo"],"picked":"ClearTheMind","floor":6},{"not_picked":["ThirdEye","EmptyBody"],"picked":"FollowUp","floor":11},{"not_picked":["Crescendo","WaveOfTheHand"],"picked":"Establishment","floor":12},{"not_picked":["ClearTheMind","Consecrate"],"picked":"Crescendo","floor":14},{"not_picked":["ConjureBlade","Omniscience"],"picked":"Judgement","floor":16},{"not_picked":["FollowUp+1","FlyingSleeves"],"picked":"SandsOfTime","floor":18},{"not_picked":["ClearTheMind","Indignation"],"picked":"Blasphemy","floor":19},{"not_picked":["Weave","Halt","CarveReality"],"picked":"SKIP","floor":23},{"not_picked":["Meditate+1","Conclude"],"picked":"FlurryOfBlows","floor":25},{"not_picked":["ThirdEye","CrushJoints"],"picked":"TalkToTheHand","floor":27}],"player_experience":43179,"relics_obtained":[{"floor":6,"key":"Oddly Smooth Stone"},{"floor":9,"key":"Strawberry"},{"floor":14,"key":"Darkstone Periapt"},{"floor":23,"key":"CaptainsWheel"},{"floor":26,"key":"Ginger"}],"event_choices":[{"damage_healed":0,"gold_gain":0,"player_choice":"Paid Gold","damage_taken":0,"relics_obtained":["Bag of Preparation"],"max_hp_gain":0,"max_hp_loss":0,"event_name":"WeMeetAgain","floor":2,"gold_loss":89},{"damage_healed":0,"gold_gain":0,"player_choice":"Ignored","damage_taken":0,"max_hp_gain":0,"max_hp_loss":0,"event_name":"Liars Game","floor":5,"gold_loss":0},{"cards_removed":["Strike_P"],"damage_healed":0,"gold_gain":0,"player_choice":"Card Removal","damage_taken":0,"max_hp_gain":0,"max_hp_loss":0,"event_name":"The Cleric","floor":8,"gold_loss":50},{"damage_healed":0,"gold_gain":275,"player_choice":"Desecrate","damage_taken":0,"max_hp_gain":0,"max_hp_loss":0,"event_name":"Golden Shrine","floor":10,"gold_loss":0,"cards_obtained":["Regret"]},{"damage_healed":0,"gold_gain":0,"player_choice":"Joined the Cult","damage_taken":6,"max_hp_gain":0,"max_hp_loss":0,"event_name":"Nest","floor":21,"gold_loss":0,"cards_obtained":["RitualDagger"]},{"damage_healed":0,"gold_gain":0,"player_choice":"Stole Relic","damage_taken":0,"relics_obtained":["WingedGreaves"],"max_hp_gain":0,"max_hp_loss":0,"event_name":"Addict","floor":22,"gold_loss":0,"cards_obtained":["Shame"]},{"damage_healed":0,"gold_gain":0,"player_choice":"Ignored","damage_taken":0,"max_hp_gain":0,"max_hp_loss":0,"event_name":"Vampires","floor":24,"gold_loss":0}],"is_beta":false,"boss_relics":[{"not_picked":["Runic Pyramid","SlaversCollar"],"picked":"Empty Cage"}],"items_purged_floors":[13,20],"is_endless":false,"potions_floor_spawned":[4,6,16,19,25],"killed_by":"Gremlin Leader","ascension_level":0}}