{"host":"c6xy0a74zz7y4nf6","time":1612838582,"event":{"mods":["BaseMod","Colored Map","Downfall","Googly Eyes","Minty Spire (QoL Compilation)","Replay The Spire","Spire Arcade","StSLib","The Death Knight","The Exalted","thorton"],"gold_per_floor":[120,70,170,170,95,95,137,173,220,259,259,309,56,121,121,273,273,332,353,207,207,108,191,191,252,252,252],"floor_reached":25,"language":"ENG","playtime":1028,"items_purged":["downfall:Haunted","downfall:Haunted"],"score":210,"play_id":"fcbf3227-9770-439e-a17f-71349f2a235d","local_time":"20210208204302","is_ascension_mode":false,"campfire_choices":[{"data":"thethorton:CreditCard","floor":6,"key":"SMITH"},{"data":"thethorton:CreditCard+1","floor":11,"key":"SMITH"},{"floor":15,"key":"REST"},{"floor":24,"key":"REST"}],"circlet_count":0,"master_deck":["thethorton:Strike","thethorton:Strike","thethorton:Strike","thethorton:Strike","thethorton:Defend","thethorton:Defend","thethorton:Defend","thethorton:Defend","thethorton:Heckle","thethorton:CreditCard+2","thethorton:YoureFired","thethorton:RichRun","Writhe","thethorton:Fatigue","thethorton:FearfulRun","thethorton:RunningKick","downfall:Bewildered","thethorton:SicklyRun","thethorton:CreditCard+2","thethorton:Crash","thethorton:BigBreak","thethorton:SicklyRun","thethorton:ShoutAndRun","thethorton:Fortune"],"relics":["thethorton:CouragePotion","downfall:ExtraCursedKey","Spirit Poop","DollysMirror","ReplayTheSpireMod:TigerMarble","Simple Rune"],"acts_visited":["Exordium","TheCity"],"potions_floor_usage":[10,12,16,23,23,23,23,25],"damage_taken":[{"damage":6,"enemies":"Jaw Worm","floor":1,"turns":4},{"damage":5,"enemies":"2 Louse","floor":7,"turns":3},{"damage":0,"enemies":"Cultist","floor":8,"turns":4},{"damage":9,"enemies":"Exordium Thugs","floor":10,"turns":4},{"damage":2,"enemies":"Large Slime","floor":12,"turns":4},{"damage":12,"enemies":"Blue Slaver","floor":14,"turns":5},{"damage":27,"enemies":"The Guardian","floor":16,"turns":10},{"damage":37,"enemies":"Spheric Guardian","floor":18,"turns":7},{"damage":23,"enemies":"2 Thieves","floor":19,"turns":4},{"damage":12,"enemies":"Book of Stabbing","floor":23,"turns":4},{"damage":26,"enemies":"Snake Plant","floor":25,"turns":5}],"seed_played":"-4102531240133008504","potions_obtained":[{"floor":1,"key":"Block Potion"},{"floor":7,"key":"Weak Potion"},{"floor":14,"key":"Fire Potion"},{"floor":23,"key":"hexamod:SoulburnPotion"}],"is_trial":false,"path_per_floor":["M","?","?","?","$","R","M","M","T","M","R","M","$","M","R","B",null,"M","M","$","?","$","E","R","M"],"character_chosen":"THE_THORT","items_purchased":["DollysMirror","ReplayTheSpireMod:TigerMarble","EntropicBrew"],"campfire_rested":2,"item_purchase_floors":[13,20,22],"current_hp_per_floor":[62,62,67,67,67,67,62,62,62,53,53,51,51,39,60,33,73,36,13,13,13,13,1,22,0,0,0],"gold":252,"neow_bonus":"ONE_RANDOM_RARE_CARD","is_daily":false,"chose_seed":false,"campfire_upgraded":2,"win_rate":0.0,"timestamp":1612838582,"path_taken":["M","?","?","?","$","R","M","M","T","?","R","M","$","M","R","BOSS","M","M","$","?","?","E","R","M"],"items_purchased_type":["Relic","Relic","Potion"],"build_version":"2020-12-22","purchased_purges":2,"victory":false,"max_hp_per_floor":[68,68,73,73,73,73,73,73,73,73,73,73,73,73,73,73,73,73,73,73,73,73,73,73,73,73,73],"card_choices":[{"not_picked":["thethorton:TakeAccounts","thethorton:ChartProject"],"picked":"thethorton:RichRun","floor":1},{"not_picked":["thethorton:LongDaysWork","thethorton:AngerMoment"],"picked":"thethorton:FearfulRun","floor":7},{"not_picked":["thethorton:ThickSkin","thethorton:DualBap"],"picked":"thethorton:RunningKick","floor":8},{"not_picked":["thethorton:FocusStrength","thethorton:WhirlingBriefcase","thethorton:Distance"],"picked":"SKIP","floor":10},{"not_picked":["thethorton:Investment","thethorton:WhirlingBriefcase"],"picked":"thethorton:SicklyRun","floor":12},{"not_picked":["thethorton:BoardroomBlast","thethorton:AngerMoment"],"picked":"thethorton:Crash","floor":14},{"not_picked":["thethorton:TrueForm","thethorton:SummonProfit"],"picked":"thethorton:BigBreak","floor":16},{"not_picked":["thethorton:CoinShield+1","thethorton:DualBap+1"],"picked":"thethorton:SicklyRun","floor":18},{"not_picked":["thethorton:Hindsight","thethorton:DualBap+1"],"picked":"thethorton:ShoutAndRun","floor":19},{"not_picked":["thethorton:CoffeeBlast","thethorton:DualBap"],"picked":"thethorton:Fortune","floor":23}],"player_experience":108335,"relics_obtained":[{"floor":23,"key":"Simple Rune"}],"event_choices":[{"cards_removed":["Normality"],"damage_healed":0,"gold_gain":0,"player_choice":"Card Removal","damage_taken":0,"max_hp_gain":0,"max_hp_loss":0,"event_name":"The Cleric","floor":2,"gold_loss":50},{"cards_removed":["Regret"],"damage_healed":0,"gold_gain":0,"player_choice":"Offered Curse","damage_taken":0,"relics_obtained":["Spirit Poop"],"max_hp_gain":0,"max_hp_loss":0,"event_name":"Bonfire Elementals","floor":4,"gold_loss":0},{"damage_healed":0,"gold_gain":0,"player_choice":"Ignored","damage_taken":0,"max_hp_gain":0,"max_hp_loss":0,"event_name":"NoteForYourself","floor":21,"gold_loss":0}],"is_beta":false,"boss_relics":[{"not_picked":["ReplayTheSpireMod:DimensionalGlitch","Runic Dome","Coffee Dripper"]}],"items_purged_floors":[5,13],"is_endless":false,"potions_floor_spawned":[1,7,14,23],"killed_by":"Snake Plant","ascension_level":0}}