{"host":"8o45mh5p3pp1o2mi","time":1612914756,"event":{"mods":["BaseMod","Bestiary","Better Match","Better Third Choice","BetterRewards","Dark Map","Downfall","Fox Events","Minty Spire (QoL Compilation)","Rare Cards Sparkle","Relic Stats","Replay The Spire","Shop Mod","Spire Exporter","StSLib","everything is the same but u backflip on backflip"],"gold_per_floor":[117,135,135,154,173,173,198,118,118,135,135,410,425,455,455,455,455],"floor_reached":16,"language":"ENG","playtime":826,"items_purged":["Languid"],"score":271,"play_id":"0e37740f-ab15-4b33-9314-66679334a358","local_time":"20210209235236","is_ascension_mode":true,"campfire_choices":[{"floor":6,"key":"RECALL"},{"data":"Accuracy","floor":11,"key":"SMITH"},{"data":"Adrenaline","floor":15,"key":"SMITH"}],"circlet_count":0,"master_deck":["Strike_G","Strike_G","Strike_G","Strike_G","Strike_G","Defend_G","Defend_G","Defend_G","Defend_G","Defend_G","Survivor","Neutralize","Accuracy+1","Panache+1","Impatience","Pot Of Greed","Pot Of Greed","Backflip","Hidden Blade","Cloak And Dagger","Heel Hook","Sneak Up","Adrenaline+1"],"relics":["Ring of the Snake","WingedGreaves","Unceasing Top","Mummified Hand","ReplayTheSpireMod:CursedCoin","CaptainsWheel","Grinning Jar","Omamori","Replay:Wax Seal","Akabeko","Meat on the Bone"],"acts_visited":["Exordium"],"potions_floor_usage":[16,16,16],"damage_taken":[{"damage":0,"enemies":"2 Louse","floor":1,"turns":3},{"damage":0,"enemies":"Cultist","floor":2,"turns":4},{"damage":0,"enemies":"Small Slimes","floor":4,"turns":3},{"damage":0,"enemies":"3 Louse","floor":5,"turns":1},{"damage":5,"enemies":"Gremlin Nob","floor":7,"turns":3},{"damage":0,"enemies":"Lots of Slimes","floor":10,"turns":4},{"damage":0,"enemies":"Large Slime","floor":13,"turns":4},{"damage":0,"enemies":"Lagavulin","floor":14,"turns":6},{"damage":55,"enemies":"Slime Boss","floor":16,"turns":6}],"seed_played":"-8571915677725482413","potions_obtained":[{"floor":2,"key":"Swift Potion"},{"floor":5,"key":"Dexterity Potion"},{"floor":14,"key":"Regen Potion"}],"is_trial":false,"path_per_floor":["M","M","?","M","M","R","E","$","T","M","R","?","M","E","R","B"],"character_chosen":"THE_SILENT","items_purchased":["Unceasing Top","Mummified Hand","Accuracy","ReplayTheSpireMod:CursedCoin","Panache","Impatience","Grinning Jar","Backflip","Replay:Wax Seal"],"campfire_rested":0,"item_purchase_floors":[0,0,0,0,0,0,0,0,8],"current_hp_per_floor":[55,55,55,55,55,55,50,50,50,50,50,50,50,50,50,0,0],"gold":455,"neow_bonus":"","is_daily":false,"chose_seed":false,"campfire_upgraded":2,"win_rate":0.0,"timestamp":1612914756,"path_taken":["M","M","?","M","?","R","E","$","T","M","R","?","M","E","R","BOSS"],"items_purchased_type":["Relic","Relic","Card","Relic","Card","Card","Relic","Card","Relic"],"build_version":"2020-12-22","purchased_purges":1,"victory":false,"max_hp_per_floor":[70,70,70,70,70,70,70,70,70,70,70,70,70,70,70,70,70],"relic_stats":{"counters":[158,676],"Mummified Hand":[18],"obtain_stats":[{"TwistedFunnel":20,"Whetstone":12,"Boot":43,"Old Coin":30,"Blood Vial":0,"Replay:Ringing Soul":42,"Sundial":0,"Replay:Bronze Core":17,"MealTicket":40,"Kunai":32,"Replay:Wax Seal":40,"MerchantsRug":0,"Pear":29,"Blue Candle":43,"Akabeko":9,"Snecko Scales":17,"Unceasing Top":0,"Ring of the Serpent":17,"Lantern":48,"Regal Pillow":12,"Torii":3,"Singing Bowl":22,"Painkiller Herb":17,"Bag of Preparation":43,"Cursed Key":34,"Replay:Rubber Ducky":20,"BranchBurnRelic":6,"Shovel":23,"WingedGreaves":0,"Replay:Bottled Eggs":23,"InkBottle":42,"Ring of the Snake":7,"The Courier":25,"Omamori":7,"Ring of Greed":24,"MawBank":24,"sneckomod:BabySnecko":20,"Busted Crown":17,"Ornamental Fan":40,"Art of War":4,"Durian":8,"Bottled Lightning":27,"Ice Cream":23,"Calipers":0,"CeramicFish":6,"Vajra":25,"Strawberry":26,"Philosopher\u0027s Stone":34,"Iron Hammer":23,"Toxic Egg 2":0,"Girya":0,"Happy Flower":6,"ReplayTheSpireMod:CursedCoin":4,"Dead Branch":0,"Astrolabe":34,"Oddly Smooth Stone":47,"Question Card":0,"Du-Vu Doll":0,"Replay:Baseball":9,"Bottled Flame":27,"ReplayTheSpireMod:Shallot":26,"Shuriken":0,"Onion Ring":26,"Simple Rune":43,"foxEvents:LuckyCharm":3,"Black Star":34,"Grinning Jar":8,"Mirror":53,"Meat on the Bone":14,"ReplayFunnel":49,"Darkstone Periapt":23,"bronze:BronzeCore":0,"Replay:PocketPolymizer":0,"Mango":6,"Snake Skull":9,"Juzu Bracelet":11,"Replay:Mystery Machine":0,"ClockworkSouvenir":0,"SsserpentHead":13,"Nunchaku":41,"Tough Bandages":0,"Replay:Bandana":19,"Chameleon Ring":9,"TheAbacus":53,"Mummified Hand":0,"Gambling Chip":0,"Pantograph":54,"Tiny Chest":11,"Red Mask":30,"Gremlin Food":22,"BargainBundle":36,"Replay:Towering Pillar of Hats":0,"Guide Book":5,"Orichalcum":6,"White Beast Statue":10,"Calling Bell":0,"Anchor":4,"CaptainsWheel":0,"ChewingGum":17,"Snack Pack":0,"Membership Card":0,"TungstenRod":0},{"TwistedFunnel":18,"Whetstone":38,"Boot":143,"Old Coin":57,"Blood Vial":9,"Replay:Ringing Soul":115,"Sundial":45,"Replay:Bronze Core":52,"MealTicket":113,"Kunai":80,"Replay:Wax Seal":143,"MerchantsRug":9,"Pear":24,"Blue Candle":115,"Akabeko":154,"Snecko Scales":99,"Unceasing Top":63,"Ring of the Serpent":130,"Lantern":88,"Regal Pillow":96,"Torii":34,"Singing Bowl":55,"Painkiller Herb":16,"Bag of Preparation":30,"Cursed Key":108,"Replay:Rubber Ducky":74,"BranchBurnRelic":34,"Shovel":76,"WingedGreaves":149,"Replay:Bottled Eggs":56,"InkBottle":30,"Ring of the Snake":12,"The Courier":104,"Omamori":154,"Ring of Greed":134,"MawBank":134,"sneckomod:BabySnecko":41,"Busted Crown":40,"Ornamental Fan":85,"Art of War":46,"Durian":94,"Bottled Lightning":105,"Ice Cream":43,"Calipers":121,"CeramicFish":126,"Vajra":22,"Strawberry":22,"Philosopher\u0027s Stone":26,"Iron Hammer":20,"Toxic Egg 2":89,"Girya":63,"Happy Flower":93,"ReplayTheSpireMod:CursedCoin":46,"Dead Branch":32,"Astrolabe":81,"Oddly Smooth Stone":88,"Question Card":32,"Du-Vu Doll":89,"Replay:Baseball":68,"Bottled Flame":77,"ReplayTheSpireMod:Shallot":104,"Shuriken":121,"Onion Ring":56,"Simple Rune":86,"foxEvents:LuckyCharm":2,"Black Star":59,"Grinning Jar":50,"Mirror":147,"Meat on the Bone":157,"ReplayFunnel":88,"Darkstone Periapt":103,"bronze:BronzeCore":0,"Replay:PocketPolymizer":45,"Mango":12,"Snake Skull":13,"Juzu Bracelet":7,"Replay:Mystery Machine":45,"ClockworkSouvenir":89,"SsserpentHead":38,"Nunchaku":29,"Tough Bandages":61,"Replay:Bandana":131,"Chameleon Ring":35,"TheAbacus":147,"Mummified Hand":149,"Gambling Chip":121,"Pantograph":148,"Tiny Chest":51,"Red Mask":80,"Gremlin Food":42,"BargainBundle":82,"Replay:Towering Pillar of Hats":9,"Guide Book":11,"Orichalcum":48,"White Beast Statue":36,"Calling Bell":45,"Anchor":11,"CaptainsWheel":149,"ChewingGum":72,"Snack Pack":89,"Membership Card":9,"TungstenRod":9},{"TwistedFunnel":60,"Whetstone":158,"Boot":601,"Old Coin":249,"Blood Vial":25,"Replay:Ringing Soul":454,"Sundial":191,"Replay:Bronze Core":226,"MealTicket":446,"Kunai":338,"Replay:Wax Seal":601,"MerchantsRug":25,"Pear":87,"Blue Candle":454,"Akabeko":656,"Snecko Scales":401,"Unceasing Top":290,"Ring of the Serpent":529,"Lantern":366,"Regal Pillow":391,"Torii":143,"Singing Bowl":241,"Painkiller Herb":52,"Bag of Preparation":118,"Cursed Key":431,"Replay:Rubber Ducky":321,"BranchBurnRelic":143,"Shovel":327,"WingedGreaves":642,"Replay:Bottled Eggs":246,"InkBottle":118,"Ring of the Snake":34,"The Courier":414,"Omamori":656,"Ring of Greed":551,"MawBank":551,"sneckomod:BabySnecko":173,"Busted Crown":168,"Ornamental Fan":351,"Art of War":196,"Durian":385,"Bottled Lightning":419,"Ice Cream":182,"Calipers":476,"CeramicFish":500,"Vajra":78,"Strawberry":78,"Philosopher\u0027s Stone":99,"Iron Hammer":69,"Toxic Egg 2":370,"Girya":290,"Happy Flower":383,"ReplayTheSpireMod:CursedCoin":196,"Dead Branch":132,"Astrolabe":342,"Oddly Smooth Stone":366,"Question Card":132,"Du-Vu Doll":370,"Replay:Baseball":309,"Bottled Flame":331,"ReplayTheSpireMod:Shallot":414,"Shuriken":476,"Onion Ring":246,"Simple Rune":357,"foxEvents:LuckyCharm":5,"Black Star":264,"Grinning Jar":213,"Mirror":629,"Meat on the Bone":670,"ReplayFunnel":366,"Darkstone Periapt":411,"bronze:BronzeCore":0,"Replay:PocketPolymizer":191,"Mango":34,"Snake Skull":36,"Juzu Bracelet":19,"Replay:Mystery Machine":191,"ClockworkSouvenir":370,"SsserpentHead":158,"Nunchaku":109,"Tough Bandages":273,"Replay:Bandana":534,"Chameleon Ring":146,"TheAbacus":629,"Mummified Hand":642,"Gambling Chip":476,"Pantograph":636,"Tiny Chest":218,"Red Mask":338,"Gremlin Food":176,"BargainBundle":344,"Replay:Towering Pillar of Hats":25,"Guide Book":30,"Orichalcum":204,"White Beast Statue":151,"Calling Bell":191,"Anchor":30,"CaptainsWheel":642,"ChewingGum":317,"Snack Pack":370,"Membership Card":25,"TungstenRod":25}],"Unceasing Top":[3],"Ring of the Snake":[18],"Meat on the Bone":0},"card_choices":[{"not_picked":["Slice","Deadly Poison","Flying Knee"],"picked":"SKIP","floor":1},{"not_picked":["Dagger Spray","Deadly Poison"],"picked":"Hidden Blade","floor":2},{"not_picked":["Slice","Riddle With Holes"],"picked":"Cloak And Dagger","floor":4},{"not_picked":["Noxious Fumes","Dagger Spray"],"picked":"Heel Hook","floor":5},{"not_picked":["Caltrops","Backflip","Flying Knee"],"picked":"SKIP","floor":7},{"not_picked":["Hidden Blade","Poisoned Stab","Noxious Fumes"],"picked":"SKIP","floor":10},{"not_picked":["Deflect","Flying Knee"],"picked":"Sneak Up","floor":13},{"not_picked":["Prepared","Dash"],"picked":"Adrenaline","floor":14}],"player_experience":183155,"relics_obtained":[{"floor":7,"key":"Omamori"},{"floor":9,"key":"Akabeko"},{"floor":14,"key":"Meat on the Bone"}],"event_choices":[{"damage_healed":0,"gold_gain":0,"player_choice":"Upgraded","damage_taken":0,"max_hp_gain":0,"max_hp_loss":0,"event_name":"Upgrade Shrine","floor":3,"gold_loss":0,"cards_upgraded":["Panache"]},{"damage_healed":0,"gold_gain":275,"player_choice":"Desecrate","damage_taken":0,"max_hp_gain":0,"max_hp_loss":0,"event_name":"Golden Shrine","floor":12,"gold_loss":0,"cards_obtained":["Regret"]}],"is_beta":false,"boss_relics":[],"items_purged_floors":[0],"is_endless":false,"potions_floor_spawned":[2,5,14],"killed_by":"Slime Boss","ascension_level":9}}