{"host":"5jdby9iqu3ct6557","time":1612909490,"event":{"mods":["BaseMod","DeckTracker","Highlight Path","Minty Spire (QoL Compilation)","Relic Stats","StSLib"],"gold_per_floor":[117,42,3,22,37,37,56,56,56,86,86,112,112,130,130,205,205,216,235,252,177,177,177,177,209,234,260,24,43,43,43,43,43,43],"floor_reached":33,"language":"ENG","playtime":5768,"items_purged":["Strike_G"],"score":640,"play_id":"2b0fe46e-5929-4f32-952a-e37636355bbe","local_time":"20210209172450","is_ascension_mode":true,"campfire_choices":[{"data":"Dash","floor":6,"key":"SMITH"},{"floor":8,"key":"REST"},{"data":"Blade Dance","floor":11,"key":"SMITH"},{"floor":13,"key":"REST"},{"data":"Neutralize","floor":15,"key":"SMITH"},{"data":"A Thousand Cuts","floor":23,"key":"SMITH"},{"data":"Ghostly","floor":30,"key":"SMITH"},{"floor":32,"key":"REST"}],"circlet_count":0,"master_deck":["AscendersBane","Strike_G","Strike_G","Defend_G","Defend_G","Defend_G","Defend_G","Defend_G","Survivor","Neutralize+1","Secret Technique","Caltrops","Dash+1","Quick Slash","Blade Dance+1","Doppelganger","Backstab","Accuracy","Die Die Die","PiercingWail","A Thousand Cuts+1","Bouncing Flask","Ghostly+1","Ghostly+1","Ghostly","Acrobatics","Noxious Fumes+1"],"relics":["Ring of the Snake","Turnip","Prayer Wheel","Nunchaku","Snecko Eye","Potion Belt","Vajra","OrangePellets"],"acts_visited":["Exordium","TheCity"],"potions_floor_usage":[10,16,20,27,31],"damage_taken":[{"damage":0,"enemies":"2 Louse","floor":1,"turns":4},{"damage":0,"enemies":"Jaw Worm","floor":4,"turns":4},{"damage":1,"enemies":"Cultist","floor":5,"turns":4},{"damage":12,"enemies":"Exordium Thugs","floor":7,"turns":5},{"damage":12,"enemies":"3 Sentries","floor":10,"turns":8},{"damage":28,"enemies":"Gremlin Nob","floor":12,"turns":4},{"damage":0,"enemies":"3 Louse","floor":14,"turns":3},{"damage":7,"enemies":"The Guardian","floor":16,"turns":11},{"damage":0,"enemies":"Chosen","floor":18,"turns":3},{"damage":17,"enemies":"Spheric Guardian","floor":19,"turns":4},{"damage":17,"enemies":"Snake Plant","floor":20,"turns":5},{"damage":0,"enemies":"Slavers","floor":25,"turns":4},{"damage":5,"enemies":"Gremlin Leader","floor":27,"turns":6},{"damage":1,"enemies":"Centurion and Healer","floor":29,"turns":7},{"damage":2,"enemies":"Shelled Parasite and Fungi","floor":31,"turns":7},{"damage":57,"enemies":"Champ","floor":33,"turns":13}],"seed_played":"-130177297415300515","potions_obtained":[{"floor":1,"key":"SteroidPotion"},{"floor":10,"key":"Fruit Juice"},{"floor":14,"key":"SteroidPotion"},{"floor":19,"key":"SmokeBomb"},{"floor":20,"key":"Energy Potion"}],"is_trial":false,"path_per_floor":["M","?","$","M","M","R","M","R","T","E","R","E","R","M","R","B",null,"M","M","M","?","?","R","?","E","T","E","$","M","R","M","R","B"],"character_chosen":"THE_SILENT","items_purchased":["Dash","OrangePellets"],"campfire_rested":3,"item_purchase_floors":[3,28],"current_hp_per_floor":[44,44,44,44,43,43,31,50,50,38,38,10,29,29,29,22,55,55,38,26,26,26,26,26,26,26,21,21,20,20,18,28,0,0],"gold":43,"neow_bonus":"RANDOM_COLORLESS_2","is_daily":false,"chose_seed":false,"campfire_upgraded":5,"win_rate":0.0,"timestamp":1612909490,"path_taken":["M","?","?","M","M","R","M","R","T","E","R","E","R","M","R","BOSS","M","?","M","?","?","R","?","E","T","E","$","?","R","M","R","BOSS"],"items_purchased_type":["Card","Relic"],"build_version":"2020-12-22","purchased_purges":1,"victory":false,"max_hp_per_floor":[66,66,66,66,66,66,66,66,66,66,66,66,66,66,66,66,66,66,66,71,71,35,35,35,35,35,35,35,35,35,35,35,35,35],"relic_stats":{"OrangePellets":[3],"Nunchaku":[15],"counters":[16,92],"Snecko Eye":[60,69,49,56],"Prayer Wheel":5,"Turnip":[19],"obtain_stats":[{"Potion Belt":25,"OrangePellets":28,"Nunchaku":12,"Snecko Eye":17,"Vajra":27,"Prayer Wheel":10,"Turnip":9,"Ring of the Snake":0},{"Potion Belt":12,"OrangePellets":13,"Nunchaku":6,"Snecko Eye":8,"Vajra":13,"Prayer Wheel":5,"Turnip":4,"Ring of the Snake":0},{"Potion Belt":59,"OrangePellets":65,"Nunchaku":29,"Snecko Eye":43,"Vajra":65,"Prayer Wheel":25,"Turnip":17,"Ring of the Snake":0}],"Ring of the Snake":[32]},"card_choices":[{"not_picked":["Mayhem","Secret Weapon"],"picked":"Secret Technique","floor":0},{"not_picked":["Prepared","Cloak And Dagger"],"picked":"Caltrops","floor":1},{"not_picked":["Prepared","Leg Sweep"],"picked":"Quick Slash","floor":5},{"not_picked":["Well Laid Plans","Poisoned Stab"],"picked":"Blade Dance","floor":7},{"not_picked":["Sucker Punch","Backflip"],"picked":"Doppelganger","floor":10},{"not_picked":["Quick Slash","Calculated Gamble"],"picked":"Backstab","floor":12},{"not_picked":["Cloak And Dagger","Escape Plan"],"picked":"Accuracy","floor":14},{"not_picked":["Unload","Bullet Time"],"picked":"Die Die Die","floor":16},{"not_picked":["Cloak And Dagger","Infinite Blades"],"picked":"PiercingWail","floor":18},{"not_picked":["Cloak And Dagger+1","Expertise"],"picked":"A Thousand Cuts","floor":19},{"not_picked":["Dagger Throw+1","Backstab"],"picked":"Bouncing Flask","floor":20},{"not_picked":["Die Die Die","Slice"],"picked":"Acrobatics","floor":27},{"not_picked":["Slice","Deadly Poison"],"picked":"Noxious Fumes+1","floor":29}],"player_experience":2607396,"relics_obtained":[{"floor":9,"key":"Turnip"},{"floor":10,"key":"Prayer Wheel"},{"floor":12,"key":"Nunchaku"},{"floor":25,"key":"Potion Belt"},{"floor":27,"key":"Vajra"}],"event_choices":[{"cards_removed":["Strike_G"],"damage_healed":0,"gold_gain":0,"player_choice":"Card Removal","damage_taken":0,"max_hp_gain":0,"max_hp_loss":0,"event_name":"The Cleric","floor":2,"gold_loss":75},{"cards_removed":["Strike_G"],"damage_healed":0,"gold_gain":0,"player_choice":"Gave Gold","damage_taken":0,"max_hp_gain":0,"max_hp_loss":0,"event_name":"Beggar","floor":21,"gold_loss":75},{"damage_healed":0,"gold_gain":0,"player_choice":"Became a Ghost","damage_taken":0,"max_hp_gain":0,"max_hp_loss":36,"event_name":"Ghosts","floor":22,"gold_loss":0,"cards_obtained":["Ghostly","Ghostly","Ghostly"]},{"damage_healed":0,"gold_gain":0,"player_choice":"Upgraded","damage_taken":0,"max_hp_gain":0,"max_hp_loss":0,"event_name":"Upgrade Shrine","floor":24,"gold_loss":0,"cards_upgraded":["Ghostly"]}],"is_beta":false,"boss_relics":[{"not_picked":["Ectoplasm","Pandora\u0027s Box"],"picked":"Snecko Eye"}],"items_purged_floors":[28],"is_endless":false,"potions_floor_spawned":[1,10,14,19,20,31],"killed_by":"Champ","ascension_level":20}}