{"host":"farxtl2u8hmkbdo2","time":1612835873,"event":{"mods":["A Magickal Journey","BaseMod","Better Altar","Better Note","Better Sensory Stone","Better Skull","Better Third Choice","Challenge The Spire","Colored Map","Colored Powertips","Current Relic Mod","Downfall","Energized Spire","Fox Events","Gremlin Mod","Hermit","Hubris","Mimic Mod","Minty Spire (QoL Compilation)","Quick Restart","READ ME - Guardian Mod","Rare Cards Sparkle","StSLib","The Bladedancer","The Bug Knight","The Cursed","The Disciple","The Hierophant","The Marked","The Necromancer","The Runesmith","Transform Curses"],"gold_per_floor":[99,115,215,215,232,265,303,316,316,344,344,344,344,5,19,120,120,120,140,155,155,167,9,57,157,187,187,16,35,35,66,82,179,179,179,196,215,215,230,262,299,299,334,353,7,7,22,53,72,72,72,72],"floor_reached":50,"language":"SPA","playtime":5380,"items_purged":["Slimebound:Strike_Slimebound"],"score":759,"play_id":"24125989-db21-4a06-b444-ea451759bc9e","local_time":"20210208225753","is_ascension_mode":true,"campfire_choices":[{"data":"Slimebound:Split","floor":1.0,"key":"SMITH"},{"data":"Slimebound:CorrosiveSpit","floor":11.0,"key":"SMITH"},{"data":"Slimebound:MegaLick","floor":13.0,"key":"SMITH"},{"data":"Slimebound:GrowthPunch","floor":18.0,"key":"SMITH"},{"data":"Slimebound:Prepare","floor":30.0,"key":"SMITH"},{"data":"Slimebound:SlimeSlap","floor":35.0,"key":"SMITH"},{"data":"Slimebound:MinionMaster","floor":42.0,"key":"SMITH"},{"data":"Slimebound:RallyTheTroops","floor":46.0,"key":"SMITH"}],"circlet_count":0,"master_deck":["Slimebound:Tackle","Slimebound:Split+1","Slimebound:CorrosiveSpit+1","Slimebound:GoopTackle+1","Slimebound:LevelUp","Slimebound:MassFeed+1","Slimebound:RainOfGoop","Slimebound:MegaLick+1","Slimebound:LeadByExample+1","Slimebound:DivideAndConquer","Slimebound:Nibble","Slimebound:LivingWall","Slimebound:TongueLash","Slimebound:GrowthPunch+1","Slimebound:MegaLick","Slimebound:PrepareCrush+1","Slimebound:GoopTackle","Slimebound:SpikyOuterGoop","Slimebound:SplitBruiser+1","Slimebound:DivideAndConquer+1","Slimebound:GoopTackle+1","Slimebound:Schlurp+1","Slimebound:HauntingLick+1","Slimebound:SamplingLick","Slimebound:ItLooksTasty","Slimebound:DisruptingSlam","Slimebound:GoopSpray","Slimebound:GoopTackle","J.A.X.","Slimebound:Equalize+1","Slimebound:Nibble+1","Slimebound:FormOfPuddle+1","Slimebound:Prepare+1","Slimebound:MegaLick","Slimebound:SplitLeeching+1","Slimebound:ComboTackle","Slimebound:SlimeSlap+1","Slimebound:RainOfGoop+1","Slimebound:MinionMaster+1","Slimebound:ForwardTackle+1","Slimebound:RejuvenatingLick+1","Slimebound:GrowthPunch+1","Slimebound:SlimeBarrage","Slimebound:Grow+1","Slimebound:TongueLash+1","Slimebound:GrowthPunch+1","Slimebound:LeechingTouch+1","Slimebound:HauntingLick+1","Slimebound:ForwardTackle+1","Slimebound:Dissolve","Slimebound:SplitMire+1","Slimebound:SplitSpecialist","Slimebound:SpikyOuterGoop+1","Slimebound:RallyTheTroops+1","Slimebound:SlimeBrawl","Parasite","Slimebound:GoopSpray+1","Slimebound:Repurpose","Slimebound:GoopSpray+1","Slimebound:MegaLick+1"],"relics":["Slimebound:AbsorbEndCombat","MealTicket","Pantograph","Prayer Wheel","Whetstone","CaptainsWheel","downfall:ShatteredFragment","Bag of Marbles","hubris:ScarierMask","Anchor","MutagenicStrength","hubris:CrystalStatue","ClockworkSouvenir","Kunai","Singing Bowl","Astrolabe","Lizard Tail","TungstenRod","HollowMod:PaleOreRelic","Akabeko"],"acts_visited":["Exordium","TheCity","TheBeyond"],"potions_floor_usage":[50,50],"damage_taken":[{"damage":1.0,"enemies":"Jaw Worm","floor":2.0,"turns":3.0},{"damage":6.0,"enemies":"Cultist","floor":5.0,"turns":2.0},{"damage":26.0,"enemies":"3 Sentries","floor":6.0,"turns":3.0},{"damage":2.0,"enemies":"2 Louse","floor":7.0,"turns":4.0},{"damage":3.0,"enemies":"2 Louse","floor":8.0,"turns":1.0},{"damage":20.0,"enemies":"Gremlin Nob","floor":10.0,"turns":3.0},{"damage":16.0,"enemies":"downfall:FleeingMerchant","floor":14.0,"turns":4.0},{"damage":4.0,"enemies":"Exordium Wildlife","floor":15.0,"turns":3.0},{"damage":36.0,"enemies":"IC_STATUS_ARCHETYPE","floor":16.0,"turns":5.0},{"damage":0.0,"enemies":"Chosen","floor":19.0,"turns":4.0},{"damage":5.0,"enemies":"Spheric Guardian","floor":20.0,"turns":5.0},{"damage":17.0,"enemies":"Snecko","floor":22.0,"turns":5.0},{"damage":21.0,"enemies":"downfall:FleeingMerchant","floor":23.0,"turns":4.0},{"damage":12.0,"enemies":"downfall:Augmenter","floor":25.0,"turns":4.0},{"damage":3.0,"enemies":"Gremlin Leader","floor":26.0,"turns":5.0},{"damage":0.0,"enemies":"downfall:FleeingMerchant","floor":28.0,"turns":1.0},{"damage":3.0,"enemies":"Cultist and Chosen","floor":29.0,"turns":2.0},{"damage":2.0,"enemies":"Slavers","floor":31.0,"turns":2.0},{"damage":0.0,"enemies":"3 Cultists","floor":32.0,"turns":2.0},{"damage":18.0,"enemies":"DF_ARCHETYPE_CLAW","floor":33.0,"turns":6.0},{"damage":15.0,"enemies":"3 Shapes","floor":36.0,"turns":2.0},{"damage":0.0,"enemies":"Orb Walker","floor":37.0,"turns":1.0},{"damage":10.0,"enemies":"Maw","floor":39.0,"turns":5.0},{"damage":26.0,"enemies":"Nemesis","floor":40.0,"turns":5.0},{"damage":30.0,"enemies":"Spire Growth","floor":41.0,"turns":6.0},{"damage":11.0,"enemies":"Giant Head","floor":43.0,"turns":7.0},{"damage":28.0,"enemies":"Spire Growth","floor":44.0,"turns":3.0},{"damage":1.0,"enemies":"Writhing Mass","floor":47.0,"turns":5.0},{"damage":35.0,"enemies":"Nemesis","floor":48.0,"turns":8.0},{"damage":28.0,"enemies":"Maw","floor":49.0,"turns":6.0},{"damage":113,"enemies":"WA_ARCHETYPE_DIVINITY","floor":50,"turns":5}],"seed_played":"8581698775239125263","potions_obtained":[{"floor":5.0,"key":"DistilledChaos"},{"floor":6.0,"key":"ColorlessPotion"},{"floor":8.0,"key":"bronze:BurnAndBuffPotion"},{"floor":15.0,"key":"Strength Potion"},{"floor":16.0,"key":"AttackPotion"},{"floor":19.0,"key":"Weak Potion"},{"floor":22.0,"key":"hexamod:SoulburnPotion"},{"floor":25.0,"key":"sneckomod:MuddlingPotion"},{"floor":31.0,"key":"Block Potion"},{"floor":33.0,"key":"sneckomod:MuddlingPotion"},{"floor":39.0,"key":"hexamod:SoulburnPotion"},{"floor":43.0,"key":"LiquidMemories"},{"floor":47.0,"key":"DuplicationPotion"},{"floor":49.0,"key":"Fire Potion"}],"is_trial":false,"path_per_floor":["R","M","?","T","M","E","MIM","M","?","E","R","?","R","$","M","B",null,"R","M","M","?","M","$","T","?","E","?","$","M","R","E","M","B",null,"R","M","M","?","M","E","MIM","R","E","M","$","R","M","E","M","B"],"character_chosen":"SLIMEBOUND","items_purchased":["Bag of Marbles","Slimebound:LivingWall","Slimebound:TongueLash","PowerPotion","Slimebound:SamplingLick","Slimebound:ItLooksTasty","Slimebound:DisruptingSlam","ClockworkSouvenir","Kunai","Slimebound:Prepare","Slimebound:MegaLick","Slimebound:RallyTheTroops","EntropicBrew","Slimebound:SlimeBrawl"],"campfire_rested":0,"item_purchase_floors":[14,14,14,14,23,23,23,28,28,28,28,45,45,45],"current_hp_per_floor":[65,65,65,65,61,35,35,40,40,24,24,6,6,13,13,25,73,73,73,70,70,58,60,60,56,61,61,73,73,73,73,75,71,75,75,62,70,80,78,60,50,50,59,37,52,52,61,34,14,0,0,0],"gold":72,"neow_bonus":"RANDOM_COMMON_RELIC","is_daily":false,"chose_seed":false,"campfire_upgraded":8,"win_rate":0.0,"timestamp":1612835873,"path_taken":["R","M","?","?","M","E","MIM","?","?","E","R","?","R","?","M","BOSS","R","M","M","?","M","$","T","?","E","?","$","M","R","E","M","BOSS","R","M","M","?","M","E","MIM","R","E","M","$","R","M","E","M","BOSS"],"items_purchased_type":["Relic","Card","Card","Potion","Card","Card","Card","Relic","Relic","Card","Card","Card","Potion","Card"],"build_version":"2020-12-22","purchased_purges":1,"victory":false,"max_hp_per_floor":[65,65,65,65,65,65,65,73,73,73,73,73,73,73,73,73,73,73,73,73,73,73,73,73,73,73,73,73,73,73,73,75,75,75,75,75,75,85,85,85,85,85,85,85,85,85,87,87,87,87,87,87],"card_choices":[{"not_picked":["Slimebound:SplitMire","Slimebound:RollThrough"],"picked":"Slimebound:GoopTackle","floor":2.0},{"not_picked":["Slimebound:FinishingTackle","Slimebound:ComboTackle"],"picked":"Slimebound:LevelUp","floor":5.0},{"not_picked":["Slimebound:ItLooksTasty","Slimebound:Prepare"],"picked":"Slimebound:MassFeed","floor":6.0},{"not_picked":["Slimebound:SamplingLick","Slimebound:SlimeBarrage"],"picked":"Slimebound:RainOfGoop","floor":7.0},{"not_picked":["Slimebound:Prepare","Slimebound:DisruptingSlam"],"picked":"Slimebound:MegaLick","floor":8.0},{"not_picked":["Slimebound:Dissolve","Slimebound:Gluttony"],"picked":"Slimebound:LeadByExample","floor":8.0},{"not_picked":["Slimebound:Nibble","Slimebound:SplitBruiser"],"picked":"Slimebound:DivideAndConquer","floor":10.0},{"not_picked":["Slimebound:SlimeSpikes","Slimebound:FormOfPuddle"],"picked":"Slimebound:Nibble","floor":14.0},{"not_picked":["Slimebound:FinishingTackle","Slimebound:Chomp"],"picked":"Slimebound:GrowthPunch","floor":15.0},{"not_picked":["Slimebound:SplitLeeching","Slimebound:FormOfPuddle"],"picked":"Slimebound:MegaLick","floor":15.0},{"not_picked":["Slimebound:OozeBath","Slimebound:SelfFormingGoo"],"picked":"Slimebound:PrepareCrush","floor":16.0},{"not_picked":["Slimebound:LeechingTouch","Slimebound:PressTheAttack"],"picked":"Slimebound:GoopTackle","floor":19.0},{"not_picked":["Slimebound:RollThrough","Slimebound:GoopTackle"],"picked":"Slimebound:SpikyOuterGoop","floor":19.0},{"not_picked":["Slimebound:RollThrough","Slimebound:Nibble"],"picked":"Slimebound:SplitBruiser+1","floor":20.0},{"not_picked":["Slimebound:SamplingLick","Slimebound:ForwardTackle"],"picked":"Slimebound:DivideAndConquer+1","floor":20.0},{"not_picked":["Slimebound:HauntingLick","Slimebound:SlimeBarrage"],"picked":"Slimebound:GoopTackle+1","floor":22.0},{"not_picked":["Slimebound:SplitMire","Slimebound:ComboTackle"],"picked":"Slimebound:Schlurp+1","floor":22.0},{"not_picked":["Slimebound:FinishingTackle","Slimebound:ForwardTackle"],"picked":"Slimebound:HauntingLick+1","floor":23.0},{"not_picked":[],"picked":"J.A.X.","floor":25.0},{"not_picked":["Slimebound:ComboTackle","Slimebound:Gluttony+1"],"picked":"Slimebound:Equalize+1","floor":25.0},{"not_picked":["Slimebound:AcidTongue","Slimebound:SlimeSpikes"],"picked":"Slimebound:Nibble+1","floor":26.0},{"not_picked":["Slimebound:LeechEnergy","Slimebound:SplitBruiser+1"],"picked":"Slimebound:FormOfPuddle+1","floor":28.0},{"not_picked":["Slimebound:SpikyOuterGoop","Slimebound:SlimeSpikes"],"picked":"Slimebound:SplitLeeching+1","floor":29.0},{"not_picked":["Slimebound:SlimeBarrage","Slimebound:RollThrough"],"picked":"Slimebound:ComboTackle","floor":29.0},{"not_picked":["Slimebound:TongueLash","Slimebound:LevelUp"],"picked":"Slimebound:SlimeSlap","floor":31.0},{"not_picked":["Slimebound:SplitMire","Slimebound:RollThrough"],"picked":"Slimebound:RainOfGoop+1","floor":32.0},{"not_picked":["Slimebound:LeadByExample","Slimebound:SplitAcid","Slimebound:Schlurp"],"picked":"Singing Bowl","floor":32.0},{"not_picked":["Slimebound:Overexert","Slimebound:OozeBath"],"picked":"Slimebound:MinionMaster","floor":33.0},{"not_picked":["Slimebound:ItLooksTasty","Slimebound:PressTheAttack"],"picked":"Slimebound:SlimeBarrage","floor":36.0},{"not_picked":["Slimebound:Prepare+1","Slimebound:LeechLife"],"picked":"Slimebound:Grow+1","floor":36.0},{"not_picked":["Slimebound:LeechingTouch+1","Slimebound:SplitAcid+1"],"picked":"Slimebound:TongueLash+1","floor":37.0},{"not_picked":["Slimebound:SlimeSpikes+1","Slimebound:DisruptingSlam+1"],"picked":"Slimebound:GrowthPunch+1","floor":37.0},{"not_picked":["Slimebound:ServeAndProtect","Slimebound:DivideAndConquer"],"picked":"Slimebound:LeechingTouch+1","floor":39.0},{"not_picked":["Slimebound:Overexert","Slimebound:LeechEnergy"],"picked":"Slimebound:HauntingLick+1","floor":39.0},{"not_picked":["Slimebound:LeechEnergy","Slimebound:SplitAcid+1"],"picked":"Slimebound:ForwardTackle+1","floor":40.0},{"not_picked":["Slimebound:ComboTackle","Slimebound:RollThrough"],"picked":"Slimebound:Dissolve","floor":41.0},{"not_picked":["Slimebound:LeadByExample","Slimebound:SamplingLick+1"],"picked":"Slimebound:SplitMire+1","floor":43.0},{"not_picked":["Slimebound:LeechEnergy","Slimebound:RollThrough"],"picked":"Slimebound:SplitSpecialist","floor":44.0},{"not_picked":["Slimebound:GoopSpray+1","Slimebound:SplitAcid"],"picked":"Slimebound:SpikyOuterGoop+1","floor":44.0},{"not_picked":["Slimebound:ViciousTackle+1","Slimebound:GrowthPunch"],"picked":"Slimebound:GoopSpray+1","floor":47.0},{"not_picked":["Slimebound:FinishingTackle","Slimebound:LivingWall","Slimebound:GrowthPunch+1"],"picked":"Singing Bowl","floor":47.0},{"not_picked":["Slimebound:OozeBath","Slimebound:SplitMire"],"picked":"Slimebound:Repurpose","floor":48.0},{"not_picked":["Slimebound:SplitSpecialist","Slimebound:ProtectTheBoss"],"picked":"Slimebound:GoopSpray+1","floor":49.0},{"not_picked":["Slimebound:GoopTackle","Slimebound:ComboTackle"],"picked":"Slimebound:MegaLick+1","floor":49.0}],"player_experience":2035828,"relics_obtained":[{"floor":4.0,"key":"Pantograph"},{"floor":6.0,"key":"Prayer Wheel"},{"floor":7.0,"key":"Whetstone"},{"floor":10.0,"key":"CaptainsWheel"},{"floor":24.0,"key":"Anchor"},{"floor":25.0,"key":"MutagenicStrength"},{"floor":26.0,"key":"hubris:CrystalStatue"},{"floor":31.0,"key":"Singing Bowl"},{"floor":40.0,"key":"Lizard Tail"},{"floor":41.0,"key":"TungstenRod"},{"floor":43.0,"key":"HollowMod:PaleOreRelic"},{"floor":48.0,"key":"Akabeko"}],"event_choices":[{"damage_healed":0.0,"max_hp_gain":0.0,"max_hp_loss":0.0,"gold_gain":0.0,"event_name":"Living Wall","player_choice":"Grow","floor":9.0,"gold_loss":0.0,"damage_taken":0.0,"cards_upgraded":["Slimebound:LeadByExample"]}],"is_beta":false,"boss_relics":[{"not_picked":["Empty Cage","energizedSpire:EnergizedDie"],"picked":"hubris:ScarierMask"},{"not_picked":["Black Star","Runic Pyramid"],"picked":"Astrolabe"}],"items_purged_floors":[45],"is_endless":false,"potions_floor_spawned":[5,6,8,15,16,19,22,25,31,33,39,43,47,49],"killed_by":"WA_ARCHETYPE_DIVINITY","ascension_level":1}}