{"host":"ibgtsljv18d2rnte","time":1612904830,"event":{"mods":["AchievementEnabler","BaseMod","Better Match","Hermit","Koishi","Marisa????????","Minty Spire (QoL Compilation)","Prisma Mod","Reliquary","StSLib","The Alterego","The Fake Hero","The Marked","The Servant 0.9.4","Waifu the Spire","Yakumo Yukari mod","everything is the same but u backflip on backflip","slay the spire mod where everything is the same but ironclad has a cowboy hat"],"gold_per_floor":[118,118,118,134,148,178,178,178,178,193,193,163,163,188,188,291,291,301,319,319,52,66,66,96,96,96,107,107,137,137,153,153,153,153],"floor_reached":33,"language":"ENG","playtime":1751,"items_purged":["Strike_S"],"score":352,"play_id":"ea192f9b-a9cb-4551-8067-715526c5f649","local_time":"20210209140710","is_ascension_mode":true,"campfire_choices":[{"floor":7,"key":"REST"},{"data":"FlawlessForm","floor":11,"key":"SMITH"},{"data":"PendulumOfEternity","floor":13,"key":"SMITH"},{"floor":15,"key":"REST"},{"data":"MurderousAura","floor":23,"key":"SMITH"},{"floor":25,"key":"REST"},{"floor":28,"key":"REST"},{"floor":32,"key":"REST"}],"circlet_count":0,"master_deck":["Strike_S","Strike_S","Defend_S","Defend_S","Defend_S","Defend_S","KidneyShot","Exchange","PendulumOfEternity+1","BottledTime","Rearm","Barrier","FlawlessForm+1","Ricochet","Starlight","Revamp","MurderousAura+1","Moonlight","Revamp","DoubleEdge+1","GearUp"],"relics":["Uniform","Gremlin Horn","Blood Vial","Pear","Pocketwatch","Busted Crown","Oddly Smooth Stone","Bottled Tornado","reliquary:Sideboard"],"acts_visited":["Exordium","TheCity"],"potions_floor_usage":[6,14,16,22,29,29,29,31],"damage_taken":[{"damage":15,"enemies":"Jaw Worm","floor":1,"turns":4},{"damage":9,"enemies":"2 Louse","floor":4,"turns":2},{"damage":4,"enemies":"Cultist","floor":5,"turns":3},{"damage":51,"enemies":"3 Sentries","floor":6,"turns":13},{"damage":7,"enemies":"3 Louse","floor":10,"turns":7},{"damage":1,"enemies":"Looter","floor":12,"turns":4},{"damage":48,"enemies":"Lagavulin","floor":14,"turns":11},{"damage":47,"enemies":"Slime Boss","floor":16,"turns":17},{"damage":5,"enemies":"Spheric Guardian","floor":18,"turns":5},{"damage":8,"enemies":"3 Byrds","floor":19,"turns":5},{"damage":24,"enemies":"Centurion and Healer","floor":22,"turns":5},{"damage":38,"enemies":"Book of Stabbing","floor":24,"turns":5},{"damage":0,"enemies":"Snecko","floor":27,"turns":3},{"damage":52,"enemies":"Gremlin Leader","floor":29,"turns":5},{"damage":0,"enemies":"Cultist and Chosen","floor":31,"turns":5},{"damage":34,"enemies":"Automaton","floor":33,"turns":6}],"seed_played":"-3264619041615556635","potions_obtained":[{"floor":1,"key":"Regen Potion"},{"floor":10,"key":"Regen Potion"},{"floor":14,"key":"Fire Potion"},{"floor":16,"key":"Energy Potion"},{"floor":19,"key":"SkillPotion"},{"floor":24,"key":"EntropicBrew"},{"floor":27,"key":"CultistPotion"}],"is_trial":false,"path_per_floor":["M","?","?","M","M","E","R","?","T","M","R","M","R","E","R","B",null,"M","M","?","$","M","R","E","R","T","M","R","E","?","M","R","B"],"character_chosen":"THE_SERVANT","items_purchased":["Oddly Smooth Stone","DoubleEdge"],"campfire_rested":5,"item_purchase_floors":[21,21],"current_hp_per_floor":[50,43,65,56,52,16,35,56,66,61,61,62,62,30,52,7,75,70,64,64,64,42,42,6,28,28,30,52,2,2,4,26,0,0],"gold":153,"neow_bonus":"ONE_RANDOM_RARE_CARD","is_daily":false,"chose_seed":false,"campfire_upgraded":3,"win_rate":0.0,"timestamp":1612904830,"path_taken":["M","?","?","?","M","E","R","?","T","M","R","M","R","E","R","BOSS","M","M","?","$","M","R","E","R","T","?","R","E","?","M","R","BOSS"],"items_purchased_type":["Relic","Card"],"build_version":"2020-12-22","purchased_purges":1,"victory":false,"max_hp_per_floor":[65,65,65,65,65,65,65,65,75,75,75,75,75,75,75,75,75,75,75,75,75,75,75,75,75,75,75,75,75,75,75,75,75,75],"card_choices":[{"not_picked":["SpecialFormula","Spin"],"picked":"BottledTime","floor":1},{"not_picked":["ReturningBlade","TimeWarp"],"picked":"Rearm","floor":4},{"not_picked":["ReturningBlade","FastForward"],"picked":"Barrier","floor":5},{"not_picked":["Starlight","Defy"],"picked":"FlawlessForm","floor":6},{"not_picked":["ShiftingGears","FastForward"],"picked":"Ricochet","floor":10},{"not_picked":["ShatteredReality","Alleviate"],"picked":"Starlight","floor":12},{"not_picked":["Starlight","Initiator"],"picked":"Revamp","floor":14},{"not_picked":["FloweringNight","PendulumOfEternity"],"picked":"MurderousAura","floor":16},{"not_picked":[],"picked":"Moonlight","floor":18},{"not_picked":[],"picked":"Revamp","floor":19},{"not_picked":["BottledTime"],"picked":"SKIP","floor":22},{"not_picked":["Revamp"],"picked":"SKIP","floor":24},{"not_picked":[],"picked":"GearUp","floor":27},{"not_picked":["Comet"],"picked":"SKIP","floor":29},{"not_picked":["Manipulate"],"picked":"SKIP","floor":31}],"player_experience":111010,"relics_obtained":[{"floor":6,"key":"Blood Vial"},{"floor":9,"key":"Pear"},{"floor":14,"key":"Pocketwatch"},{"floor":24,"key":"Bottled Tornado"},{"floor":29,"key":"reliquary:Sideboard"}],"event_choices":[{"damage_healed":0,"gold_gain":0,"player_choice":"Success","damage_taken":7,"relics_obtained":["Gremlin Horn"],"max_hp_gain":0,"max_hp_loss":0,"event_name":"Scrap Ooze","floor":2,"gold_loss":0},{"damage_healed":22,"gold_gain":0,"player_choice":"Full Heal","damage_taken":0,"max_hp_gain":0,"max_hp_loss":0,"event_name":"Wheel of Change","floor":3,"gold_loss":0},{"damage_healed":21,"gold_gain":0,"player_choice":"Banana","damage_taken":0,"max_hp_gain":0,"max_hp_loss":0,"event_name":"Big Fish","floor":8,"gold_loss":0},{"cards_removed":["Strike_S"],"damage_healed":0,"gold_gain":0,"player_choice":"Purged","damage_taken":0,"max_hp_gain":0,"max_hp_loss":0,"event_name":"Purifier","floor":20,"gold_loss":0},{"damage_healed":0,"gold_gain":0,"player_choice":"Upgraded","damage_taken":0,"max_hp_gain":0,"max_hp_loss":0,"event_name":"Upgrade Shrine","floor":30,"gold_loss":0,"cards_upgraded":["DoubleEdge"]}],"is_beta":false,"boss_relics":[{"not_picked":["Astrolabe","Empty Cage"],"picked":"Busted Crown"}],"items_purged_floors":[21],"is_endless":false,"potions_floor_spawned":[1,10,14,16,19,24,27],"killed_by":"Automaton","ascension_level":4}}