{"host":"2g68u5ewu4bp0ui7","time":1612887296,"event":{"mods":["AchievementEnabler","BaseMod","Best Route Mod","Bestiary","Block Reminder","Colored Map","Colored Powertips","Highlight Path","Minty Spire (QoL Compilation)","Quick Restart","Shop Mod","SuperFastMode","everything is the same but u backflip on backflip","slay the spire mod where everything is the same but ironclad has a cowboy hat"],"gold_per_floor":[110,110,110,110,110,135,145,164,164,194,208,208,208,242,242,340,340,359,359,375,375,375],"floor_reached":21,"language":"ENG","playtime":405,"items_purged":[],"score":222,"play_id":"6419089a-2669-4cf1-ac63-a2080f365aa7","local_time":"20210209181456","is_ascension_mode":false,"campfire_choices":[{"data":"Heavy Blade","floor":13,"key":"SMITH"},{"floor":15,"key":"REST"}],"circlet_count":0,"master_deck":["Strike_R","Strike_R","Strike_R","Strike_R","Defend_R","Defend_R","Defend_R","Defend_R","Bash","Flex","Heavy Blade+1","Double Tap"],"relics":["Burning Blood","NeowsBlessing","Bag of Marbles","Mercury Hourglass","Shuriken","White Beast Statue","Gremlin Horn","PreservedInsect","Black Star"],"acts_visited":["Exordium","TheCity"],"potions_floor_usage":[16,16,16],"damage_taken":[{"damage":0,"enemies":"2 Louse","floor":1,"turns":1},{"damage":0,"enemies":"Gremlin Nob","floor":6,"turns":1},{"damage":0,"enemies":"Jaw Worm","floor":7,"turns":1},{"damage":0,"enemies":"Cultist","floor":8,"turns":2},{"damage":26,"enemies":"Lagavulin","floor":10,"turns":5},{"damage":4,"enemies":"2 Fungi Beasts","floor":11,"turns":3},{"damage":20,"enemies":"Gremlin Nob","floor":14,"turns":4},{"damage":68,"enemies":"Hexaghost","floor":16,"turns":11},{"damage":37,"enemies":"3 Byrds","floor":18,"turns":6},{"damage":51,"enemies":"Spheric Guardian","floor":20,"turns":6},{"damage":37,"enemies":"Snecko","floor":21,"turns":6}],"seed_played":"8966844224120844074","potions_obtained":[{"floor":1,"key":"Block Potion"},{"floor":8,"key":"EssenceOfSteel"},{"floor":10,"key":"ColorlessPotion"},{"floor":14,"key":"PowerPotion"},{"floor":16,"key":"LiquidBronze"},{"floor":18,"key":"Dexterity Potion"},{"floor":20,"key":"Block Potion"}],"is_trial":false,"path_per_floor":["M","?","?","?","T","E","M","M","T","E","M","?","R","E","R","B",null,"M","?","M","M"],"character_chosen":"IRONCLAD","items_purchased":[],"campfire_rested":1,"item_purchase_floors":[],"current_hp_per_floor":[80,80,73,73,73,79,80,80,80,60,62,62,62,48,72,10,80,49,75,30,0,0],"gold":375,"neow_bonus":"THREE_ENEMY_KILL","is_daily":false,"chose_seed":false,"campfire_upgraded":1,"win_rate":0.0,"timestamp":1612887296,"path_taken":["M","?","?","?","?","E","M","?","T","E","M","?","R","E","R","BOSS","M","?","M","M"],"items_purchased_type":[],"build_version":"2020-12-22","purchased_purges":0,"victory":false,"max_hp_per_floor":[80,80,80,80,80,80,80,80,80,80,80,80,80,80,80,80,80,80,80,80,80,80],"card_choices":[{"not_picked":["Uppercut","Perfected Strike"],"picked":"Flex","floor":1},{"not_picked":["Corruption","Sword Boomerang","Havoc"],"picked":"SKIP","floor":6},{"not_picked":["Warcry","Limit Break"],"picked":"Heavy Blade","floor":7},{"not_picked":["Heavy Blade","Dark Embrace","Combust"],"picked":"SKIP","floor":8},{"not_picked":["Impervious","Body Slam","Anger"],"picked":"SKIP","floor":10},{"not_picked":["Dual Wield","Rupture","Headbutt"],"picked":"SKIP","floor":11},{"not_picked":["Clothesline","Rage","Bludgeon"],"picked":"SKIP","floor":14},{"not_picked":["Feed","Impervious"],"picked":"Double Tap","floor":16},{"not_picked":["Warcry","True Grit","Rampage"],"picked":"SKIP","floor":18},{"not_picked":["Infernal Blade","Clash","Anger"],"picked":"SKIP","floor":20}],"player_experience":82529,"relics_obtained":[{"floor":5,"key":"Mercury Hourglass"},{"floor":6,"key":"Shuriken"},{"floor":9,"key":"White Beast Statue"},{"floor":10,"key":"Gremlin Horn"},{"floor":14,"key":"PreservedInsect"}],"event_choices":[{"cards_removed":["Strike_R"],"damage_healed":0,"gold_gain":0,"player_choice":"Forget","damage_taken":0,"max_hp_gain":0,"max_hp_loss":0,"event_name":"Living Wall","floor":2,"gold_loss":0},{"damage_healed":0,"gold_gain":0,"player_choice":"Success","damage_taken":7,"relics_obtained":["Bag of Marbles"],"max_hp_gain":0,"max_hp_loss":0,"event_name":"Scrap Ooze","floor":3,"gold_loss":0},{"damage_healed":0,"gold_gain":0,"player_choice":"Ignored","damage_taken":0,"max_hp_gain":0,"max_hp_loss":0,"event_name":"Shining Light","floor":4,"gold_loss":0},{"damage_healed":0,"gold_gain":0,"player_choice":"Ignored","damage_taken":0,"max_hp_gain":0,"max_hp_loss":0,"event_name":"Liars Game","floor":12,"gold_loss":0},{"damage_healed":26,"gold_gain":0,"player_choice":"Heal","damage_taken":0,"max_hp_gain":0,"max_hp_loss":0,"event_name":"The Library","floor":19,"gold_loss":0}],"is_beta":false,"boss_relics":[{"not_picked":["Runic Cube","Runic Pyramid"],"picked":"Black Star"}],"items_purged_floors":[],"is_endless":false,"potions_floor_spawned":[1,8,10,11,14,16,18,20],"killed_by":"Snecko","ascension_level":0}}