{"host":"f9ntswufr8mq3t4y","time":1612878144,"event":{"mods":["AchievementEnabler","BaseMod","Best Route Mod","Block Reminder","Colored Map","Colored Powertips","Curses Come First","DeckTracker","Displayed Cursed Tome","Highlight Path","Minty Spire (QoL Compilation)","Permanent Neow","Quick Restart","Slay-I","StSLib"],"gold_per_floor":[110,122,142,160,179,179,197,228,252,266,266,282,282,315,315,420,420,438,471,488,504,504,504,504],"floor_reached":23,"language":"ENG","playtime":1460,"items_purged":[],"score":269,"play_id":"ca86b441-5bcc-4151-9fc1-226e33456792","local_time":"20210209164224","is_ascension_mode":true,"campfire_choices":[{"data":"Inflame","floor":6.0,"key":"SMITH"},{"data":"Double Tap","floor":13.0,"key":"SMITH"},{"floor":15.0,"key":"REST"}],"circlet_count":0,"master_deck":["Bash","Iron Wave","Clash","Inflame+1","Shrug It Off","Double Tap+1","Twin Strike","Pummel","Shrug It Off","Berserk","Blood for Blood","Carnage","Reaper","Carnage","Offering","Warcry","Barricade","Reaper","Dropkick","Armaments+1","Shockwave+1"],"relics":["Burning Blood","Calipers","Kunai","Potion Belt","Art of War","Pandora\u0027s Box","Red Mask"],"acts_visited":["TheCity"],"potions_floor_usage":[20],"damage_taken":[{"damage":1.0,"enemies":"Small Slimes","floor":1.0,"turns":4.0},{"damage":1.0,"enemies":"Cultist","floor":2.0,"turns":3.0},{"damage":0.0,"enemies":"2 Louse","floor":3.0,"turns":1.0},{"damage":0.0,"enemies":"Lots of Slimes","floor":4.0,"turns":2.0},{"damage":12.0,"enemies":"2 Fungi Beasts","floor":5.0,"turns":4.0},{"damage":9.0,"enemies":"Large Slime","floor":7.0,"turns":9.0},{"damage":27.0,"enemies":"Gremlin Nob","floor":8.0,"turns":4.0},{"damage":15.0,"enemies":"Exordium Thugs","floor":10.0,"turns":5.0},{"damage":3.0,"enemies":"3 Louse","floor":12.0,"turns":4.0},{"damage":28.0,"enemies":"Lagavulin","floor":14.0,"turns":5.0},{"damage":37.0,"enemies":"The Guardian","floor":16.0,"turns":11.0},{"damage":14.0,"enemies":"2 Thieves","floor":18.0,"turns":4.0},{"damage":71.0,"enemies":"Masked Bandits","floor":19.0,"turns":6.0},{"damage":1,"enemies":"Spheric Guardian","floor":20,"turns":3},{"damage":13,"enemies":"Snecko","floor":21,"turns":3},{"damage":1,"enemies":"Gremlin Leader","floor":23,"turns":2}],"seed_played":"1245407814021617078","potions_obtained":[{"floor":1.0,"key":"Explosive Potion"},{"floor":3.0,"key":"Explosive Potion"},{"floor":12.0,"key":"Block Potion"},{"floor":14.0,"key":"Strength Potion"},{"floor":16.0,"key":"SteroidPotion"},{"floor":21,"key":"ElixirPotion"}],"is_trial":false,"path_per_floor":["M","M","M","M","M","R","M","E","T","M","?","M","R","E","R","B",null,"M","?","M","M","?","E"],"character_chosen":"IRONCLAD","items_purchased":[],"campfire_rested":1,"item_purchase_floors":[],"current_hp_per_floor":[77,80,80,80,74,74,71,50,50,41,41,44,44,22,46,15,64,63,8,17,10,10,9,9],"gold":504,"neow_bonus":"ONE_RARE_RELIC","is_daily":false,"chose_seed":false,"campfire_upgraded":2,"win_rate":0.0,"timestamp":1612878144,"path_taken":["M","M","M","M","M","R","M","E","T","M","?","M","R","E","R","BOSS","M","?","M","M","?","E"],"items_purchased_type":[],"build_version":"2020-12-22","purchased_purges":0,"victory":false,"max_hp_per_floor":[80,80,80,80,80,80,80,80,80,80,80,80,80,80,80,80,80,80,80,80,80,80,80,80],"card_choices":[{"not_picked":["True Grit","Warcry"],"picked":"Iron Wave","floor":1.0},{"not_picked":["Sentinel","Clothesline"],"picked":"Clash","floor":2.0},{"not_picked":["Battle Trance","Clothesline"],"picked":"Inflame","floor":3.0},{"not_picked":["Flex","Thunderclap","Warcry"],"picked":"SKIP","floor":4.0},{"not_picked":["Heavy Blade","Disarm","Pommel Strike"],"picked":"SKIP","floor":5.0},{"not_picked":["Anger","Clothesline"],"picked":"Shrug It Off","floor":7.0},{"not_picked":["Seeing Red","Flame Barrier"],"picked":"Double Tap","floor":8.0},{"not_picked":["Wild Strike","Power Through"],"picked":"Twin Strike","floor":10.0},{"not_picked":["Thunderclap","Flex"],"picked":"Pummel","floor":12.0},{"not_picked":["Body Slam","Thunderclap"],"picked":"Shrug It Off","floor":14.0},{"not_picked":["Demon Form","Feed"],"picked":"Berserk","floor":16.0},{"not_picked":["Sword Boomerang","Havoc"],"picked":"Armaments+1","floor":18.0},{"not_picked":["Shrug It Off","Power Through+1"],"picked":"Shockwave+1","floor":19.0},{"not_picked":["Fire Breathing","Sentinel","Headbutt"],"picked":"SKIP","floor":20},{"not_picked":["Cleave","Intimidate+1","Rampage"],"picked":"SKIP","floor":21}],"player_experience":418672,"relics_obtained":[{"floor":8.0,"key":"Kunai"},{"floor":9.0,"key":"Potion Belt"},{"floor":14.0,"key":"Art of War"},{"floor":19.0,"key":"Red Mask"}],"event_choices":[{"cards_removed":["Writhe"],"damage_healed":0.0,"max_hp_gain":0.0,"max_hp_loss":0.0,"gold_gain":0.0,"event_name":"Purifier","player_choice":"Purged","floor":11.0,"gold_loss":0.0,"damage_taken":0.0},{"damage_healed":0.0,"max_hp_gain":0.0,"max_hp_loss":0.0,"gold_gain":0.0,"event_name":"Masked Bandits","player_choice":"Fought Bandits","floor":19.0,"gold_loss":0.0,"damage_taken":0.0},{"damage_healed":0,"gold_gain":0,"player_choice":"Leave","damage_taken":0,"max_hp_gain":0,"max_hp_loss":0,"event_name":"FaceTrader","floor":22,"gold_loss":0}],"is_beta":false,"boss_relics":[{"not_picked":["Runic Dome","Busted Crown"],"picked":"Pandora\u0027s Box"}],"items_purged_floors":[],"is_endless":false,"potions_floor_spawned":[1,3,12,14,16,21],"killed_by":"Gremlin Leader","ascension_level":6}}