{"host":"5h6e4l6hpn0p5lap","time":1612870589,"event":{"mods":["AchievementEnabler","BaseMod","Better Altar","Better Match","Better Sensory Stone","Better Skull","Better Third Choice","Colored Map","Filter the Spire","Minty Spire (QoL Compilation)","StSLib"],"gold_per_floor":[114,134,134,154,164,164,197,197,197,225,225,325,336,53,53,149,149,160,171,96,108,119,119,119,132,132,132,132,132,132],"floor_reached":29,"language":"ENG","playtime":1405,"items_purged":["Defend_B"],"score":357,"play_id":"19656e89-ce87-4309-ac61-59d6f285e78f","local_time":"20210209063629","is_ascension_mode":true,"campfire_choices":[{"data":"Rip and Tear","floor":6,"key":"SMITH"},{"data":"Aggregate","floor":11,"key":"SMITH"},{"data":"Go for the Eyes","floor":15,"key":"SMITH"},{"data":"All For One","floor":23,"key":"SMITH"}],"circlet_count":0,"master_deck":["Strike_B","Strike_B","Strike_B","Strike_B","Defend_B","Defend_B","Defend_B","Zap","Dualcast","Consume","Rip and Tear+1","Conserve Battery","Glacier","Cold Snap","Aggregate+1","Go for the Eyes+1","Loop","Gash","All For One+1","Undo+1","Self Repair","Redo+1","Chill","Writhe"],"relics":["Cracked Core","Potion Belt","Lantern","InkBottle","Pocketwatch","Medical Kit","Cursed Key","Gremlin Horn"],"acts_visited":["Exordium","TheCity"],"potions_floor_usage":[10,21,24],"damage_taken":[{"damage":1,"enemies":"Cultist","floor":1,"turns":3},{"damage":0,"enemies":"2 Louse","floor":2,"turns":3},{"damage":2,"enemies":"Small Slimes","floor":4,"turns":4},{"damage":1,"enemies":"3 Louse","floor":5,"turns":3},{"damage":24,"enemies":"3 Sentries","floor":7,"turns":12},{"damage":15,"enemies":"Gremlin Nob","floor":10,"turns":5},{"damage":0,"enemies":"Large Slime","floor":13,"turns":3},{"damage":18,"enemies":"Slime Boss","floor":16,"turns":15},{"damage":8,"enemies":"3 Byrds","floor":18,"turns":8},{"damage":2,"enemies":"Chosen","floor":19,"turns":5},{"damage":0,"enemies":"Centurion and Healer","floor":21,"turns":8},{"damage":16,"enemies":"Chosen and Byrds","floor":22,"turns":8},{"damage":11,"enemies":"Slavers","floor":24,"turns":3},{"damage":20,"enemies":"Sentry and Sphere","floor":25,"turns":7},{"damage":12,"enemies":"Cultist and Chosen","floor":29,"turns":4}],"seed_played":"1589613222096504241","potions_obtained":[{"floor":1,"key":"FairyPotion"},{"floor":7,"key":"AttackPotion"},{"floor":10,"key":"SpeedPotion"},{"floor":13,"key":"Ancient Potion"},{"floor":19,"key":"DistilledChaos"},{"floor":22,"key":"SmokeBomb"},{"floor":25,"key":"SmokeBomb"}],"is_trial":false,"path_per_floor":["M","M","?","M","M","R","E","?","T","E","R","?","M","$","R","B",null,"M","M","$","M","M","R","E","M","T","?","?","M"],"character_chosen":"DEFECT","items_purchased":["Medical Kit","Loop","Gash"],"campfire_rested":0,"item_purchase_floors":[14,14,14],"current_hp_per_floor":[67,67,67,65,64,64,40,65,65,50,50,50,50,50,50,32,64,56,54,54,61,52,52,48,35,35,35,28,16,16],"gold":132,"neow_bonus":"RANDOM_COMMON_RELIC","is_daily":false,"chose_seed":false,"campfire_upgraded":4,"win_rate":0.0,"timestamp":1612870589,"path_taken":["M","M","?","M","M","R","E","?","T","E","R","?","?","$","R","BOSS","M","M","$","M","M","R","E","M","T","?","?","?"],"items_purchased_type":["Relic","Card","Card"],"build_version":"2020-12-22","purchased_purges":1,"victory":false,"max_hp_per_floor":[75,75,75,75,75,75,75,75,75,75,75,75,75,75,75,75,75,75,75,75,75,75,75,75,75,75,75,75,75,75],"card_choices":[{"not_picked":["Storm","Compile Driver"],"picked":"Consume","floor":1},{"not_picked":["Beam Cell","Scrape"],"picked":"Rip and Tear","floor":2},{"not_picked":["Storm","Redo"],"picked":"Conserve Battery","floor":4},{"not_picked":["Leap","Redo"],"picked":"Glacier","floor":5},{"not_picked":["Streamline","Steam"],"picked":"Cold Snap","floor":7},{"not_picked":["Streamline","Stack"],"picked":"Aggregate","floor":10},{"not_picked":["Gash","Fusion"],"picked":"Go for the Eyes","floor":13},{"not_picked":["Machine Learning","Meteor Strike"],"picked":"All For One","floor":16},{"not_picked":["Hello World+1","Tempest"],"picked":"Undo+1","floor":18},{"not_picked":["Steam+1","Leap"],"picked":"Self Repair","floor":19},{"not_picked":["Steam+1","Consume+1"],"picked":"Redo+1","floor":21},{"not_picked":["Stack","Conserve Battery","Hologram"],"picked":"SKIP","floor":22},{"not_picked":["Sweeping Beam","Go for the Eyes"],"picked":"Chill","floor":25}],"player_experience":1086483,"relics_obtained":[{"floor":7,"key":"Lantern"},{"floor":9,"key":"InkBottle"},{"floor":10,"key":"Pocketwatch"},{"floor":26,"key":"Gremlin Horn"}],"event_choices":[{"damage_healed":0,"gold_gain":0,"player_choice":"Ignored","damage_taken":0,"max_hp_gain":0,"max_hp_loss":0,"event_name":"Golden Wing","floor":3,"gold_loss":0},{"damage_healed":25,"gold_gain":0,"player_choice":"Banana","damage_taken":0,"max_hp_gain":0,"max_hp_loss":0,"event_name":"Big Fish","floor":8,"gold_loss":0},{"damage_healed":0,"gold_gain":100,"player_choice":"Gold","damage_taken":0,"max_hp_gain":0,"max_hp_loss":0,"event_name":"Wheel of Change","floor":12,"gold_loss":0},{"damage_healed":0,"gold_gain":0,"player_choice":"Ignored","damage_taken":0,"max_hp_gain":0,"max_hp_loss":0,"event_name":"Ghosts","floor":27,"gold_loss":0},{"damage_healed":0,"gold_gain":0,"player_choice":"Damaged","damage_taken":7,"max_hp_gain":0,"max_hp_loss":0,"event_name":"Wheel of Change","floor":28,"gold_loss":0}],"is_beta":false,"boss_relics":[{"not_picked":["Fusion Hammer","Snecko Eye"],"picked":"Cursed Key"}],"items_purged_floors":[20],"is_endless":false,"potions_floor_spawned":[1,7,10,13,19,22,24,25],"killed_by":"Cultist and Chosen","ascension_level":8}}