{"host":"sav7uxregyirlf69","time":1612834300,"event":{"mods":["AchievementEnabler","BaseMod","Colored Map","DeckTracker","Keyboard Shortcuts","Minty Spire (QoL Compilation)","READ ME - Guardian Mod","StSLib","SuperFastMode"],"gold_per_floor":[364,374,245,245,259,259,277,295,320,320,320,352,49,78,78,155,155,170,120,137,137,52,52,2,2,2,2,52,2,19,38,38,38,38],"floor_reached":33,"language":"KOR","playtime":592,"items_purged":["Strike_G","Strike_G","Strike_G","Strike_G"],"score":506,"play_id":"cab42c22-9919-45f7-b0e5-c817af93a15e","local_time":"20210209103140","is_ascension_mode":true,"campfire_choices":[{"data":"Noxious Fumes","floor":6.0,"key":"SMITH"},{"floor":11,"key":"REST"},{"floor":15,"key":"REST"},{"data":"Bullet Time","floor":23,"key":"SMITH"},{"data":"Bouncing Flask","floor":25,"key":"SMITH"},{"data":"Neutralize","floor":27,"key":"SMITH"},{"data":"Catalyst","floor":32,"key":"SMITH"}],"circlet_count":0,"master_deck":["AscendersBane","Strike_G","Defend_G","Defend_G","Defend_G","Defend_G","Survivor","Neutralize+1","Noxious Fumes+1","Dagger Spray","Quick Slash","Dagger Spray","Bouncing Flask+1","After Image","Neutralize","Bullet Time+1","Leg Sweep","Crippling Poison","Catalyst+1"],"relics":["Ring of the Snake","Art of War","Toy Ornithopter","Sundial","Smiling Mask","HoveringKite","Meat on the Bone","Letter Opener","Tiny Chest"],"acts_visited":["Exordium","TheCity"],"potions_floor_usage":[12,14,16,16,30,33],"damage_taken":[{"damage":1.0,"enemies":"Cultist","floor":1.0,"turns":4.0},{"damage":0.0,"enemies":"Small Slimes","floor":2.0,"turns":4.0},{"damage":0.0,"enemies":"Jaw Worm","floor":5.0,"turns":5.0},{"damage":17.0,"enemies":"Red Slaver","floor":7.0,"turns":5.0},{"damage":8.0,"enemies":"Blue Slaver","floor":8.0,"turns":4.0},{"damage":14,"enemies":"3 Sentries","floor":12,"turns":6},{"damage":13,"enemies":"Lagavulin","floor":14,"turns":6},{"damage":42,"enemies":"Slime Boss","floor":16,"turns":11},{"damage":11,"enemies":"Spheric Guardian","floor":18,"turns":4},{"damage":9,"enemies":"Shell Parasite","floor":20,"turns":7},{"damage":25,"enemies":"Snake Plant","floor":30,"turns":5},{"damage":12,"enemies":"Centurion and Healer","floor":31,"turns":7},{"damage":29,"enemies":"Automaton","floor":33,"turns":4}],"seed_played":"2985040045722318747","potions_obtained":[{"floor":1.0,"key":"Ancient Potion"},{"floor":8.0,"key":"CunningPotion"},{"floor":12,"key":"Strength Potion"},{"floor":14,"key":"LiquidMemories"},{"floor":16,"key":"DistilledChaos"},{"floor":18,"key":"EssenceOfSteel"}],"is_trial":false,"path_per_floor":["M","M","$","?","M","R","M","M","T","?","R","E","$","E","R","B",null,"M","$","M","T","?","R","$","R","T","R","?","$","M","M","R","B"],"character_chosen":"THE_SILENT","items_purchased":["Fire Potion","Sundial","Leg Sweep"],"campfire_rested":2,"item_purchase_floors":[3,13,13],"current_hp_per_floor":[43,43,43,43,43,43,26,18,18,18,37,23,23,15,34,2,50,39,39,30,30,30,30,30,30,30,30,30,30,22,22,22,0,0],"gold":38,"neow_bonus":"TWO_FIFTY_GOLD","is_daily":false,"chose_seed":false,"campfire_upgraded":5,"win_rate":0.0,"timestamp":1612834300,"path_taken":["M","?","$","?","M","R","?","M","T","?","R","E","$","E","R","BOSS","M","$","M","?","?","R","$","R","T","R","?","?","M","M","R","BOSS"],"items_purchased_type":["Potion","Relic","Card"],"build_version":"2020-12-22","purchased_purges":4,"victory":false,"max_hp_per_floor":[66,66,66,66,66,66,66,66,66,66,66,66,66,66,66,66,66,66,66,66,66,66,66,66,66,66,66,66,66,66,66,66,66,66],"card_choices":[{"not_picked":["Skewer","Outmaneuver"],"picked":"Noxious Fumes","floor":1.0},{"not_picked":["Choke","PiercingWail"],"picked":"Dagger Spray","floor":2.0},{"not_picked":["Setup","Acrobatics"],"picked":"Dagger Spray","floor":5.0},{"not_picked":["Poisoned Stab","Deflect"],"picked":"Bouncing Flask","floor":7.0},{"not_picked":["Flying Knee","Deadly Poison"],"picked":"After Image","floor":8.0},{"not_picked":["Dash","Noxious Fumes","Bane"],"picked":"SKIP","floor":12},{"not_picked":["Concentrate","Sucker Punch","Skewer"],"picked":"SKIP","floor":14},{"not_picked":["Cloak And Dagger","Eviscerate","Deflect+1"],"picked":"SKIP","floor":18},{"not_picked":["PiercingWail","Bane","Deadly Poison"],"picked":"SKIP","floor":20},{"not_picked":["Slice","Blade Dance"],"picked":"Crippling Poison","floor":30},{"not_picked":["Eviscerate","Bane"],"picked":"Catalyst","floor":31}],"player_experience":1530590,"relics_obtained":[{"floor":9.0,"key":"Art of War"},{"floor":12,"key":"Toy Ornithopter"},{"floor":14,"key":"Smiling Mask"},{"floor":21,"key":"Meat on the Bone"},{"floor":26,"key":"Tiny Chest"}],"event_choices":[{"damage_healed":0.0,"max_hp_gain":0.0,"max_hp_loss":0.0,"gold_gain":0.0,"cards_transformed":["Defend_G"],"event_name":"Transmorgrifier","player_choice":"Transformed","floor":4.0,"gold_loss":0.0,"damage_taken":0.0,"cards_obtained":["Quick Slash"]},{"damage_healed":0,"gold_gain":0,"player_choice":"2 cards matched","damage_taken":0,"max_hp_gain":0,"max_hp_loss":0,"event_name":"Match and Keep!","floor":10,"gold_loss":0,"cards_obtained":["Neutralize","Bullet Time"]},{"damage_healed":0,"gold_gain":0,"player_choice":"Obtained Relic","damage_taken":0,"relics_obtained":["Letter Opener"],"max_hp_gain":0,"max_hp_loss":0,"event_name":"Addict","floor":22,"gold_loss":85},{"damage_healed":0,"gold_gain":50,"player_choice":"Stole From Cult","damage_taken":0,"max_hp_gain":0,"max_hp_loss":0,"event_name":"Nest","floor":28,"gold_loss":0}],"is_beta":false,"boss_relics":[{"not_picked":["Sozu","Runic Dome"],"picked":"HoveringKite"}],"items_purged_floors":[3,19,24,29],"is_endless":false,"potions_floor_spawned":[1,8,12,14,16,18,20],"killed_by":"Automaton","ascension_level":20}}