{"host":"x730sfaw5rd1mxd8","time":1612839784,"event":{"mods":["BaseMod","BetterRewards","Colored Powertips","Highlight Path","Minty Spire (QoL Compilation)","Relic Sorter","Relic Stats","Replay The Spire","StSLib"],"gold_per_floor":[113,128,145,145,145,174,174,192,217,232,262,262,262,291,291,366,366,378,392,442,456,371,398,335,360,372,419,442,482,504,544,556,645,657,685,712,734,801,570,570,550,584,584,602,602,618,638,667,667,667,667,667,667,213,239,239,239],"floor_reached":56,"language":"ENG","playtime":2892,"items_purged":["Strike_R","Strike_R","Strike_R","Defend_R","Defend_R"],"score":2393,"play_id":"ad2a87b3-53fc-421b-8a74-15468eff26a2","local_time":"20210208220304","is_ascension_mode":true,"campfire_choices":[{"data":"Whirlwind","floor":7,"key":"SMITH"},{"data":"Berserk","floor":13,"key":"SMITH"},{"data":"True Grit","floor":15,"key":"SMITH"},{"floor":40,"key":"RECALL"},{"data":"Barricade","floor":45,"key":"SMITH"},{"floor":49,"key":"REST"},{"data":"Demon Form","floor":53,"key":"SMITH"}],"circlet_count":0,"master_deck":["AscendersBane","Strike_R+1","Strike_R+2","Defend_R+1","Defend_R","Bash","Feel No Pain","Flame Barrier+1","Whirlwind+1","Poisoned Strike","Shrug It Off","Burning Pact","Evolve","Wild Strike+1","Cleave","True Grit+1","Feel No Pain","Inflame","Replay:Sssssssssstrike","Twin Strike","Berserk+1","Barricade+1","Inflame","Inflame","Power Through","Shrug It Off","Headbutt","Twin Strike","Offering","Intimidate","Impervious","Replay:Undeath\u0027s Touch+1","Demon Form+1","Power Through","Sword Boomerang+1","Uppercut+1"],"relics":["Burning Blood","Sling","Whetstone","StrikeDummy","Snack Pack","Happy Flower","ClockworkSouvenir","Question Card","Regal Pillow","Ring of Hypnosis","Ring of Searing","Blue Doll","PreservedInsect","Oddly Smooth Stone","Quantum Egg","Painkiller Herb","Chameleon Ring","MawBank","Omamori","Simple Rune","Pantograph","Ginger","SlaversCollar","Lizard Tail","Membership Card","Akabeko","Mummified Hand","Blue Candle","Bronze Scales","Pear","Cauldron","Ornamental Fan"],"acts_visited":["Exordium","TheCity","TheBeyond","TheEnding"],"potions_floor_usage":[25,29,33,35,38,54,55,56],"damage_taken":[{"damage":0,"enemies":"Small Slimes","floor":1,"turns":2},{"damage":2,"enemies":"Jaw Worm","floor":2,"turns":3},{"damage":0,"enemies":"Cultist","floor":3,"turns":2},{"damage":5,"enemies":"Replay:BlueRogue","floor":6,"turns":2},{"damage":16,"enemies":"Large Slime","floor":8,"turns":2},{"damage":5,"enemies":"3 Louse","floor":10,"turns":2},{"damage":5,"enemies":"Gremlin Nob","floor":11,"turns":2},{"damage":16,"enemies":"3 Sentries","floor":14,"turns":3},{"damage":5,"enemies":"The Guardian","floor":16,"turns":6},{"damage":18,"enemies":"Shell Parasite","floor":18,"turns":4},{"damage":10,"enemies":"Chosen","floor":19,"turns":3},{"damage":7,"enemies":"Centurion and Healer","floor":21,"turns":5},{"damage":7,"enemies":"Slavers","floor":23,"turns":2},{"damage":30,"enemies":"Cultist and Chosen","floor":25,"turns":5},{"damage":8,"enemies":"Book of Stabbing","floor":27,"turns":4},{"damage":16,"enemies":"Snecko","floor":28,"turns":5},{"damage":21,"enemies":"Gremlin Leader","floor":29,"turns":5},{"damage":30,"enemies":"Snake Plant","floor":30,"turns":3},{"damage":6,"enemies":"Slavers","floor":31,"turns":2},{"damage":37,"enemies":"Champ","floor":33,"turns":7},{"damage":10,"enemies":"3 Shapes","floor":35,"turns":8},{"damage":5,"enemies":"Orb Walker","floor":36,"turns":3},{"damage":10,"enemies":"Transient","floor":37,"turns":6},{"damage":10,"enemies":"2 Orb Walkers","floor":38,"turns":4},{"damage":12,"enemies":"R_Hoarder","floor":42,"turns":5},{"damage":0,"enemies":"Maw","floor":44,"turns":5},{"damage":38,"enemies":"Writhing Mass","floor":46,"turns":5},{"damage":0,"enemies":"Transient","floor":47,"turns":6},{"damage":19,"enemies":"Reptomancer","floor":48,"turns":6},{"damage":73,"enemies":"Time Eater","floor":50,"turns":9},{"damage":70,"enemies":"Replay:Hell Engine","floor":51,"turns":8},{"damage":13,"enemies":"Shield and Spear","floor":55,"turns":3},{"damage":104,"enemies":"The Heart","floor":56,"turns":6}],"seed_played":"-5182464887622439597","potions_obtained":[{"floor":3,"key":"Regen Potion"},{"floor":6,"key":"Explosive Potion"},{"floor":10,"key":"ElixirPotion"},{"floor":25,"key":"FearPotion"},{"floor":27,"key":"BloodPotion"},{"floor":28,"key":"Strength Potion"},{"floor":29,"key":"DuplicationPotion"},{"floor":35,"key":"Fruit Juice"},{"floor":37,"key":"BlessingOfTheForge"},{"floor":41,"key":"Strength Potion"},{"floor":54,"key":"Fruit Juice"},{"floor":54,"key":"DistilledChaos"}],"is_trial":false,"path_per_floor":["M","M","M","?","?","E","R","M","T","M","E","T","R","E","R","B",null,"?","?","?","?","?","E","?","?","T","E","?","E","?","E","T","B",null,"?","?","?","?","T","T","?","E","T","?","T","?","?","E","T","B","B",null,"T","T","E","B"],"character_chosen":"IRONCLAD","items_purchased":["Feel No Pain","Flame Barrier+1","Whirlwind","Sling","Whetstone","Poisoned Strike","StrikeDummy","Snack Pack","Shrug It Off","Burning Pact","Evolve","Wild Strike+1","Cleave","Happy Flower","ClockworkSouvenir","Question Card","True Grit","Feel No Pain","Regal Pillow","Inflame","Replay:Sssssssssstrike","Membership Card","Uppercut+1","Bronze Scales","Pear","DistilledChaos","Cauldron"],"campfire_rested":1,"item_purchase_floors":[0,0,0,0,0,0,0,0,0,0,0,0,0,0,0,0,0,0,0,0,0,39,54,54,54,54,54],"current_hp_per_floor":[74,75,75,75,75,75,75,65,65,66,69,69,69,61,61,64,72,62,58,58,59,59,58,58,54,54,52,44,51,29,29,29,27,63,66,67,63,61,61,61,61,59,59,67,67,35,45,32,71,17,41,72,72,89,86,0,0],"gold":239,"neow_bonus":"","is_daily":false,"chose_seed":false,"campfire_upgraded":5,"win_rate":0.0,"timestamp":1612839784,"path_taken":["M","M","M","?","?","E","R","M","T","M","E","?","R","E","R","BOSS","?","?","?","?","?","E","?","?","T","E","?","E","?","E","T","BOSS","?","?","?","?","T","T","?","E","T","?","T","?","?","E","T","BOSS","BOSS","T","T","E","BOSS"],"items_purchased_type":["Card","Card","Card","Relic","Relic","Card","Relic","Relic","Card","Card","Card","Card","Card","Relic","Relic","Relic","Card","Card","Relic","Card","Card","Relic","Card","Relic","Relic","Potion","Relic"],"build_version":"2020-12-22","purchased_purges":5,"victory":false,"max_hp_per_floor":[75,75,75,75,75,75,75,75,75,75,75,75,75,75,75,75,75,75,75,75,75,75,75,75,75,75,75,75,75,75,75,75,75,75,82,82,82,82,82,82,82,82,82,82,82,82,82,82,82,82,82,82,82,99,99,99,99],"relic_stats":{"Regal Pillow":81,"Happy Flower":[47],"counters":[576,2671],"Blue Candle":[0],"PreservedInsect":450,"Whetstone":["Neutralize","Poisoned Stab","Strike_R","Strike_R"],"Ginger":[18],"Question Card":32,"MawBank":192,"Burning Blood":1973,"Lizard Tail":41,"Mummified Hand":[397],"Ornamental Fan":[12],"Pantograph":123,"Bronze Scales":[513],"obtain_stats":[{"Golden Egg":8,"Replay:Accelerometer":52,"Whetstone":14,"Ginger":6,"Bottled Tornado":44,"Boot":53,"Sling":0,"Old Coin":47,"Ring of Searing":4,"Blood Vial":20,"Replay:Wanted Poster":34,"Replay:Ringing Soul":54,"Sundial":28,"Replay:Bronze Core":34,"MealTicket":27,"Fusion Hammer":19,"Replay:Bottled Flurry":0,"Kunai":53,"Replay:Wax Seal":43,"Electric Blood":17,"Replay:Bottled Steam":6,"Pear":9,"Blue Candle":30,"Counterbalance":11,"Velvet Choker":19,"Eternal Feather":9,"Akabeko":27,"SlaversCollar":17,"Bird Faced Urn":12,"Snecko Eye":17,"Pandora\u0027s Box":34,"Mark of Pain":0,"Kintsugi":17,"StrikeDummy":0,"Abe\u0027s Treasure":17,"Unceasing Top":49,"Regal Pillow":9,"Lantern":14,"Singing Bowl":10,"Torii":0,"Magic Flower":11,"StoneCalendar":14,"Painkiller Herb":17,"Blue Doll":27,"King of Hearts":12,"Bag of Preparation":9,"Cursed Key":34,"Smiling Mask":24,"Ancient Tea Set":40,"Burning Blood":0,"Pet Ghost":23,"Replay:Rubber Ducky":0,"Matryoshka":0,"Shovel":46,"WingedGreaves":8,"Chemical X":41,"Replay:Bottled Eggs":27,"InkBottle":26,"Paper Frog":9,"Potion Belt":48,"Lee\u0027s Waffle":20,"Golden Idol":11,"Self Forming Clay":7,"Thread and Needle":50,"The Courier":14,"PreservedInsect":22,"Omamori":40,"Frozen Egg 2":0,"MawBank":26,"Busted Crown":17,"Ornamental Fan":50,"Orrery":0,"Turnip":46,"Art of War":40,"Garlic":32,"Champion Belt":56,"Bottled Lightning":9,"ReplayTheSpireMod:Lightbulb":0,"Toy Ornithopter":25,"Ice Cream":14,"Divine Protection":42,"Calipers":6,"Gremlin Horn":9,"CeramicFish":43,"Vajra":0,"Sozu":17,"Centennial Puzzle":9,"Lizard Tail":38,"DollysMirror":43,"Strawberry":28,"Honey Jar":17,"Philosopher\u0027s Stone":17,"Iron Hammer":0,"Toxic Egg 2":9,"Girya":19,"Happy Flower":27,"Ring of Hypnosis":4,"ReplayTheSpireMod:CursedCoin":0,"Dead Branch":13,"Replay:Grab Bag":17,"Oddly Smooth Stone":26,"Charon\u0027s Ashes":39,"Letter Opener":25,"Replay:Kaleidoscope":50,"War Paint":8,"Question Card":0,"OrangePellets":53,"Replay:Baseball":38,"ReplayTheSpireMod:Spearhead":24,"ReplayTheSpireMod:Shallot":30,"Shuriken":55,"Bronze Scales":12,"Simple Rune":28,"Onion Ring":45,"Molten Egg 2":7,"ReplayTheSpireMod:TigerMarble":13,"Black Star":17,"Grinning Jar":25,"Pocketwatch":0,"Darkstone Periapt":5,"ReplayFunnel":19,"Iron Core":3,"Replay:PocketPolymizer":34,"Black Blood":17,"Mango":6,"Juzu Bracelet":42,"Incense Burner":12,"Replay:Mystery Machine":0,"ClockworkSouvenir":0,"Dream Catcher":43,"Nunchaku":38,"Replay:Bandana":0,"TheAbacus":0,"Chameleon Ring":24,"Mummified Hand":0,"Pantograph":23,"Gambling Chip":24,"Replay:Bottled Snecko":6,"Red Skull":6,"Runic Pyramid":34,"Gremlin Food":0,"BargainBundle":0,"ReplayTheSpireMod:Ninjato":0,"Replay:Towering Pillar of Hats":0,"Quantum Egg":32,"Guide Book":53,"Replay:WaspNest":0,"Orichalcum":48,"Odd Mushroom":10,"Medical Kit":53,"White Beast Statue":0,"Mercury Hourglass":43,"Calling Bell":34,"Cauldron":54,"Anchor":10,"CaptainsWheel":49,"ChewingGum":17,"Another Sword":42,"Snack Pack":8,"Bag of Marbles":12,"Membership Card":0,"TungstenRod":40,"FossilizedHelix":28},{"Golden Egg":68,"Replay:Accelerometer":153,"Whetstone":70,"Ginger":401,"Bottled Tornado":247,"Boot":153,"Sling":360,"Old Coin":88,"Ring of Searing":546,"Blood Vial":26,"Replay:Wanted Poster":241,"Replay:Ringing Soul":220,"Sundial":108,"Replay:Bronze Core":311,"MealTicket":58,"Fusion Hammer":456,"Replay:Bottled Flurry":251,"Kunai":153,"Replay:Wax Seal":438,"Electric Blood":51,"Replay:Bottled Steam":364,"Pear":347,"Blue Candle":30,"Counterbalance":349,"Velvet Choker":72,"Eternal Feather":255,"Akabeko":138,"SlaversCollar":24,"Bird Faced Urn":22,"Snecko Eye":520,"Pandora\u0027s Box":208,"Mark of Pain":0,"Kintsugi":352,"StrikeDummy":543,"Abe\u0027s Treasure":102,"Unceasing Top":120,"Regal Pillow":275,"Lantern":324,"Singing Bowl":21,"Torii":186,"Magic Flower":49,"StoneCalendar":166,"Painkiller Herb":259,"Blue Doll":358,"King of Hearts":277,"Bag of Preparation":68,"Cursed Key":31,"Smiling Mask":106,"Ancient Tea Set":437,"Burning Blood":0,"Pet Ghost":56,"Replay:Rubber Ducky":93,"Matryoshka":93,"Shovel":151,"WingedGreaves":255,"Chemical X":114,"Replay:Bottled Eggs":78,"InkBottle":377,"Paper Frog":226,"Potion Belt":119,"Lee\u0027s Waffle":340,"Golden Idol":5,"Self Forming Clay":97,"Thread and Needle":90,"The Courier":7,"PreservedInsect":11,"Omamori":245,"Frozen Egg 2":14,"MawBank":106,"Busted Crown":8,"Ornamental Fan":120,"Orrery":330,"Turnip":38,"Art of War":36,"Garlic":109,"Champion Belt":92,"Bottled Lightning":129,"ReplayTheSpireMod:Lightbulb":93,"Toy Ornithopter":306,"Ice Cream":23,"Divine Protection":148,"Calipers":294,"Gremlin Horn":20,"CeramicFish":115,"Vajra":221,"Sozu":338,"Centennial Puzzle":5,"Lizard Tail":567,"DollysMirror":469,"Strawberry":13,"Honey Jar":231,"Philosopher\u0027s Stone":167,"Iron Hammer":155,"Toxic Egg 2":192,"Girya":134,"Happy Flower":203,"Ring of Hypnosis":546,"ReplayTheSpireMod:CursedCoin":155,"Dead Branch":165,"Replay:Grab Bag":279,"Oddly Smooth Stone":57,"Charon\u0027s Ashes":213,"Letter Opener":266,"Replay:Kaleidoscope":474,"War Paint":163,"Question Card":221,"OrangePellets":219,"Replay:Baseball":83,"ReplayTheSpireMod:Spearhead":202,"ReplayTheSpireMod:Shallot":206,"Shuriken":91,"Bronze Scales":6,"Simple Rune":78,"Onion Ring":116,"Molten Egg 2":226,"ReplayTheSpireMod:TigerMarble":132,"Black Star":407,"Grinning Jar":137,"Pocketwatch":41,"Darkstone Periapt":18,"ReplayFunnel":103,"Iron Core":188,"Replay:PocketPolymizer":433,"Black Blood":279,"Mango":19,"Juzu Bracelet":87,"Incense Burner":131,"Replay:Mystery Machine":93,"ClockworkSouvenir":123,"Dream Catcher":37,"Nunchaku":83,"Replay:Bandana":123,"TheAbacus":61,"Chameleon Ring":170,"Mummified Hand":155,"Pantograph":12,"Gambling Chip":27,"Replay:Bottled Snecko":161,"Red Skull":47,"Runic Pyramid":142,"Gremlin Food":155,"BargainBundle":251,"ReplayTheSpireMod:Ninjato":477,"Replay:Towering Pillar of Hats":444,"Quantum Egg":80,"Guide Book":249,"Replay:WaspNest":93,"Orichalcum":218,"Odd Mushroom":422,"Medical Kit":394,"White Beast Statue":155,"Mercury Hourglass":181,"Calling Bell":433,"Cauldron":574,"Anchor":69,"CaptainsWheel":152,"ChewingGum":279,"Another Sword":181,"Snack Pack":48,"Bag of Marbles":257,"Membership Card":93,"TungstenRod":214,"FossilizedHelix":239},{"Golden Egg":270,"Replay:Accelerometer":693,"Whetstone":276,"Ginger":1860,"Bottled Tornado":1111,"Boot":693,"Sling":1690,"Old Coin":374,"Ring of Searing":2535,"Blood Vial":107,"Replay:Wanted Poster":1084,"Replay:Ringing Soul":1002,"Sundial":475,"Replay:Bronze Core":1396,"MealTicket":230,"Fusion Hammer":2097,"Replay:Bottled Flurry":1133,"Kunai":693,"Replay:Wax Seal":2016,"Electric Blood":208,"Replay:Bottled Steam":1707,"Pear":1608,"Blue Candle":123,"Counterbalance":1619,"Velvet Choker":287,"Eternal Feather":1149,"Akabeko":613,"SlaversCollar":100,"Bird Faced Urn":86,"Snecko Eye":2418,"Pandora\u0027s Box":935,"Mark of Pain":0,"Kintsugi":1635,"StrikeDummy":2528,"Abe\u0027s Treasure":449,"Unceasing Top":539,"Regal Pillow":1226,"Lantern":1469,"Singing Bowl":82,"Torii":830,"Magic Flower":200,"StoneCalendar":746,"Painkiller Herb":1169,"Blue Doll":1675,"King of Hearts":1234,"Bag of Preparation":270,"Cursed Key":130,"Smiling Mask":466,"Ancient Tea Set":2011,"Burning Blood":0,"Pet Ghost":224,"Replay:Rubber Ducky":411,"Matryoshka":411,"Shovel":679,"WingedGreaves":1149,"Chemical X":510,"Replay:Bottled Eggs":311,"InkBottle":1760,"Paper Frog":1023,"Potion Belt":538,"Lee\u0027s Waffle":1566,"Golden Idol":17,"Self Forming Clay":425,"Thread and Needle":385,"The Courier":25,"PreservedInsect":40,"Omamori":1101,"Frozen Egg 2":51,"MawBank":466,"Busted Crown":30,"Ornamental Fan":539,"Orrery":1509,"Turnip":156,"Art of War":146,"Garlic":481,"Champion Belt":400,"Bottled Lightning":578,"ReplayTheSpireMod:Lightbulb":411,"Toy Ornithopter":1366,"Ice Cream":93,"Divine Protection":660,"Calipers":1310,"Gremlin Horn":78,"CeramicFish":521,"Vajra":1010,"Sozu":1554,"Centennial Puzzle":17,"Lizard Tail":2618,"DollysMirror":2147,"Strawberry":48,"Honey Jar":1045,"Philosopher\u0027s Stone":751,"Iron Hammer":713,"Toxic Egg 2":857,"Girya":598,"Happy Flower":908,"Ring of Hypnosis":2535,"ReplayTheSpireMod:CursedCoin":713,"Dead Branch":743,"Replay:Grab Bag":1251,"Oddly Smooth Stone":226,"Charon\u0027s Ashes":957,"Letter Opener":1198,"Replay:Kaleidoscope":2176,"War Paint":736,"Question Card":1010,"OrangePellets":999,"Replay:Baseball":343,"ReplayTheSpireMod:Spearhead":903,"ReplayTheSpireMod:Shallot":922,"Shuriken":395,"Bronze Scales":20,"Simple Rune":311,"Onion Ring":524,"Molten Egg 2":1023,"ReplayTheSpireMod:TigerMarble":589,"Black Star":1894,"Grinning Jar":609,"Pocketwatch":170,"Darkstone Periapt":65,"ReplayFunnel":454,"Iron Core":838,"Replay:PocketPolymizer":1997,"Black Blood":1251,"Mango":73,"Juzu Bracelet":367,"Incense Burner":585,"Replay:Mystery Machine":411,"ClockworkSouvenir":554,"Dream Catcher":151,"Nunchaku":343,"Replay:Bandana":554,"TheAbacus":244,"Chameleon Ring":764,"Mummified Hand":713,"Pantograph":44,"Gambling Chip":111,"Replay:Bottled Snecko":730,"Red Skull":189,"Runic Pyramid":629,"Gremlin Food":713,"BargainBundle":1133,"ReplayTheSpireMod:Ninjato":2194,"Replay:Towering Pillar of Hats":2046,"Quantum Egg":320,"Guide Book":1122,"Replay:WaspNest":411,"Orichalcum":988,"Odd Mushroom":1954,"Medical Kit":1829,"White Beast Statue":713,"Mercury Hourglass":808,"Calling Bell":1997,"Cauldron":2662,"Anchor":273,"CaptainsWheel":682,"ChewingGum":1251,"Another Sword":808,"Snack Pack":196,"Bag of Marbles":1159,"Membership Card":411,"TungstenRod":963,"FossilizedHelix":1074}]},"card_choices":[{"not_picked":["Clash","Flex","ReplayTheSpireMod:Strike From Hell","True Grit"],"picked":"SKIP","floor":1},{"not_picked":["Shrug It Off","Anger","Cleave"],"picked":"Twin Strike","floor":2},{"not_picked":["Sword Boomerang","Havoc","Pommel Strike","Clothesline"],"picked":"SKIP","floor":3},{"not_picked":["Run Through","Sword Boomerang","Searing Blow","Clash"],"picked":"SKIP","floor":6},{"not_picked":["Dropkick","Evolve","Pommel Strike","ReplayTheSpireMod:Strike From Hell"],"picked":"SKIP","floor":8},{"not_picked":["Flex","Rampage","Entrench","Clothesline"],"picked":"SKIP","floor":10},{"not_picked":["Flex","Rampage","Entrench","Clothesline"],"picked":"SKIP","floor":10},{"not_picked":["Metallicize","Twin Strike","Headbutt"],"picked":"Berserk","floor":11},{"not_picked":["Run Through","Warcry","Havoc","Body Slam"],"picked":"SKIP","floor":14},{"not_picked":["Fiend Fire","Corruption","Brutality"],"picked":"Barricade","floor":16},{"not_picked":["Run Through","Pommel Strike","ReplayTheSpireMod:Muscle Training"],"picked":"Inflame","floor":18},{"not_picked":["True Grit","Headbutt","Replay:Undeath\u0027s Touch"],"picked":"Inflame","floor":19},{"not_picked":["Headbutt","Cleave","ReplayTheSpireMod:Corrosion Curse"],"picked":"Power Through","floor":21},{"not_picked":["Warcry","Heavy Blade","Rage"],"picked":"Shrug It Off","floor":23},{"not_picked":["Armaments","Seeing Red","Perfected Strike+1"],"picked":"Headbutt","floor":25},{"not_picked":["Flex","Body Slam","Whirlwind"],"picked":"Twin Strike","floor":27},{"not_picked":["Thunderclap","ReplayTheSpireMod:Stacked","Blood for Blood+1"],"picked":"Entrench","floor":28},{"not_picked":["Perfected Strike","Rage","Body Slam+1"],"picked":"Offering","floor":29},{"not_picked":["Life Link","Body Slam","Searing Blow","Armaments"],"picked":"SKIP","floor":30},{"not_picked":["Run Through","Rage","Berserk","Body Slam"],"picked":"SKIP","floor":31},{"not_picked":["Demonic Infusion","Eclipse","Immolate"],"picked":"Impervious","floor":33},{"not_picked":["Anger+1","Perfected Strike","Sword Boomerang","Run Through"],"picked":"SKIP","floor":35},{"not_picked":["Warcry","Flex","Rupture","Thunderclap+1"],"picked":"SKIP","floor":36},{"not_picked":["ReplayTheSpireMod:Strike From Hell","Evolve","Perfected Strike+1"],"picked":"Replay:Undeath\u0027s Touch+1","floor":37},{"not_picked":["Thunderclap","Cleave","Body Slam"],"picked":"Demon Form","floor":38},{"not_picked":["Twin Strike+1","Body Slam","Carnage","Abandon"],"picked":"SKIP","floor":42},{"not_picked":["Twin Strike","Hemokinesis","Pummel"],"picked":"Power Through","floor":44},{"not_picked":["Bloodletting","Berserk","Wild Strike+1"],"picked":"Sword Boomerang+1","floor":46},{"not_picked":["Armaments","Cleave","Thunderclap","Reckless Charge"],"picked":"SKIP","floor":47},{"not_picked":["ReplayTheSpireMod:Strike From Hell","Reckless Charge+1","ReplayTheSpireMod:Limb From Limb","Clash"],"picked":"SKIP","floor":48},{"not_picked":["ReplayTheSpireMod:Strike From Hell+1","Uppercut","Massacre","Pommel Strike"],"picked":"SKIP","floor":55}],"player_experience":4123842,"relics_obtained":[{"floor":4,"key":"Ring of Hypnosis"},{"floor":4,"key":"Ring of Searing"},{"floor":6,"key":"Blue Doll"},{"floor":9,"key":"PreservedInsect"},{"floor":11,"key":"Oddly Smooth Stone"},{"floor":14,"key":"Quantum Egg"},{"floor":23,"key":"MawBank"},{"floor":26,"key":"Omamori"},{"floor":27,"key":"Simple Rune"},{"floor":29,"key":"Pantograph"},{"floor":31,"key":"Ginger"},{"floor":38,"key":"Lizard Tail"},{"floor":42,"key":"Akabeko"},{"floor":43,"key":"Mummified Hand"},{"floor":48,"key":"Blue Candle"},{"floor":55,"key":"Ornamental Fan"}],"event_choices":[{"damage_healed":0,"gold_gain":0,"player_choice":"Ignored","damage_taken":0,"max_hp_gain":0,"max_hp_loss":0,"event_name":"Liars Game","floor":5,"gold_loss":0},{"damage_healed":0,"gold_gain":50,"player_choice":"Stole From Cult","damage_taken":0,"max_hp_gain":0,"max_hp_loss":0,"event_name":"Nest","floor":20,"gold_loss":0},{"damage_healed":0,"gold_gain":0,"player_choice":"Obtained Relic","damage_taken":0,"relics_obtained":["Chameleon Ring"],"max_hp_gain":0,"max_hp_loss":0,"event_name":"Addict","floor":22,"gold_loss":85},{"cards_removed":["Clumsy"],"damage_healed":0,"gold_gain":0,"player_choice":"Gave Gold","damage_taken":0,"max_hp_gain":0,"max_hp_loss":0,"event_name":"Beggar","floor":24,"gold_loss":75},{"damage_healed":0,"gold_gain":0,"player_choice":"Fight","damage_taken":0,"max_hp_gain":0,"max_hp_loss":0,"event_name":"Mysterious Sphere","floor":38,"gold_loss":0},{"damage_healed":0,"gold_gain":0,"player_choice":"Bought 1 Potion","damage_taken":0,"max_hp_gain":0,"max_hp_loss":0,"event_name":"The Woman in Blue","floor":41,"gold_loss":0}],"is_beta":false,"boss_relics":[{"not_picked":["ReplayTheSpireMod:DimensionalGlitch","Cursed Key"],"picked":"Painkiller Herb"},{"not_picked":["Pandora\u0027s Box","Runic Dome"],"picked":"SlaversCollar"}],"items_purged_floors":[0,0,0,39,54],"is_endless":false,"potions_floor_spawned":[3,6,10,11,18,25,27,28,29,35,37,46,48],"killed_by":"The Heart","ascension_level":20}}