{"host":"7h05nr6qm89lgkco","time":1612857939,"event":{"mods":["BaseMod","Bestiary","Block Reminder","ChefMod","Colored Powertips","DeckTracker","Dota2Spire","Downfall","Friendly Minions","Minty Spire (QoL Compilation)","Quick Restart","Rare Cards Sparkle","Relic Stats","StSLib","The Cursed","The Poker Player","Unceasing Turn Reminder"],"gold_per_floor":[99,118,135,585,602,602,625,642,542,81,105,90,90,121,140,244,244,144,161,161,180,200,215,215,215,100,135,151,165,198,31,46,145,145,145,155,171,406,422,322,399,399,431,456,456,467,467,486,500,500,500,500],"floor_reached":50,"language":"ZHS","playtime":3431,"items_purged":["downfall:Icky","downfall:Icky","downfall:Icky"],"score":591,"play_id":"0d12e439-ebca-4cdf-86ec-4f4e792ea9a4","local_time":"20210209160539","is_ascension_mode":false,"campfire_choices":[{"data":"champ:Execute","floor":1.0,"key":"SMITH"},{"data":"champ:Taunt","floor":9.0,"key":"SMITH"},{"data":"champ:EnragedBash","floor":13.0,"key":"SMITH"},{"data":"champ:Lariat","floor":18.0,"key":"SMITH"},{"data":"champ:Shatter","floor":25.0,"key":"SMITH"},{"floor":35,"key":"RECALL"},{"data":"champ:UltimateStance","floor":40,"key":"SMITH"},{"data":"champ:Improvising","floor":42,"key":"SMITH"},{"data":"champ:HeartStrike","floor":47,"key":"SMITH"}],"circlet_count":0,"master_deck":["champ:Strike","champ:Strike","champ:Strike","champ:Strike","champ:Defend","champ:Defend","champ:Defend","champ:Defend","champ:Execute+1","champ:Taunt+1","champ:EnragedBash+1","champ:FaceSlap","champ:FocusedBerserking","champ:CalledShot","champ:Parry","champ:Duel","champ:ShieldWall","champ:LastStand","champ:Lariat+1","champ:HoldFirm","champ:Shatter+1","champ:Devastate","champ:Shatter+1","champ:HeartStrike+1","champ:FaceSlap","champ:UltimateStance+1","champ:Improvising+1","champ:ShieldSlam+1","champ:FanOfKnives+1","champ:StrikeOfGenius"],"relics":["champ:ChampionCrown","downfall:HeartBlessingBlue","Dota2Spire:AssaultCuirass","Odd Mushroom","Guardian:PocketSentry","Philosopher\u0027s Stone","downfall:HeartBlessingGreen","Tiny Chest","Dota2Spire:EyeOfSkadi","Shovel","Coffee Dripper","downfall:HeartBlessingRed","Mercury Hourglass","HornCleat","Smiling Mask","Du-Vu Doll"],"acts_visited":["Exordium","TheCity","TheBeyond"],"potions_floor_usage":[38,39,50,50,50],"damage_taken":[{"damage":13.0,"enemies":"Small Slimes","floor":2.0,"turns":5.0},{"damage":25.0,"enemies":"2 Louse","floor":3.0,"turns":4.0},{"damage":29.0,"enemies":"Jaw Worm","floor":5.0,"turns":5.0},{"damage":30.0,"enemies":"3 Louse","floor":8.0,"turns":3.0},{"damage":40.0,"enemies":"downfall:FleeingMerchant","floor":10.0,"turns":4.0},{"damage":22.0,"enemies":"The Mushroom Lair","floor":11.0,"turns":3.0},{"damage":10.0,"enemies":"downfall:FleeingMerchant","floor":12.0,"turns":4.0},{"damage":44.0,"enemies":"Gremlin Nob","floor":14.0,"turns":4.0},{"damage":5.0,"enemies":"Gremlin Gang","floor":15.0,"turns":3.0},{"damage":49.0,"enemies":"IC_STATUS_ARCHETYPE","floor":16.0,"turns":6.0},{"damage":40.0,"enemies":"Chosen","floor":19.0,"turns":4.0},{"damage":20.0,"enemies":"Shell Parasite","floor":21.0,"turns":3.0},{"damage":53.0,"enemies":"Snake Plant","floor":22.0,"turns":4.0},{"damage":30.0,"enemies":"Cultist and Chosen","floor":23.0,"turns":4.0},{"damage":15.0,"enemies":"downfall:FleeingMerchant","floor":26.0,"turns":4.0},{"damage":68.0,"enemies":"Gremlin Leader","floor":27.0,"turns":7.0},{"damage":10.0,"enemies":"Snecko","floor":28.0,"turns":3.0},{"damage":33.0,"enemies":"Chosen and Byrds","floor":29.0,"turns":5.0},{"damage":31.0,"enemies":"Book of Stabbing","floor":30.0,"turns":5.0},{"damage":40.0,"enemies":"downfall:FleeingMerchant","floor":31.0,"turns":4.0},{"damage":0.0,"enemies":"Snake Plant","floor":32.0,"turns":4.0},{"damage":66,"enemies":"WA_ARCHETYPE_CALM","floor":33,"turns":9},{"damage":5,"enemies":"Orb Walker","floor":36,"turns":3},{"damage":52,"enemies":"3 Darklings","floor":37,"turns":6},{"damage":31,"enemies":"downfall:FleeingMerchant","floor":38,"turns":3},{"damage":67,"enemies":"Jaw Worm Horde","floor":39,"turns":4},{"damage":50,"enemies":"Nemesis","floor":43,"turns":5},{"damage":45,"enemies":"Transient","floor":46,"turns":5},{"damage":19,"enemies":"4 Shapes","floor":48,"turns":5},{"damage":21,"enemies":"3 Darklings","floor":49,"turns":3},{"damage":64,"enemies":"DF_ARCHETYPE_ORBS","floor":50,"turns":5}],"seed_played":"-5576406276863409283","potions_obtained":[{"floor":8.0,"key":"Fire Potion"},{"floor":11.0,"key":"SkillPotion"},{"floor":14.0,"key":"ColorlessPotion"},{"floor":19.0,"key":"Fire Potion"},{"floor":22.0,"key":"Energy Potion"},{"floor":27.0,"key":"bronze:BurnAndBuffPotion"},{"floor":28.0,"key":"LiquidMemories"},{"floor":29.0,"key":"CultistPotion"},{"floor":33,"key":"SpeedPotion"},{"floor":37,"key":"champ:TechniquePotion"},{"floor":39,"key":"EssenceOfSteel"},{"floor":49,"key":"Fire Potion"}],"is_trial":false,"path_per_floor":["R","M","M","?","M","?","T","M","R","$","?","$","R","E","M","B",null,"R","M","?","M","M","M","T","R","$","E","M","M","E","$","M","B",null,"R","M","M","$","M","R","T","R","E","?","T","M","R","M","M","B"],"character_chosen":"THE_CHAMP","items_purchased":["Dota2Spire:AssaultCuirass","champ:Duel","champ:UltimateStance"],"campfire_rested":0,"item_purchase_floors":[10,10,31],"current_hp_per_floor":[99,96,96,96,82,82,82,72,82,77,75,75,75,46,46,17,109,109,109,109,109,91,91,91,91,91,83,83,75,74,74,74,73,114,114,114,87,71,54,54,54,54,54,54,54,54,54,45,29,0,0,0],"gold":500,"neow_bonus":"TEN_PERCENT_HP_BONUS","is_daily":false,"chose_seed":false,"campfire_upgraded":8,"win_rate":0.0,"timestamp":1612857939,"path_taken":["R","M","M","?","M","?","T","M","R","$","?","$","R","E","M","BOSS","R","M","?","M","M","M","T","R","$","E","M","?","E","$","M","BOSS","R","?","M","$","M","R","T","R","E","?","?","M","R","?","M","BOSS"],"items_purchased_type":["Relic","Card","Card"],"build_version":"2020-12-22","purchased_purges":3,"victory":false,"max_hp_per_floor":[99,99,99,99,99,99,99,99,109,109,109,109,109,109,109,109,109,109,109,109,109,109,109,109,109,109,114,114,114,114,114,114,114,114,114,114,114,114,114,114,114,114,114,114,114,114,114,114,114,114,114,114],"relic_stats":{"Shovel":0,"counters":[31,134],"Tiny Chest":1,"Smiling Mask":0,"obtain_stats":[{"downfall:HeartBlessingRed":40,"champ:ChampionCrown":0,"downfall:HeartBlessingGreen":18,"Guardian:PocketSentry":14,"Odd Mushroom":11,"Smiling Mask":44,"Mercury Hourglass":41,"Du-Vu Doll":45,"Shovel":30,"HornCleat":43,"Dota2Spire:EyeOfSkadi":27,"downfall:HeartBlessingBlue":9,"Philosopher\u0027s Stone":17,"Tiny Chest":24,"Coffee Dripper":34,"Dota2Spire:AssaultCuirass":10},{"downfall:HeartBlessingRed":26,"champ:ChampionCrown":0,"downfall:HeartBlessingGreen":10,"Guardian:PocketSentry":8,"Odd Mushroom":6,"Smiling Mask":27,"Mercury Hourglass":26,"Du-Vu Doll":27,"Shovel":19,"HornCleat":27,"Dota2Spire:EyeOfSkadi":16,"downfall:HeartBlessingBlue":4,"Philosopher\u0027s Stone":10,"Tiny Chest":14,"Coffee Dripper":22,"Dota2Spire:AssaultCuirass":5},{"downfall:HeartBlessingRed":111,"champ:ChampionCrown":0,"downfall:HeartBlessingGreen":41,"Guardian:PocketSentry":32,"Odd Mushroom":24,"Smiling Mask":116,"Mercury Hourglass":111,"Du-Vu Doll":116,"Shovel":79,"HornCleat":116,"Dota2Spire:EyeOfSkadi":67,"downfall:HeartBlessingBlue":17,"Philosopher\u0027s Stone":41,"Tiny Chest":56,"Coffee Dripper":95,"Dota2Spire:AssaultCuirass":21}],"Mercury Hourglass":[77]},"card_choices":[{"not_picked":["champ:DefensiveShout","champ:PreciseThrust"],"picked":"champ:EnragedBash","floor":2.0},{"not_picked":["champ:RapidStrikes","champ:BringItOn"],"picked":"champ:FaceSlap","floor":3.0},{"not_picked":["champ:Circumvent","champ:BerserkersShout"],"picked":"champ:FocusedBerserking","floor":5.0},{"not_picked":["champ:EnGarde","champ:GutPunch"],"picked":"champ:CalledShot","floor":8.0},{"not_picked":["champ:Haymaker","champ:CrownThrow"],"picked":"champ:Parry","floor":10.0},{"not_picked":["champ:DefensiveShout","champ:PreciseThrust"],"picked":"champ:ShieldWall","floor":11.0},{"not_picked":["champ:Parry","champ:BerserkersShout"],"picked":"champ:LastStand","floor":12.0},{"not_picked":["champ:BringItOn","champ:FocusedDefense"],"picked":"champ:Lariat","floor":14.0},{"not_picked":["champ:EndlessRage","champ:DeathBlow","champ:BladeFlurry"],"picked":"SKIP","floor":15.0},{"not_picked":["champ:VampiricStrike","champ:MurderStrike"],"picked":"champ:HoldFirm","floor":16.0},{"not_picked":["champ:FlashCut","champ:BerserkersShout","champ:PerfectedStrike+1"],"picked":"SKIP","floor":19.0},{"not_picked":["champ:PreciseThrust","champ:AdrenalArmor","champ:PreemptiveStrike"],"picked":"SKIP","floor":21.0},{"not_picked":["champ:StanceDance","champ:Duel+1"],"picked":"champ:Shatter","floor":22.0},{"not_picked":["champ:Haymaker","champ:BringItOn","champ:RecklessLeap"],"picked":"SKIP","floor":23.0},{"not_picked":["champ:BladeFlurry+1","champ:FlashCut"],"picked":"champ:Devastate","floor":26.0},{"not_picked":["champ:Endure","champ:AdrenalArmor+1","champ:PreemptiveStrike+1"],"picked":"SKIP","floor":27.0},{"not_picked":["champ:StanceDance","champ:DefensiveShout","champ:PreciseThrust"],"picked":"SKIP","floor":28.0},{"not_picked":["champ:BringItOn","champ:AdrenalArmor"],"picked":"champ:Shatter+1","floor":29.0},{"not_picked":["champ:AdrenalArmor","champ:RecklessLeap+1"],"picked":"champ:HeartStrike","floor":30.0},{"not_picked":["champ:BladeFlurry+1","champ:Shatter"],"picked":"champ:FaceSlap","floor":31.0},{"not_picked":["champ:FlashCut","champ:BladeFlurry","champ:RisingSlash"],"picked":"SKIP","floor":32.0},{"not_picked":["champ:CheapShot","champ:Devastate"],"picked":"champ:Improvising","floor":33},{"not_picked":["champ:SetATrap+1","champ:BladeFlurry"],"picked":"champ:ShieldSlam+1","floor":36},{"not_picked":["champ:FanOfKnives","champ:FlashCut","champ:GladiatorStyle"],"picked":"SKIP","floor":37},{"not_picked":["champ:CrownThrow","champ:BladeFlurry+1","champ:FanOfKnives+1"],"picked":"SKIP","floor":38},{"not_picked":["champ:Parry","champ:PreciseThrust","champ:BladeFlurry+1"],"picked":"SKIP","floor":39},{"not_picked":["champ:PreciseThrust+1","champ:GutPunch+1","champ:FocusedBerserking"],"picked":"SKIP","floor":43},{"not_picked":["champ:TornadoPunch+1","champ:StanceDance+1","champ:Haymaker"],"picked":"SKIP","floor":46},{"not_picked":["champ:BerserkersShout","champ:PreciseThrust"],"picked":"champ:FanOfKnives+1","floor":48},{"not_picked":["champ:Lariat","champ:FaceSlap"],"picked":"champ:StrikeOfGenius","floor":49}],"player_experience":890460,"relics_obtained":[{"floor":11.0,"key":"Odd Mushroom"},{"floor":14.0,"key":"Guardian:PocketSentry"},{"floor":24.0,"key":"Tiny Chest"},{"floor":27.0,"key":"Dota2Spire:EyeOfSkadi"},{"floor":30.0,"key":"Shovel"},{"floor":41,"key":"Mercury Hourglass"},{"floor":43,"key":"HornCleat"},{"floor":44,"key":"Smiling Mask"},{"floor":45,"key":"Du-Vu Doll"}],"event_choices":[{"damage_healed":0.0,"max_hp_gain":0.0,"max_hp_loss":0.0,"gold_gain":0.0,"event_name":"Mushrooms","player_choice":"Fought Mushrooms","floor":11.0,"gold_loss":0.0,"damage_taken":0.0},{"damage_healed":0.0,"max_hp_gain":0.0,"max_hp_loss":0.0,"gold_gain":0.0,"event_name":"NoteForYourself","player_choice":"Ignored","floor":20.0,"gold_loss":0.0,"damage_taken":0.0}],"is_beta":false,"boss_relics":[{"not_picked":["Fusion Hammer","Astrolabe"],"picked":"Philosopher\u0027s Stone"},{"not_picked":["Busted Crown","Velvet Choker"],"picked":"Coffee Dripper"}],"items_purged_floors":[10,26,38],"is_endless":false,"potions_floor_spawned":[8,11,14,19,22,27,28,29,33,37,39,49],"killed_by":"DF_ARCHETYPE_ORBS","ascension_level":0}}