{"host":"54jr43vd79817238","time":1612839195,"event":{"mods":["100% Spire Juice","ATMod(°¢èªMod)","Act Like it!","Arknights","Aspiration","BaseMod","CapriCore","Dota2Spire","Friendly Minions","Gensokyo","Hallownest","Hermit","Jedi Mod","KomeijiMod","Lobotomy","LobotomyExtend","Marisa£¨ìFÓê¡¡Ä§ÀíÉ³£©","Minty Spire (QoL Compilation)","MostiFishMod","Prisma Mod","PrismaMod-zhs","Quarter Circle Forward PUNCH!","Reliquary","Replay The Spire","Robot Space Explorer","RumiaBox-Â¶Ã×æ«µÄÉñÃØºÐ×Ó","Spicy Shops","StSLib","TestMod","The Blackbeard","WarShipGirlsR/Õ½½¢ÉÙÅ®R mod","Yakumo Yukari mod","Youmu£¨»êÆÇÑýÃÎ£©","Yuyuko","¡¾ÒÅÎï¿¨ÅÆ¡¿REMEMod"],"gold_per_floor":[116,127,402,416,426,426,456,469,494,494,523,523,523,523],"floor_reached":13,"language":"ZHS","playtime":952,"items_purged":[],"score":100,"play_id":"4fe4758c-e25f-4617-a398-3e4b8fb87227","local_time":"20210209105315","is_ascension_mode":true,"campfire_choices":[{"data":"LittleLegion","floor":6,"key":"SMITH"},{"data":"SeekerWire+1","floor":10,"key":"SWEEP"}],"circlet_count":0,"master_deck":["Strike_Komeiji","Strike_Komeiji","Strike_Komeiji","Strike_Komeiji","Defend_Komeiji","Defend_Komeiji","Defend_Komeiji","Defend_Komeiji","Dash_Komeiji","REME_EyeOfCthun","AT_StudyProgram","SenseofElegance+1","Regret","LittleLegion+1","FreezeTouchMe","SeekerWire+1","JigokuNoTaiyou+1"],"relics":["KomeijisEye","SpellCardsRule","MusicBox","DaveBox","AT_ATBox","testmod-TestBox","REME_ComplimentaryCards","aspiration:Nostalgia","PrismaMod:PrismaSapphire","testmod-BouquetWithThorns","ChiXiaoBlade","SynthV:TestCard","CrystalOfMemory","MealTicket","reliquary:Buckler","aspiration:BabyByrd"],"acts_visited":["Exordium"],"potions_floor_usage":[7,11,11],"damage_taken":[{"damage":0.0,"enemies":"Cultist","floor":1.0,"turns":3.0},{"damage":0.0,"enemies":"Small Slimes","floor":2.0,"turns":2.0},{"damage":3.0,"enemies":"2 Louse","floor":4.0,"turns":2.0},{"damage":6,"enemies":"Exordium Wildlife","floor":5,"turns":2},{"damage":26,"enemies":"3 Sentries","floor":7,"turns":6},{"damage":0,"enemies":"Blue Slaver","floor":8,"turns":4},{"damage":23,"enemies":"Lagavulin","floor":11,"turns":7},{"damage":9,"enemies":"3 Sentries","floor":13,"turns":1}],"seed_played":"-2242998868972905430","potions_obtained":[{"floor":1.0,"key":"Dexterity Potion"},{"floor":5,"key":"CalmPotion"},{"floor":7,"key":"JyouchiReiPotion"},{"floor":8,"key":"Dota2Spire:HealingSalve"}],"is_trial":false,"path_per_floor":["M","M","?","M","M","R","E","M","T","R","E","?","E"],"character_chosen":"KomeijiSatori","items_purchased":[],"campfire_rested":0,"item_purchase_floors":[],"current_hp_per_floor":[50,50,50,47,41,41,15,15,15,20,6,6,0,0],"gold":523,"neow_bonus":"NOSTALGIA","is_daily":false,"chose_seed":false,"campfire_upgraded":1,"win_rate":0.0,"timestamp":1612839195,"path_taken":["M","?","?","M","M","R","E","?","T","R","E","?","E"],"items_purchased_type":[],"build_version":"2020-12-22","purchased_purges":0,"victory":false,"max_hp_per_floor":[50,50,50,50,50,50,50,50,50,50,50,50,50,50],"card_choices":[{"not_picked":["KoKei+1","NingyouFukuhei+1"],"picked":"SenseofElegance","floor":1.0},{"not_picked":["MusuNoYume","KinbakuJin+1","RikonNoKama+1","HagoromoMizu"],"picked":"NingyouSP+1","floor":2.0},{"not_picked":["DemonsDinnerFork","JyouchiJin+1","HisouNoKen","KinbakuJin+1","SeekerDolls"],"picked":"SKIP","floor":4},{"not_picked":["MusuNoYume","ArtfulChanter","SeekerWire+1","HenyouMirume"],"picked":"LittleLegion","floor":5},{"not_picked":["HagoromoMizu","OoedoNingyou+1","SelfTokamak","DochyakuKami+1"],"picked":"FreezeTouchMe","floor":7},{"not_picked":["RikonNoKama+1","JyouchiJin+1","HenyouMirume","NarrowSpark","Sabishigari+1"],"picked":"SKIP","floor":8},{"not_picked":["RikonNoKama+1","SeekerWire+1","DemonsDinnerFork","GasuOrimono"],"picked":"JigokuNoTaiyou","floor":11}],"player_experience":355049,"relics_obtained":[{"floor":1.0,"key":"SynthV:TestCard"},{"floor":7,"key":"CrystalOfMemory"},{"floor":9,"key":"MealTicket"},{"floor":11,"key":"reliquary:Buckler"}],"event_choices":[{"damage_healed":0.0,"max_hp_gain":0.0,"max_hp_loss":0.0,"gold_gain":275.0,"event_name":"Golden Shrine","player_choice":"Desecrate","floor":3.0,"gold_loss":0.0,"damage_taken":0.0,"cards_obtained":["Regret"]}],"is_beta":false,"boss_relics":[],"items_purged_floors":[],"is_endless":false,"potions_floor_spawned":[1,5,7,8],"killed_by":"3 Sentries","ascension_level":1}}