{"host":"k7m72kgq8xdir5ne","time":1612843599,"event":{"mods":["ATMod(阿瑾Mod)","AchievementEnabler","Act Like it!","BaseMod","Friendly Minions","Gensokyo","LagranYue(拉格朗・月)","Minty Spire (QoL Compilation)","Quick Restart","RumiaBox-露米娅的神秘盒子","Shop Mod","Spicy Shops","StSLib","SuperFastMode","TestMod","Yakumo Yukari mod","【功能Mod】Neow奖励","【功能Mod】混沌之环修复补丁","篝火指南"],"gold_per_floor":[118,118,138,151,151,180,58,58,81,6,23,41,67,81,81,181,181,201,201,216,216,233,261,9,34,79,5,38,38,38,48,48,145,145,156,168,168,102,121,147,191,23,23,82,82,189,224,329,73,205,205,144,56,138,178],"floor_reached":56,"language":"ZHS","playtime":1774,"items_purged":["Regret","Strike_P","Defend_P","Strike_P","Strike_P"],"score":2112,"play_id":"986ceff1-dc27-4094-9484-f8b51663d7c8","local_time":"20210209120639","is_ascension_mode":true,"campfire_choices":[{"data":"Devotion","floor":15,"key":"SMITH"},{"floor":30,"key":"RECALL"},{"data":"AT_IrregularMenstruation","floor":32,"key":"SMITH"}],"circlet_count":0,"master_deck":["Strike_P","Defend_P","Defend_P","Defend_P","Eruption","Vigilance","AT_DarkMatter","Prostrate","Devotion+1","testmod-WeaknessCounterattack","FlurryOfBlows","FlurryOfBlows","FollowUp","Vault","Brilliance","Devotion+1","AT_IrregularMenstruation+1","FearNoEvil+1","Crescendo+1","Prostrate+1","LessonLearned+1","AT_DivineConfetti+1","EmptyMind+1","Tantrum+1","FlurryOfBlows","AT_DivineConfetti"],"relics":["testmod-TestBox","AT_ATBox","LagranYue:RandomDrawCardRelic","testmod-Recursion","Coffee Dripper","SSSystem","Bag of Preparation","Gremlin Horn","Potion Belt","ZombieArmy","Philosopher\u0027s Stone","AT_ImmortalShieldbow","MerchantsRug","GodSword1","Toy Ornithopter","testmod-Register","testmod-Justice","AT_BellDemon","PreservedInsect","testmod-ArcanaOfDestiny","testmod-IncinerationGenerator","GodSword3","AT_EbonyIvory","Sundial","AT_MibuBalloonWealth","Membership Card","AT_Manta","testmod-Nyarlathotep","LagranYue:GuidanceLightRelic","Boot","testmod-Fortitude","testmod-ObsoleteBoomerang","Eternal Feather","Centennial Puzzle","testmod-Acrobat","LagranYue:NewUniverseRelic","Unceasing Top","AT_DeathDance","Mercury Hourglass","Strawberry"],"acts_visited":["Exordium","TheCity","TheBeyond","TheEnding"],"potions_floor_usage":[6,11,40,55,55],"damage_taken":[{"damage":0.0,"enemies":"Jaw Worm","floor":1.0,"turns":1.0},{"damage":0,"enemies":"Cultist","floor":3,"turns":2},{"damage":0,"enemies":"2 Louse","floor":4,"turns":1},{"damage":29,"enemies":"Lagavulin","floor":6,"turns":3},{"damage":0,"enemies":"Exordium Wildlife","floor":11,"turns":1},{"damage":0,"enemies":"Looter","floor":12,"turns":1},{"damage":5,"enemies":"3 Sentries","floor":13,"turns":4},{"damage":0,"enemies":"Gremlin Gang","floor":14,"turns":1},{"damage":22,"enemies":"The Guardian","floor":16,"turns":7},{"damage":0,"enemies":"Chosen","floor":18,"turns":2},{"damage":4,"enemies":"Shell Parasite","floor":20,"turns":2},{"damage":0,"enemies":"Centurion and Healer","floor":22,"turns":2},{"damage":10,"enemies":"Slavers","floor":23,"turns":3},{"damage":0,"enemies":"Gremlin Leader","floor":25,"turns":3},{"damage":0,"enemies":"Slavers","floor":28,"turns":2},{"damage":0,"enemies":"Cultist and Chosen","floor":31,"turns":2},{"damage":0,"enemies":"Collector","floor":33,"turns":4},{"damage":0,"enemies":"3 Darklings","floor":35,"turns":1},{"damage":0,"enemies":"3 Shapes","floor":36,"turns":1},{"damage":0,"enemies":"Writhing Mass","floor":39,"turns":2},{"damage":0,"enemies":"Giant Head","floor":40,"turns":2},{"damage":0,"enemies":"Spire Growth","floor":41,"turns":1},{"damage":0,"enemies":"Nemesis","floor":44,"turns":1},{"damage":0,"enemies":"Reptomancer","floor":46,"turns":1},{"damage":0,"enemies":"Maw","floor":47,"turns":1},{"damage":0,"enemies":"2 Orb Walkers","floor":48,"turns":1},{"damage":0,"enemies":"Awakened One","floor":50,"turns":2},{"damage":0,"enemies":"Shield and Spear","floor":54,"turns":1},{"damage":0,"enemies":"The Heart","floor":55,"turns":1}],"seed_played":"-8052379589243090167","potions_obtained":[{"floor":1.0,"key":"AttackPotion"},{"floor":6,"key":"BlessingOfTheForge"},{"floor":11,"key":"BlessingOfTheForge"},{"floor":13,"key":"Weak Potion"},{"floor":18,"key":"BlessingOfTheForge"},{"floor":20,"key":"StancePotion"},{"floor":23,"key":"FairyPotion"},{"floor":31,"key":"BottledMiracle"},{"floor":36,"key":"BottledMiracle"},{"floor":39,"key":"testmod-SpacePotion"},{"floor":44,"key":"BottledMiracle"},{"floor":47,"key":"Ancient Potion"},{"floor":48,"key":"FearPotion"},{"floor":54,"key":"Regen Potion"}],"is_trial":false,"path_per_floor":["M","?","M","M","?","E","R","?","T","$","M","M","E","M","R","B",null,"M","?","M","?","M","E","R","E","T","$","E","?","R","M","R","B",null,"M","M","?","$","M","E","M","$","T","E","T","E","M","?","R","B",null,"R","$","E","B",null],"character_chosen":"WATCHER","items_purchased":["AT_ForceNature","MerchantsRug","GodSword1","testmod-Register","Membership Card","AT_Manta","testmod-Nyarlathotep","LagranYue:NewUniverseRelic","Unceasing Top","AT_DeathDance"],"campfire_rested":0,"item_purchase_floors":[7,24,24,27,42,42,42,49,49,52],"current_hp_per_floor":[72,72,72,72,72,43,43,40,40,40,40,40,35,35,35,13,72,72,72,68,68,68,58,58,58,58,58,58,58,58,58,58,58,72,72,72,72,72,72,72,72,72,72,72,72,72,72,72,72,72,72,72,72,79,79],"gold":178,"neow_bonus":"BOSS_RELIC","is_daily":false,"chose_seed":false,"campfire_upgraded":2,"win_rate":0.0,"timestamp":1612843599,"path_taken":["M","?","M","?","?","E","R","?","T","?","M","M","E","M","R","BOSS","M","?","?","?","M","E","R","E","T","?","E","?","R","?","R","BOSS","M","?","?","?","M","E","M","$","T","E","?","E","?","?","R","BOSS","R","$","E","BOSS"],"items_purchased_type":["Relic","Relic","Relic","Relic","Relic","Relic","Relic","Relic","Relic","Relic"],"build_version":"2020-12-22","purchased_purges":5,"victory":true,"max_hp_per_floor":[72,72,72,72,72,72,72,72,72,72,72,72,72,72,72,72,72,72,72,72,72,72,72,72,72,72,72,72,72,72,72,72,72,72,72,72,72,72,72,72,72,72,72,72,72,72,72,72,72,72,72,72,72,79,79],"card_choices":[{"not_picked":["WreathOfFlame","Evaluate"],"picked":"Prostrate","floor":1.0},{"not_picked":["Conclude","BowlingBash","WreathOfFlame"],"picked":"SKIP","floor":3},{"not_picked":["CutThroughFate","Study","WheelKick"],"picked":"SKIP","floor":4},{"not_picked":["JustLucky","Protect","Consecrate"],"picked":"SKIP","floor":6},{"not_picked":["Swivel","ClearTheMind"],"picked":"FlurryOfBlows","floor":11},{"not_picked":["Protect","ClearTheMind"],"picked":"FlurryOfBlows","floor":12},{"not_picked":["Protect","Consecrate"],"picked":"FollowUp","floor":13},{"not_picked":["Weave","AT_SoftenMuscles","SignatureMove"],"picked":"SKIP","floor":14},{"not_picked":["DeusExMachina","Judgement"],"picked":"Vault","floor":16},{"not_picked":["Consecrate+1","PathToVictory","BowlingBash"],"picked":"SKIP","floor":18},{"not_picked":["PathToVictory","Conclude","ThirdEye"],"picked":"SKIP","floor":20},{"not_picked":["Protect+1","Crescendo+1"],"picked":"AT_IrregularMenstruation","floor":22},{"not_picked":["BattleHymn+1","Vengeance"],"picked":"FearNoEvil+1","floor":23},{"not_picked":["ReachHeaven","Protect"],"picked":"Crescendo+1","floor":25},{"not_picked":["BowlingBash","JustLucky","AT_SoftenMuscles"],"picked":"SKIP","floor":28},{"not_picked":["DeusExMachina","Evaluate+1"],"picked":"Prostrate","floor":31},{"not_picked":["Wish","AT_RealColorLess"],"picked":"LessonLearned","floor":33},{"not_picked":["Vengeance","PathToVictory"],"picked":"AT_DivineConfetti+1","floor":35},{"not_picked":["LikeWater","BowlingBash+1"],"picked":"EmptyMind+1","floor":36},{"not_picked":["EmptyBody+1","Wallop+1"],"picked":"Tantrum+1","floor":39},{"not_picked":["CarveReality","Halt","Collect"],"picked":"SKIP","floor":40},{"not_picked":["Halt+1","ClearTheMind","JustLucky"],"picked":"SKIP","floor":41},{"not_picked":["AT_ChampionKick","SashWhip","Halt+1"],"picked":"SKIP","floor":44},{"not_picked":["BattleHymn","Perseverance+1"],"picked":"FlurryOfBlows","floor":46},{"not_picked":["Pray","WindmillStrike"],"picked":"AT_DivineConfetti","floor":47},{"not_picked":["Blasphemy","AT_OneInchPunch","ThirdEye+1"],"picked":"SKIP","floor":54},{"not_picked":["Blasphemy","AT_OneInchPunch","ThirdEye+1"],"picked":"SKIP","floor":54}],"player_experience":68950,"relics_obtained":[{"floor":6,"key":"Bag of Preparation"},{"floor":9,"key":"Potion Belt"},{"floor":13,"key":"ZombieArmy"},{"floor":23,"key":"AT_ImmortalShieldbow"},{"floor":25,"key":"Toy Ornithopter"},{"floor":28,"key":"testmod-Justice"},{"floor":31,"key":"PreservedInsect"},{"floor":33,"key":"testmod-ArcanaOfDestiny"},{"floor":35,"key":"GodSword3"},{"floor":36,"key":"testmod-BalancedPeriapt"},{"floor":39,"key":"AT_EbonyIvory"},{"floor":40,"key":"Sundial"},{"floor":40,"key":"AT_MibuBalloonWealth"},{"floor":41,"key":"Dream Catcher"},{"floor":43,"key":"LagranYue:GuidanceLightRelic"},{"floor":44,"key":"Boot"},{"floor":44,"key":"testmod-Fortitude"},{"floor":45,"key":"testmod-ObsoleteBoomerang"},{"floor":46,"key":"Eternal Feather"},{"floor":46,"key":"Centennial Puzzle"},{"floor":47,"key":"testmod-Antiphasic"},{"floor":48,"key":"testmod-Acrobat"},{"floor":48,"key":"Gambling Chip"},{"floor":54,"key":"Mercury Hourglass"},{"floor":54,"key":"Strawberry"}],"event_choices":[{"damage_healed":0,"gold_gain":0,"player_choice":"2 cards matched","damage_taken":0,"max_hp_gain":0,"max_hp_loss":0,"event_name":"Match and Keep!","floor":2,"gold_loss":0,"cards_obtained":["Devotion","testmod-WeaknessCounterattack"]},{"damage_healed":0,"gold_gain":0,"player_choice":"Box","damage_taken":0,"relics_obtained":["SSSystem"],"max_hp_gain":0,"max_hp_loss":0,"event_name":"Big Fish","floor":5,"gold_loss":0,"cards_obtained":["Regret"]},{"damage_healed":0,"gold_gain":0,"player_choice":"Success","damage_taken":3,"relics_obtained":["Gremlin Horn"],"max_hp_gain":0,"max_hp_loss":0,"event_name":"Scrap Ooze","floor":8,"gold_loss":0},{"damage_healed":0,"gold_gain":0,"player_choice":"1 cards matched","damage_taken":0,"max_hp_gain":0,"max_hp_loss":0,"event_name":"Match and Keep!","floor":19,"gold_loss":0,"cards_obtained":["Brilliance"]},{"damage_healed":0,"gold_gain":0,"player_choice":"Copied","damage_taken":0,"max_hp_gain":0,"max_hp_loss":0,"event_name":"Duplicator","floor":21,"gold_loss":0,"cards_obtained":["Devotion"]},{"damage_healed":0,"gold_gain":0,"player_choice":"Stole Relic","damage_taken":0,"relics_obtained":["AT_BellDemon"],"max_hp_gain":0,"max_hp_loss":0,"event_name":"Addict","floor":29,"gold_loss":0,"cards_obtained":["Shame"]},{"cards_removed":["Shame"],"damage_healed":0,"gold_gain":0,"player_choice":"Removed Curses","damage_taken":0,"max_hp_gain":0,"max_hp_loss":0,"event_name":"Fountain of Cleansing","floor":37,"gold_loss":0},{"damage_healed":0,"gold_gain":0,"player_choice":"Fight","damage_taken":0,"max_hp_gain":0,"max_hp_loss":0,"event_name":"Mysterious Sphere","floor":48,"gold_loss":0}],"is_beta":false,"boss_relics":[{"not_picked":["testmod-Prudence","testmod-Nine"],"picked":"Philosopher\u0027s Stone"},{"not_picked":["Tiny House","Runic Pyramid"],"picked":"testmod-IncinerationGenerator"}],"items_purged_floors":[10,38,49,49,53],"is_endless":false,"potions_floor_spawned":[1,6,11,13,18,20,23,31,36,39,44,47,48,54],"ascension_level":1}}