{"host":"w4ub8crw9ou4a5am","time":1612884315,"event":{"mods":["2.2 Compatiblity","BaseMod","Downfall","Hermit","Jorbs\u0027s Wanderer Trilogy","Koishi","Marisa????????","Minty Spire (QoL Compilation)","Quick Restart","Remilia??????","StSLib","The Animator","The Bug Knight","The Cursed","The Disciple","The Hierophant","The Marked","The Senshi","The Servant 0.9.4","WarShipGirlsR/????R mod"],"gold_per_floor":[119,119,89,108,121,148,148,177,204,234,248,248,265,265,265,367,367,381,395,395,0,13,13,25,25,25,38,38,38,53,69,69,69,69],"floor_reached":33,"language":"ENG","playtime":20748,"items_purged":[],"score":269,"play_id":"cc92f355-53ca-4a46-8c57-d79c1b4a0f00","local_time":"20210209102515","is_ascension_mode":false,"campfire_choices":[{"floor":7,"key":"REST"},{"floor":15,"key":"REST"},{"floor":23,"key":"REST"},{"floor":25,"key":"REST"},{"floor":32,"key":"REST"}],"circlet_count":0,"master_deck":["theMarked:Strike","theMarked:Strike","theMarked:Strike","theMarked:Strike","theMarked:Strike","theMarked:Defend","theMarked:Defend","theMarked:Defend","theMarked:Defend","theMarked:SoldierOfQuellstein","theMarked:SwordAndMagic","theMarked:Seal","theMarked:SwordAndMagic","theMarked:Parkour","theMarked:FavorableWinds+1","theMarked:TheMission","theMarked:ContemptForTheProud","theMarked:ElectricStrings","theMarked:EmpowerWeapon","theMarked:Improvise","theMarked:ComboAttacks","theMarked:WastefulAttack","theMarked:Vacuum","theMarked:Seal","theMarked:Generate+1","theMarked:EmpowerWeapon","Metamorphosis","theMarked:Abjuration","theMarked:GodGivenPower+1","theMarked:WastefulAttack+1","downfall:Bewildered","theMarked:RogueSparks+1","theMarked:Maelstrom+1"],"relics":["theMarked:BronzeBlade","Bag of Marbles","Strawberry","Shuriken","theMarked:Gun","HollowMod:StagPassRelic","sneckomod:BabySnecko"],"acts_visited":["Exordium","TheCity"],"potions_floor_usage":[5,10,16,16,22,30,31,31,31,33],"damage_taken":[{"damage":7,"enemies":"Small Slimes","floor":1,"turns":4},{"damage":0,"enemies":"2 Louse","floor":4,"turns":3},{"damage":16,"enemies":"Jaw Worm","floor":5,"turns":5},{"damage":23,"enemies":"Gremlin Nob","floor":6,"turns":5},{"damage":31,"enemies":"Lagavulin","floor":8,"turns":5},{"damage":22,"enemies":"Gremlin Nob","floor":10,"turns":4},{"damage":9,"enemies":"Blue Slaver","floor":11,"turns":3},{"damage":10,"enemies":"Large Slime","floor":13,"turns":5},{"damage":18,"enemies":"Hexaghost","floor":16,"turns":6},{"damage":30,"enemies":"3 Byrds","floor":18,"turns":6},{"damage":5,"enemies":"Chosen","floor":19,"turns":3},{"damage":11,"enemies":"Centurion and Healer","floor":22,"turns":3},{"damage":59,"enemies":"Shelled Parasite and Fungi","floor":24,"turns":6},{"damage":12,"enemies":"Cultist and Chosen","floor":27,"turns":5},{"damage":16,"enemies":"3 Cultists","floor":30,"turns":4},{"damage":0,"enemies":"Chosen and Byrds","floor":31,"turns":4},{"damage":35,"enemies":"Automaton","floor":33,"turns":4}],"seed_played":"2022393707722364025","potions_obtained":[{"floor":4,"key":"Regen Potion"},{"floor":6,"key":"theMarked:SummonPotion"},{"floor":10,"key":"Strength Potion"},{"floor":11,"key":"Dexterity Potion"},{"floor":19,"key":"sneckomod:MuddlingPotion"},{"floor":27,"key":"PowerPotion"},{"floor":30,"key":"Energy Potion"},{"floor":31,"key":"theMarked:HoverShot"}],"is_trial":false,"path_per_floor":["M","?","?","M","M","E","R","E","T","E","M","?","M","T","R","B",null,"M","M","?","$","M","R","M","R","T","M","?","$","M","M","R","B"],"character_chosen":"THE_DEFAULT","items_purchased":["theMarked:EmpowerWeapon","Slimebound:ThreeZeroPotion","theMarked:SummonPotion","Metamorphosis"],"campfire_rested":5,"item_purchase_floors":[21,21,21,21],"current_hp_per_floor":[70,70,70,70,66,43,66,42,42,20,11,11,1,1,26,8,84,54,49,49,49,38,63,4,29,29,17,17,17,1,1,26,0,0],"gold":69,"neow_bonus":"TEN_PERCENT_HP_BONUS","is_daily":false,"chose_seed":false,"campfire_upgraded":0,"win_rate":0.0,"timestamp":1612884315,"path_taken":["M","?","?","M","?","E","R","E","T","E","M","?","M","?","R","BOSS","M","M","?","?","?","R","M","R","T","M","?","?","M","M","R","BOSS"],"items_purchased_type":["Card","Potion","Potion","Card"],"build_version":"2020-12-22","purchased_purges":0,"victory":false,"max_hp_per_floor":[77,77,77,77,77,77,77,84,84,84,84,84,84,84,84,84,84,84,84,84,84,84,84,84,84,84,84,84,84,84,84,84,84,84],"card_choices":[{"not_picked":["theMarked:TakeCover","theMarked:ShockingTouch"],"picked":"theMarked:SwordAndMagic","floor":1},{"not_picked":[],"picked":"theMarked:Seal","floor":3},{"not_picked":[],"picked":"theMarked:SwordAndMagic","floor":3},{"not_picked":[],"picked":"theMarked:Parkour","floor":3},{"not_picked":[],"picked":"theMarked:FavorableWinds","floor":3},{"not_picked":["theMarked:WastefulAttack","theMarked:RepellingDischarge"],"picked":"theMarked:TheMission","floor":4},{"not_picked":["theMarked:HeightenedSenses","theMarked:TakeCover"],"picked":"theMarked:ContemptForTheProud","floor":5},{"not_picked":["theMarked:ThrowWeapon","theMarked:RepellingDischarge"],"picked":"theMarked:ElectricStrings","floor":6},{"not_picked":["theMarked:TakeCover","theMarked:WardOff"],"picked":"theMarked:EmpowerWeapon","floor":8},{"not_picked":["theMarked:ContemptForTheProud","theMarked:Parkour"],"picked":"theMarked:Improvise","floor":10},{"not_picked":["theMarked:ResourceFulStrike","theMarked:Aftermath"],"picked":"theMarked:ComboAttacks","floor":11},{"not_picked":["theMarked:TheMission","theMarked:TunnelVision"],"picked":"theMarked:WastefulAttack","floor":13},{"not_picked":["theMarked:Snap","theMarked:MagusForm"],"picked":"theMarked:Vacuum","floor":16},{"not_picked":["theMarked:ResourceFulStrike","theMarked:BanishingStrike"],"picked":"theMarked:Seal","floor":18},{"not_picked":["theMarked:Improvise","theMarked:WardOff"],"picked":"theMarked:Generate+1","floor":19},{"not_picked":["theMarked:Frustration","theMarked:WastefulAttack"],"picked":"theMarked:Abjuration","floor":22},{"not_picked":["theMarked:ElectricStrings","theMarked:Overthink"],"picked":"theMarked:GodGivenPower+1","floor":24},{"not_picked":["theMarked:ResourceFulStrike","theMarked:Parkour+1"],"picked":"theMarked:WastefulAttack+1","floor":27},{"not_picked":["theMarked:HeightenedSenses+1","theMarked:SwordAndMagic"],"picked":"theMarked:RogueSparks+1","floor":30},{"not_picked":["theMarked:Frustration","theMarked:Snap"],"picked":"theMarked:Maelstrom+1","floor":31}],"player_experience":1669658,"relics_obtained":[{"floor":6,"key":"Bag of Marbles"},{"floor":8,"key":"Strawberry"},{"floor":10,"key":"Shuriken"},{"floor":14,"key":"theMarked:Gun"},{"floor":26,"key":"HollowMod:StagPassRelic"}],"event_choices":[{"damage_healed":0,"gold_gain":0,"player_choice":"Leave","damage_taken":0,"max_hp_gain":0,"max_hp_loss":0,"event_name":"The Cleric","floor":2,"gold_loss":0},{"damage_healed":0,"gold_gain":0,"player_choice":"Grow","damage_taken":0,"max_hp_gain":0,"max_hp_loss":0,"event_name":"Living Wall","floor":12,"gold_loss":0,"cards_upgraded":["theMarked:FavorableWinds"]},{"damage_healed":0,"gold_gain":0,"player_choice":"Ignored","damage_taken":0,"max_hp_gain":0,"max_hp_loss":0,"event_name":"N\u0027loth","floor":20,"gold_loss":0}],"is_beta":false,"boss_relics":[{"not_picked":["Runic Dome","Pandora\u0027s Box"],"picked":"theMarked:BronzeBlade"}],"items_purged_floors":[],"is_endless":false,"potions_floor_spawned":[4,6,10,11,19,27,30,31],"killed_by":"Automaton","ascension_level":0}}