{"host":"vyjryxuuuxkt43k4","time":1612878887,"event":{"mods":["AchievementEnabler","BaseMod","Colored Map","DeckTracker","Keyboard Shortcuts","Minty Spire (QoL Compilation)","Permanent Neow","Quick Restart","StSLib","SuperFastMode","everything is the same but u backflip on backflip"],"gold_per_floor":[119,131,131,131,145,145,174,174,174,2,52,82,94,117,117,195,195,213,227,187,205,217,217,217,217],"floor_reached":24,"language":"KOR","playtime":1028,"items_purged":[],"score":412,"play_id":"cc8966f2-19b9-40e5-be49-73780bff7e9c","local_time":"20210209225447","is_ascension_mode":true,"campfire_choices":[{"data":"Uppercut","floor":6.0,"key":"SMITH"},{"data":"Power Through","floor":8.0,"key":"SMITH"},{"data":"Feel No Pain","floor":15.0,"key":"SMITH"},{"data":"Fiend Fire","floor":23.0,"key":"SMITH"}],"circlet_count":0,"master_deck":["AscendersBane","Strike_R","Strike_R","Strike_R","Strike_R","Strike_R","Defend_R","Defend_R","Defend_R","Defend_R","Bash","Dropkick","Power Through+1","Uppercut+1","Cleave","Feel No Pain+1","Second Wind","Double Tap","Fiend Fire+1","Body Slam"],"relics":["Burning Blood","Ice Cream","Darkstone Periapt","Art of War","Medical Kit","Gremlin Horn","Odd Mushroom","Snecko Eye"],"acts_visited":["Exordium","TheCity"],"potions_floor_usage":[],"damage_taken":[{"damage":9.0,"enemies":"Small Slimes","floor":1.0,"turns":5.0},{"damage":9.0,"enemies":"Jaw Worm","floor":2.0,"turns":4.0},{"damage":1.0,"enemies":"2 Louse","floor":5.0,"turns":4.0},{"damage":6.0,"enemies":"Gremlin Nob","floor":7.0,"turns":3.0},{"damage":10.0,"enemies":"Lagavulin","floor":12.0,"turns":8.0},{"damage":7.0,"enemies":"Red Slaver","floor":13.0,"turns":4.0},{"damage":4.0,"enemies":"The Mushroom Lair","floor":14.0,"turns":4.0},{"damage":59.0,"enemies":"Hexaghost","floor":16.0,"turns":12.0},{"damage":16.0,"enemies":"Shell Parasite","floor":18.0,"turns":4.0},{"damage":39.0,"enemies":"2 Thieves","floor":19.0,"turns":5.0},{"damage":13.0,"enemies":"Snecko","floor":21.0,"turns":6.0},{"damage":11.0,"enemies":"Snake Plant","floor":22.0,"turns":4.0},{"damage":29,"enemies":"Book of Stabbing","floor":24,"turns":4}],"seed_played":"-8792932870171304824","potions_obtained":[{"floor":2.0,"key":"LiquidMemories"},{"floor":5.0,"key":"Strength Potion"},{"floor":7.0,"key":"Weak Potion"},{"floor":13.0,"key":"BlessingOfTheForge"},{"floor":18.0,"key":"LiquidBronze"},{"floor":20.0,"key":"FairyPotion"},{"floor":20.0,"key":"DuplicationPotion"}],"is_trial":false,"path_per_floor":["M","M","?","?","M","R","E","R","T","$","?","E","M","?","R","B",null,"M","M","?","M","M","R","E"],"character_chosen":"IRONCLAD","items_purchased":["Medical Kit"],"campfire_rested":0,"item_purchase_floors":[10],"current_hp_per_floor":[65,62,67,67,72,72,72,72,72,72,72,68,67,69,69,16,59,49,16,16,9,27,27,0,0],"gold":217,"neow_bonus":"ONE_RARE_RELIC","is_daily":false,"chose_seed":false,"campfire_upgraded":4,"win_rate":0.0,"timestamp":1612878887,"path_taken":["M","M","?","?","M","R","E","R","T","$","?","E","?","?","R","BOSS","M","M","?","M","?","R","E"],"items_purchased_type":["Relic"],"build_version":"2020-12-22","purchased_purges":0,"victory":false,"max_hp_per_floor":[68,68,73,73,73,73,73,73,73,73,73,73,73,73,73,73,73,73,73,73,73,73,73,73,73],"card_choices":[{"not_picked":["Thunderclap","Iron Wave"],"picked":"Dropkick","floor":1.0},{"not_picked":["True Grit","Clash"],"picked":"Power Through","floor":2.0},{"not_picked":["Headbutt","True Grit"],"picked":"Uppercut","floor":5.0},{"not_picked":["Heavy Blade","Perfected Strike"],"picked":"Cleave","floor":7.0},{"not_picked":["Rupture","True Grit"],"picked":"Feel No Pain","floor":12.0},{"not_picked":["Armaments","Havoc"],"picked":"Second Wind","floor":13.0},{"not_picked":["Anger","Sword Boomerang"],"picked":"Double Tap","floor":14.0},{"not_picked":["Berserk","Brutality"],"picked":"Fiend Fire","floor":16.0},{"not_picked":["Infernal Blade","Sword Boomerang","Twin Strike"],"picked":"SKIP","floor":18.0},{"not_picked":["Clothesline","Feed"],"picked":"Body Slam","floor":19.0},{"not_picked":["Headbutt","Wild Strike","Anger"],"picked":"SKIP","floor":21.0},{"not_picked":["Hemokinesis","Headbutt","Blood for Blood"],"picked":"SKIP","floor":22.0},{"not_picked":["Hemokinesis","Headbutt","Blood for Blood"],"picked":"SKIP","floor":22.0}],"player_experience":875050,"relics_obtained":[{"floor":7.0,"key":"Darkstone Periapt"},{"floor":9.0,"key":"Art of War"},{"floor":12.0,"key":"Gremlin Horn"},{"floor":14.0,"key":"Odd Mushroom"}],"event_choices":[{"damage_healed":0.0,"max_hp_gain":5.0,"max_hp_loss":0.0,"gold_gain":0.0,"event_name":"Big Fish","player_choice":"Donut","floor":3.0,"gold_loss":0.0,"damage_taken":0.0},{"damage_healed":0.0,"max_hp_gain":0.0,"max_hp_loss":0.0,"gold_gain":0.0,"event_name":"Liars Game","player_choice":"Ignored","floor":4.0,"gold_loss":0.0,"damage_taken":0.0},{"damage_healed":0.0,"max_hp_gain":0.0,"max_hp_loss":0.0,"gold_gain":50.0,"event_name":"Golden Shrine","player_choice":"Pray","floor":11.0,"gold_loss":0.0,"damage_taken":0.0},{"damage_healed":0.0,"max_hp_gain":0.0,"max_hp_loss":0.0,"gold_gain":0.0,"event_name":"Mushrooms","player_choice":"Fought Mushrooms","floor":14.0,"gold_loss":0.0,"damage_taken":0.0},{"damage_healed":0.0,"max_hp_gain":0.0,"max_hp_loss":0.0,"gold_gain":0.0,"event_name":"The Woman in Blue","player_choice":"Bought 3 Potions","floor":20.0,"gold_loss":0.0,"damage_taken":0.0}],"is_beta":false,"boss_relics":[{"not_picked":["SlaversCollar","Sozu"],"picked":"Snecko Eye"}],"items_purged_floors":[],"is_endless":false,"potions_floor_spawned":[2,5,7,13,18],"killed_by":"Book of Stabbing","ascension_level":20}}