{"host":"y0i0tbisecj7yjyn","time":1612914645,"event":{"mods":["A Penny For Your Troubles","AlwaysNeverKeys","BaseMod","BetterRewards","Colored Map","Colored Powertips","Curses Come First","Displayed Cursed Tome","Keyboard Shortcuts","Minty Spire (QoL Compilation)","Random Character Button","Rare Cards Sparkle","Relic Sorter","StSLib","SuperFastMode","Transform Curses","Weighted Paths"],"gold_per_floor":[111,286,299,318,393,393,393],"floor_reached":6,"language":"ENG","playtime":229,"items_purged":[],"score":41,"play_id":"a74b302f-916e-4ce6-bae3-b470d61878ca","local_time":"20210209175045","is_ascension_mode":true,"campfire_choices":[],"circlet_count":0,"master_deck":["Strike_B","Strike_B","Strike_B","Strike_B","Defend_B","Defend_B","Defend_B","Defend_B","Zap","Dualcast","Reprogram","Doubt","Conserve Battery","Conserve Battery"],"relics":["Cracked Core"],"acts_visited":["Exordium"],"potions_floor_usage":[],"damage_taken":[{"damage":18,"enemies":"Jaw Worm","floor":1,"turns":5},{"damage":1,"enemies":"2 Louse","floor":3,"turns":2},{"damage":0,"enemies":"Cultist","floor":4,"turns":5},{"damage":67,"enemies":"Gremlin Nob","floor":6,"turns":5}],"seed_played":"5963657657301969212","potions_obtained":[{"floor":0,"key":"DuplicationPotion"},{"floor":0,"key":"Block Potion"},{"floor":0,"key":"Ancient Potion"}],"is_trial":false,"path_per_floor":["M","?","M","M","?","E"],"character_chosen":"DEFECT","items_purchased":[],"campfire_rested":0,"item_purchase_floors":[],"current_hp_per_floor":[57,57,56,56,45,0,0],"gold":393,"neow_bonus":"THREE_SMALL_POTIONS","is_daily":false,"chose_seed":false,"campfire_upgraded":0,"win_rate":0.0,"timestamp":1612914645,"path_taken":["M","?","M","M","?","E"],"items_purchased_type":[],"build_version":"2020-12-22","purchased_purges":0,"victory":false,"max_hp_per_floor":[75,75,75,75,75,75,75],"card_choices":[{"not_picked":["Beam Cell","Stack"],"picked":"Reprogram","floor":1},{"not_picked":["Undo","Chaos"],"picked":"Conserve Battery","floor":3},{"not_picked":["Sweeping Beam","Consume"],"picked":"Conserve Battery","floor":4}],"player_experience":408134,"relics_obtained":[],"event_choices":[{"damage_healed":0,"gold_gain":175,"player_choice":"AGREE","damage_taken":0,"max_hp_gain":0,"max_hp_loss":0,"event_name":"Liars Game","floor":2,"gold_loss":0,"cards_obtained":["Doubt"]},{"damage_healed":0,"gold_gain":75,"player_choice":"Gather Gold","damage_taken":11,"max_hp_gain":0,"max_hp_loss":0,"event_name":"World of Goop","floor":5,"gold_loss":0}],"is_beta":false,"boss_relics":[],"items_purged_floors":[],"is_endless":false,"potions_floor_spawned":[],"killed_by":"Gremlin Nob","ascension_level":3}}