{"host":"8u1cu4kisw6g21am","time":1612902272,"event":{"mods":["AchievementEnabler","BaseMod","Bestiary","BetterRewards","Minty Spire (QoL Compilation)","Quick Restart","Shop Mod","StSLib"],"gold_per_floor":[117,134,134,151,171,205,218,218,242,272,289,306,306,83,83,83,83],"floor_reached":16,"language":"ENG","playtime":5033,"items_purged":["Strike_G"],"score":104,"play_id":"bdfe2caf-a964-4fb5-a17f-81d2fb08706d","local_time":"20210209152432","is_ascension_mode":false,"campfire_choices":[{"data":"Neutralize","floor":8.0,"key":"SMITH"},{"data":"Reflex","floor":13.0,"key":"SMITH"},{"data":"Burst","floor":15.0,"key":"SMITH"}],"circlet_count":0,"master_deck":["Strike_G","Strike_G","Strike_G","Strike_G","Defend_G","Defend_G","Defend_G","Defend_G","Survivor","Neutralize+1","Flying Knee","Underhanded Strike","Burst+1","Underhanded Strike","Prepared","Reflex+1","Outmaneuver"],"relics":["Ring of the Snake","Anchor","Omamori","Ancient Tea Set","MerchantsRug"],"acts_visited":["Exordium"],"potions_floor_usage":[16,16],"damage_taken":[{"damage":0.0,"enemies":"Small Slimes","floor":1.0,"turns":4.0},{"damage":1.0,"enemies":"Cultist","floor":2.0,"turns":3.0},{"damage":0.0,"enemies":"Jaw Worm","floor":4.0,"turns":4.0},{"damage":0.0,"enemies":"2 Fungi Beasts","floor":5.0,"turns":4.0},{"damage":18.0,"enemies":"Lagavulin","floor":6.0,"turns":10.0},{"damage":2.0,"enemies":"Exordium Wildlife","floor":7.0,"turns":6.0},{"damage":0.0,"enemies":"Looter","floor":11.0,"turns":2.0},{"damage":6.0,"enemies":"3 Louse","floor":12.0,"turns":3.0},{"damage":45,"enemies":"Slime Boss","floor":16,"turns":9}],"seed_played":"612233108570214000","potions_obtained":[{"floor":1.0,"key":"BlessingOfTheForge"},{"floor":5.0,"key":"Weak Potion"},{"floor":6.0,"key":"BlessingOfTheForge"},{"floor":11.0,"key":"Poison Potion"}],"is_trial":false,"path_per_floor":["M","M","?","M","M","E","M","R","T","?","M","M","R","$","R","B"],"character_chosen":"THE_SILENT","items_purchased":["MerchantsRug"],"campfire_rested":0,"item_purchase_floors":[14],"current_hp_per_floor":[77,76,69,69,69,51,49,49,49,49,49,43,43,43,43,0,0],"gold":83,"neow_bonus":"TEN_PERCENT_HP_BONUS","is_daily":false,"chose_seed":false,"campfire_upgraded":3,"win_rate":0.0,"timestamp":1612902272,"path_taken":["M","M","?","M","M","E","M","R","T","?","M","M","R","$","R","BOSS"],"items_purchased_type":["Relic"],"build_version":"2020-12-22","purchased_purges":1,"victory":false,"max_hp_per_floor":[77,77,77,77,77,77,77,77,77,77,77,77,77,77,77,77,77],"card_choices":[{"not_picked":["Deadly Poison","Dagger Spray"],"picked":"Flying Knee","floor":1.0},{"not_picked":["Dagger Throw","Calculated Gamble"],"picked":"Underhanded Strike","floor":2.0},{"not_picked":["Acrobatics","Infinite Blades"],"picked":"Burst","floor":4.0},{"not_picked":["Poisoned Stab","PiercingWail","Bouncing Flask"],"picked":"SKIP","floor":5.0},{"not_picked":["PiercingWail","Noxious Fumes"],"picked":"Underhanded Strike","floor":6.0},{"not_picked":["Blade Dance","Heel Hook"],"picked":"Prepared","floor":7.0},{"not_picked":["PiercingWail","Expertise"],"picked":"Reflex","floor":11.0},{"not_picked":["Blade Dance","Sucker Punch"],"picked":"Outmaneuver","floor":12.0}],"player_experience":59298,"relics_obtained":[{"floor":6.0,"key":"Anchor"},{"floor":9.0,"key":"Omamori"}],"event_choices":[{"cards_removed":["Defend_G"],"damage_healed":0.0,"max_hp_gain":0.0,"max_hp_loss":0.0,"gold_gain":0.0,"event_name":"Golden Wing","player_choice":"Card Removal","floor":3.0,"gold_loss":0.0,"damage_taken":7.0},{"damage_healed":0.0,"max_hp_gain":0.0,"max_hp_loss":0.0,"gold_gain":30.0,"event_name":"Dead Adventurer","player_choice":"Searched \u00273\u0027 times","floor":10.0,"gold_loss":0.0,"damage_taken":0.0,"relics_obtained":["Ancient Tea Set"]}],"is_beta":false,"boss_relics":[],"items_purged_floors":[14],"is_endless":false,"potions_floor_spawned":[1,5,6,11],"killed_by":"Slime Boss","ascension_level":0}}