{"host":"tkinv8gv6hgcc58b","time":1612831795,"event":{"mods":["AchievementEnabler","BaseMod","BetterRewards","Colored Map","Downfall","Googly Eyes","Hermit","Minty Spire (QoL Compilation)","StSLib","The Cursed","The Disciple"],"gold_per_floor":[99,118,130,130,143,43,43,43,53,72,104,123,48,83,83,100,196,196,146,160,170,187,172,182,182,182,15,15,15,44,44,58,8,8,20,121,121,71,82,92,102,150,225,280,280,296,322,272,272,15,65,65,75,75],"floor_reached":55,"language":"ENG","playtime":3170,"items_purged":["Normality"],"score":1009,"play_id":"dc546382-e14f-438f-98b1-8226cec90582","local_time":"20210208194955","is_ascension_mode":true,"campfire_choices":[{"floor":1.0,"key":"RECALL"},{"floor":6.0,"key":"REST"},{"floor":19.0,"key":"REST"},{"floor":29.0,"key":"REST"},{"floor":31.0,"key":"REST"},{"floor":33.0,"key":"REST"},{"floor":38.0,"key":"REST"},{"floor":48,"key":"REST"}],"circlet_count":0,"master_deck":["Slimebound:Strike_Slimebound","Slimebound:Strike_Slimebound","Slimebound:Strike_Slimebound","Slimebound:Tackle","Slimebound:Defend_Slimebound","Slimebound:Defend_Slimebound","Slimebound:Defend_Slimebound","Slimebound:Defend_Slimebound","Slimebound:Split","Slimebound:CorrosiveSpit","Slimebound:PressTheAttack","Slimebound:SplitLeeching","Slimebound:SplitMire","Slimebound:SplitBruiser","Slimebound:SplitBruiser","Slimebound:Prepare","Slimebound:ItLooksTasty","Slimebound:Recollect","Slimebound:SplitBruiser","Slimebound:MassRepurpose","Slimebound:Repurpose","Slimebound:SlimeBrawl","Slimebound:ProtectTheBoss","Slimebound:Nibble","Slimebound:SplitMire+1","Injury","Slimebound:SelfFormingGoo+1","Slimebound:SplitMire+1","Slimebound:MegaLick+1","Slimebound:SplitLeeching","Slimebound:MinionMaster+1","Slimebound:SplitSpecialist+1","Slimebound:Prepare+1","Slimebound:SplitAcid+1","Slimebound:Gluttony+1","Normality","Slimebound:Repurpose+1","Slimebound:MegaLick+1","expansioncontent:InvincibleStrength+1","Slimebound:SlimeTap","Slimebound:Overexert+1","Slimebound:Dissolve","Writhe","Slimebound:Nibble"],"relics":["Fusion Hammer","Anchor","downfall:HeartBlessingRed","Smiling Mask","Bronze Scales","InkBottle","Slimebound:GreedOozeRelic","Pantograph","Spirit Poop","Cursed Key","Shuriken","Frozen Egg 2","Strawberry","Blue Candle","Potion Belt","Black Star","Girya","Art of War","Mercury Hourglass","Dead Branch","Membership Card","Mummified Hand","White Beast Statue","Incense Burner","hexamod:CandleOfCauterizing"],"acts_visited":["Exordium","TheCity","TheBeyond"],"potions_floor_usage":[46,47,50,54,54,54,54],"damage_taken":[{"damage":2.0,"enemies":"Jaw Worm","floor":2.0,"turns":3.0},{"damage":0.0,"enemies":"2 Louse","floor":3.0,"turns":3.0},{"damage":1.0,"enemies":"Cultist","floor":5.0,"turns":3.0},{"damage":1.0,"enemies":"Red Slaver","floor":9.0,"turns":2.0},{"damage":0.0,"enemies":"3 Louse","floor":10.0,"turns":2.0},{"damage":21.0,"enemies":"3 Sentries","floor":11.0,"turns":5.0},{"damage":5.0,"enemies":"2 Fungi Beasts","floor":12.0,"turns":3.0},{"damage":5.0,"enemies":"Gremlin Nob","floor":14.0,"turns":3.0},{"damage":0.0,"enemies":"Gremlin Gang","floor":16.0,"turns":3.0},{"damage":27.0,"enemies":"DF_ARCHETYPE_STREAMLINE","floor":17.0,"turns":6.0},{"damage":5.0,"enemies":"Shell Parasite","floor":20.0,"turns":3.0},{"damage":0.0,"enemies":"Spheric Guardian","floor":21.0,"turns":3.0},{"damage":5.0,"enemies":"3 Cultists","floor":22.0,"turns":4.0},{"damage":0.0,"enemies":"downfall:FleeingMerchant","floor":23.0,"turns":4.0},{"damage":0.0,"enemies":"Snake Plant","floor":24.0,"turns":2.0},{"damage":10.0,"enemies":"downfall:FleeingMerchant","floor":27.0,"turns":4.0},{"damage":30.0,"enemies":"Gremlin Leader","floor":30.0,"turns":5.0},{"damage":3.0,"enemies":"Sentry and Sphere","floor":32.0,"turns":3.0},{"damage":12.0,"enemies":"Centurion and Healer","floor":35.0,"turns":4.0},{"damage":6.0,"enemies":"SI_MIRROR_ARCHETYPE","floor":36.0,"turns":7.0},{"damage":0.0,"enemies":"Orb Walker","floor":39.0,"turns":2.0},{"damage":34.0,"enemies":"3 Darklings","floor":40.0,"turns":5.0},{"damage":15.0,"enemies":"Sphere and 2 Shapes","floor":41.0,"turns":5.0},{"damage":5.0,"enemies":"2 Orb Walkers","floor":42.0,"turns":3.0},{"damage":12,"enemies":"3 Darklings","floor":46,"turns":4},{"damage":9,"enemies":"Reptomancer","floor":47,"turns":4},{"damage":3,"enemies":"downfall:FleeingMerchant","floor":50,"turns":2},{"damage":0,"enemies":"downfall:FleeingMerchant","floor":51,"turns":2},{"damage":17,"enemies":"Spire Growth","floor":53,"turns":3},{"damage":17,"enemies":"WA_ARCHETYPE_DIVINITY","floor":54,"turns":4}],"seed_played":"-4034129425851256341","potions_obtained":[{"floor":5.0,"key":"Swift Potion"},{"floor":11.0,"key":"sneckomod:MuddlingPotion"},{"floor":16.0,"key":"Block Potion"},{"floor":24.0,"key":"DistilledChaos"},{"floor":30.0,"key":"Slimebound:SlimyTonguePotion"},{"floor":32.0,"key":"LiquidBronze"},{"floor":34.0,"key":"CultistPotion"},{"floor":40.0,"key":"FairyPotion"},{"floor":43.0,"key":"downfall:CursedFountainPotion"},{"floor":46,"key":"Slimebound:SpawnSlimePotion"},{"floor":51,"key":"Strength Potion"},{"floor":53,"key":"sneckomod:MuddlingPotion"}],"is_trial":false,"path_per_floor":["R","M","M","?","M","R","T","T","M","M","E","M","?","E","?","M","B",null,"R","M","M","M","$","M","T","T","$","?","R","E","R","M","R","?","M","B",null,"R","M","M","M","?","?","T","M","M","E","R","?","$","?","T","M","B",null],"character_chosen":"SLIMEBOUND","items_purchased":["Strawberry","Membership Card","Mummified Hand","Slimebound:Overexert+1","White Beast Statue","Fruit Juice"],"campfire_rested":7,"item_purchase_floors":[27,50,50,50,50,50],"current_hp_per_floor":[59,57,57,57,56,65,65,65,64,64,43,38,38,33,33,33,31,57,65,60,60,55,55,55,55,55,52,52,72,42,63,60,72,72,60,66,71,72,72,38,23,18,18,18,18,6,20,41,41,43,68,68,51,74],"gold":75,"neow_bonus":"BOSS_RELIC","is_daily":false,"chose_seed":false,"campfire_upgraded":0,"win_rate":0.0,"timestamp":1612831795,"path_taken":["R","M","M","?","M","R","T","T","M","M","E","M","?","E","?","M","BOSS","R","M","M","?","$","M","T","T","$","?","R","E","R","M","R","?","M","BOSS","R","M","M","M","?","?","T","?","?","E","R","?","$","?","?","M","BOSS"],"items_purchased_type":["Relic","Relic","Relic","Card","Relic","Potion"],"build_version":"2020-12-22","purchased_purges":1,"victory":true,"max_hp_per_floor":[65,65,65,65,65,65,65,65,65,65,65,65,65,65,65,65,65,65,65,65,65,65,65,65,65,65,72,72,72,72,72,72,72,72,72,72,72,72,72,72,72,72,72,72,72,72,72,72,72,77,77,77,77,77],"card_choices":[{"not_picked":["Slimebound:GoopSpray","Slimebound:FinishingTackle"],"picked":"Slimebound:PressTheAttack","floor":2.0},{"not_picked":["Slimebound:TongueLash","Slimebound:LeechEnergy"],"picked":"Slimebound:SplitLeeching","floor":3.0},{"not_picked":["Slimebound:SlimeSpikes","Slimebound:Equalize"],"picked":"Slimebound:SplitMire","floor":5.0},{"not_picked":["Slimebound:PressTheAttack","Slimebound:GoopTackle"],"picked":"Slimebound:SplitBruiser","floor":9.0},{"not_picked":["Slimebound:BestDefense","Slimebound:ItLooksTasty"],"picked":"Slimebound:SplitBruiser","floor":10.0},{"not_picked":["Slimebound:TongueLash","Slimebound:Equalize"],"picked":"Slimebound:Prepare","floor":11.0},{"not_picked":["Slimebound:ComboTackle","Slimebound:HauntingLick"],"picked":"Slimebound:ItLooksTasty","floor":12.0},{"not_picked":["Slimebound:FlameTackle","Slimebound:Prepare"],"picked":"Slimebound:Recollect","floor":14.0},{"not_picked":["Slimebound:TongueLash","Slimebound:RollThrough"],"picked":"Slimebound:SplitBruiser","floor":16.0},{"not_picked":["Slimebound:DouseInSlime","Slimebound:PrepareCrush"],"picked":"Slimebound:MassRepurpose","floor":17.0},{"not_picked":["Slimebound:ComboTackle","Slimebound:Nibble"],"picked":"Slimebound:Repurpose","floor":20.0},{"not_picked":["Slimebound:RejuvenatingLick","Slimebound:FinishingTackle"],"picked":"Slimebound:SlimeBrawl","floor":21.0},{"not_picked":["Slimebound:FinishingTackle","Slimebound:FlameTackle"],"picked":"Slimebound:ProtectTheBoss","floor":22.0},{"not_picked":["Slimebound:BestDefense","Slimebound:SplitBruiser"],"picked":"Slimebound:Nibble","floor":23.0},{"not_picked":["Slimebound:ItLooksTasty","Slimebound:SplitBruiser"],"picked":"Slimebound:SplitMire+1","floor":24.0},{"not_picked":["Slimebound:CheckThePlaybook","Slimebound:GoopSpray"],"picked":"Slimebound:SelfFormingGoo+1","floor":27.0},{"not_picked":["Slimebound:RollThrough","Slimebound:Repurpose"],"picked":"Slimebound:SplitMire+1","floor":30.0},{"not_picked":["Slimebound:TongueLash","Slimebound:RainOfGoop"],"picked":"Slimebound:MegaLick+1","floor":32.0},{"not_picked":["Slimebound:Gluttony+1","Slimebound:PressTheAttack"],"picked":"Slimebound:SplitLeeching","floor":35.0},{"not_picked":["Slimebound:CheckThePlaybook","Slimebound:SelfFormingGoo+1"],"picked":"Slimebound:MinionMaster+1","floor":36.0},{"not_picked":["Slimebound:SplitMire+1","Slimebound:PressTheAttack"],"picked":"Slimebound:SplitSpecialist+1","floor":39.0},{"not_picked":["Slimebound:Recollect","Slimebound:Equalize+1"],"picked":"Slimebound:Prepare+1","floor":40.0},{"not_picked":["Slimebound:SplitMire+1","Slimebound:FinishingTackle"],"picked":"Slimebound:SplitAcid+1","floor":41.0},{"not_picked":["Slimebound:RollThrough+1","Slimebound:Prepare"],"picked":"Slimebound:Gluttony+1","floor":42.0},{"not_picked":["Slimebound:SplitMire+1","Slimebound:RollThrough"],"picked":"Slimebound:Repurpose+1","floor":46},{"not_picked":["Slimebound:TongueLash+1","Slimebound:RainOfGoop"],"picked":"Slimebound:MegaLick+1","floor":47},{"not_picked":["expansioncontent:YouAreMine","expansioncontent:GuardianWhirl"],"picked":"expansioncontent:InvincibleStrength","floor":49},{"not_picked":["Slimebound:SamplingLick","Slimebound:Repurpose"],"picked":"Slimebound:SlimeTap","floor":50},{"not_picked":["Slimebound:ComboTackle+1","Slimebound:SplitLeeching+1"],"picked":"Slimebound:Dissolve","floor":51},{"not_picked":["Slimebound:DuplicatedForm+1","Slimebound:SlimeTap"],"picked":"Slimebound:Nibble","floor":53}],"player_experience":1133093,"relics_obtained":[{"floor":7.0,"key":"Smiling Mask"},{"floor":8.0,"key":"Bronze Scales"},{"floor":11.0,"key":"InkBottle"},{"floor":14.0,"key":"Pantograph"},{"floor":25.0,"key":"Shuriken"},{"floor":26.0,"key":"Frozen Egg 2"},{"floor":30.0,"key":"Potion Belt"},{"floor":42.0,"key":"Girya"},{"floor":44.0,"key":"Art of War"},{"floor":47,"key":"Mercury Hourglass"},{"floor":47,"key":"Dead Branch"},{"floor":51,"key":"Incense Burner"},{"floor":52,"key":"hexamod:CandleOfCauterizing"}],"event_choices":[{"damage_healed":0.0,"max_hp_gain":0.0,"max_hp_loss":0.0,"gold_gain":0.0,"event_name":"Big Fish","player_choice":"Box","floor":4.0,"gold_loss":0.0,"damage_taken":0.0,"relics_obtained":["Anchor"],"cards_obtained":["Regret"]},{"cards_removed":["Regret"],"damage_healed":0.0,"max_hp_gain":0.0,"max_hp_loss":0.0,"gold_gain":0.0,"event_name":"Bonfire Elementals","player_choice":"Offered Curse","floor":15.0,"gold_loss":0.0,"damage_taken":0.0,"relics_obtained":["Spirit Poop"]},{"damage_healed":0.0,"max_hp_gain":0.0,"max_hp_loss":0.0,"gold_gain":0.0,"event_name":"Mysterious Sphere","player_choice":"Fight","floor":42.0,"gold_loss":0.0,"damage_taken":0.0}],"is_beta":false,"boss_relics":[{"not_picked":["bronze:MakeshiftBattery","Sozu"],"picked":"Cursed Key"},{"not_picked":["Snecko Eye","Slimebound:TarBlob"],"picked":"Black Star"}],"items_purged_floors":[50],"is_endless":false,"potions_floor_spawned":[5,11,16,17,24,30,32,36,40,41,46,51,53],"ascension_level":6}}