{"host":"3498uni0c31c9bdm","time":1612911927,"event":{"mods":["BaseMod","Better Match","Better Note","Better Sensory Stone","Better Skull","Better Third Choice","Colored Map","Minty Spire (QoL Compilation)","Quick Restart","RNG Fix","Random Character Button","Replay The Spire","Shop Mod","Smile Girya","StSLib","Unceasing Turn Reminder"],"gold_per_floor":[111,130,94,94,14,14,29,56,56,66,81,81,81,108,108,205,205,222,497,28,28,47,47,61,96,96,112,112,147,147,147,147,147,147],"floor_reached":33,"language":"ENG","playtime":1438,"items_purged":[],"score":454,"play_id":"65e1255e-9cee-4f56-93ef-d13da7432b44","local_time":"20210210100527","is_ascension_mode":true,"campfire_choices":[{"floor":6,"key":"RECALL"},{"data":"Uppercut","floor":12,"key":"SMITH"},{"data":"Rampage","floor":15,"key":"SMITH"},{"floor":23,"key":"REST"},{"floor":28,"key":"REST"},{"data":"Armaments","floor":30,"key":"SMITH"},{"data":"Iron Wave","floor":32,"key":"SMITH"}],"circlet_count":0,"master_deck":["AscendersBane","Strike_R","Strike_R","Strike_R","Strike_R+1","Strike_R","Defend_R","Defend_R","Defend_R","Defend_R","Bash","Metallicize","Shockwave","Uppercut+1","Fire Breathing","ReplayTheSpireMod:Stacked","Metallicize","Iron Wave+1","Blood for Blood","Rampage+1","Hemogenesis","Perfected Strike+1","Armaments","Rage+1","Armaments+1","Searing Blow","Twin Strike","Demonic Infusion"],"relics":["Burning Blood","NeowsBlessing","Replay:Bottled Steam","CultistMask","Pantograph","ChewingGum","Torii","Omamori","Bird Faced Urn","Singing Bowl","Bottled Lightning","Golden Egg"],"acts_visited":["Exordium","TheCity"],"potions_floor_usage":[25,25],"damage_taken":[{"damage":0,"enemies":"Small Slimes","floor":1,"turns":1},{"damage":0,"enemies":"Jaw Worm","floor":2,"turns":1},{"damage":0,"enemies":"Cultist","floor":7,"turns":1},{"damage":21,"enemies":"3 Sentries","floor":8,"turns":8},{"damage":3,"enemies":"Looter","floor":10,"turns":4},{"damage":6,"enemies":"Red Slaver","floor":11,"turns":4},{"damage":14,"enemies":"Lagavulin","floor":14,"turns":9},{"damage":48,"enemies":"Slime Boss","floor":16,"turns":9},{"damage":25,"enemies":"Spheric Guardian","floor":18,"turns":6},{"damage":16,"enemies":"3 Byrds","floor":22,"turns":8},{"damage":34,"enemies":"Snake Plant","floor":24,"turns":5},{"damage":10,"enemies":"Slavers","floor":25,"turns":7},{"damage":16,"enemies":"Centurion and Healer","floor":27,"turns":8},{"damage":24,"enemies":"Replay:Snechameleon","floor":29,"turns":7},{"damage":97,"enemies":"Collector","floor":33,"turns":6}],"seed_played":"6961476483962951755","potions_obtained":[{"floor":10,"key":"Ancient Potion"},{"floor":11,"key":"DuplicationPotion"},{"floor":24,"key":"BloodPotion"},{"floor":27,"key":"Strength Potion"}],"is_trial":false,"path_per_floor":["M","M","$","?","$","R","M","E","T","M","M","R","?","E","R","B",null,"M","?","$","?","M","R","M","E","T","M","R","E","R","T","R","B"],"character_chosen":"IRONCLAD","items_purchased":["Uppercut","Fire Breathing","Torii","Omamori","Armaments"],"campfire_rested":2,"item_purchase_floors":[3,5,20,20,20],"current_hp_per_floor":[78,80,80,80,80,80,80,65,65,68,68,68,68,60,60,38,70,51,51,51,51,41,65,42,59,59,62,80,68,68,68,68,0,0],"gold":147,"neow_bonus":"THREE_ENEMY_KILL","is_daily":false,"chose_seed":false,"campfire_upgraded":4,"win_rate":0.0,"timestamp":1612911927,"path_taken":["M","M","$","?","$","R","M","E","T","?","M","R","?","E","R","BOSS","M","?","$","?","M","R","M","E","T","M","R","E","R","?","R","BOSS"],"items_purchased_type":["Card","Card","Relic","Relic","Card"],"build_version":"2020-12-22","purchased_purges":0,"victory":false,"max_hp_per_floor":[80,80,80,80,80,80,80,80,80,80,80,80,80,80,80,80,80,80,80,80,80,80,80,80,80,80,80,80,80,80,80,80,80,80],"card_choices":[{"not_picked":["Wild Strike","Flex"],"picked":"Metallicize","floor":1},{"not_picked":["Twin Strike","Pommel Strike"],"picked":"Shockwave","floor":2},{"not_picked":["Flex","Corruption"],"picked":"ReplayTheSpireMod:Stacked","floor":7},{"not_picked":["Twin Strike","Battle Trance"],"picked":"Metallicize","floor":8},{"not_picked":["Thunderclap","Havoc"],"picked":"Iron Wave","floor":10},{"not_picked":["Run Through","Seeing Red"],"picked":"Blood for Blood","floor":11},{"not_picked":["ReplayReversal","Iron Wave"],"picked":"Rampage","floor":14},{"not_picked":["Impervious","Brutality"],"picked":"Hemogenesis","floor":16},{"not_picked":["Headbutt","Heavy Blade"],"picked":"Perfected Strike+1","floor":18},{"not_picked":["Twin Strike","ReplayTheSpireMod:Limb From Limb"],"picked":"Rage+1","floor":22},{"not_picked":["ReplayTheSpireMod:Corrosion Curse","Shrug It Off"],"picked":"Armaments","floor":24},{"not_picked":["Second Wind","Warcry"],"picked":"Searing Blow","floor":25},{"not_picked":["ReplayTheSpireMod:Strike From Hell","Warcry"],"picked":"Twin Strike","floor":27},{"not_picked":["Run Through","Headbutt"],"picked":"Demonic Infusion","floor":29}],"player_experience":875315,"relics_obtained":[{"floor":8,"key":"Replay:Bottled Steam"},{"floor":14,"key":"Pantograph"},{"floor":25,"key":"Bird Faced Urn"},{"floor":26,"key":"Singing Bowl"},{"floor":29,"key":"Bottled Lightning"},{"floor":31,"key":"Golden Egg"}],"event_choices":[{"damage_healed":0,"gold_gain":0,"player_choice":"Trade","damage_taken":0,"relics_obtained":["CultistMask"],"max_hp_gain":0,"max_hp_loss":0,"event_name":"FaceTrader","floor":13,"gold_loss":0},{"damage_healed":0,"gold_gain":275,"player_choice":"Desecrate","damage_taken":0,"max_hp_gain":0,"max_hp_loss":0,"event_name":"Golden Shrine","floor":19,"gold_loss":0,"cards_obtained":["Regret"]},{"cards_removed":["Regret"],"damage_healed":0,"gold_gain":0,"player_choice":"Purged","damage_taken":0,"max_hp_gain":0,"max_hp_loss":0,"event_name":"Purifier","floor":21,"gold_loss":0}],"is_beta":false,"boss_relics":[{"not_picked":["Ectoplasm","Astrolabe"],"picked":"ChewingGum"}],"items_purged_floors":[],"is_endless":false,"potions_floor_spawned":[10,11,14,22,24,27],"killed_by":"Collector","ascension_level":11}}