{"host":"j9610sde00vfp93k","time":1612886417,"event":{"mods":["AchievementEnabler","BaseMod","Minty Spire (QoL Compilation)","Permanent Neow","Rare Cards Sparkle","Spire Arcade","StSLib","SuperFastMode","The Necromancer"],"gold_per_floor":[117,117,18,38,313,313,342,342,342,374,386,386,386,411,411,411,411],"floor_reached":16,"language":"ENG","playtime":1160,"items_purged":[],"score":116,"play_id":"e4a9d1ce-d8fa-4de3-8771-12678951fff5","local_time":"20210210000017","is_ascension_mode":false,"campfire_choices":[{"data":"Summon_Lich","floor":6,"key":"SMITH"},{"data":"Bone_Armory","floor":8,"key":"SMITH"},{"floor":15,"key":"REST"}],"circlet_count":0,"master_deck":["Strike_W","Strike_W","Strike_W","Defend_W","Defend_W","Defend_W","Defend_W","Negative_Energy_Arrows","Bone_Wall","Death_March_Dance","Summon_Lich+1","Death_March_Dance","Bone_Armory+1","Regret","Negative_Energy_Javelin","Whirlwind_of_Bones+1","Detonate_Bones","Parasite","Finger_Of_Death"],"relics":["Vampire_Amulet","Nunchaku","Mummified Hand","Lantern","Juzu Bracelet"],"acts_visited":["Exordium"],"potions_floor_usage":[16],"damage_taken":[{"damage":0,"enemies":"Jaw Worm","floor":1,"turns":5},{"damage":0,"enemies":"Cultist","floor":4,"turns":3},{"damage":50,"enemies":"Gremlin Nob","floor":7,"turns":6},{"damage":26,"enemies":"3 Sentries","floor":10,"turns":7},{"damage":1,"enemies":"2 Louse","floor":11,"turns":3},{"damage":37,"enemies":"Gremlin Nob","floor":14,"turns":5},{"damage":55,"enemies":"Slime Boss","floor":16,"turns":7}],"seed_played":"209927143341867227","potions_obtained":[{"floor":4,"key":"BlessingOfTheForge"},{"floor":7,"key":"DistilledChaos"},{"floor":10,"key":"FairyPotion"}],"is_trial":false,"path_per_floor":["M","?","$","M","?","R","E","R","T","E","M","?","?","E","R","B"],"character_chosen":"NECROMANCER","items_purchased":["Summon_Lich","Death_March_Dance"],"campfire_rested":1,"item_purchase_floors":[3,3],"current_hp_per_floor":[82,82,82,82,82,82,34,34,34,14,17,37,37,26,50,0,0],"gold":411,"neow_bonus":"TEN_PERCENT_HP_BONUS","is_daily":false,"chose_seed":false,"campfire_upgraded":2,"win_rate":0.0,"timestamp":1612886417,"path_taken":["M","?","?","M","?","R","E","R","T","E","?","?","?","E","R","BOSS"],"items_purchased_type":["Card","Card"],"build_version":"2020-12-22","purchased_purges":0,"victory":false,"max_hp_per_floor":[82,82,82,82,82,82,82,82,82,82,82,82,82,82,82,82,82],"card_choices":[{"not_picked":["Bones_to_Steel","Vampiric_Strike"],"picked":"Death_March_Dance","floor":1},{"not_picked":["Plague_Bolt","Toxic_Smoke_Screen"],"picked":"Bone_Armory","floor":4},{"not_picked":["Shade_Step","Necrotic_Claws"],"picked":"Negative_Energy_Javelin","floor":7},{"not_picked":["Violent_Necrosis","Negative_Energy_Shield"],"picked":"Whirlwind_of_Bones","floor":10},{"not_picked":["Strike_from_Beyond","Negative_Energy_Sphere"],"picked":"Detonate_Bones","floor":11},{"not_picked":["Toxic_Smoke_Screen","Shackles_Of_Pain"],"picked":"Finger_Of_Death","floor":14}],"player_experience":213242,"relics_obtained":[{"floor":7,"key":"Nunchaku"},{"floor":9,"key":"Mummified Hand"},{"floor":10,"key":"Lantern"},{"floor":14,"key":"Juzu Bracelet"}],"event_choices":[{"cards_removed":["Strike_W"],"damage_healed":0,"gold_gain":0,"player_choice":"Offered Basic","damage_taken":0,"max_hp_gain":0,"max_hp_loss":0,"event_name":"Bonfire Elementals","floor":2,"gold_loss":0},{"damage_healed":0,"gold_gain":275,"player_choice":"Desecrate","damage_taken":0,"max_hp_gain":0,"max_hp_loss":0,"event_name":"Golden Shrine","floor":5,"gold_loss":0,"cards_obtained":["Regret"]},{"damage_healed":20,"gold_gain":0,"player_choice":"Healed and dodged fight","damage_taken":0,"max_hp_gain":0,"max_hp_loss":0,"event_name":"Mushrooms","floor":12,"gold_loss":0,"cards_obtained":["Parasite"]},{"damage_healed":0,"gold_gain":0,"player_choice":"Forge","damage_taken":0,"max_hp_gain":0,"max_hp_loss":0,"event_name":"Accursed Blacksmith","floor":13,"gold_loss":0,"cards_upgraded":["Whirlwind_of_Bones"]}],"is_beta":false,"boss_relics":[],"items_purged_floors":[],"is_endless":false,"potions_floor_spawned":[4,7,10],"killed_by":"Slime Boss","ascension_level":0}}