{"host":"7k2a2omxz3voj5ax","time":1612891968,"event":{"mods":["BaseMod","Marisa£¨ìFÓê¡¡Ä§ÀíÉ³£©","Minty Spire (QoL Compilation)","Quick Restart","Spicy Shops","StSLib","Starting Relic: Pandora\u0027s Box","Yakumo Yukari mod","¡¾ÒÅÎï¿¨ÅÆ¡¿REMEMod","óô»ðÖ¸ÄÏ"],"gold_per_floor":[117,117,117,3712,3729,3745,3778,3696,3730,3274,3286,3317,3349,3361,2875,2905,2688,2218,2307,2319,2342,2368,2380,2403,2315,2315,2348,2358,2161,2161,2179,1932,1822,1836,1865,1304,1337,830,906,906,924,924,937,937,582,596,711,600,600,600,600,618,354,354,381,381,381,381,381,305,305,333,333],"floor_reached":64,"language":"ZHS","playtime":2586,"items_purged":["Survivor","Dagger Throw","Neutralize+1","Deadly Poison","Decay","Deflect","Survivor","Blade Dance","Noxious Fumes+1","Backflip"],"score":3614,"play_id":"9c06e709-1fd9-4f90-b39f-d30a4dcc8883","local_time":"20210210023248","is_ascension_mode":true,"campfire_choices":[{"data":"Reflex","floor":26.0,"key":"SMITH"},{"floor":56,"key":"RECALL"}],"circlet_count":4,"master_deck":["AscendersBane","Concentrate+1","Acrobatics+1","Reflex+1","Reflex+1","Eviscerate+1","Tactician+1","REME_GreenPollution+1","Calculated Gamble+1","Burst+1","Sadistic Nature+1"],"relics":["REME_ComplimentaryCards","Empty Cage","Tough Bandages","Orrery","Ice Cream","MawBank","Odd Mushroom","FossilizedHelix","Mummified Hand","Membership Card","Snake Skull","Molten Egg 2","Anchor","PreservedInsect","MealTicket","Toy Ornithopter","Medical Kit","Orichalcum","Whetstone","Potion Belt","Black Star","Paper Crane","Torii","Toxic Egg 2","TheAbacus","Kunai","REME_PuzzleBoxRelic","The Courier","White Beast Statue","Omamori","Bag of Preparation","Bottled Tornado","Sundial","Lizard Tail","Pantograph","WristBlade","Singing Bowl","The Specimen","Frozen Egg 2","Lantern","Gremlin Horn","Eternal Feather","Mark of the Bloom","Calipers","TungstenRod","Circlet"],"acts_visited":["Exordium","TheCity","TheBeyond","TheEnding"],"potions_floor_usage":[63,63,63,63,63,63,63,63],"damage_taken":[{"damage":4.0,"enemies":"Jaw Worm","floor":1.0,"turns":4.0},{"damage":0.0,"enemies":"Small Slimes","floor":5.0,"turns":3.0},{"damage":5.0,"enemies":"2 Louse","floor":6.0,"turns":3.0},{"damage":22.0,"enemies":"3 Sentries","floor":7.0,"turns":8.0},{"damage":6.0,"enemies":"The Mushroom Lair","floor":9.0,"turns":4.0},{"damage":0.0,"enemies":"Gremlin Gang","floor":12.0,"turns":2.0},{"damage":0.0,"enemies":"Exordium Thugs","floor":13.0,"turns":2.0},{"damage":0.0,"enemies":"2 Fungi Beasts","floor":16.0,"turns":2.0},{"damage":0.0,"enemies":"Slime Boss","floor":19.0,"turns":3.0},{"damage":0.0,"enemies":"Chosen","floor":21.0,"turns":3.0},{"damage":0.0,"enemies":"3 Byrds","floor":22.0,"turns":3.0},{"damage":0.0,"enemies":"Snecko","floor":24.0,"turns":2.0},{"damage":0.0,"enemies":"Slavers","floor":27.0,"turns":1.0},{"damage":0.0,"enemies":"Shelled Parasite and Fungi","floor":28.0,"turns":2.0},{"damage":0.0,"enemies":"Sentry and Sphere","floor":31.0,"turns":2.0},{"damage":0.0,"enemies":"Centurion and Healer","floor":34.0,"turns":2.0},{"damage":0.0,"enemies":"Book of Stabbing","floor":35.0,"turns":1.0},{"damage":0.0,"enemies":"Slavers","floor":37.0,"turns":1.0},{"damage":0.0,"enemies":"Collector","floor":39.0,"turns":1.0},{"damage":0.0,"enemies":"3 Darklings","floor":41.0,"turns":1.0},{"damage":0.0,"enemies":"3 Shapes","floor":43.0,"turns":1.0},{"damage":0.0,"enemies":"Jaw Worm Horde","floor":46.0,"turns":1.0},{"damage":0.0,"enemies":"Giant Head","floor":47.0,"turns":1.0},{"damage":0,"enemies":"Sphere and 2 Shapes","floor":52,"turns":1},{"damage":0,"enemies":"Nemesis","floor":55,"turns":1},{"damage":0,"enemies":"Donu and Deca","floor":57,"turns":2},{"damage":0,"enemies":"Awakened One","floor":58,"turns":3},{"damage":0,"enemies":"Shield and Spear","floor":62,"turns":1},{"damage":0,"enemies":"The Heart","floor":63,"turns":4}],"seed_played":"-9131830511527868823","potions_obtained":[{"floor":1.0,"key":"REME_GoldPotion"},{"floor":7.0,"key":"Poison Potion"},{"floor":16.0,"key":"Poison Potion"},{"floor":19.0,"key":"BlessingOfTheForge"},{"floor":22.0,"key":"EntropicBrew"},{"floor":27.0,"key":"Dexterity Potion"},{"floor":31.0,"key":"Weak Potion"},{"floor":34.0,"key":"Swift Potion"},{"floor":37.0,"key":"Energy Potion"},{"floor":47.0,"key":"Fruit Juice"},{"floor":52,"key":"FearPotion"}],"is_trial":false,"path_per_floor":["M","?","?","$","M","M","E","R","?","R","T","M","M","?","R","M","R","R","B",null,"M","M","?","M","$","R","E","M","R","T","M","R","?","M","E","R","E","R","B",null,"M","?","M","?","$","M","E","R","$","T","?","M","R","?","E","R","B","B",null,"R","$","E","B",null],"character_chosen":"THE_SILENT","items_purchased":["Tough Bandages","Orrery","MawBank","FossilizedHelix","Swift Potion","Membership Card","Snake Skull","Molten Egg 2","Anchor","Tactician","PreservedInsect","MealTicket","Toy Ornithopter","Medical Kit","Orichalcum","Whetstone","Potion Belt","Swift Potion","LiquidMemories","Torii","TheAbacus","Calculated Gamble+1","The Courier","Burst+1","White Beast Statue","Omamori","Sundial","Lizard Tail","Pantograph","Singing Bowl","The Specimen","Frozen Egg 2","Eternal Feather","Calipers","TungstenRod","Sadistic Nature+1"],"campfire_rested":0,"item_purchase_floors":[4,4,8,10,10,15,15,15,15,15,17,17,17,18,18,18,18,18,18,29,32,32,36,36,36,36,38,38,38,45,45,45,48,53,53,60],"current_hp_per_floor":[55,35,35,35,35,30,8,8,2,2,2,2,2,2,2,2,2,2,7,51,56,61,61,66,66,66,66,66,66,66,66,66,66,66,66,66,66,66,66,66,66,66,66,66,66,68,75,75,75,75,75,75,75,66,66,66,66,66,66,66,66,66,66],"gold":333,"neow_bonus":"BOSS_RELIC","is_daily":false,"chose_seed":false,"campfire_upgraded":1,"win_rate":0.0,"timestamp":1612891968,"path_taken":["M","?","?","?","?","M","E","R","?","R","T","M","M","?","R","M","R","R","BOSS","M","M","?","M","$","R","E","M","R","T","M","R","?","?","E","R","E","R","BOSS","M","?","M","?","$","?","E","R","?","T","?","M","R","?","E","R","BOSS","BOSS","R","$","E","BOSS"],"items_purchased_type":["Relic","Relic","Relic","Relic","Potion","Relic","Relic","Relic","Relic","Card","Relic","Relic","Relic","Relic","Relic","Relic","Relic","Potion","Potion","Relic","Relic","Card","Relic","Card","Relic","Relic","Relic","Relic","Relic","Relic","Relic","Relic","Relic","Relic","Relic","Card"],"build_version":"2020-12-22","purchased_purges":10,"victory":true,"max_hp_per_floor":[66,66,66,66,66,66,66,66,66,66,66,66,66,66,66,66,66,66,66,66,66,66,66,66,66,66,66,66,66,66,66,66,66,66,66,66,66,66,66,66,66,66,66,66,66,68,75,75,75,75,75,77,77,83,85,85,85,85,85,85,85,87,87],"card_choices":[{"not_picked":["Deflect","Blur","Escape Plan"],"picked":"SKIP","floor":1.0},{"not_picked":["Dagger Spray","Blade Dance"],"picked":"Reflex","floor":4.0},{"not_picked":["Deadly Poison","Underhanded Strike","Terror"],"picked":"SKIP","floor":5.0},{"not_picked":["Caltrops","Footwork"],"picked":"Reflex","floor":6.0},{"not_picked":["Doppelganger","Deflect","All Out Attack"],"picked":"SKIP","floor":7.0},{"not_picked":["Noxious Fumes","Deadly Poison"],"picked":"Blade Dance","floor":9.0},{"not_picked":["Backflip","Poisoned Stab","Deflect"],"picked":"SKIP","floor":12.0},{"not_picked":["Sucker Punch","Outmaneuver"],"picked":"Eviscerate","floor":13.0},{"not_picked":["Flying Knee+1","Infinite Blades","Prepared"],"picked":"SKIP","floor":16.0},{"not_picked":["Outmaneuver","Poisoned Stab+1","Deadly Poison"],"picked":"SKIP","floor":21.0},{"not_picked":["Flechettes+1","Heel Hook+1"],"picked":"REME_GreenPollution","floor":22.0},{"not_picked":["Dodge and Roll+1","Finisher+1","Prepared"],"picked":"SKIP","floor":24.0},{"not_picked":["Bullet Time","Quick Slash+1","Accuracy"],"picked":"SKIP","floor":27.0},{"not_picked":["Caltrops","Heel Hook+1","Cloak And Dagger"],"picked":"SKIP","floor":28.0},{"not_picked":["Noxious Fumes","Sucker Punch+1","Slice+1"],"picked":"SKIP","floor":31.0},{"not_picked":["Dagger Throw+1","Cloak And Dagger+1","PiercingWail+1"],"picked":"SKIP","floor":34.0},{"not_picked":["Sucker Punch+1","Underhanded Strike+1","Prepared+1"],"picked":"SKIP","floor":35.0},{"not_picked":["Outmaneuver+1","Finisher+1","Malaise+1"],"picked":"SKIP","floor":37.0},{"not_picked":["Backflip+1","Dagger Spray+1","Outmaneuver+1"],"picked":"SKIP","floor":41.0},{"not_picked":["Poisoned Stab+1","Escape Plan+1","Endless Agony+1"],"picked":"SKIP","floor":43.0},{"not_picked":["Outmaneuver+1","Dagger Spray+1","Slice+1"],"picked":"Singing Bowl","floor":46.0},{"not_picked":["Quick Slash+1","Poisoned Stab+1","Prepared+1"],"picked":"Singing Bowl","floor":47.0},{"not_picked":["Underhanded Strike+1","Unload+1","Quick Slash+1"],"picked":"Singing Bowl","floor":52},{"not_picked":["The Bomb+1","REME_ShortnessOfBreath+1","REME_BattleFury+1"],"picked":"Singing Bowl","floor":54},{"not_picked":["Enlightenment+1","Good Instincts+1","REME_TheoryOfElimination+1"],"picked":"Singing Bowl","floor":54},{"not_picked":["Madness+1","Deep Breath+1","Impatience+1"],"picked":"Singing Bowl","floor":54},{"not_picked":["Dagger Spray+1","Blade Dance+1","Dagger Throw+1"],"picked":"Singing Bowl","floor":55},{"not_picked":["Outmaneuver+1","Dodge and Roll+1","Die Die Die+1"],"picked":"Singing Bowl","floor":62}],"player_experience":313218,"relics_obtained":[{"floor":7.0,"key":"Ice Cream"},{"floor":9.0,"key":"Odd Mushroom"},{"floor":11.0,"key":"Mummified Hand"},{"floor":27.0,"key":"Paper Crane"},{"floor":30.0,"key":"Toxic Egg 2"},{"floor":35.0,"key":"Kunai"},{"floor":35.0,"key":"REME_PuzzleBoxRelic"},{"floor":37.0,"key":"Bag of Preparation"},{"floor":37.0,"key":"Bottled Tornado"},{"floor":47.0,"key":"Lantern"},{"floor":47.0,"key":"Gremlin Horn"},{"floor":55,"key":"Circlet"},{"floor":55,"key":"Circlet"},{"floor":62,"key":"Circlet"},{"floor":62,"key":"Circlet"}],"event_choices":[{"damage_healed":0.0,"max_hp_gain":0.0,"max_hp_loss":0.0,"gold_gain":0.0,"event_name":"Shining Light","player_choice":"Entered Light","floor":2.0,"gold_loss":0.0,"damage_taken":20.0,"cards_upgraded":["Accuracy","Neutralize"]},{"damage_healed":0.0,"max_hp_gain":0.0,"max_hp_loss":0.0,"gold_gain":0.0,"event_name":"Mushrooms","player_choice":"Fought Mushrooms","floor":9.0,"gold_loss":0.0,"damage_taken":0.0},{"damage_healed":0.0,"max_hp_gain":0.0,"max_hp_loss":0.0,"gold_gain":0.0,"event_name":"Scrap Ooze","player_choice":"Fled","floor":14.0,"gold_loss":0.0,"damage_taken":0.0},{"damage_healed":0.0,"max_hp_gain":0.0,"max_hp_loss":0.0,"gold_gain":0.0,"event_name":"The Mausoleum","player_choice":"Ignored","floor":23.0,"gold_loss":0.0,"damage_taken":0.0},{"cards_removed":["Accuracy"],"damage_healed":0.0,"max_hp_gain":0.0,"max_hp_loss":0.0,"gold_gain":0.0,"event_name":"Designer","player_choice":"Upgrade and Remove","floor":33.0,"gold_loss":110.0,"damage_taken":0.0,"cards_upgraded":["Noxious Fumes"]},{"damage_healed":0.0,"max_hp_gain":0.0,"max_hp_loss":0.0,"gold_gain":0.0,"event_name":"Tomb of Lord Red Mask","player_choice":"Ignored","floor":42.0,"gold_loss":0.0,"damage_taken":0.0},{"damage_healed":0.0,"max_hp_gain":0.0,"max_hp_loss":0.0,"gold_gain":0.0,"event_name":"SecretPortal","player_choice":"Ignored","floor":44.0,"gold_loss":0.0,"damage_taken":0.0},{"damage_healed":0,"gold_gain":0,"player_choice":"Upgrade","damage_taken":0,"relics_obtained":["Mark of the Bloom"],"max_hp_gain":0,"max_hp_loss":0,"event_name":"MindBloom","floor":51,"gold_loss":0,"cards_upgraded":["Concentrate","Acrobatics","Reflex","Tactician","REME_GreenPollution"]},{"damage_healed":0,"gold_gain":0,"player_choice":"Memory 3","damage_taken":10,"max_hp_gain":0,"max_hp_loss":0,"event_name":"SensoryStone","floor":54,"gold_loss":0}],"is_beta":false,"boss_relics":[{"not_picked":["Philosopher\u0027s Stone","Calling Bell"],"picked":"Black Star"},{"not_picked":["Fusion Hammer","Cursed Key"],"picked":"WristBlade"}],"items_purged_floors":[4,10,15,17,18,25,29,32,36,38],"is_endless":false,"potions_floor_spawned":[1,7,16,19,22,27,31,34,37,39,41,43,46,47,52,55,62],"ascension_level":20}}