{"host":"x7btokbb0w2jhl7e","time":1612834588,"event":{"mods":["Act Like it!","BaseMod","Gensokyo","Minty Spire (QoL Compilation)","Quick Restart","StSLib","TestMod"],"gold_per_floor":[110,110,124,124,124,124,150,150,150,150,161,176,176,186,186,260,260,278,203,218,218,236,261,261,261,284,108,126,126,126],"floor_reached":29,"language":"ZHS","playtime":908,"items_purged":["Defend_G","Writhe"],"score":731,"play_id":"15c6d768-985c-4338-9720-2807b5eb68f6","local_time":"20210209093628","is_ascension_mode":true,"campfire_choices":[{"data":"Corpse Explosion","floor":6.0,"key":"SMITH"},{"floor":10.0,"key":"RECALL"},{"data":"Backflip","floor":15.0,"key":"SMITH"}],"circlet_count":0,"master_deck":["AscendersBane","Strike_G","Defend_G","Defend_G","Defend_G","Survivor","Neutralize+1","Corpse Explosion+1","Tactician","Backflip+1","Gensokyo:FourOfAKind","Gensokyo:FourOfAKind","Gensokyo:FourOfAKind","Gensokyo:FourOfAKind","Calculated Gamble","Catalyst"],"relics":["Ring of the Snake","testmod-TestBox","testmod-NegativeEmotionEnhancer","NeowsBlessing","Happy Flower","Ice Cream","testmod-HarvestTotem","Matryoshka","Ring of the Snake","Boot"],"acts_visited":["Gensokyo:Gensokyo","Gensokyo:Gensokyoer"],"potions_floor_usage":[29],"damage_taken":[{"damage":0.0,"enemies":"Gensokyo:3_Fairies","floor":1.0,"turns":1.0},{"damage":0.0,"enemies":"Gensokyo:Gryphon","floor":3.0,"turns":1.0},{"damage":0.0,"enemies":"Gensokyo:Mamizou","floor":7.0,"turns":3.0},{"damage":0.0,"enemies":"Gensokyo:2_Kodama","floor":11.0,"turns":2.0},{"damage":0.0,"enemies":"Gensokyo:2_Rabbits","floor":12.0,"turns":3.0},{"damage":21.0,"enemies":"Gensokyo:LivingMonolith","floor":14.0,"turns":4.0},{"damage":0.0,"enemies":"Gensokyo:Yukari","floor":16.0,"turns":10.0},{"damage":11.0,"enemies":"Gensokyo:CosmicMonolith","floor":18.0,"turns":8.0},{"damage":0.0,"enemies":"Gensokyo:2_Gloops","floor":20.0,"turns":3.0},{"damage":40.0,"enemies":"Gensokyo:Slime_Group","floor":22.0,"turns":9.0},{"damage":75.0,"enemies":"Gensokyo:Tenshi","floor":23.0,"turns":7.0},{"damage":2,"enemies":"Gensokyo:Wraith","floor":28,"turns":5},{"damage":0,"enemies":"Gensokyo:Reisen","floor":29,"turns":3}],"seed_played":"307733098841325272","potions_obtained":[{"floor":3.0,"key":"PowerPotion"},{"floor":14.0,"key":"SkillPotion"},{"floor":22.0,"key":"Strength Potion"},{"floor":28,"key":"testmod-SpacePotion"}],"is_trial":false,"path_per_floor":["M","?","M","?","T","R","E","?","T","R","M","M","?","M","R","B",null,"M","$","M","?","M","E","?","?","T","$","M","E"],"character_chosen":"THE_SILENT","items_purchased":["Calculated Gamble"],"campfire_rested":0,"item_purchase_floors":[27],"current_hp_per_floor":[63,63,65,31,31,31,33,33,33,33,36,39,39,20,20,22,146,141,141,149,149,117,48,48,48,48,48,52,56,56],"gold":126,"neow_bonus":"THREE_ENEMY_KILL","is_daily":false,"chose_seed":false,"campfire_upgraded":2,"win_rate":0.0,"timestamp":1612834588,"path_taken":["M","?","M","?","?","R","E","?","T","R","M","?","?","M","R","BOSS","M","$","M","?","M","E","?","?","T","?","?","E"],"items_purchased_type":["Card"],"build_version":"2020-12-22","purchased_purges":2,"victory":false,"max_hp_per_floor":[67,67,68,68,68,68,69,69,69,69,70,71,71,72,72,73,146,148,148,150,150,152,154,101,101,101,101,103,103,103],"card_choices":[{"not_picked":["Underhanded Strike","Blur","Quick Slash"],"picked":"SKIP","floor":1.0},{"not_picked":["Sucker Punch","Eviscerate"],"picked":"Corpse Explosion","floor":3.0},{"not_picked":["Prepared","Deadly Poison","Choke"],"picked":"SKIP","floor":7.0},{"not_picked":["Cloak And Dagger","Expertise"],"picked":"Tactician","floor":11.0},{"not_picked":["Deflect","Terror","Finisher"],"picked":"SKIP","floor":12.0},{"not_picked":["Dagger Throw","Prepared"],"picked":"Backflip","floor":14.0},{"not_picked":["Choke","Endless Agony","Underhanded Strike"],"picked":"SKIP","floor":18.0},{"not_picked":["Deflect","Poisoned Stab","Sucker Punch"],"picked":"SKIP","floor":20.0},{"not_picked":["Dagger Spray","Flying Knee","Dodge and Roll"],"picked":"SKIP","floor":22.0},{"not_picked":["Flying Knee","Dodge and Roll","Masterful Stab"],"picked":"SKIP","floor":23.0},{"not_picked":["Acrobatics","Skewer"],"picked":"Catalyst","floor":28}],"player_experience":239390,"relics_obtained":[{"floor":5.0,"key":"Happy Flower"},{"floor":7.0,"key":"testmod-Nyarlathotep"},{"floor":9.0,"key":"Ice Cream"},{"floor":23.0,"key":"Matryoshka"},{"floor":26.0,"key":"Boot"}],"event_choices":[{"damage_healed":0.0,"max_hp_gain":0.0,"max_hp_loss":0.0,"gold_gain":0.0,"event_name":"给自己的盒子","player_choice":"Swap Relic","floor":25.0,"relics_lost":["testmod-Nyarlathotep"],"gold_loss":0.0,"damage_taken":0.0,"relics_obtained":["Ring of the Snake"]}],"is_beta":false,"boss_relics":[{"not_picked":["SlaversCollar","Sozu"],"picked":"testmod-HarvestTotem"}],"items_purged_floors":[19,27],"is_endless":false,"potions_floor_spawned":[3,14,16,18,22,28],"killed_by":"Gensokyo:Reisen","ascension_level":20}}