{"host":"r4yhuzs0e1z69tr3","time":1612829122,"event":{"mods":["BaseMod","Minty Spire (QoL Compilation)","Rare Cards Sparkle"],"gold_per_floor":[114,114,114,130,130,161,161,161,185,185,198,198,198,168,168,168,168],"floor_reached":16,"language":"ENG","playtime":1222,"items_purged":[],"score":96,"play_id":"ee8a8121-2399-4552-802f-132d92c23b71","local_time":"20210208190522","is_ascension_mode":false,"campfire_choices":[{"floor":7,"key":"REST"},{"data":"Eruption","floor":12,"key":"SMITH"},{"data":"DevaForm","floor":15,"key":"SMITH"}],"circlet_count":0,"master_deck":["Strike_P","Strike_P","Strike_P","Strike_P","Defend_P","Defend_P","Defend_P","Defend_P","Eruption+1","Vigilance","EmptyBody","DevaForm+1","Prostrate"],"relics":["PureWater","Oddly Smooth Stone","Dream Catcher","Torii","Strawberry"],"acts_visited":["Exordium"],"potions_floor_usage":[16],"damage_taken":[{"damage":8,"enemies":"2 Louse","floor":1,"turns":3},{"damage":0,"enemies":"Jaw Worm","floor":4,"turns":4},{"damage":54,"enemies":"3 Sentries","floor":6,"turns":20},{"damage":0,"enemies":"Small Slimes","floor":11,"turns":3},{"damage":1,"enemies":"Looter","floor":14,"turns":4},{"damage":48,"enemies":"Hexaghost","floor":16,"turns":12}],"seed_played":"5084373960960575481","potions_obtained":[{"floor":11,"key":"Swift Potion"}],"is_trial":false,"path_per_floor":["M","?","?","M","$","E","R","T","T","?","M","R","?","M","R","B"],"character_chosen":"WATCHER","items_purchased":[],"campfire_rested":1,"item_purchase_floors":[],"current_hp_per_floor":[64,52,72,72,72,18,39,39,46,46,46,46,46,45,45,0,0],"gold":168,"neow_bonus":"THREE_CARDS","is_daily":false,"chose_seed":false,"campfire_upgraded":2,"win_rate":0.0,"timestamp":1612829122,"path_taken":["M","?","?","M","$","E","R","?","T","?","M","R","?","M","R","BOSS"],"items_purchased_type":[],"build_version":"2020-12-22","purchased_purges":0,"victory":false,"max_hp_per_floor":[72,72,72,72,72,72,72,72,79,79,79,79,79,79,79,79,79],"card_choices":[{"not_picked":["CrushJoints","FlyingSleeves"],"picked":"EmptyBody","floor":1},{"not_picked":["BattleHymn","ThirdEye","EmptyFist"],"picked":"SKIP","floor":4},{"not_picked":["FlurryOfBlows","Adaptation"],"picked":"DevaForm","floor":6},{"not_picked":["Protect","Crescendo"],"picked":"Prostrate","floor":11},{"not_picked":["FollowUp","EmptyBody","Wallop"],"picked":"SKIP","floor":14}],"player_experience":133637,"relics_obtained":[{"floor":6,"key":"Dream Catcher"},{"floor":8,"key":"Torii"},{"floor":9,"key":"Strawberry"}],"event_choices":[{"damage_healed":0,"gold_gain":0,"player_choice":"Success","damage_taken":12,"relics_obtained":["Oddly Smooth Stone"],"max_hp_gain":0,"max_hp_loss":0,"event_name":"Scrap Ooze","floor":2,"gold_loss":0},{"damage_healed":24,"gold_gain":0,"player_choice":"Banana","damage_taken":0,"max_hp_gain":0,"max_hp_loss":0,"event_name":"Big Fish","floor":3,"gold_loss":0},{"damage_healed":0,"gold_gain":0,"player_choice":"Ignored","damage_taken":0,"max_hp_gain":0,"max_hp_loss":0,"event_name":"Liars Game","floor":10,"gold_loss":0},{"damage_healed":0,"gold_gain":0,"player_choice":"Ignored","damage_taken":0,"max_hp_gain":0,"max_hp_loss":0,"event_name":"Golden Idol","floor":13,"gold_loss":0}],"is_beta":false,"boss_relics":[],"items_purged_floors":[],"is_endless":false,"potions_floor_spawned":[11],"killed_by":"Hexaghost","ascension_level":0}}