{"host":"qy6st0zp32tctd9l","time":1612879707,"event":{"mods":["BaseMod","Colored Map","Downfall","GifTheSpireLib","Hermit","Marisa£®ÏF”Í°°ƒß¿Ì…≥£©","Minty Spire (QoL Compilation)","Remilia£®¿Ÿ√◊¿Ú—«£©","StSLib","The Cursed","The Servant 0.9.4","UnlockEverythingMod"],"gold_per_floor":[114,132,57,57,69,69,69],"floor_reached":6,"language":"ZHS","playtime":229,"items_purged":[],"score":63,"play_id":"4d0d5ea5-1b0c-4745-8c71-af2a6ce66d1c","local_time":"20210209220827","is_ascension_mode":true,"campfire_choices":[],"circlet_count":0,"master_deck":["AscendersBane","Strike_S","Defend_S","Defend_S","Defend_S","KidneyShot","Exchange","Misdirection","Sabotage","Potential"],"relics":["Uniform"],"acts_visited":["Exordium"],"potions_floor_usage":[6],"damage_taken":[{"damage":8.0,"enemies":"Small Slimes","floor":1.0,"turns":7.0},{"damage":7.0,"enemies":"2 Louse","floor":2.0,"turns":4.0},{"damage":0,"enemies":"Cultist","floor":5,"turns":4},{"damage":15,"enemies":"Gremlin Nob","floor":6,"turns":4}],"seed_played":"-3275962181055555222","potions_obtained":[{"floor":1.0,"key":"bronze:BurnAndBuffPotion"},{"floor":5,"key":"Swift Potion"}],"is_trial":false,"path_per_floor":["M","M","?","?","M","E"],"character_chosen":"THE_SERVANT","items_purchased":[],"campfire_rested":0,"item_purchase_floors":[],"current_hp_per_floor":[46,39,39,39,39,24,24],"gold":69,"neow_bonus":"REMOVE_TWO","is_daily":false,"chose_seed":false,"campfire_upgraded":0,"win_rate":0.0,"timestamp":1612879707,"path_taken":["M","M","?","?","M","E"],"items_purchased_type":[],"build_version":"2020-12-22","purchased_purges":0,"victory":false,"max_hp_per_floor":[54,54,54,54,54,54,54],"card_choices":[{"not_picked":["ReturningBlade","Unruled"],"picked":"Misdirection","floor":1.0},{"not_picked":["Starlight","DancingSilver"],"picked":"Sabotage","floor":2.0},{"not_picked":["TimeWarp","FanOfKnives"],"picked":"Potential","floor":5}],"player_experience":214382,"relics_obtained":[],"event_choices":[{"cards_removed":["Defend_S"],"damage_healed":0.0,"max_hp_gain":0.0,"max_hp_loss":0.0,"gold_gain":0.0,"event_name":"The Cleric","player_choice":"Card Removal","floor":3.0,"gold_loss":75.0,"damage_taken":0.0},{"cards_removed":["Strike_S"],"damage_healed":0,"gold_gain":0,"player_choice":"Forget","damage_taken":0,"max_hp_gain":0,"max_hp_loss":0,"event_name":"Living Wall","floor":4,"gold_loss":0}],"is_beta":false,"boss_relics":[],"items_purged_floors":[],"is_endless":false,"potions_floor_spawned":[1,5],"killed_by":"Gremlin Nob","ascension_level":15}}