{"host":"dv29tre2e7vje47n","time":1612862610,"event":{"mods":["AchievementEnabler","BaseMod","Colored Map","Colored Powertips","DeckTracker","Displayed Cursed Tome","Downfall","Friendly Minions","Googly Eyes","Highlight Path","Infinite Spire","Key Reminder","Minty Spire (QoL Compilation)","Quick Restart","Random Character Button","Rare Cards Sparkle","Relic Sorter","Relic Stats","Replay The Spire","Spire Arcade","Spire Birthday Party","StSLib","SuperFastMode","Unceasing Turn Reminder"],"gold_per_floor":[99,118,118,129,145,145,145,5,30,30,40,190,190,190,208,208,208,208],"floor_reached":16,"language":"ENG","playtime":557,"items_purged":[],"score":105,"play_id":"3b18d51c-57fa-4c1a-b666-f68e97c4de1f","local_time":"20210209102330","is_ascension_mode":true,"campfire_choices":[{"data":"sneckomod:TailWhip","floor":1,"key":"SMITH"},{"data":"sneckomod:UnendingSupply","floor":10,"key":"SMITH"},{"data":"sneckomod:DefensiveFlair","floor":13,"key":"SMITH"}],"circlet_count":0,"master_deck":["sneckomod:Strike","sneckomod:Strike","sneckomod:Defend","sneckomod:Defend","sneckomod:Defend","sneckomod:TailWhip+1","sneckomod:SnekBite","sneckomod:Unknown","sneckomod:Unknown","sneckomod:DefensiveFlair+1","sneckomod:UnendingSupply+1","sneckomod:UnknownDraw","sneckomod:SerpentIdol","sneckomod:PureSnecko","sneckomod:SoulCleanse","sneckomod:SoulCleanse","downfall:Icky","sneckomod:IronFang","sneckomod:UnknownDexterity"],"relics":["sneckomod:SneckoSoul","hexamod:BolsterEngine","Replay:Ringing Soul","infinitespire:Broken Mirror","Pen Nib"],"acts_visited":["Exordium"],"potions_floor_usage":[],"damage_taken":[{"damage":0,"enemies":"Cultist","floor":2,"turns":3},{"damage":0,"enemies":"Small Slimes","floor":4,"turns":3},{"damage":1,"enemies":"2 Louse","floor":5,"turns":2},{"damage":5,"enemies":"downfall:FleeingMerchant","floor":8,"turns":4},{"damage":15,"enemies":"Lagavulin","floor":9,"turns":4},{"damage":12,"enemies":"Exordium Thugs","floor":11,"turns":4},{"damage":0,"enemies":"Exordium Wildlife","floor":15,"turns":3},{"damage":75,"enemies":"IC_STATUS_ARCHETYPE","floor":16,"turns":10}],"seed_played":"5994957939706015009","potions_obtained":[{"floor":9,"key":"Block Potion"}],"is_trial":false,"path_per_floor":["R","M","?","M","M","?","T","$","E","R","M","?","R","?","M","B"],"character_chosen":"THE_SNECKO","items_purchased":["sneckomod:PureSnecko","sneckomod:SoulCleanse"],"campfire_rested":0,"item_purchase_floors":[8,8],"current_hp_per_floor":[90,90,90,90,89,82,82,80,65,65,53,56,56,59,62,0,0,0],"gold":208,"neow_bonus":"RANDOM_COMMON_RELIC","is_daily":false,"chose_seed":false,"campfire_upgraded":3,"win_rate":0.0,"timestamp":1612862610,"path_taken":["R","M","?","M","?","?","T","$","E","R","M","?","R","?","M","BOSS"],"items_purchased_type":["Card","Card"],"build_version":"2020-12-22","purchased_purges":0,"victory":false,"max_hp_per_floor":[90,90,90,90,90,90,90,93,93,93,93,96,96,99,102,102,102,102],"relic_stats":{"counters":[8,33],"Pen Nib":[2],"obtain_stats":[{"Replay:Ringing Soul":6,"infinitespire:Broken Mirror":7,"Pen Nib":9,"hexamod:BolsterEngine":0,"sneckomod:SneckoSoul":0},{"Replay:Ringing Soul":3,"infinitespire:Broken Mirror":3,"Pen Nib":5,"hexamod:BolsterEngine":0,"sneckomod:SneckoSoul":0},{"Replay:Ringing Soul":8,"infinitespire:Broken Mirror":8,"Pen Nib":16,"hexamod:BolsterEngine":0,"sneckomod:SneckoSoul":0}]},"card_choices":[{"not_picked":["sneckomod:CheapStock","sneckomod:UnknownBlock"],"picked":"sneckomod:DefensiveFlair","floor":2},{"not_picked":["sneckomod:UnknownCommonSkill","sneckomod:TrashToTreasure"],"picked":"sneckomod:UnendingSupply","floor":4},{"not_picked":["sneckomod:UnknownCommonAttack","sneckomod:DangerNoodle"],"picked":"sneckomod:UnknownDraw","floor":5},{"not_picked":["sneckomod:SoulCleanse","sneckomod:QuickMove"],"picked":"sneckomod:SerpentIdol","floor":8},{"not_picked":["sneckomod:Unknown2Cost","sneckomod:DangerNoodle","sneckomod:SoulDraw"],"picked":"SKIP","floor":9},{"not_picked":["sneckomod:UnknownCommonSkill","sneckomod:UnknownBlock","sneckomod:UnknownWeak"],"picked":"SKIP","floor":11},{"not_picked":["sneckomod:SoulDraw","sneckomod:UnknownCommonSkill"],"picked":"sneckomod:UnknownDexterity","floor":15}],"player_experience":138723,"relics_obtained":[{"floor":7,"key":"infinitespire:Broken Mirror"},{"floor":9,"key":"Pen Nib"}],"event_choices":[{"damage_healed":0,"gold_gain":0,"player_choice":"Success","damage_taken":7,"relics_obtained":["Replay:Ringing Soul"],"max_hp_gain":0,"max_hp_loss":0,"event_name":"Scrap Ooze","floor":6,"gold_loss":0}],"is_beta":false,"boss_relics":[],"items_purged_floors":[],"is_endless":false,"potions_floor_spawned":[9],"killed_by":"IC_STATUS_ARCHETYPE","ascension_level":1}}