{"host":"qhn6g0owdgjb77rz","time":1612882075,"event":{"mods":["BaseMod","BetterRewards","Colored Map","Downfall","Minty Spire (QoL Compilation)","Relic Sorter","Reliquary","Spire Arcade","StSLib"],"gold_per_floor":[113,127,127,141,73,106,106,140,167,167,199,217,237,251,251,346,346,366,382,382,399,417,443,443,219,219,250,268,300,300,310,310,409,409,429,429,99,113,113,113,132,163,163,177,188,188,188,216,216,216,216,216,81,106,106,106],"floor_reached":55,"language":"ENG","playtime":3134,"items_purged":["Defend_G","Defend_G"],"score":1380,"play_id":"4e0857be-5779-4063-b997-120bf7a7727b","local_time":"20210209234755","is_ascension_mode":true,"campfire_choices":[{"data":"Apotheosis","floor":7.0,"key":"SMITH"},{"data":"Noxious Fumes","floor":10.0,"key":"SMITH"},{"data":"Caltrops","floor":15.0,"key":"SMITH"},{"data":"Malaise","floor":24,"key":"SMITH"},{"data":"Leg Sweep","floor":30,"key":"SMITH"},{"data":"Dagger Spray","floor":32,"key":"SMITH"},{"data":"Footwork","floor":40,"key":"SMITH"},{"data":"Envenom","floor":47,"key":"SMITH"},{"floor":49,"key":"RECALL"},{"data":"Corpse Explosion","floor":52,"key":"SMITH"}],"circlet_count":0,"master_deck":["Defend_G","Defend_G","Survivor","Neutralize","Apotheosis+1","Blur","Caltrops+1","PiercingWail","Leg Sweep+1","Noxious Fumes+1","Blur","Bane","Malaise+1","Bite","Bite","Bite","Bite","Dagger Spray+1","Infinite Blades+1","Blur+1","Envenom+1","Footwork+1","Deadly Poison+1","Deadly Poison","Backflip","Acrobatics+1","Corpse Explosion+1","Bane","Trip"],"relics":["Ring of the Snake","Bag of Preparation","Ancient Tea Set","PreservedInsect","Nunchaku","Coffee Dripper","reliquary:BallBearing","Chemical X","StoneCalendar","Lizard Tail","Bird Faced Urn","Busted Crown","reliquary:Stiletto","reliquary:TuningFork","hexamod:CandleOfCauterizing","Darkstone Periapt","reliquary:PrincelyHelmet"],"acts_visited":["Exordium","TheCity","TheBeyond","TheEnding"],"potions_floor_usage":[36,41,41,50,50,55],"damage_taken":[{"damage":0.0,"enemies":"Jaw Worm","floor":1.0,"turns":6.0},{"damage":0.0,"enemies":"Cultist","floor":2.0,"turns":3.0},{"damage":0.0,"enemies":"2 Louse","floor":4.0,"turns":6.0},{"damage":0.0,"enemies":"Lagavulin","floor":6.0,"turns":7.0},{"damage":3.0,"enemies":"3 Sentries","floor":8.0,"turns":7.0},{"damage":0.0,"enemies":"Gremlin Nob","floor":11.0,"turns":4.0},{"damage":0.0,"enemies":"Red Slaver","floor":12.0,"turns":5.0},{"damage":14.0,"enemies":"Exordium Wildlife","floor":13.0,"turns":5.0},{"damage":0.0,"enemies":"Blue Slaver","floor":14.0,"turns":5.0},{"damage":6,"enemies":"Slime Boss","floor":16,"turns":8},{"damage":0,"enemies":"Shell Parasite","floor":18,"turns":5},{"damage":0,"enemies":"Spheric Guardian","floor":19,"turns":6},{"damage":3,"enemies":"3 Cultists","floor":21,"turns":6},{"damage":14,"enemies":"Cultist and Chosen","floor":22,"turns":6},{"damage":1,"enemies":"Gremlin Leader","floor":23,"turns":5},{"damage":14,"enemies":"Slavers","floor":27,"turns":4},{"damage":10,"enemies":"Sentry and Sphere","floor":28,"turns":6},{"damage":9,"enemies":"Gremlin Leader","floor":29,"turns":6},{"damage":9,"enemies":"Snecko","floor":31,"turns":6},{"damage":0,"enemies":"Automaton","floor":33,"turns":10},{"damage":4,"enemies":"Orb Walker","floor":35,"turns":4},{"damage":17,"enemies":"3 Darklings","floor":38,"turns":5},{"damage":11,"enemies":"Maw","floor":41,"turns":6},{"damage":15,"enemies":"Reptomancer","floor":42,"turns":6},{"damage":16,"enemies":"Transient","floor":44,"turns":5},{"damage":13,"enemies":"3 Darklings","floor":45,"turns":4},{"damage":16,"enemies":"Nemesis","floor":48,"turns":6},{"damage":53,"enemies":"Awakened One","floor":50,"turns":12},{"damage":24,"enemies":"Shield and Spear","floor":54,"turns":3},{"damage":86,"enemies":"The Heart","floor":55,"turns":9}],"seed_played":"-8861411424165216183","potions_obtained":[{"floor":2.0,"key":"bronze:BurnAndBuffPotion"},{"floor":4.0,"key":"SkillPotion"},{"floor":12.0,"key":"Weak Potion"},{"floor":13.0,"key":"ColorlessPotion"},{"floor":16,"key":"Dexterity Potion"},{"floor":36,"key":"Fruit Juice"},{"floor":36,"key":"Block Potion"},{"floor":48,"key":"Weak Potion"},{"floor":54,"key":"LiquidBronze"}],"is_trial":false,"path_per_floor":["M","M","?","M","$","E","R","E","T","R","E","M","M","M","R","B",null,"M","M","?","M","M","E","R","$","T","E","M","E","R","M","R","B",null,"M","?","$","M","?","R","M","E","T","M","M","T","R","E","R","B",null,"R","$","E","B"],"character_chosen":"THE_SILENT","items_purchased":["Apotheosis","Blur","Caltrops","Noxious Fumes","Chemical X","reliquary:Stiletto","Footwork","Bane","Trip"],"campfire_rested":0,"item_purchase_floors":[0,0,0,5,25,37,37,53,53],"current_hp_per_floor":[70,70,70,70,70,70,70,67,67,67,67,67,53,53,53,47,64,64,64,49,49,48,49,49,49,49,41,48,49,49,46,46,49,49,49,54,54,54,54,54,48,54,54,51,44,44,44,44,44,30,48,48,48,31,0,0],"gold":106,"neow_bonus":"","is_daily":false,"chose_seed":false,"campfire_upgraded":9,"win_rate":0.0,"timestamp":1612882075,"path_taken":["M","M","?","M","$","E","R","E","T","R","E","M","?","M","R","BOSS","M","M","?","M","M","E","R","$","T","E","M","E","R","M","R","BOSS","M","?","$","?","?","R","M","E","T","M","M","?","R","E","R","BOSS","R","$","E","BOSS"],"items_purchased_type":["Card","Card","Card","Card","Relic","Relic","Card","Card","Card"],"build_version":"2020-12-22","purchased_purges":2,"victory":false,"max_hp_per_floor":[70,70,70,70,70,70,70,70,70,70,70,70,70,70,70,70,70,70,70,49,49,49,49,49,49,49,49,49,49,49,49,49,49,49,49,54,54,54,54,54,54,54,54,54,54,54,54,54,54,54,54,54,54,54,54,54],"card_choices":[{"not_picked":["Prepared","Flechettes"],"picked":"PiercingWail","floor":1.0},{"not_picked":["Endless Agony","Infinite Blades","Backflip"],"picked":"SKIP","floor":2.0},{"not_picked":["Outmaneuver","Prepared","Endless Agony"],"picked":"SKIP","floor":4.0},{"not_picked":["Skewer","Doppelganger"],"picked":"Blur","floor":6.0},{"not_picked":["Setup","Poisoned Stab","Slice"],"picked":"SKIP","floor":8.0},{"not_picked":["Expertise","Cloak And Dagger","Backflip"],"picked":"SKIP","floor":11.0},{"not_picked":["Outmaneuver","Deflect","Quick Slash"],"picked":"SKIP","floor":12.0},{"not_picked":["Eviscerate","Dodge and Roll","Acrobatics"],"picked":"SKIP","floor":13.0},{"not_picked":["Quick Slash","Sucker Punch"],"picked":"Bane","floor":14.0},{"not_picked":["Doppelganger","Glass Knife"],"picked":"Malaise","floor":16},{"not_picked":["Deflect","Concentrate","Distraction"],"picked":"SKIP","floor":18},{"not_picked":["PiercingWail+1","Sucker Punch","Quick Slash"],"picked":"SKIP","floor":19},{"not_picked":["Quick Slash","Poisoned Stab"],"picked":"Dagger Spray","floor":21},{"not_picked":["Dagger Throw","PiercingWail+1","Quick Slash"],"picked":"SKIP","floor":22},{"not_picked":["Night Terror","Dodge and Roll+1"],"picked":"Infinite Blades+1","floor":23},{"not_picked":["Tactician","Poisoned Stab+1","Underhanded Strike+1"],"picked":"SKIP","floor":27},{"not_picked":["Endless Agony","All Out Attack"],"picked":"Blur+1","floor":28},{"not_picked":["Well Laid Plans","Distraction+1","Sucker Punch+1"],"picked":"SKIP","floor":29},{"not_picked":["Concentrate","Finisher+1","Backflip+1"],"picked":"SKIP","floor":31},{"not_picked":["Corpse Explosion","Die Die Die"],"picked":"Envenom","floor":33},{"not_picked":["Dagger Throw"],"picked":"SKIP","floor":35},{"not_picked":[],"picked":"Deadly Poison+1","floor":38},{"not_picked":[],"picked":"Deadly Poison","floor":41},{"not_picked":["Blade Dance"],"picked":"SKIP","floor":42},{"not_picked":[],"picked":"Backflip","floor":44},{"not_picked":[],"picked":"Acrobatics+1","floor":45},{"not_picked":[],"picked":"Corpse Explosion","floor":48},{"not_picked":["Blade Dance+1"],"picked":"SKIP","floor":54}],"player_experience":683599,"relics_obtained":[{"floor":6.0,"key":"Bag of Preparation"},{"floor":8.0,"key":"Ancient Tea Set"},{"floor":9.0,"key":"PreservedInsect"},{"floor":11.0,"key":"Nunchaku"},{"floor":23,"key":"reliquary:BallBearing"},{"floor":26,"key":"StoneCalendar"},{"floor":27,"key":"Lizard Tail"},{"floor":29,"key":"Bird Faced Urn"},{"floor":42,"key":"reliquary:TuningFork"},{"floor":46,"key":"hexamod:CandleOfCauterizing"},{"floor":48,"key":"Darkstone Periapt"},{"floor":54,"key":"reliquary:PrincelyHelmet"}],"event_choices":[{"damage_healed":0.0,"max_hp_gain":0.0,"max_hp_loss":0.0,"gold_gain":0.0,"cards_transformed":["Defend_G"],"event_name":"Transmorgrifier","player_choice":"Transformed","floor":3.0,"gold_loss":0.0,"damage_taken":0.0,"cards_obtained":["Leg Sweep"]},{"damage_healed":0,"gold_gain":0,"player_choice":"Became a vampire","damage_taken":0,"max_hp_gain":0,"max_hp_loss":21,"event_name":"Vampires","floor":20,"gold_loss":0,"cards_obtained":["Bite","Bite","Bite","Bite","Bite"]},{"damage_healed":0,"gold_gain":0,"player_choice":"Got Potions","damage_taken":0,"max_hp_gain":0,"max_hp_loss":0,"event_name":"Lab","floor":36,"gold_loss":0},{"cards_removed":["Bite"],"damage_healed":0,"gold_gain":0,"player_choice":"Removed Attack","damage_taken":0,"max_hp_gain":0,"max_hp_loss":0,"event_name":"Falling","floor":39,"gold_loss":0}],"is_beta":false,"boss_relics":[{"not_picked":["WristBlade","Cursed Key"],"picked":"Coffee Dripper"},{"not_picked":["reliquary:Ember","Empty Cage"],"picked":"Busted Crown"}],"items_purged_floors":[25,37],"is_endless":false,"potions_floor_spawned":[2,4,12,13,16,22,23,33,35,48,54],"killed_by":"The Heart","ascension_level":5}}