{"host":"xltl1aroowo69o4n","time":1612841939,"event":{"mods":["BaseMod","Colored Map","Colored Powertips","Downfall","Marisa????????","Minty Spire (QoL Compilation)","Replay The Spire","StSLib","The Cursed","The Hierophant","The Mystic","The Necromancer","The Servant 0.9.4"],"gold_per_floor":[139,330,330,366,366,366,7,7,7,7,7,60,131,191,191,311,311,325,370,370,6,74,74,115,115,115,136,136,136,161,261,261,411,411,432,44,64,77,100,100,100,100,100],"floor_reached":42,"language":"ENG","playtime":2469,"items_purged":["Injury"],"score":471,"play_id":"e7273b0d-d4b0-4873-aa28-101988e17085","local_time":"20210208223859","is_ascension_mode":false,"campfire_choices":[{"data":"HandOfGreed","floor":6.0,"key":"SMITH"},{"data":"Prepared","floor":8.0,"key":"SMITH"},{"floor":15.0,"key":"REST"},{"floor":23.0,"key":"REST"},{"data":"The Bomb","floor":25.0,"key":"SMITH"},{"floor":28.0,"key":"REST"},{"floor":32,"key":"REST"},{"floor":40,"key":"REST"}],"circlet_count":0,"master_deck":["Strike_S","Strike_S","Strike_S","Strike_S","Defend_S","Defend_S+1","Defend_S+1","Exchange","HandOfGreed+1","MoonPhase","Starlight","Survivor","Starlight","The Bomb+1","Prepared+1","HandOfGreed+1","Duplication","Manipulate","TimeWarp","Embodiment","Defy","Ricochet","Rewind+1","Transmutation","Defy","Defy","Unruled","Revamp","Hightail+1","Defy","FlawlessForm","Defy","Mayhem","SilverBlades","FanOfKnives+1","champ:Duel","Parasite","Life Link+1","FairyDestructionRay+1","Wallop+1","Writhe"],"relics":["m_SnakeCloak","DollysMirror","Letter Opener","Dream Catcher","Golden Idol","Potion Belt","Oddly Smooth Stone","SplendidAttire","Membership Card","Replay:Accelerometer","TungstenRod","Empty Cage","MealTicket","War Paint","PrismaticShard"],"acts_visited":["Exordium","TheCity","TheBeyond"],"potions_floor_usage":[30,33,33,33,33,33,33,33,33,33,35,35,37,38,39,42],"damage_taken":[{"damage":1.0,"enemies":"Jaw Worm","floor":1.0,"turns":3.0},{"damage":2.0,"enemies":"2 Louse","floor":4.0,"turns":2.0},{"damage":3.0,"enemies":"Small Slimes","floor":13.0,"turns":3.0},{"damage":29.0,"enemies":"3 Sentries","floor":14.0,"turns":6.0},{"damage":43.0,"enemies":"Fading Forest","floor":16.0,"turns":11.0},{"damage":12.0,"enemies":"Shell Parasite","floor":18.0,"turns":5.0},{"damage":12.0,"enemies":"3 Byrds","floor":19.0,"turns":3.0},{"damage":12.0,"enemies":"Shelled Parasite and Fungi","floor":22.0,"turns":5.0},{"damage":3.0,"enemies":"Snecko","floor":24.0,"turns":5.0},{"damage":23.0,"enemies":"Snake Plant","floor":27.0,"turns":5.0},{"damage":2,"enemies":"Centurion and Healer","floor":30,"turns":3},{"damage":37,"enemies":"Champ","floor":33,"turns":15},{"damage":39,"enemies":"3 Darklings","floor":35,"turns":8},{"damage":6,"enemies":"Orb Walker","floor":37,"turns":4},{"damage":0,"enemies":"Writhing Mass","floor":38,"turns":9},{"damage":0,"enemies":"3 Darklings","floor":39,"turns":3},{"damage":63,"enemies":"Transient","floor":42,"turns":4}],"seed_played":"-7076752998941811551","potions_obtained":[{"floor":4.0,"key":"Elixir"},{"floor":16.0,"key":"Adrenaline Potion"},{"floor":18.0,"key":"Regen Potion"},{"floor":24.0,"key":"Strength Potion"},{"floor":27.0,"key":"ColorlessPotion"},{"floor":35,"key":"Dexterity Potion"},{"floor":37,"key":"SneckoOil"}],"is_trial":false,"path_per_floor":["M","?","?","M","?","R","$","R","T","?","?","T","M","E","R","B",null,"M","M","?","$","M","R","M","R","T","M","R","?","M","?","R","B",null,"M","$","M","M","M","R","?","M"],"character_chosen":"THE_SERVANT","items_purchased":["The Bomb","Prepared","DollysMirror","Membership Card","Rewind+1","Transmutation","ColorlessPotion","Mayhem","MealTicket","War Paint","PrismaticShard","SilverBlades","FanOfKnives+1"],"campfire_rested":5,"item_purchase_floors":[7,7,7,21,21,21,21,36,36,36,36,36,36],"current_hp_per_floor":[58,58,58,56,56,56,56,56,56,49,49,49,46,17,34,1,59,47,44,44,44,32,49,46,46,46,23,40,40,38,38,55,23,59,20,20,14,14,14,31,46,0,0],"gold":100,"neow_bonus":"RANDOM_COLORLESS_2","is_daily":false,"chose_seed":false,"campfire_upgraded":3,"win_rate":0.0,"timestamp":1612841939,"path_taken":["M","?","?","M","?","R","?","R","T","?","?","?","?","E","R","BOSS","M","M","?","$","M","R","M","R","T","M","R","?","M","?","R","BOSS","M","$","M","?","M","R","?","M"],"items_purchased_type":["Card","Card","Relic","Relic","Card","Card","Potion","Card","Relic","Relic","Relic","Card","Card"],"build_version":"2020-12-13","purchased_purges":1,"victory":false,"max_hp_per_floor":[59,59,59,59,59,59,59,59,59,59,59,59,59,59,59,59,59,59,59,59,59,59,59,59,59,59,59,59,59,59,59,59,59,59,59,59,59,59,59,59,59,59,59],"card_choices":[{"not_picked":["Secret Weapon","Sadistic Nature"],"picked":"HandOfGreed","floor":0.0},{"not_picked":["BottledTime","DualDimension"],"picked":"MoonPhase","floor":1.0},{"not_picked":["Snipe","BottledTime"],"picked":"Starlight","floor":2.0},{"not_picked":["StarChef","Replace"],"picked":"Starlight","floor":4.0},{"not_picked":["TimeWarp","FanOfKnives"],"picked":"Duplication","floor":13.0},{"not_picked":["Ricochet","Replace"],"picked":"Manipulate","floor":14.0},{"not_picked":["ShatteredReality","DoubleEdge"],"picked":"TimeWarp","floor":15.0},{"not_picked":["KillingDoll","Sunlight"],"picked":"Embodiment","floor":16.0},{"not_picked":["Rearm","DualDimension"],"picked":"Defy","floor":18.0},{"not_picked":["Replace","Alleviate+1"],"picked":"Ricochet","floor":19.0},{"not_picked":["Hightail","TimeWarp"],"picked":"Defy","floor":22.0},{"not_picked":["Moonlight","Starlight"],"picked":"Defy","floor":23.0},{"not_picked":["Rearm","Comet"],"picked":"Unruled","floor":24.0},{"not_picked":["Unruled","Foresight"],"picked":"Revamp","floor":27.0},{"not_picked":["Reset","WasteNot"],"picked":"Hightail+1","floor":28.0},{"not_picked":["Sunlight","Rearm"],"picked":"Defy","floor":30},{"not_picked":["Dilation","LightFlow"],"picked":"FlawlessForm","floor":33},{"not_picked":["Hightail","Starlight"],"picked":"Defy","floor":35},{"not_picked":["Impatience","TheCursedMod:Stretching"],"picked":"champ:Duel","floor":37},{"not_picked":["Pommel Strike","champ:CrownThrow"],"picked":"Life Link+1","floor":38},{"not_picked":["Defy Death","Slimebound:Chomp"],"picked":"FairyDestructionRay+1","floor":39},{"not_picked":["Blood_Curse","Guardian:Suspension"],"picked":"Wallop+1","floor":40}],"player_experience":157276,"relics_obtained":[{"floor":9.0,"key":"Letter Opener"},{"floor":12.0,"key":"Potion Belt"},{"floor":14.0,"key":"Oddly Smooth Stone"},{"floor":26.0,"key":"Replay:Accelerometer"}],"event_choices":[{"cards_removed":["ReplayTheSpireMod:Splinters"],"damage_healed":0.0,"max_hp_gain":0.0,"max_hp_loss":0.0,"gold_gain":0.0,"event_name":"Living Wall","player_choice":"Forget","floor":5.0,"gold_loss":0.0,"damage_taken":0.0},{"damage_healed":0.0,"max_hp_gain":0.0,"max_hp_loss":0.0,"gold_gain":0.0,"event_name":"Scrap Ooze","player_choice":"Success","floor":10.0,"gold_loss":0.0,"damage_taken":7.0,"relics_obtained":["Dream Catcher"]},{"damage_healed":0.0,"max_hp_gain":0.0,"max_hp_loss":0.0,"gold_gain":0.0,"event_name":"Golden Idol","player_choice":"Take Wound","floor":11.0,"gold_loss":0.0,"damage_taken":0.0,"relics_obtained":["Golden Idol"],"cards_obtained":["Injury"]},{"damage_healed":0.0,"max_hp_gain":0.0,"max_hp_loss":0.0,"gold_gain":0.0,"event_name":"Vampires","player_choice":"Ignored","floor":20.0,"gold_loss":0.0,"damage_taken":0.0},{"damage_healed":0,"gold_gain":0,"player_choice":"Opened","damage_taken":0,"relics_obtained":["TungstenRod"],"max_hp_gain":0,"max_hp_loss":0,"event_name":"The Mausoleum","floor":29,"gold_loss":0,"cards_obtained":["Writhe"]},{"damage_healed":0,"gold_gain":100,"player_choice":"Pray","damage_taken":0,"max_hp_gain":0,"max_hp_loss":0,"event_name":"Golden Shrine","floor":31,"gold_loss":0},{"damage_healed":15,"gold_gain":0,"player_choice":"Writhe","damage_taken":0,"max_hp_gain":0,"max_hp_loss":0,"event_name":"Winding Halls","floor":41,"gold_loss":0,"cards_obtained":["Writhe"]}],"is_beta":false,"boss_relics":[{"not_picked":["Replay:Bronze Core","Coffee Dripper"],"picked":"SplendidAttire"},{"not_picked":["Tiny House","Sozu"],"picked":"Empty Cage"}],"items_purged_floors":[21],"is_endless":false,"potions_floor_spawned":[4,16,18,24,27,35,37],"killed_by":"Transient","ascension_level":0}}