{"host":"ylc7rmysbrk5cxws","time":1612880271,"event":{"mods":["100% Spire Juice","ATMod(°¢èªMod)","Act Like it!","Arknights","BaseMod","Friendly Minions","Gensokyo","Koishi","Minty Spire (QoL Compilation)","Spicy Shops","StSLib","The Animator","The Construct","UnlockEverythingMod","Waifu the Spire","noobMod","¡¾¹¦ÄÜMod¡¿»ìãçÖ®»·ÐÞ¸´²¹¶¡"],"gold_per_floor":[128,155,172,172,204,204,233,139,139,139,139,104,116,136,136,253,253,265,34,54,254,185,185,134,150,150,163,163,163,163,201,201,297,297,313,15,115,135,147,147,158,0,0,20,34,50,50,83,83,83,83,83,474,524,579,649,893,4,79,159,159,159,272,272,122,122,237,237,258],"floor_reached":70,"language":"ZHS","playtime":4577,"items_purged":[],"score":1119,"play_id":"e80b18d8-571b-414d-bd3f-2c64f323d904","local_time":"20210209221751","is_ascension_mode":false,"campfire_choices":[{"floor":6.0,"key":"REST"},{"floor":11.0,"key":"REST"},{"data":"animator:DolaStephanie","floor":15.0,"key":"SMITH"},{"data":"animator:Wiz","floor":23.0,"key":"SMITH"},{"data":"animator:Saitama","floor":28.0,"key":"SMITH"},{"floor":30.0,"key":"REST"},{"floor":32.0,"key":"REST"},{"data":"animator:Wiz","floor":40.0,"key":"SMITH"},{"floor":49.0,"key":"RECALL"},{"data":"AT_EmpoweredMortalDraw","floor":52.0,"key":"SMITH"},{"data":"animator:Saitama","floor":62.0,"key":"SMITH"},{"data":"animator:Megumin+22","floor":66.0,"key":"SMITH"},{"data":"animator:Megumin+26","floor":68.0,"key":"SMITH"}],"circlet_count":0,"master_deck":["animator:Strike_Konosuba+1","animator:Defend_Konosuba+1","animator:Kazuma+1","animator:Aqua+1","animator:Hans+1","AT_EmpoweredMortalDraw+1","animator:EmiyaShirou+1","animator:Verdia+1","animator:Megumin+28","animator:YunYun+1","animator:Wiz+1","animator:Strike_GoblinSlayer+1","animator:Strike_Fate+1","animator:Strike_TenSura+1","animator:Defend_TenSura+1","animator:Defend_OwariNoSeraph+1","animator:Defend_NoGameNoLife+1","animator:KyokoSakura+1","animator:DolaStephanie+1","animator:Saitama+1","animator:Darkness+1","animator:MumenRider+1","animator:MetalKnight+1","animator:Darkness+1","animator:Saitama+1","animator:Vanir+1","animator:Wiz+1","animator:Darkness+1","animator:Aqua+1","animator:Darkness+1","animator:Hans+1"],"relics":["animator:TheWolleyCore","animator:AncientMedallion"],"acts_visited":["Exordium","TheCity","TheBeyond","TheEnding","EYB:TheUnnamedReign"],"potions_floor_usage":[],"damage_taken":[{"damage":3.0,"enemies":"ats:Genji","floor":1.0,"turns":4.0},{"damage":0.0,"enemies":"2 Louse","floor":2.0,"turns":1.0},{"damage":4.0,"enemies":"Cultist","floor":3.0,"turns":3.0},{"damage":13.0,"enemies":"Large Slime","floor":5.0,"turns":10.0},{"damage":28.0,"enemies":"Gremlin Nob","floor":7.0,"turns":4.0},{"damage":6.0,"enemies":"Lots of Slimes","floor":13.0,"turns":2.0},{"damage":4.0,"enemies":"Exordium Wildlife","floor":14.0,"turns":3.0},{"damage":22.0,"enemies":"Slime Boss","floor":16.0,"turns":10.0},{"damage":23.0,"enemies":"2 Thieves","floor":18.0,"turns":3.0},{"damage":6.0,"enemies":"Chosen","floor":20.0,"turns":3.0},{"damage":7.0,"enemies":"Snecko","floor":25.0,"turns":3.0},{"damage":16.0,"enemies":"Shelled Parasite and Fungi","floor":27.0,"turns":2.0},{"damage":23.0,"enemies":"Centurion and Healer","floor":31.0,"turns":5.0},{"damage":63.0,"enemies":"Automaton","floor":33.0,"turns":10.0},{"damage":16.0,"enemies":"Orb Walker","floor":35.0,"turns":3.0},{"damage":8.0,"enemies":"3 Shapes","floor":38.0,"turns":2.0},{"damage":34.0,"enemies":"Writhing Mass","floor":39.0,"turns":4.0},{"damage":0.0,"enemies":"Jaw Worm Horde","floor":41.0,"turns":1.0},{"damage":0.0,"enemies":"Sphere and 2 Shapes","floor":44.0,"turns":1.0},{"damage":30.0,"enemies":"Writhing Mass","floor":45.0,"turns":3.0},{"damage":19.0,"enemies":"Maw","floor":46.0,"turns":6.0},{"damage":131.0,"enemies":"Nemesis","floor":48.0,"turns":7.0},{"damage":65.0,"enemies":"Donu and Deca","floor":50.0,"turns":5.0},{"damage":0.0,"enemies":"animator:UNNAMED_HAT","floor":54.0,"turns":7.0},{"damage":0.0,"enemies":"animator:UNNAMED_CULTIST_1","floor":55.0,"turns":6.0},{"damage":78.0,"enemies":"animator:TRIPLE_LAGAVULIN","floor":59.0,"turns":6.0},{"damage":41.0,"enemies":"animator:UNNAMED_CULTIST_2","floor":60.0,"turns":7.0},{"damage":735.0,"enemies":"animator:ULTIMATE_CRYSTAL","floor":63.0,"turns":21.0},{"damage":22.0,"enemies":"animator:ULTIMATE_WISP","floor":67.0,"turns":6.0}],"seed_played":"8895454306249074438","potions_obtained":[{"floor":3.0,"key":"Ancient Potion"},{"floor":13.0,"key":"Dexterity Potion"},{"floor":14.0,"key":"Fruit Juice"},{"floor":16.0,"key":"Block Potion"},{"floor":18.0,"key":"DuplicationPotion"},{"floor":33.0,"key":"FairyPotion"},{"floor":35.0,"key":"Energy Potion"},{"floor":41.0,"key":"Explosive Potion"},{"floor":54.0,"key":"animator:FalseLifePotion"},{"floor":55.0,"key":"animator:FalseLifePotion"},{"floor":59.0,"key":"animator:FalseLifePotion"}],"is_trial":false,"path_per_floor":["M","M","M","?","M","R","E","?","T","T","R","?","M","M","R","B",null,"M","$","M","?","$","R","$","M","T","M","R","?","R","M","R","B",null,"M","$","?","M","M","R","M","?","T","M","M","M","$","E","R","B",null,"R","??","M","M","T","?","$","M","M","?","R","E","T","?","R","E","R","B",null],"character_chosen":"THE_ANIMATOR","items_purchased":["animator:Darkness","animator:ShionDessert","animator:MetalKnight","animator:Darkness","AT_ImmortalShieldbow","animator:Darkness","animator:AncientMedallion","animator:AncientMedallion","animator:AncientMedallion","animator:AncientMedallion"],"campfire_rested":4,"item_purchase_floors":[19,19,22,24,36,36,58,58,58,58],"current_hp_per_floor":[63,63,62,44,33,53,28,28,28,28,48,65,61,59,59,44,73,52,52,49,49,49,49,49,42,42,26,26,26,48,27,49,13,74,60,60,60,54,48,48,48,48,48,48,34,56,56,74,74,74,74,74,98,98,98,98,98,98,98,98,98,98,98,98,98,98,98,98,98],"gold":258,"neow_bonus":"ONE_RANDOM_RARE_CARD","is_daily":false,"chose_seed":false,"campfire_upgraded":8,"win_rate":0.0,"timestamp":1612880271,"path_taken":["M","M","M","?","M","R","E","?","T","?","R","?","M","M","R","BOSS","M","$","M","?","$","R","$","M","T","?","R","?","R","?","R","BOSS","M","$","?","M","M","R","?","?","T","M","M","M","$","E","R","BOSS","R","??","M","M","T","?","$","M","M","?","R","E","T","?","R","E","R","BOSS"],"items_purchased_type":["Card","Relic","Card","Card","Relic","Card","Relic","Relic","Relic","Relic"],"build_version":"2020-12-22","purchased_purges":0,"victory":true,"max_hp_per_floor":[66,66,67,67,67,67,68,68,68,68,68,68,68,68,68,73,73,73,73,74,74,74,74,74,74,74,74,74,74,74,74,74,74,74,74,74,74,74,74,74,74,74,74,74,74,74,74,74,74,74,74,74,98,98,98,98,98,98,98,98,98,98,98,98,98,98,98,98,98],"card_choices":[{"not_picked":["animator:OrikoMikuni","animator:IrohaTamaki"],"picked":"animator:EmiyaShirou","floor":1.0},{"not_picked":["animator:Rider","animator:ChlammyZell"],"picked":"animator:Verdia","floor":2.0},{"not_picked":["animator:Darkness","animator:MamiTomoe"],"picked":"animator:Megumin","floor":3.0},{"not_picked":["animator:Vanir","animator:Mitsurugi"],"picked":"animator:YunYun","floor":5.0},{"not_picked":["animator:Jibril","animator:DolaSchwi"],"picked":"animator:Wiz","floor":7.0},{"not_picked":["animator:OrikoMikuni","animator:Caster"],"picked":"animator:KyokoSakura","floor":13.0},{"not_picked":["animator:DolaRiku","animator:DolaSchwi"],"picked":"animator:DolaStephanie","floor":14.0},{"not_picked":["animator:Sora","animator:Eris"],"picked":"animator:Saitama","floor":16.0},{"not_picked":["animator:Alexander","animator:Megumin"],"picked":"animator:MumenRider","floor":20.0},{"not_picked":["animator:Illya","animator:DolaCouronne","animator:Shion+1"],"picked":"SKIP","floor":25.0},{"not_picked":["animator:Demiurge","animator:RinTohsaka"],"picked":"animator:Saitama","floor":27.0},{"not_picked":["animator:Megumin","animator:Kazuma"],"picked":"animator:Vanir","floor":31.0},{"not_picked":["animator:Hans","animator:Saitama"],"picked":"animator:Wiz","floor":33.0},{"not_picked":["animator:DolaCouronne+1"],"picked":"SKIP","floor":35.0},{"not_picked":["animator:DolaSchwi"],"picked":"SKIP","floor":38.0},{"not_picked":["animator:PandorasActor+1"],"picked":"SKIP","floor":39.0},{"not_picked":["animator:Shuna"],"picked":"SKIP","floor":44.0},{"not_picked":["animator:SakuraMatou+1"],"picked":"SKIP","floor":45.0},{"not_picked":["animator:FielNirvalen+1"],"picked":"SKIP","floor":46.0},{"not_picked":[],"picked":"animator:Aqua","floor":48.0},{"not_picked":["animator:Genos","animator:MetalKnight","animator:Tatsumaki"],"picked":"SKIP","floor":54.0},{"not_picked":["animator:NagisaMomoe","animator:Cocytus","animator:EmiyaShirou"],"picked":"SKIP","floor":55.0},{"not_picked":["animator:Archer","animator:Tatsumaki","animator:Rimuru"],"picked":"SKIP","floor":59.0},{"not_picked":["animator:Kazuma","animator:Assassin"],"picked":"animator:Darkness","floor":60.0},{"not_picked":["animator:SakuraMatou","animator:Sonic+1","animator:SuzuneAmano"],"picked":"SKIP","floor":63.0},{"not_picked":["animator:Albedo+1","animator:Boros+1"],"picked":"animator:Hans+1","floor":65.0},{"not_picked":["animator:NagisaMomoe","animator:DolaCouronne","animator:EmiyaShirou"],"picked":"SKIP","floor":67.0}],"player_experience":81832,"relics_obtained":[{"floor":7.0,"key":"Whetstone"},{"floor":10.0,"key":"Gambling Chip"},{"floor":26.0,"key":"Pantograph"},{"floor":43.0,"key":"Sundial"},{"floor":48.0,"key":"Mercury Hourglass"},{"floor":53.0,"key":"animator:TheWolleyCore"},{"floor":53.0,"key":"animator:AncientMedallion"},{"floor":56.0,"key":"animator:AncientMedallion"},{"floor":63.0,"key":"animator:AncientMedallion"},{"floor":64.0,"key":"animator:AncientMedallion"},{"floor":67.0,"key":"animator:AncientMedallion"}],"event_choices":[{"damage_healed":0.0,"max_hp_gain":0.0,"max_hp_loss":0.0,"gold_gain":0.0,"event_name":"Scrap Ooze","player_choice":"Success","floor":4.0,"gold_loss":0.0,"damage_taken":18.0,"relics_obtained":["Red Skull"]},{"damage_healed":17.0,"max_hp_gain":0.0,"max_hp_loss":0.0,"gold_gain":0.0,"event_name":"The Cleric","player_choice":"Healed","floor":12.0,"gold_loss":35.0,"damage_taken":0.0},{"damage_healed":0.0,"max_hp_gain":0.0,"max_hp_loss":0.0,"gold_gain":250.0,"event_name":"The Joust","player_choice":"Bet on Owner","floor":21.0,"gold_loss":50.0,"damage_taken":0.0},{"damage_healed":0.0,"max_hp_gain":0.0,"max_hp_loss":0.0,"gold_gain":0.0,"event_name":"Upgrade Shrine","player_choice":"Upgraded","floor":29.0,"gold_loss":0.0,"damage_taken":0.0,"cards_upgraded":["animator:Saitama"]},{"damage_healed":0.0,"max_hp_gain":0.0,"max_hp_loss":0.0,"gold_gain":100.0,"event_name":"Golden Shrine","player_choice":"Pray","floor":37.0,"gold_loss":0.0,"damage_taken":0.0},{"damage_healed":0.0,"max_hp_gain":0.0,"max_hp_loss":0.0,"gold_gain":0.0,"event_name":"Tomb of Lord Red Mask","player_choice":"Paid","floor":42.0,"gold_loss":158.0,"damage_taken":0.0,"relics_obtained":["Red Mask"]},{"damage_healed":0.0,"max_hp_gain":0.0,"max_hp_loss":0.0,"gold_gain":0.0,"event_name":"SensoryStone","player_choice":"Memory 1","floor":61.0,"gold_loss":0.0,"damage_taken":0.0}],"is_beta":false,"boss_relics":[{"not_picked":["Philosopher\u0027s Stone","Mark of Pain"],"picked":"SacredBark"},{"not_picked":["Fusion Hammer","SlaversCollar"],"picked":"Busted Crown"}],"items_purged_floors":[],"is_endless":false,"potions_floor_spawned":[3,13,14,16,18,25,33,35,38,41,59,63,67],"ascension_level":0}}