{"host":"dh4nu8nelr2izibb","time":1612836556,"event":{"mods":["100% Spire Juice","BaseMod","Card Forge","Displayed Cursed Tome","HololiveMod","Marisa????????","Minty Spire (QoL Compilation)","Poor People Problems","Puzzle Mod","Quick Restart","Relic Filter","StSLib","The Marked","The Servant 0.9.4","WarShipGirlsR/????R mod","Yakumo Yukari mod"],"gold_per_floor":[218,34,53,63,63,63,63,132,156,175,192,192,222,242,242,316,316,334,334,334,348,365,365,380,396,396,396,396],"floor_reached":27,"language":"ENG","playtime":905,"items_purged":["Defend_G"],"score":534,"play_id":"57340696-b476-439d-a05a-04f7eaa70c62","local_time":"20210208210916","is_ascension_mode":true,"campfire_choices":[{"data":"Dagger Spray","floor":6.0,"key":"SMITH"},{"data":"Eviscerate","floor":12.0,"key":"SMITH"},{"floor":15.0,"key":"REST"},{"data":"Acrobatics","floor":23,"key":"SMITH"}],"circlet_count":0,"master_deck":["AscendersBane","Strike_G","Strike_G","Defend_G","Defend_G+1","Defend_G+1","Survivor","Neutralize+1","Eviscerate+1","Deflect","Cloak And Dagger+1","Dagger Spray+1","Predator","Acrobatics+1","Dagger Throw","Infinite Blades","Blade Dance","Adrenaline","Prepared","PiercingWail","Acrobatics"],"relics":["Ring of the Snake","Hammer of Thor","Seething Fire","Anvil of the Gods","War Paint","Hololive_LightStick","SacredBark","Prayer Wheel"],"acts_visited":["Exordium","TheCity"],"potions_floor_usage":[18,27,27],"damage_taken":[{"damage":0.0,"enemies":"2 Louse","floor":1.0,"turns":4.0},{"damage":0.0,"enemies":"Cultist","floor":3.0,"turns":3.0},{"damage":2.0,"enemies":"Jaw Worm","floor":4.0,"turns":4.0},{"damage":0.0,"enemies":"Exordium Wildlife","floor":10.0,"turns":3.0},{"damage":5.0,"enemies":"3 Louse","floor":11.0,"turns":3.0},{"damage":40.0,"enemies":"Lagavulin","floor":13.0,"turns":8.0},{"damage":0.0,"enemies":"Large Slime","floor":14.0,"turns":3.0},{"damage":0.0,"enemies":"Slime Boss","floor":16.0,"turns":6.0},{"damage":0,"enemies":"Chosen","floor":18,"turns":2},{"damage":0,"enemies":"2 Thieves","floor":21,"turns":2},{"damage":0,"enemies":"Chosen and Byrds","floor":22,"turns":6},{"damage":6,"enemies":"Snecko","floor":24,"turns":5},{"damage":0,"enemies":"Centurion and Healer","floor":25,"turns":5},{"damage":52,"enemies":"Gremlin Leader","floor":27,"turns":8}],"seed_played":"8989926154663426956","potions_obtained":[{"floor":3.0,"key":"CultistPotion"},{"floor":13.0,"key":"BlessingOfTheForge"},{"floor":14.0,"key":"Explosive Potion"},{"floor":16.0,"key":"FearPotion"},{"floor":21,"key":"Weak Potion"},{"floor":25,"key":"Swift Potion"}],"is_trial":false,"path_per_floor":["M","$","M","M","?","R","$","?","T","M","M","R","E","M","R","B",null,"M","?","?","M","M","R","M","M","T","E"],"character_chosen":"THE_SILENT","items_purchased":["Deflect","Cloak And Dagger"],"campfire_rested":1,"item_purchase_floors":[2,2],"current_hp_per_floor":[59,59,59,57,57,57,57,57,57,57,52,52,12,12,31,31,57,57,57,57,57,57,57,51,51,51,0,0],"gold":396,"neow_bonus":"HUNDRED_GOLD","is_daily":false,"chose_seed":false,"campfire_upgraded":3,"win_rate":0.0,"timestamp":1612836556,"path_taken":["M","$","M","M","?","R","?","?","T","M","M","R","E","M","R","BOSS","M","?","?","?","M","R","M","M","T","E"],"items_purchased_type":["Card","Card"],"build_version":"2020-12-22","purchased_purges":1,"victory":false,"max_hp_per_floor":[66,66,66,66,66,66,66,66,66,66,66,66,66,66,66,66,66,66,66,66,66,66,66,66,66,66,66,66],"card_choices":[{"not_picked":["Prepared","Noxious Fumes"],"picked":"Eviscerate","floor":1.0},{"not_picked":["Cloak And Dagger","Poisoned Stab"],"picked":"Dagger Spray","floor":3.0},{"not_picked":["Deadly Poison","Dagger Spray"],"picked":"Predator","floor":4.0},{"not_picked":["Blade Dance","Slice"],"picked":"Acrobatics","floor":10.0},{"not_picked":["Distraction","Bane"],"picked":"Dagger Throw","floor":11.0},{"not_picked":["Poisoned Stab","Bouncing Flask"],"picked":"Infinite Blades","floor":13.0},{"not_picked":["Outmaneuver","Predator"],"picked":"Blade Dance","floor":14.0},{"not_picked":["Corpse Explosion","After Image"],"picked":"Adrenaline","floor":16.0},{"not_picked":["Bane","Slice"],"picked":"Prepared","floor":18},{"not_picked":["Slice","Dagger Spray"],"picked":"PiercingWail","floor":21},{"not_picked":["PiercingWail","Bane","Poisoned Stab"],"picked":"SKIP","floor":22},{"not_picked":["Noxious Fumes","Dagger Spray","Dodge and Roll"],"picked":"SKIP","floor":24},{"not_picked":["Dodge and Roll","Setup+1"],"picked":"Acrobatics","floor":25}],"player_experience":1151828,"relics_obtained":[{"floor":9.0,"key":"War Paint"},{"floor":13.0,"key":"Hololive_LightStick"},{"floor":26,"key":"Prayer Wheel"}],"event_choices":[{"cards_removed":["Strike_G"],"damage_healed":0.0,"max_hp_gain":0.0,"max_hp_loss":0.0,"gold_gain":0.0,"event_name":"Bonfire Elementals","player_choice":"Offered Basic","floor":5.0,"gold_loss":0.0,"damage_taken":0.0},{"damage_healed":0.0,"max_hp_gain":0.0,"max_hp_loss":0.0,"gold_gain":69.0,"event_name":"Golden Wing","player_choice":"Gained Gold","floor":8.0,"gold_loss":0.0,"damage_taken":0.0},{"cards_removed":["Strike_G"],"damage_healed":0,"gold_gain":0,"player_choice":"Elegance","damage_taken":0,"max_hp_gain":0,"max_hp_loss":0,"event_name":"Back to Basics","floor":19,"gold_loss":0},{"damage_healed":0,"gold_gain":0,"player_choice":"Ignored","damage_taken":0,"max_hp_gain":0,"max_hp_loss":0,"event_name":"Beggar","floor":20,"gold_loss":0}],"is_beta":false,"boss_relics":[{"not_picked":["Black Star","Runic Pyramid"],"picked":"SacredBark"}],"items_purged_floors":[2],"is_endless":false,"potions_floor_spawned":[3,13,14,16,21,25],"killed_by":"Gremlin Leader","ascension_level":20}}