{"host":"vlqej45p0v31lhdi","time":1612837583,"event":{"mods":["AchievementEnabler","BaseMod","Bestiary","Colored Powertips","Minty Spire (QoL Compilation)","Relic Stats"],"gold_per_floor":[117,136,211,221,107,132,132,132,179,36,71,71,85,85,85,184,184,204,204,204,219,230,230,262,274,334,346,346],"floor_reached":27,"language":"ENG","playtime":1380,"items_purged":[],"score":390,"play_id":"86f23af3-90e7-4cc3-abb1-ba208fb8c04c","local_time":"20210208202623","is_ascension_mode":true,"campfire_choices":[{"data":"Loop","floor":8.0,"key":"SMITH"},{"data":"Coolheaded","floor":12.0,"key":"SMITH"},{"floor":15.0,"key":"REST"},{"data":"Go for the Eyes","floor":23.0,"key":"SMITH"},{"data":"Defragment","floor":25.0,"key":"SMITH"}],"circlet_count":0,"master_deck":["Strike_B","Defend_B","Defend_B","Defend_B","Defend_B","Zap","Dualcast","Machine Learning","Leap","Go for the Eyes+1","Coolheaded+1","Loop+1","Sweeping Beam","Compile Driver","Heatsinks","Melter","Recycle+1","Biased Cognition+1","Core Surge","Beam Cell+1","Hologram+1","Gash","Coolheaded+1","Defragment+1","Regret"],"relics":["Cracked Core","MealTicket","Oddly Smooth Stone","Toxic Egg 2","Cursed Key","MawBank"],"acts_visited":["Exordium","TheCity"],"potions_floor_usage":[27],"damage_taken":[{"damage":7.0,"enemies":"Small Slimes","floor":1.0,"turns":3.0},{"damage":0.0,"enemies":"Cultist","floor":2.0,"turns":4.0},{"damage":0.0,"enemies":"2 Louse","floor":4.0,"turns":2.0},{"damage":10.0,"enemies":"3 Sentries","floor":6.0,"turns":8.0},{"damage":9.0,"enemies":"Lagavulin","floor":11.0,"turns":8.0},{"damage":9.0,"enemies":"Exordium Thugs","floor":13.0,"turns":4.0},{"damage":0.0,"enemies":"Slime Boss","floor":16.0,"turns":9.0},{"damage":5.0,"enemies":"Spheric Guardian","floor":18.0,"turns":3.0},{"damage":9.0,"enemies":"2 Thieves","floor":21.0,"turns":4.0},{"damage":0.0,"enemies":"Snecko","floor":22.0,"turns":3.0},{"damage":34.0,"enemies":"Slavers","floor":24.0,"turns":7.0},{"damage":22,"enemies":"Book of Stabbing","floor":27,"turns":2}],"seed_played":"4571663806266359410","potions_obtained":[{"floor":2.0,"key":"FocusPotion"},{"floor":11.0,"key":"Explosive Potion"},{"floor":13.0,"key":"BlessingOfTheForge"},{"floor":22.0,"key":"Fire Potion"},{"floor":24.0,"key":"SkillPotion"}],"is_trial":false,"path_per_floor":["M","M","?","M","$","E","?","R","T","$","E","R","M","?","R","B",null,"M","?","?","M","M","R","E","R","T","E"],"character_chosen":"DEFECT","items_purchased":["Loop","Sweeping Beam","Heatsinks","Melter"],"campfire_rested":1,"item_purchase_floors":[5,5,10,10],"current_hp_per_floor":[61,61,55,55,55,45,45,45,45,60,51,51,42,42,62,62,67,62,62,62,53,53,53,19,19,19,0,0],"gold":346,"neow_bonus":"THREE_RARE_CARDS","is_daily":false,"chose_seed":false,"campfire_upgraded":4,"win_rate":0.0,"timestamp":1612837583,"path_taken":["M","M","?","?","$","E","?","R","T","?","E","R","?","?","R","BOSS","M","?","?","M","M","R","E","R","T","E"],"items_purchased_type":["Card","Card","Card","Card"],"build_version":"2020-12-22","purchased_purges":0,"victory":false,"max_hp_per_floor":[68,68,68,68,68,68,68,68,68,68,68,68,68,68,68,68,68,68,68,68,68,68,68,68,68,68,68,68],"relic_stats":{"counters":[12,56],"MealTicket":15,"Cursed Key":1,"MawBank":36,"obtain_stats":[{"Oddly Smooth Stone":9,"MealTicket":6,"Toxic Egg 2":11,"Cracked Core":0,"Cursed Key":17,"MawBank":24},{"Oddly Smooth Stone":4,"MealTicket":4,"Toxic Egg 2":5,"Cracked Core":0,"Cursed Key":7,"MawBank":11},{"Oddly Smooth Stone":17,"MealTicket":17,"Toxic Egg 2":25,"Cracked Core":0,"Cursed Key":38,"MawBank":54}]},"card_choices":[{"not_picked":["Multi-Cast","Fission"],"picked":"Machine Learning","floor":0.0},{"not_picked":["Stack","Redo"],"picked":"Leap","floor":1.0},{"not_picked":["Steam","Sunder"],"picked":"Go for the Eyes","floor":2.0},{"not_picked":["Barrage","Fusion"],"picked":"Coolheaded","floor":4.0},{"not_picked":["Gash","FTL"],"picked":"Compile Driver","floor":6.0},{"not_picked":["Cold Snap","Skim+1"],"picked":"Recycle+1","floor":11.0},{"not_picked":["Ball Lightning","Coolheaded+1"],"picked":"Biased Cognition","floor":13.0},{"not_picked":["Amplify+1","Electrodynamics"],"picked":"Core Surge","floor":16.0},{"not_picked":["Gash","Rebound"],"picked":"Beam Cell+1","floor":18.0},{"not_picked":["Streamline+1","Turbo+1"],"picked":"Coolheaded+1","floor":21.0},{"not_picked":["Chaos+1","Rebound","Tempest+1"],"picked":"SKIP","floor":22.0},{"not_picked":["Darkness+1","Aggregate+1"],"picked":"Defragment","floor":24.0}],"player_experience":2493496,"relics_obtained":[{"floor":6.0,"key":"MealTicket"},{"floor":9.0,"key":"Oddly Smooth Stone"},{"floor":11.0,"key":"Toxic Egg 2"},{"floor":24.0,"key":"MawBank"}],"event_choices":[{"damage_healed":0.0,"max_hp_gain":0.0,"max_hp_loss":0.0,"gold_gain":75.0,"event_name":"FaceTrader","player_choice":"Touch","floor":3.0,"gold_loss":0.0,"damage_taken":6.0},{"cards_removed":["Strike_B"],"damage_healed":0.0,"max_hp_gain":0.0,"max_hp_loss":0.0,"gold_gain":0.0,"event_name":"Purifier","player_choice":"Purged","floor":7.0,"gold_loss":0.0,"damage_taken":0.0},{"damage_healed":0.0,"max_hp_gain":0.0,"max_hp_loss":0.0,"gold_gain":0.0,"event_name":"Upgrade Shrine","player_choice":"Upgraded","floor":14.0,"gold_loss":0.0,"damage_taken":0.0,"cards_upgraded":["Biased Cognition"]},{"damage_healed":0.0,"max_hp_gain":0.0,"max_hp_loss":0.0,"gold_gain":0.0,"cards_transformed":["Strike_B","Strike_B"],"event_name":"Drug Dealer","player_choice":"Became Test Subject","floor":19.0,"gold_loss":0.0,"damage_taken":0.0,"cards_obtained":["Hologram","Gash"]},{"damage_healed":0.0,"max_hp_gain":0.0,"max_hp_loss":0.0,"gold_gain":0.0,"event_name":"Vampires","player_choice":"Ignored","floor":20.0,"gold_loss":0.0,"damage_taken":0.0}],"is_beta":false,"boss_relics":[{"not_picked":["Velvet Choker","Tiny House"],"picked":"Cursed Key"}],"items_purged_floors":[],"is_endless":false,"potions_floor_spawned":[2,11,13,22,24],"killed_by":"Book of Stabbing","ascension_level":7}}