{"host":"xub9x5qyeglziwrr","time":1613618896,"event":{"mods":["Act Like it!","BaseMod","Colored Map","Duelist Mod","GifTheSpireLib","Minty Spire (QoL Compilation)","Pale of the Ancients","Permanent Neow","Rare Cards Sparkle","Relic Filter","StSLib","SuperFastMode"],"gold_per_floor":[145,163,163,107,119,119,119,137,163,49,84,84,94,107,107,179,179,190,202,216,216,231,231,231],"floor_reached":23,"language":"ENG","playtime":2950,"items_purged":[],"score":510,"play_id":"9d795d99-0d55-49ae-a239-c367f3a53b33","local_time":"20210217192816","is_ascension_mode":true,"campfire_choices":[{"data":"theDuelist:Geargiauger","floor":7.0,"key":"SMITH"},{"data":"theDuelist:BreakDraw","floor":12.0,"key":"SMITH"},{"data":"theDuelist:SeismicShockwave","floor":15.0,"key":"SMITH"}],"circlet_count":0,"master_deck":["AscendersBane","theDuelist:Biofalcon+1","theDuelist:CastleWalls","theDuelist:Deskbot004","theDuelist:Deskbot004","theDuelist:Deskbot005","theDuelist:Deskbot005","theDuelist:GreenGadget","theDuelist:Sparks","theDuelist:Sparks","theDuelist:PineappleBlast","theDuelist:CyberRaider","theDuelist:GadgetSoldier","theDuelist:Geargiauger+1","theDuelist:DoubleTool","theDuelist:ChaosAncientGearGiant","theDuelist:BreakDraw+1","theDuelist:Biofalcon","theDuelist:GearGigant","theDuelist:SeismicShockwave+1","theDuelist:Shekhinaga","theDuelist:AnubisToken","theDuelist:BlastingFuse","theDuelist:CyberneticFusion"],"relics":["theDuelist:MillenniumPuzzle","theDuelist:ChallengePuzzle","theDuelist:CardPoolRelic","theDuelist:CardPoolBasicRelic","theDuelist:BoosterPackPoolRelic","theDuelist:CardPoolAddRelic","theDuelist:CardPoolMinusRelic","theDuelist:CardPoolSaveRelic","theDuelist:CardPoolOptionsRelic","theDuelist:DuelistTeaSet","Blue Candle","Velvet Choker"],"acts_visited":["Exordium","TheCity"],"potions_floor_usage":[20,22,22,23],"damage_taken":[{"damage":6.0,"enemies":"Jaw Worm","floor":1.0,"turns":5.0},{"damage":0.0,"enemies":"Cultist","floor":2.0,"turns":3.0},{"damage":0.0,"enemies":"2 Louse","floor":5.0,"turns":2.0},{"damage":0.0,"enemies":"Lagavulin","floor":6.0,"turns":2.0},{"damage":9.0,"enemies":"Blue Slaver","floor":8.0,"turns":3.0},{"damage":13.0,"enemies":"Gremlin Nob","floor":11.0,"turns":4.0},{"damage":5.0,"enemies":"Looter","floor":13.0,"turns":2.0},{"damage":0.0,"enemies":"2 Fungi Beasts","floor":14.0,"turns":1.0},{"damage":0.0,"enemies":"Slime Boss","floor":16.0,"turns":5.0},{"damage":5,"enemies":"Spheric Guardian","floor":18,"turns":3},{"damage":15,"enemies":"3 Byrds","floor":19,"turns":4},{"damage":0,"enemies":"Cultist and Chosen","floor":20,"turns":4},{"damage":5,"enemies":"Shelled Parasite and Fungi","floor":22,"turns":2},{"damage":41,"enemies":"Book of Stabbing","floor":23,"turns":2}],"seed_played":"-4598979739647268678","potions_obtained":[{"floor":1.0,"key":"PowerPotion"},{"floor":2.0,"key":"SmokeBomb"},{"floor":8.0,"key":"Weak Potion"},{"floor":14.0,"key":"theDuelist:TokenPotion"},{"floor":16.0,"key":"FearPotion"},{"floor":18,"key":"FearPotion"},{"floor":20,"key":"theDuelist:TokenPotion"},{"floor":22,"key":"theDuelist:TokenPotion"}],"is_trial":false,"path_per_floor":["M","M","?","$","M","E","R","M","T","$","E","R","M","M","R","B",null,"M","M","M","?","M","E"],"character_chosen":"THE_DUELIST","items_purchased":["AttackPotion","theDuelist:ChaosAncientGearGiant","theDuelist:BreakDraw"],"campfire_rested":0,"item_purchase_floors":[4,10,10],"current_hp_per_floor":[57,57,57,57,57,57,57,48,48,48,35,35,30,30,30,30,60,55,40,40,40,35,0,0],"gold":231,"neow_bonus":"UPGRADE_CARD","is_daily":false,"chose_seed":false,"campfire_upgraded":3,"win_rate":0.0,"timestamp":1613618896,"path_taken":["M","M","?","?","M","E","R","M","T","$","E","R","M","M","R","BOSS","M","M","M","?","M","E"],"items_purchased_type":["Potion","Card","Card"],"build_version":"2020-12-22","purchased_purges":0,"victory":false,"max_hp_per_floor":[70,70,70,70,70,70,70,70,70,70,70,70,70,70,70,70,70,70,70,70,70,70,70,70],"card_choices":[{"not_picked":["theDuelist:SteamTrainKing","theDuelist:SevenCompleted"],"picked":"theDuelist:PineappleBlast","floor":1.0},{"not_picked":["theDuelist:Deskbot004","theDuelist:CannonSoldier","theDuelist:Deskbot005","theDuelist:Biofalcon"],"picked":"theDuelist:CyberRaider","floor":2.0},{"not_picked":["theDuelist:GenexAllyBirdman","theDuelist:YellowGadget","theDuelist:JunkKuriboh","theDuelist:HeavyMechSupportArmor"],"picked":"theDuelist:Geargiauger","floor":5.0},{"not_picked":["theDuelist:Deskbot004","theDuelist:ScrapIronScarecrow","theDuelist:FrontlineObserver","theDuelist:DarkFactory"],"picked":"theDuelist:DoubleTool","floor":8.0},{"not_picked":["theDuelist:AncientGearBox","theDuelist:GenexAllyBirdman","theDuelist:Factory100Machines","theDuelist:YellowGadget"],"picked":"theDuelist:Biofalcon","floor":11.0},{"not_picked":["theDuelist:DoubleTool","theDuelist:Deskbot003","theDuelist:CannonSoldier","theDuelist:Deskbot002"],"picked":"theDuelist:GearGigant","floor":13.0},{"not_picked":["theDuelist:Hinotama","theDuelist:LightningVortex","theDuelist:WingedKuriboh","theDuelist:WormWarlord"],"picked":"theDuelist:SeismicShockwave","floor":14.0},{"not_picked":["theDuelist:SwordsConcealing","theDuelist:SevenCompleted","theDuelist:PineappleBlast","theDuelist:OrcustCrescendo"],"picked":"theDuelist:Shekhinaga","floor":16.0},{"not_picked":["theDuelist:Token","theDuelist:TributeToken","theDuelist:EntrenchToken","theDuelist:ArmoredToken"],"picked":"theDuelist:AnubisToken","floor":18},{"not_picked":["theDuelist:Geartown","theDuelist:MachineFactory","theDuelist:WonderGarage"],"picked":"theDuelist:BlastingFuse","floor":19},{"not_picked":["theDuelist:CyberArchfiend","theDuelist:Deskbot001","theDuelist:Deskbot004","theDuelist:GearGigant","theDuelist:AncientGearChimera"],"picked":"SKIP","floor":20},{"not_picked":["theDuelist:BreakDraw","theDuelist:SparkBlaster","theDuelist:Factory100Machines","theDuelist:Geartown"],"picked":"theDuelist:CyberneticFusion","floor":22}],"player_experience":2418165,"relics_obtained":[{"floor":9.0,"key":"theDuelist:DuelistTeaSet"},{"floor":11.0,"key":"Blue Candle"}],"event_choices":[{"damage_healed":0.0,"max_hp_gain":0.0,"max_hp_loss":0.0,"gold_gain":0.0,"cards_transformed":["theDuelist:CastleWalls"],"event_name":"Transmorgrifier","player_choice":"Transformed","floor":3.0,"gold_loss":0.0,"damage_taken":0.0,"cards_obtained":["theDuelist:GadgetSoldier"]},{"damage_healed":0,"gold_gain":0,"player_choice":"Ignored","damage_taken":0,"max_hp_gain":0,"max_hp_loss":0,"event_name":"Ghosts","floor":21,"gold_loss":0}],"is_beta":false,"boss_relics":[{"not_picked":["Inserter","Calling Bell"],"picked":"Velvet Choker"}],"items_purged_floors":[],"is_endless":false,"potions_floor_spawned":[1,2,8,14,16,18,20,22],"killed_by":"Book of Stabbing","ascension_level":20}}