{"host":"6bsan6hkua32tfq7","time":1613678440,"event":{"mods":["BaseMod","Better Third Choice","Colored Map","Highlight Path","Minty Spire (QoL Compilation)","StSLib"],"gold_per_floor":[111,125,52,68,68,68,84,84,111,111,130,55,83,96,96,173,173,187,187,200,100,100,100,134,134,134,134,147,175,194,228,228,306,306,321,321,335,346,356,356,387,387,455,455,435,447,159,159,159,159,159,159],"floor_reached":51,"language":"ENG","playtime":2198,"items_purged":["Defend_G","Defend_G","Strike_G"],"score":1545,"play_id":"049f0e40-4ee0-4906-a2a2-35851348af2e","local_time":"20210218210040","is_ascension_mode":true,"campfire_choices":[{"data":"All Out Attack","floor":6,"key":"SMITH"},{"data":"Quick Slash","floor":8,"key":"SMITH"},{"data":"Neutralize","floor":10,"key":"SMITH"},{"data":"Footwork","floor":15,"key":"SMITH"},{"data":"Ghostly","floor":23,"key":"SMITH"},{"data":"Wraith Form v2","floor":27,"key":"SMITH"},{"data":"Ghostly","floor":32,"key":"SMITH"},{"floor":40,"key":"REST"},{"floor":42,"key":"RECALL"},{"data":"Defend_G","floor":44,"key":"PURGE"},{"data":"PiercingWail","floor":49,"key":"SMITH"}],"circlet_count":0,"master_deck":["AscendersBane","Strike_G","Strike_G+1","Strike_G","Strike_G","Defend_G","Defend_G","Survivor","Neutralize+1","Quick Slash+1","Unload+1","All Out Attack+1","Flying Knee","Footwork+1","PiercingWail+1","Wraith Form v2+1","Dagger Spray","Dash","Ghostly+1","Ghostly+1","Ghostly+1","Leg Sweep","Noxious Fumes+1","Dagger Spray","PiercingWail","Phantasmal Killer","PiercingWail","PiercingWail","PiercingWail+1"],"relics":["Runic Pyramid","betterThird:SlimedRelic","Pen Nib","MealTicket","Philosopher\u0027s Stone","StrikeDummy","Matryoshka","Orichalcum","Peace Pipe","Velvet Choker","Omamori","Oddly Smooth Stone","Bronze Scales"],"acts_visited":["Exordium","TheCity","TheBeyond"],"potions_floor_usage":[13,18,37,51,51],"damage_taken":[{"damage":4,"enemies":"Small Slimes","floor":1,"turns":5},{"damage":0,"enemies":"Jaw Worm","floor":2,"turns":5},{"damage":0,"enemies":"2 Louse","floor":4,"turns":2},{"damage":1,"enemies":"Exordium Thugs","floor":7,"turns":3},{"damage":11,"enemies":"Blue Slaver","floor":11,"turns":3},{"damage":0,"enemies":"Lagavulin","floor":13,"turns":5},{"damage":0,"enemies":"2 Fungi Beasts","floor":14,"turns":1},{"damage":11,"enemies":"Hexaghost","floor":16,"turns":14},{"damage":0,"enemies":"Shell Parasite","floor":18,"turns":7},{"damage":15,"enemies":"Chosen","floor":20,"turns":5},{"damage":10,"enemies":"Slavers","floor":24,"turns":8},{"damage":5,"enemies":"Shelled Parasite and Fungi","floor":28,"turns":5},{"damage":0,"enemies":"Gremlin Leader","floor":29,"turns":14},{"damage":0,"enemies":"Snake Plant","floor":30,"turns":4},{"damage":0,"enemies":"Book of Stabbing","floor":31,"turns":7},{"damage":6,"enemies":"Automaton","floor":33,"turns":12},{"damage":0,"enemies":"3 Darklings","floor":35,"turns":7},{"damage":11,"enemies":"Orb Walker","floor":37,"turns":3},{"damage":2,"enemies":"4 Shapes","floor":38,"turns":5},{"damage":0,"enemies":"3 Darklings","floor":39,"turns":4},{"damage":5,"enemies":"Reptomancer","floor":41,"turns":10},{"damage":9,"enemies":"Maw","floor":46,"turns":11},{"damage":19,"enemies":"Awakened One","floor":50,"turns":19},{"damage":15,"enemies":"Donu and Deca","floor":51,"turns":11}],"seed_played":"-5882887842798904597","potions_obtained":[{"floor":4,"key":"LiquidMemories"},{"floor":7,"key":"DistilledChaos"},{"floor":14,"key":"Block Potion"},{"floor":18,"key":"Weak Potion"},{"floor":39,"key":"GhostInAJar"},{"floor":46,"key":"DuplicationPotion"}],"is_trial":false,"path_per_floor":["M","M","?","M","?","R","M","R","T","R","M","$","E","M","R","B",null,"M","?","M","$","?","R","E","?","T","R","M","E","M","E","R","B",null,"M","?","M","M","M","R","E","R","T","R","?","M","$","?","R","B","B"],"character_chosen":"THE_SILENT","items_purchased":["Bronze Scales"],"campfire_rested":1,"item_purchase_floors":[47],"current_hp_per_floor":[55,55,44,44,24,24,23,23,23,23,12,12,12,12,12,1,50,50,66,51,66,33,33,23,23,23,23,18,18,18,18,18,12,28,28,28,17,15,15,24,19,19,19,19,19,10,25,25,25,6,0,0],"gold":159,"neow_bonus":"BOSS_RELIC","is_daily":false,"chose_seed":false,"campfire_upgraded":8,"win_rate":0.0,"timestamp":1613678440,"path_taken":["M","M","?","M","?","R","M","R","T","R","?","$","E","M","R","BOSS","M","?","M","?","?","R","E","?","T","R","M","E","M","E","R","BOSS","M","?","M","?","M","R","E","R","T","R","?","?","?","?","R","BOSS","BOSS"],"items_purchased_type":["Relic"],"build_version":"2020-12-22","purchased_purges":3,"victory":false,"max_hp_per_floor":[66,66,66,66,66,66,66,66,66,66,66,66,66,66,66,66,66,66,66,66,66,33,33,33,33,33,33,33,33,33,33,33,33,33,33,33,33,33,33,33,33,33,33,33,33,33,33,33,33,33,33,33],"card_choices":[{"not_picked":["Sucker Punch","Blur"],"picked":"Quick Slash","floor":1},{"not_picked":["Expertise","Bane"],"picked":"Unload","floor":2},{"not_picked":["PiercingWail","Flying Knee"],"picked":"All Out Attack","floor":4},{"not_picked":["Tactician","Dodge and Roll"],"picked":"Flying Knee","floor":7},{"not_picked":["Dagger Throw","Masterful Stab"],"picked":"Footwork","floor":11},{"not_picked":["Cloak And Dagger","Poisoned Stab"],"picked":"PiercingWail","floor":13},{"not_picked":["Flying Knee","Cloak And Dagger","Catalyst"],"picked":"SKIP","floor":14},{"not_picked":["Die Die Die","Bullet Time"],"picked":"Wraith Form v2","floor":16},{"not_picked":["Accuracy","Blade Dance"],"picked":"Dagger Spray","floor":18},{"not_picked":["Acrobatics","Poisoned Stab"],"picked":"Dash","floor":20},{"not_picked":["Masterful Stab","Choke","Acrobatics"],"picked":"SKIP","floor":24},{"not_picked":["Dagger Spray","Cloak And Dagger"],"picked":"Leg Sweep","floor":28},{"not_picked":["Accuracy+1","Dodge and Roll+1"],"picked":"Noxious Fumes+1","floor":29},{"not_picked":["Slice","Setup"],"picked":"Dagger Spray","floor":30},{"not_picked":["Deadly Poison+1","Cloak And Dagger"],"picked":"PiercingWail","floor":31},{"not_picked":["Glass Knife","Storm of Steel"],"picked":"Phantasmal Killer","floor":33},{"not_picked":["Dodge and Roll+1","Tactician","Poisoned Stab"],"picked":"SKIP","floor":35},{"not_picked":["Caltrops+1","Dash+1"],"picked":"PiercingWail","floor":37},{"not_picked":["Blade Dance","Bouncing Flask"],"picked":"PiercingWail","floor":38},{"not_picked":["Backflip","Dagger Spray"],"picked":"PiercingWail+1","floor":39},{"not_picked":["Bullet Time","Masterful Stab","Slice"],"picked":"SKIP","floor":41},{"not_picked":["Backflip","Skewer","Slice"],"picked":"SKIP","floor":46}],"player_experience":5432462,"relics_obtained":[{"floor":9,"key":"Pen Nib"},{"floor":13,"key":"MealTicket"},{"floor":24,"key":"StrikeDummy"},{"floor":26,"key":"Matryoshka"},{"floor":29,"key":"Orichalcum"},{"floor":31,"key":"Peace Pipe"},{"floor":41,"key":"Omamori"},{"floor":43,"key":"Oddly Smooth Stone"}],"event_choices":[{"damage_healed":0,"gold_gain":0,"player_choice":"Slimed","damage_taken":11,"max_hp_gain":0,"max_hp_loss":0,"event_name":"betterThird:BetterGoop","floor":3,"gold_loss":73},{"damage_healed":44,"gold_gain":0,"player_choice":"Upgrade","damage_taken":20,"max_hp_gain":0,"max_hp_loss":66,"event_name":"betterThird:BetterShining","floor":5,"gold_loss":0,"cards_upgraded":["Strike_G","Unload"]},{"damage_healed":16,"gold_gain":0,"player_choice":"Full Heal","damage_taken":0,"max_hp_gain":0,"max_hp_loss":0,"event_name":"Wheel of Change","floor":19,"gold_loss":0},{"damage_healed":0,"gold_gain":0,"player_choice":"Became a Ghost","damage_taken":0,"max_hp_gain":0,"max_hp_loss":33,"event_name":"Ghosts","floor":22,"gold_loss":0,"cards_obtained":["Ghostly","Ghostly","Ghostly"]},{"damage_healed":0,"gold_gain":0,"player_choice":"Ignored","damage_taken":0,"max_hp_gain":0,"max_hp_loss":0,"event_name":"Cursed Tome","floor":25,"gold_loss":0},{"damage_healed":0,"gold_gain":0,"player_choice":"Forge","damage_taken":0,"max_hp_gain":0,"max_hp_loss":0,"event_name":"Accursed Blacksmith","floor":36,"gold_loss":0,"cards_upgraded":["Ghostly"]},{"damage_healed":0,"gold_gain":0,"player_choice":"Bought 1 Potion","damage_taken":0,"max_hp_gain":0,"max_hp_loss":0,"event_name":"The Woman in Blue","floor":45,"gold_loss":0},{"damage_healed":0,"gold_gain":0,"player_choice":"Ignored","damage_taken":0,"max_hp_gain":0,"max_hp_loss":0,"event_name":"Tomb of Lord Red Mask","floor":48,"gold_loss":0}],"is_beta":false,"boss_relics":[{"not_picked":["Astrolabe","Runic Dome"],"picked":"Philosopher\u0027s Stone"},{"not_picked":["Snecko Eye","Empty Cage"],"picked":"Velvet Choker"}],"items_purged_floors":[12,21,47],"is_endless":false,"potions_floor_spawned":[4,7,14,16,18,24,28,31,39,41,46],"killed_by":"Donu and Deca","ascension_level":20}}