{"host":"y2ptgajoxt8nh64w","time":1613644308,"event":{"mods":["100% Spire Juice","AchievementEnabler","Act Like it!","Arknights","Aspiration","BaseMod","Better Vampires","Colored Map","Colored Powertips","Conspire","DeckTracker","Dio Mod","Friendly Minions","Gensokyo","GifTheSpireLib","Hallownest","Highlight Path","KinomotoSakuraMod(木之本樱)","Lobotomy","LobotomyExtend","Minty Spire (QoL Compilation)","Quick Restart","Rare Cards Sparkle","Relic Stats","Remilia（蕾米莉亚）","RumiaBox-露米娅的神秘盒子","Ryuuou龙王","Small Relic Pack","StSLib","The Animator","Wide Potions","Youmu（魂魄妖梦）","【功能Mod】混沌之环修复补丁","【功能Mod】聪明的最终Boss","【遗物卡牌】REMEMod"],"gold_per_floor":[115,127,143,68,0,35,35,35,81,81,81,113,113,130,130,130,130],"floor_reached":16,"language":"ZHS","playtime":2433,"items_purged":[],"score":108,"play_id":"26e7302d-80bb-4ed1-a64d-ddd17c5ba5f4","local_time":"20210218183148","is_ascension_mode":false,"campfire_choices":[{"floor":10.0,"key":"RECALL"},{"floor":15.0,"key":"REST"}],"circlet_count":0,"master_deck":["Mercenary","Strike_YM","Strike_YM","Strike_YM","Strike_YM","Defend_YM","Defend_YM","Defend_YM","Defend_YM","SlashOfPresentWorld","WheelOfPainOfLivingAndDead","REME_TheLastStrike","SpiderBud","DoubleWheelOfPain","SwordExtraction","CherryBlossoms","HiganSword","Dazed","QueenOfHatred","Dazed","LotusPostureSlash","FairyFestival","TenKingsRetributionOnThePreta"],"relics":["HalfPhantom","REME_ComplimentaryCards","CogitoBucket","LetterFromLob","aspiration:HiddenCompartment","WantedRequest","Mummified Hand","Shuriken","Hallownest:DreamNailRelic"],"acts_visited":["Hallownest:Greenpath"],"potions_floor_usage":[16,16],"damage_taken":[{"damage":8.0,"enemies":"Hallownest:2_MossCreeps","floor":1.0,"turns":6.0},{"damage":2.0,"enemies":"Hallownest:monsterHuskGuard","floor":2.0,"turns":3.0},{"damage":1.0,"enemies":"Hallownest:monsterHuskWarrior","floor":3.0,"turns":2.0},{"damage":45.0,"enemies":"Hallownest:eliteCrystalGuardian","floor":6.0,"turns":7.0},{"damage":1.0,"enemies":"Hallownest:eliteVengeflyKing","floor":12.0,"turns":7.0},{"damage":29.0,"enemies":"Hallownest:Guard_and_Warrior","floor":14.0,"turns":6.0},{"damage":54,"enemies":"Hallownest:BossFalseKnight","floor":16,"turns":6}],"seed_played":"-7856921760742474055","potions_obtained":[{"floor":2.0,"key":"EssenceOfSteel"},{"floor":3.0,"key":"DuplicationPotion"},{"floor":12.0,"key":"FearPotion"}],"is_trial":false,"path_per_floor":["M","M","M","?","?","E","$","?","T","R","M","E","?","M","R","B"],"character_chosen":"YOUMU","items_purchased":[],"campfire_rested":1,"item_purchase_floors":[],"current_hp_per_floor":[67,65,64,64,64,19,19,27,27,27,30,41,41,12,34,0,0],"gold":130,"neow_bonus":"","is_daily":false,"chose_seed":false,"campfire_upgraded":0,"win_rate":0.0,"timestamp":1613644308,"path_taken":["M","M","M","?","?","E","$","?","T","R","M","E","?","?","R","BOSS"],"items_purchased_type":[],"build_version":"2020-12-22","purchased_purges":0,"victory":false,"max_hp_per_floor":[75,75,75,75,75,75,75,75,75,75,75,75,75,75,75,75,75],"relic_stats":{"counters":[8,37],"Mummified Hand":[2],"Shuriken":[4],"obtain_stats":[{"CogitoBucket":0,"Mummified Hand":6,"Shuriken":12,"HalfPhantom":0,"LetterFromLob":1,"Hallownest:DreamNailRelic":13,"aspiration:HiddenCompartment":5,"REME_ComplimentaryCards":0,"WantedRequest":6},{"CogitoBucket":0,"Mummified Hand":4,"Shuriken":5,"HalfPhantom":0,"LetterFromLob":1,"Hallownest:DreamNailRelic":5,"aspiration:HiddenCompartment":3,"REME_ComplimentaryCards":0,"WantedRequest":4},{"CogitoBucket":0,"Mummified Hand":18,"Shuriken":25,"HalfPhantom":0,"LetterFromLob":6,"Hallownest:DreamNailRelic":25,"aspiration:HiddenCompartment":11,"REME_ComplimentaryCards":0,"WantedRequest":18}]},"card_choices":[{"not_picked":["MeatLantern","VoidDream"],"picked":"SpiderBud","floor":1.0},{"not_picked":["ThreeKonsSevenHakus","SanzenSekai"],"picked":"DoubleWheelOfPain","floor":1.0},{"not_picked":["PunishingBird","WallGazer"],"picked":"Mercenary","floor":2.0},{"not_picked":["SlashOfMeditation","HumanKnowledgeSword"],"picked":"SwordExtraction","floor":2.0},{"not_picked":["FairyFestival","Bloodbath"],"picked":"CherryBlossoms","floor":3.0},{"not_picked":["HesitationCuttingSword","SlashOfDelusionalInnerEye"],"picked":"HiganSword","floor":3.0},{"not_picked":["WhitesApple","BigBird"],"picked":"QueenOfHatred","floor":6.0},{"not_picked":["ThreeKonsSevenHakus","SwordExtraction"],"picked":"VoidnessSword","floor":6.0},{"not_picked":["DispleasureOfTheSevenHakus","SpiritCuttingSword"],"picked":"LotusPostureSlash","floor":12.0},{"not_picked":["OSAHOGD","Laetitia"],"picked":"FairyFestival","floor":14.0},{"not_picked":["SpiritMediumsBind","HumanRealmSword"],"picked":"TenKingsRetributionOnThePreta","floor":14.0}],"player_experience":903,"relics_obtained":[{"floor":1.0,"key":"LetterFromLob"},{"floor":6.0,"key":"Mummified Hand"},{"floor":12.0,"key":"Shuriken"}],"event_choices":[],"is_beta":false,"boss_relics":[],"items_purged_floors":[],"is_endless":false,"potions_floor_spawned":[2,3,12],"killed_by":"Hallownest:BossFalseKnight","ascension_level":0}}