{"host":"5dhwd44u3dydylwe","time":1613633344,"event":{"mods":["AchievementEnabler","BaseMod","BetterRewards","Dota2Spire","Duelist Mod","GifTheSpireLib","Hubris","Minty Spire (QoL Compilation)","Shop Mod","StSLib","Wandering Minibosses"],"gold_per_floor":[212,294,375,375,470,505,505,612,612,721,721,721,721,98,189,304,322,322,445,445,484,515,29,123,273,363,497,497,612,612,612,2490910,2490961,2491012,2491041,2490145,2490145,2490299,2490299,2490346,2490371,2490371,2490410,2490410,2490410,2490410,2490475,2490475,2490558,2490604,2490685,2489917,2489950,2489950,2490006,2490006,2490006,2489161,2489208,2489268],"floor_reached":61,"language":"ENG","playtime":7265,"items_purged":["theDuelist:CastleWalls","theDuelist:CastleWalls","Pain","theDuelist:MachineKingPrototype","theDuelist:PerfectMachineKing+1","Parasite","theDuelist:GoldenSparks+1"],"score":3130,"play_id":"b336f83a-efe8-4f87-89fa-0ab0f6076c04","local_time":"20210218152904","is_ascension_mode":true,"campfire_choices":[{"data":"theDuelist:Wiretap","floor":7,"key":"SMITH"},{"data":"theDuelist:UnionHangar","floor":11,"key":"SMITH"},{"data":"theDuelist:Wiretap+1","floor":13,"key":"SMITH"},{"data":"1","floor":18,"key":"LIFT"},{"data":"theDuelist:AncientGearGolem","floor":28,"key":"SMITH"},{"data":"theDuelist:SeismicShockwave","floor":30,"key":"SMITH"},{"floor":37,"key":"RECALL"},{"data":"2","floor":45,"key":"LIFT"},{"data":"3","floor":54,"key":"LIFT"},{"floor":57,"key":"REST"}],"circlet_count":0,"master_deck":["theDuelist:Biofalcon+1","theDuelist:Deskbot004+1","theDuelist:GreenGadget+1","theDuelist:Deskbot004+1","theDuelist:Deskbot005+1","theDuelist:Wiretap+5","theDuelist:Deskbot005+1","theDuelist:SeismicShockwave+1","theDuelist:BloodSparks+1","theDuelist:UnionHangar+1","theDuelist:MegafleetDragon+1","theDuelist:RevolvingSwitchyard+1","theDuelist:GravityBlaster+1","theDuelist:AncientGearGolem+1","theDuelist:FluteKuriboh+1","theDuelist:OrcustCrescendo+1","theDuelist:GracefulCharity+1","theDuelist:Raigeki+1"],"relics":["theDuelist:MillenniumPuzzle","theDuelist:CardPoolRelic","theDuelist:CardPoolBasicRelic","theDuelist:BoosterPackPoolRelic","theDuelist:CardPoolAddRelic","theDuelist:CardPoolMinusRelic","theDuelist:CardPoolSaveRelic","theDuelist:CardPoolOptionsRelic","theDuelist:AknamkanonsEssence","Girya","Dota2Spire:Vanguard","Whetstone","Letter Opener","Happy Flower","theDuelist:MerchantPendant","Lee\u0027s Waffle","theDuelist:SummonAnchor","WarpedTongs","Prayer Wheel","hubris:BallOfYels","Dota2Spire:CrimsonGuard","Sundial","Paper Crane","InkBottle","Dota2Spire:RefresherOrb","Dota2Spire:EtherealBlade","Dota2Spire:Desolator","theDuelist:MachineOrb","Dota2Spire:HandOfMidas","FossilizedHelix","hubris:Reverence","wanderingMiniBosses:Blackblade","theDuelist:SpellMaxHPRelic","hubris:SoftwareUpdate","Dota2Spire:LotusOrb","MerchantsRug","hubris:TerracottaHorce","theDuelist:PointPass","hubris:Icosahedron","theDuelist:MonsterEggRelic","Dota2Spire:AssaultCuirass","theDuelist:BrazeToken","theDuelist:LoadedDice","Ornamental Fan","hubris:FunFungus","theDuelist:ElectricToken","OrangePellets","Orichalcum","Lantern"],"acts_visited":["Exordium","TheCity","TheBeyond","TheEnding"],"potions_floor_usage":[8,27,27,60,60],"damage_taken":[{"damage":2,"enemies":"Jaw Worm","floor":1,"turns":4},{"damage":0,"enemies":"Cultist","floor":2,"turns":3},{"damage":7,"enemies":"2 Louse","floor":3,"turns":3},{"damage":10,"enemies":"Lots of Slimes","floor":5,"turns":5},{"damage":17,"enemies":"Looter","floor":6,"turns":4},{"damage":28,"enemies":"3 Sentries","floor":8,"turns":10},{"damage":20,"enemies":"Gremlin Nob","floor":10,"turns":5},{"damage":2,"enemies":"Exordium Wildlife","floor":15,"turns":10},{"damage":22,"enemies":"3 Sentries","floor":16,"turns":12},{"damage":11,"enemies":"Gremlin Gang","floor":17,"turns":2},{"damage":0,"enemies":"The Guardian","floor":19,"turns":8},{"damage":22,"enemies":"Spheric Guardian","floor":21,"turns":44},{"damage":22,"enemies":"2 Thieves","floor":22,"turns":4},{"damage":0,"enemies":"Snecko","floor":24,"turns":10},{"damage":0,"enemies":"Centurion and Healer","floor":25,"turns":12},{"damage":6,"enemies":"Cultist and Chosen","floor":26,"turns":5},{"damage":15,"enemies":"Slavers","floor":27,"turns":4},{"damage":0,"enemies":"Gremlin Leader","floor":29,"turns":5},{"damage":0,"enemies":"Colosseum Slavers","floor":32,"turns":32},{"damage":10,"enemies":"Colosseum Nobs","floor":32,"turns":5},{"damage":0,"enemies":"Slavers","floor":33,"turns":4},{"damage":0,"enemies":"Snake Plant","floor":34,"turns":5},{"damage":0,"enemies":"Snecko","floor":35,"turns":4},{"damage":0,"enemies":"Champ","floor":38,"turns":13},{"damage":0,"enemies":"Orb Walker","floor":40,"turns":3},{"damage":0,"enemies":"3 Darklings","floor":43,"turns":1},{"damage":16,"enemies":"Writhing Mass","floor":47,"turns":10},{"damage":0,"enemies":"Giant Head","floor":49,"turns":17},{"damage":0,"enemies":"Mind Bloom Boss Battle","floor":50,"turns":2},{"damage":4,"enemies":"Nemesis","floor":51,"turns":3},{"damage":0,"enemies":"Spire Growth","floor":53,"turns":3},{"damage":0,"enemies":"Time Eater","floor":55,"turns":9},{"damage":0,"enemies":"Shield and Spear","floor":59,"turns":4},{"damage":30,"enemies":"The Heart","floor":60,"turns":9}],"seed_played":"-1402926206961689029","potions_obtained":[{"floor":1,"key":"theDuelist:LavaBottle"},{"floor":2,"key":"Dota2Spire:HealingSalve"},{"floor":10,"key":"theDuelist:DebuffArmorPotion"},{"floor":29,"key":"theDuelist:FluxPotion"},{"floor":33,"key":"theDuelist:MayhemPotion"},{"floor":40,"key":"theDuelist:FluxPotion"}],"is_trial":false,"path_per_floor":["M","M","M","?","M","M","R","E","?","E","R","T","R","$","M","E","M","R","B",null,"M","M","$","M","M","M","E","R","E","R","T","?","E","M","M","$","R","B",null,"M","$","?","M","?","R","?","M","T","E","?","E","$","M","R","B",null,"R","$","E","B",null],"character_chosen":"THE_DUELIST","items_purchased":["theDuelist:AknamkanonsEssence","theDuelist:RevolvingSwitchyard","Girya","Dota2Spire:Vanguard","theDuelist:Wiretap","Whetstone","Letter Opener","Happy Flower","theDuelist:MerchantPendant","Lee\u0027s Waffle","theDuelist:SummonAnchor","theDuelist:UnionHangar","Swift Potion","Sundial","Paper Crane","Dota2Spire:EtherealBlade","Dota2Spire:Desolator","hubris:SoftwareUpdate","Dota2Spire:LotusOrb","MerchantsRug","theDuelist:PerfectMachineKing","theDuelist:PointPass","Ornamental Fan","hubris:FunFungus","theDuelist:ElectricToken","OrangePellets","Orichalcum"],"campfire_rested":1,"item_purchase_floors":[0,0,0,0,0,0,0,0,0,0,0,0,0,14,14,23,23,36,36,36,36,41,52,52,58,58,58],"current_hp_per_floor":[85,85,82,82,76,63,63,57,57,37,37,37,37,37,47,44,35,35,35,111,226,208,208,208,208,202,191,191,191,191,191,181,185,185,185,185,185,188,261,261,261,261,261,261,261,261,245,245,5120,5120,5116,5116,5116,5116,5129,5143,5147,5147,5148,5132],"gold":2489268,"neow_bonus":"","is_daily":false,"chose_seed":false,"campfire_upgraded":5,"win_rate":0.0,"timestamp":1613633344,"path_taken":["M","M","M","?","M","?","R","E","?","E","R","T","R","$","M","E","?","R","BOSS","M","M","$","M","M","M","E","R","E","R","T","?","E","M","M","$","R","BOSS","M","$","?","?","?","R","?","M","T","E","?","E","$","M","R","BOSS","R","$","E","BOSS"],"items_purchased_type":["Relic","Card","Relic","Relic","Card","Relic","Relic","Relic","Relic","Relic","Relic","Card","Potion","Relic","Relic","Relic","Relic","Relic","Relic","Relic","Card","Relic","Relic","Relic","Card","Relic","Relic"],"build_version":"2020-12-22","purchased_purges":7,"victory":true,"max_hp_per_floor":[87,87,91,91,95,99,99,103,103,103,103,103,103,103,115,134,136,136,136,136,273,277,277,277,277,277,281,281,281,281,281,281,285,285,285,285,285,285,285,285,285,285,285,271,271,271,271,271,5146,5146,5146,5143,5143,5143,5147,5147,5147,5147,5148,5148],"card_choices":[{"not_picked":["theDuelist:DoubleTool","theDuelist:JunkKuriboh","theDuelist:Deskbot001","theDuelist:FrontlineObserver","theDuelist:CyberneticFusion"],"picked":"SKIP","floor":1},{"not_picked":["theDuelist:DoubleTool","theDuelist:JunkKuriboh","theDuelist:Deskbot001","theDuelist:FrontlineObserver","theDuelist:CyberneticFusion"],"picked":"SKIP","floor":1},{"not_picked":["theDuelist:JunkWarrior","theDuelist:FrontlineObserver","theDuelist:CyberArchfiend","theDuelist:AncientGearChimera"],"picked":"theDuelist:GravityBlaster","floor":2},{"not_picked":["theDuelist:DoubleTool","theDuelist:CoreBlaster","theDuelist:StimPack","theDuelist:Factory100Machines","theDuelist:CardsFromTheSky"],"picked":"SKIP","floor":3},{"not_picked":["theDuelist:BlockGolem","theDuelist:GemElephant","theDuelist:LabyrinthWall","theDuelist:LostGuardian","theDuelist:PowerGiant"],"picked":"SKIP","floor":5},{"not_picked":["theDuelist:Hinotama","theDuelist:ForbiddenChalice","theDuelist:QuickCharger","theDuelist:WingedKuriboh"],"picked":"theDuelist:MegafleetDragon","floor":6},{"not_picked":["theDuelist:Sangan","theDuelist:JunkSpeeder","theDuelist:PowerGiant","theDuelist:WingedKuriboh","theDuelist:Hinotama"],"picked":"SKIP","floor":8},{"not_picked":["theDuelist:WingedKuriboh","theDuelist:BlockGolem","theDuelist:ShardGreed","theDuelist:Wiretap"],"picked":"theDuelist:DestructPotion","floor":10},{"not_picked":["theDuelist:PotDuality","theDuelist:ParallelPortArmor","theDuelist:HeavyMechSupportArmor","theDuelist:CemetaryBomb","theDuelist:AncientGearWorkshop"],"picked":"SKIP","floor":15},{"not_picked":["theDuelist:Hinotama","theDuelist:BlastingRuins","theDuelist:Linkuriboh","theDuelist:ShardGreed","theDuelist:PowerGiant"],"picked":"SKIP","floor":15},{"not_picked":["theDuelist:GearGigant","theDuelist:YellowGadget","theDuelist:GreenGadget","theDuelist:TokenVacuum","theDuelist:MachineDuplication"],"picked":"SKIP","floor":16},{"not_picked":["theDuelist:Hinotama","theDuelist:LightningVortex","theDuelist:Sangan","theDuelist:PowerGiant"],"picked":"theDuelist:SeismicShockwave","floor":17},{"not_picked":["theDuelist:DragonToken","theDuelist:PuzzleToken","theDuelist:ZombieToken","theDuelist:ArmoredToken","theDuelist:GreaseToken"],"picked":"SKIP","floor":17},{"not_picked":["theDuelist:SolemnWarning","theDuelist:PlatinumGadget","theDuelist:PineappleBlast","theDuelist:GoldGadget"],"picked":"theDuelist:MachineKingPrototype","floor":19},{"not_picked":["theDuelist:BlastJuggler","theDuelist:AncientGearExplosive","theDuelist:Mixeroid","theDuelist:MachineFactory"],"picked":"theDuelist:AncientGearGolem","floor":21},{"not_picked":["theDuelist:Flashbang","theDuelist:BarrelDragon","theDuelist:AirCrackingStorm+1"],"picked":"SKIP","floor":21},{"not_picked":["theDuelist:Geargiauger","theDuelist:Tuningware","theDuelist:JunkKuriboh","theDuelist:Deskbot001","theDuelist:MachineDuplication"],"picked":"SKIP","floor":22},{"not_picked":["theDuelist:Deskbot004","theDuelist:MachineDuplication","theDuelist:GadgetSoldier","theDuelist:OrbitalBombardment","theDuelist:PsychicShockwave+1"],"picked":"SKIP","floor":22},{"not_picked":["theDuelist:SwordsConcealing","theDuelist:PineappleBlast","theDuelist:Overworked","theDuelist:MachineKing","theDuelist:Deskbot009"],"picked":"SKIP","floor":24},{"not_picked":["theDuelist:IronhammerGiant","theDuelist:GemElephant+1","theDuelist:LabyrinthWall","theDuelist:PowerGiant+1"],"picked":"SKIP","floor":24},{"not_picked":["theDuelist:ZONE+1","theDuelist:MachineFactory","theDuelist:ImperialOrder","theDuelist:ArtifactSanctum"],"picked":"SKIP","floor":25},{"not_picked":["theDuelist:Sangan+1","theDuelist:IronCall","theDuelist:WormWarlord","theDuelist:DianKeto","theDuelist:ShardGreed+1"],"picked":"SKIP","floor":25},{"not_picked":["theDuelist:WormWarlord+1","theDuelist:BigEye","theDuelist:BlockGolem","theDuelist:Hinotama"],"picked":"theDuelist:FluteKuriboh+1","floor":26},{"not_picked":["theDuelist:CannonSoldier","theDuelist:ScrapIronScarecrow","theDuelist:Deskbot004","theDuelist:CardsFromTheSky","theDuelist:TokenVacuum+1"],"picked":"SKIP","floor":26},{"not_picked":["theDuelist:SteamTrainKing+1","theDuelist:NightmareWheel","theDuelist:MachineKingPrototype","theDuelist:GoldenBlastJuggler"],"picked":"theDuelist:OrcustCrescendo+1","floor":27},{"not_picked":["theDuelist:GenexAllyBirdman","theDuelist:CyberArchfiend","theDuelist:JunkKuriboh","theDuelist:Factory100Machines+1","theDuelist:GravityBlaster"],"picked":"SKIP","floor":29},{"not_picked":["theDuelist:TokenVacuum+1","theDuelist:Geargiauger+1","theDuelist:Biofalcon+1","theDuelist:AncientGearChimera","theDuelist:GenexNeutron"],"picked":"SKIP","floor":33},{"not_picked":["theDuelist:MachineKingPrototype+1","theDuelist:Submarineroid","theDuelist:Lancephorhynchus","theDuelist:AncientGearGolem"],"picked":"SKIP","floor":34},{"not_picked":["theDuelist:GravityBlaster","theDuelist:AncientGearExplosive","theDuelist:UnionHangar+1","theDuelist:GravityAxe","theDuelist:RevolvingSwitchyard"],"picked":"SKIP","floor":34},{"not_picked":["theDuelist:BlockGolem","theDuelist:GemElephant","theDuelist:LabyrinthWall","theDuelist:LostGuardian","theDuelist:IronhammerGiant"],"picked":"SKIP","floor":35},{"not_picked":["theDuelist:FrontlineObserver+1","theDuelist:CardsFromTheSky","theDuelist:Deskbot003","theDuelist:DoubleTool+1","theDuelist:JumboDrill"],"picked":"SKIP","floor":35},{"not_picked":["theDuelist:BlastWithChain+1","theDuelist:CemetaryBomb+1","theDuelist:QuillboltHedgehog","theDuelist:BlackSalvo","theDuelist:DarkFactory"],"picked":"SKIP","floor":40},{"not_picked":["theDuelist:RedGadget","theDuelist:Apoqliphort","theDuelist:MachineKingPrototype+1"],"picked":"SKIP","floor":40},{"not_picked":["theDuelist:HeavyMetalRaiders","theDuelist:CannonSoldier+1","theDuelist:Submarineroid","theDuelist:Mixeroid","theDuelist:RedGadget+1"],"picked":"SKIP","floor":43},{"not_picked":["theDuelist:ScrapBeast+1","theDuelist:BlastJuggler","theDuelist:JunkKuriboh","theDuelist:Factory100Machines","theDuelist:Deskbot002"],"picked":"SKIP","floor":43},{"not_picked":["theDuelist:Apoqliphort+1","theDuelist:SevenCompleted+1","theDuelist:SatelliteCannon+1","theDuelist:MachineKing+1","theDuelist:GravityLash"],"picked":"SKIP","floor":47},{"not_picked":["theDuelist:ScrapIronScarecrow","theDuelist:OrcustCrescendo","theDuelist:BlindDestruction","theDuelist:IronDraw+1","theDuelist:BlastingFuse"],"picked":"SKIP","floor":47},{"not_picked":["theDuelist:LightningVortex","theDuelist:TimeSeal","theDuelist:Kuriboh","theDuelist:JunkSpeeder"],"picked":"theDuelist:GracefulCharity+1","floor":49},{"not_picked":["theDuelist:SolemnWarning","theDuelist:PortableBatteryPack","theDuelist:BlindDestruction+1","theDuelist:NightmareWheel","theDuelist:OrcustCrescendo"],"picked":"SKIP","floor":51},{"not_picked":["theDuelist:Shekhinaga+1","theDuelist:SlotMachine+1","theDuelist:Deskbot007","theDuelist:QuillboltHedgehog","theDuelist:TurretWarrior+1"],"picked":"SKIP","floor":53},{"not_picked":["theDuelist:MetalDragon","theDuelist:BarrelDragon","theDuelist:AncientGearReactorDragon","theDuelist:AncientGearGadjiltron+1","theDuelist:MegafleetDragon"],"picked":"SKIP","floor":53},{"not_picked":["theDuelist:BigFire+1","theDuelist:LightningVortex+1","theDuelist:Sangan+1","theDuelist:WingedKuriboh+1"],"picked":"theDuelist:Raigeki+1","floor":59}],"player_experience":222106,"relics_obtained":[{"floor":8,"key":"Prayer Wheel"},{"floor":10,"key":"hubris:BallOfYels"},{"floor":12,"key":"Dota2Spire:CrimsonGuard"},{"floor":16,"key":"InkBottle"},{"floor":27,"key":"theDuelist:MachineOrb"},{"floor":29,"key":"Dota2Spire:HandOfMidas"},{"floor":32,"key":"FossilizedHelix"},{"floor":32,"key":"hubris:Reverence"},{"floor":32,"key":"wanderingMiniBosses:Blackblade"},{"floor":33,"key":"theDuelist:SpellMaxHPRelic"},{"floor":48,"key":"theDuelist:MonsterEggRelic"},{"floor":49,"key":"Dota2Spire:AssaultCuirass"},{"floor":50,"key":"theDuelist:BrazeToken"},{"floor":51,"key":"theDuelist:LoadedDice"},{"floor":59,"key":"Lantern"}],"event_choices":[{"damage_healed":0,"gold_gain":0,"player_choice":"Rummage","damage_taken":0,"relics_obtained":["WarpedTongs"],"max_hp_gain":0,"max_hp_loss":0,"event_name":"Accursed Blacksmith","floor":4,"gold_loss":0,"cards_obtained":["Pain"]},{"damage_healed":0,"gold_gain":0,"player_choice":"Leave","duelist":true,"damage_taken":0,"max_hp_gain":0,"max_hp_loss":0,"event_name":"Visit from Anubis","floor":9,"gold_loss":0},{"damage_healed":0,"gold_gain":0,"player_choice":"Fight","damage_taken":0,"max_hp_gain":0,"max_hp_loss":0,"event_name":"Colosseum","floor":32,"gold_loss":0},{"damage_healed":0,"gold_gain":0,"player_choice":"Fought Nobs","damage_taken":0,"max_hp_gain":0,"max_hp_loss":0,"event_name":"Colosseum","floor":32,"gold_loss":0},{"damage_healed":0,"gold_gain":0,"player_choice":"Ignored","damage_taken":0,"max_hp_gain":0,"max_hp_loss":0,"event_name":"SecretPortal","floor":42,"gold_loss":0},{"damage_healed":0,"gold_gain":0,"player_choice":"Max HP","damage_taken":0,"max_hp_gain":0,"max_hp_loss":14,"event_name":"Winding Halls","floor":44,"gold_loss":0},{"damage_healed":0,"gold_gain":0,"player_choice":"Fight","damage_taken":0,"max_hp_gain":0,"max_hp_loss":0,"event_name":"MindBloom","floor":50,"gold_loss":0}],"is_beta":false,"boss_relics":[{"not_picked":["theDuelist:HauntedRelic","hubris:RunicObelisk"],"picked":"Dota2Spire:RefresherOrb"},{"not_picked":["Calling Bell","hubris:HollowSoul"],"picked":"hubris:TerracottaHorce"}],"items_purged_floors":[0,0,14,36,41,52,58],"is_endless":false,"potions_floor_spawned":[1,2,5,6,10,19,21,24,26,29,33,35,38,40,50,53],"ascension_level":14}}