{"host":"h5acbxt0wmjo1kpm","time":1613642859,"event":{"mods":["2.2 Compatiblity","Act Like it!","AlwaysNeverKeys","Aspiration","Bard","Bartender","BaseMod","Better Third Choice","Colored Map","Elementarium","Gensokyo","GifTheSpireLib","Hallownest","Marisa????????","Menagerie","Minty Spire (QoL Compilation)","Permanent Neow","Potionbrewer","Quick Restart","Relic Filter","Reliquary","Robot Space Explorer","Ruina","RumiaBox-????????","Shade Mod","Spicy Shops","StSLib","Strawberry Spire","The Blackbeard","The Dragon Tamer","The Gatherer","The Hayseed","The Problem Sleuth","The Servant 0.9.4","Wandering Minibosses","Wide Potions"],"gold_per_floor":[13,13,32,32,51,77,77,77,77],"floor_reached":8,"language":"ENG","playtime":555,"items_purged":[],"score":87,"play_id":"dbf3576c-4c47-40b4-9558-4e9478cf5ac8","local_time":"20210218020739","is_ascension_mode":true,"campfire_choices":[],"circlet_count":0,"master_deck":["AscendersBane","potionbrewer:PotionbrewerStrike","potionbrewer:PotionbrewerStrike","potionbrewer:PotionbrewerDefend","potionbrewer:PotionbrewerDefend","potionbrewer:PotionbrewerDefend","potionbrewer:Collect","potionbrewer:ChemicalSpill","potionbrewer:Backhand","Eviscerate","Underhanded Strike","Adrenaline","potionbrewer:Toxicity","potionbrewer:Hoarder"],"relics":["potionbrewer:PotionKit","strawberrySpire:ThornyGelberry","Dream Catcher"],"acts_visited":["Gensokyo:Gensokyo"],"potions_floor_usage":[3,5,6,6,7,8],"damage_taken":[{"damage":8,"enemies":"Gensokyo:3_Fairies","floor":1,"turns":4},{"damage":2,"enemies":"Gensokyo:Python","floor":3,"turns":4},{"damage":0,"enemies":"Gensokyo:Gryphon","floor":5,"turns":2},{"damage":5,"enemies":"Gensokyo:Mamizou","floor":6,"turns":8},{"damage":3,"enemies":"Gensokyo:3_Kodama","floor":7,"turns":2},{"damage":16,"enemies":"Gensokyo:Cirno","floor":8,"turns":6}],"seed_played":"-7762578071646583298","potions_obtained":[],"is_trial":false,"path_per_floor":["M","?","M","$","M","E","M","E"],"character_chosen":"POTIONBREWER","items_purchased":[],"campfire_rested":0,"item_purchase_floors":[],"current_hp_per_floor":[60,60,58,58,58,53,50,34,34],"gold":77,"neow_bonus":"ONE_RARE_RELIC","is_daily":false,"chose_seed":false,"campfire_upgraded":0,"win_rate":0.0,"timestamp":1613642859,"path_taken":["M","?","M","$","M","E","M","E"],"items_purchased_type":[],"build_version":"2020-12-22","purchased_purges":0,"victory":false,"max_hp_per_floor":[75,75,75,75,75,75,75,75,75],"card_choices":[{"not_picked":["potionbrewer:FlareUp","potionbrewer:Toxicity"],"picked":"potionbrewer:Backhand","floor":1},{"not_picked":["potionbrewer:TimeBomb","potionbrewer:BlindingSpray"],"picked":"potionbrewer:Toxicity","floor":3},{"not_picked":["potionbrewer:Brandish","potionbrewer:Smokescreen"],"picked":"potionbrewer:Hoarder","floor":5},{"not_picked":["potionbrewer:LabAccident","potionbrewer:Smack","potionbrewer:OneTwoPunch","potionbrewer:Prototype"],"picked":"SKIP","floor":6}],"player_experience":2275087,"relics_obtained":[{"floor":6,"key":"Dream Catcher"}],"event_choices":[],"is_beta":false,"boss_relics":[],"items_purged_floors":[],"is_endless":false,"potions_floor_spawned":[1,7],"killed_by":"Gensokyo:Cirno","ascension_level":12}}