{"host":"kh6fvhxn285ncg0o","time":1613611726,"event":{"mods":["Act Like it!","BaseMod","Colored Map","Friendly Minions","Keyboard Shortcuts","Minty Spire (QoL Compilation)","Quick Restart","Relic Stats","StSLib","SuperFastMode","UnlockEverythingMod"],"gold_per_floor":[17,17,90,240,260,260,270,286,286,42,55,55,84,101,101,173,173,191,27,60,72,72,72],"floor_reached":22,"language":"KOR","playtime":418,"items_purged":["Strike_R"],"score":422,"play_id":"55775efe-183e-41cf-bf2d-f18c4018f9a8","local_time":"20210218102846","is_ascension_mode":true,"campfire_choices":[{"data":"Fire Breathing","floor":6,"key":"SMITH"},{"data":"Battle Trance","floor":12,"key":"SMITH"},{"data":"Feed","floor":15,"key":"SMITH"}],"circlet_count":0,"master_deck":["AscendersBane","Strike_R","Defend_R","Defend_R","Defend_R","Defend_R","Bash","Fire Breathing+1","Brutality","Doubt","Feed+1","Battle Trance+1","Wild Strike","Impervious","Power Through","Disarm"],"relics":["Burning Blood","Paper Frog","Potion Belt","TheAbacus","Ancient Tea Set","Mark of Pain","Frozen Eye","Red Mask"],"acts_visited":["Exordium","TheCity"],"potions_floor_usage":[8,13,18],"damage_taken":[{"damage":9,"enemies":"Jaw Worm","floor":1,"turns":4},{"damage":18,"enemies":"2 Louse","floor":5,"turns":4},{"damage":13,"enemies":"Cultist","floor":7,"turns":6},{"damage":8,"enemies":"Exordium Thugs","floor":8,"turns":5},{"damage":0,"enemies":"Exordium Wildlife","floor":11,"turns":2},{"damage":2,"enemies":"3 Sentries","floor":13,"turns":3},{"damage":9,"enemies":"Red Slaver","floor":14,"turns":3},{"damage":43,"enemies":"Hexaghost","floor":16,"turns":9},{"damage":3,"enemies":"2 Thieves","floor":18,"turns":3},{"damage":59,"enemies":"Masked Bandits","floor":20,"turns":4},{"damage":16,"enemies":"Spheric Guardian","floor":21,"turns":6},{"damage":18,"enemies":"Shelled Parasite and Fungi","floor":22,"turns":2}],"seed_played":"-625755032455833611","potions_obtained":[{"floor":1,"key":"DistilledChaos"},{"floor":7,"key":"ColorlessPotion"},{"floor":14,"key":"SneckoOil"},{"floor":18,"key":"Ancient Potion"},{"floor":21,"key":"PowerPotion"}],"is_trial":false,"path_per_floor":["M","?","T","?","M","R","M","M","T","$","M","R","E","M","R","B",null,"M","$","?","M","M"],"character_chosen":"IRONCLAD","items_purchased":["TheAbacus","Frozen Eye"],"campfire_rested":0,"item_purchase_floors":[10,19],"current_hp_per_floor":[65,65,65,65,53,53,46,47,47,47,56,56,60,60,60,23,69,76,76,23,13,0,0],"gold":72,"neow_bonus":"REMOVE_TWO","is_daily":false,"chose_seed":false,"campfire_upgraded":3,"win_rate":0.0,"timestamp":1613611726,"path_taken":["M","?","?","?","M","R","M","M","T","$","?","R","E","M","R","BOSS","M","?","?","M","M"],"items_purchased_type":["Relic","Relic"],"build_version":"2020-12-22","purchased_purges":1,"victory":false,"max_hp_per_floor":[75,75,75,75,75,75,75,78,78,78,81,81,81,84,84,84,84,88,88,88,88,88,88],"relic_stats":{"TheAbacus":[84],"counters":[12,51],"obtain_stats":[{"Potion Belt":9,"Frozen Eye":19,"TheAbacus":10,"Mark of Pain":17,"Red Mask":20,"Ancient Tea Set":13,"Burning Blood":0,"Paper Frog":3},{"Potion Belt":4,"Frozen Eye":9,"TheAbacus":4,"Mark of Pain":8,"Red Mask":10,"Ancient Tea Set":6,"Burning Blood":0,"Paper Frog":1},{"Potion Belt":19,"Frozen Eye":39,"TheAbacus":19,"Mark of Pain":36,"Red Mask":43,"Ancient Tea Set":24,"Burning Blood":0,"Paper Frog":4}],"Burning Blood":66},"card_choices":[{"not_picked":["Headbutt","True Grit"],"picked":"Fire Breathing","floor":1},{"not_picked":["Dark Embrace","Rampage"],"picked":"Feed","floor":7},{"not_picked":["Sword Boomerang","Carnage"],"picked":"Battle Trance","floor":8},{"not_picked":["Cleave","Entrench","Warcry"],"picked":"SKIP","floor":11},{"not_picked":["Uppercut","Infernal Blade"],"picked":"Wild Strike","floor":13},{"not_picked":["Brutality","Anger","Intimidate"],"picked":"SKIP","floor":14},{"not_picked":["Berserk","Juggernaut"],"picked":"Impervious","floor":16},{"not_picked":["Intimidate","Sword Boomerang"],"picked":"Power Through","floor":20},{"not_picked":["Entrench","Infernal Blade"],"picked":"Disarm","floor":21}],"player_experience":1439877,"relics_obtained":[{"floor":3,"key":"Paper Frog"},{"floor":9,"key":"Potion Belt"},{"floor":13,"key":"Ancient Tea Set"},{"floor":20,"key":"Red Mask"}],"event_choices":[{"damage_healed":0,"gold_gain":0,"cards_transformed":["Strike_R"],"player_choice":"Change","damage_taken":0,"max_hp_gain":0,"max_hp_loss":0,"event_name":"Living Wall","floor":2,"gold_loss":0,"cards_obtained":["Brutality"]},{"damage_healed":0,"gold_gain":150,"player_choice":"AGREE","damage_taken":0,"max_hp_gain":0,"max_hp_loss":0,"event_name":"Liars Game","floor":4,"gold_loss":0,"cards_obtained":["Doubt"]},{"damage_healed":0,"gold_gain":0,"player_choice":"Fought Bandits","damage_taken":0,"max_hp_gain":0,"max_hp_loss":0,"event_name":"Masked Bandits","floor":20,"gold_loss":0}],"is_beta":false,"boss_relics":[{"not_picked":["Astrolabe","Pandora\u0027s Box"],"picked":"Mark of Pain"}],"items_purged_floors":[10],"is_endless":false,"potions_floor_spawned":[1,7,14,18,21],"killed_by":"Shelled Parasite and Fungi","ascension_level":20}}