{"host":"l7ku00cw7dmofayg","time":1613610260,"event":{"mods":["ATMod(°¢èªMod)","BaseMod","Marisa£¨ìFÓê¡¡Ä§ÀíÉ³£©","Minty Spire (QoL Compilation)","StSLib","The Invoker Mod"],"gold_per_floor":[110,110,129,129,204,232,256,256,256],"floor_reached":8,"language":"ZHS","playtime":3364,"items_purged":[],"score":108,"play_id":"63273c27-a007-456d-83d7-e11779961d2c","local_time":"20210218090420","is_ascension_mode":true,"campfire_choices":[],"circlet_count":0,"master_deck":["AscendersBane","Strike_MRS","Strike_MRS","Strike_MRS","Defend_MRS","Defend_MRS","Defend_MRS","Defend_MRS","MasterSpark","UpSweep","AT_EssenceShift","DragonMeteor","OneTimeOff","Acceleration"],"relics":["MiniHakkero","AT_ATBox","Boot","AmplifyWand","Lantern"],"acts_visited":["Exordium"],"potions_floor_usage":[],"damage_taken":[{"damage":2.0,"enemies":"Jaw Worm","floor":1.0,"turns":3.0},{"damage":1.0,"enemies":"Cultist","floor":3.0,"turns":3.0},{"damage":27.0,"enemies":"Lagavulin","floor":6.0,"turns":7.0},{"damage":14,"enemies":"Gremlin Nob","floor":8,"turns":4}],"seed_played":"12198836746690266","potions_obtained":[],"is_trial":false,"path_per_floor":["M","?","M","?","?","E","T","E"],"character_chosen":"MARISA","items_purchased":[],"campfire_rested":0,"item_purchase_floors":[],"current_hp_per_floor":[61,66,65,65,54,27,27,13,13],"gold":256,"neow_bonus":"RANDOM_COMMON_RELIC","is_daily":false,"chose_seed":false,"campfire_upgraded":0,"win_rate":0.0,"timestamp":1613610260,"path_taken":["M","?","?","?","?","E","?","E"],"items_purchased_type":[],"build_version":"2020-12-22","purchased_purges":0,"victory":false,"max_hp_per_floor":[70,70,70,70,70,70,70,70,70],"card_choices":[{"not_picked":["GalacticHalo","PowerUp"],"picked":"WitchLeyline","floor":1.0},{"not_picked":["AlicesGift","SporeBomb"],"picked":"DragonMeteor","floor":3.0},{"not_picked":["FairyDestructionRay","OpenUniverse"],"picked":"Acceleration","floor":6.0}],"player_experience":75623,"relics_obtained":[{"floor":6.0,"key":"AmplifyWand"},{"floor":7.0,"key":"Lantern"}],"event_choices":[{"cards_removed":["WitchLeyline"],"damage_healed":5.0,"max_hp_gain":0.0,"max_hp_loss":0.0,"gold_gain":0.0,"event_name":"Bonfire Elementals","player_choice":"Offered Common","floor":2.0,"gold_loss":0.0,"damage_taken":0.0},{"cards_removed":["WitchLeyline"],"damage_healed":5.0,"max_hp_gain":0.0,"max_hp_loss":0.0,"gold_gain":0.0,"event_name":"Bonfire Elementals","player_choice":"Offered Special","floor":2.0,"gold_loss":0.0,"damage_taken":0.0},{"damage_healed":0.0,"max_hp_gain":0.0,"max_hp_loss":0.0,"gold_gain":0.0,"cards_transformed":["Strike_MRS"],"event_name":"Living Wall","player_choice":"Change","floor":4.0,"gold_loss":0.0,"damage_taken":0.0,"cards_obtained":["OneTimeOff"]},{"damage_healed":0.0,"max_hp_gain":0.0,"max_hp_loss":0.0,"gold_gain":75.0,"event_name":"World of Goop","player_choice":"Gather Gold","floor":5.0,"gold_loss":0.0,"damage_taken":11.0}],"is_beta":false,"boss_relics":[],"items_purged_floors":[],"is_endless":false,"potions_floor_spawned":[],"killed_by":"Gremlin Nob","ascension_level":20}}