{"host":"81h68oe4mr04pk3r","time":1613623312,"event":{"mods":["Act Like it!","Aspiration","BaseMod","BetterRewards","Colored Map","Colored Powertips","Conspire","Downfall","Gensokyo","Hallownest","Hermit","Hubris","Infinite Spire","Jorbs\u0027s Wanderer Trilogy","Koishi","Lobotomy","LobotomyExtend","Marisa????????","Minty Spire (QoL Compilation)","Quick Restart","Reimu??????","Remilia??????","StSLib","The Bug Knight","The Construct","The Cursed","The Disciple","The Servant 0.9.4"],"gold_per_floor":[116,116,4,28,46,75,75,87,111,111,141,141,153,153,153,153,153],"floor_reached":16,"language":"ENG","playtime":714,"items_purged":[],"score":133,"play_id":"4f4ebea0-41e0-4322-9337-e46ac65dadd9","local_time":"20210217204152","is_ascension_mode":false,"campfire_choices":[{"data":"HollowMod:AbyssShriek","floor":7,"key":"SMITH"},{"floor":15,"key":"REST"}],"circlet_count":0,"master_deck":["HollowMod:NailStrikeStart","HollowMod:NailStrikeStart","HollowMod:NailStrikeStart","HollowMod:QuickDashStart","HollowMod:QuickDashStart","HollowMod:FocusHealStart","HollowMod:PogoStrike","HollowMod:SiblingsSouls","Burst","Bane","Leg Sweep","HollowMod:AbyssShriek+1","HollowMod:SoulVessel","HollowMod:SharpenedShadows","HollowMod:CycloneSlash","HollowMod:MonarchWings","HollowMod:HowlingWraiths","HollowMod:WraithStrike"],"relics":["HollowMod:VesselMask","NeowsBlessing","LetterFromLob","Blood Vial","RuthlessExorcism:ReiMu","aspiration:VileToxins","hubris:Towel","Oddly Smooth Stone"],"acts_visited":["Gensokyo:Gensokyo"],"potions_floor_usage":[11,16],"damage_taken":[{"damage":0,"enemies":"Gensokyo:Python","floor":1,"turns":1},{"damage":0,"enemies":"Gensokyo:Gryphon","floor":5,"turns":1},{"damage":0,"enemies":"Gensokyo:Mamizou","floor":6,"turns":2},{"damage":0,"enemies":"Gensokyo:2_Kodama","floor":8,"turns":2},{"damage":28,"enemies":"Gensokyo:Aya","floor":11,"turns":7},{"damage":8,"enemies":"Gensokyo:CorruptedTreant","floor":13,"turns":4},{"damage":65,"enemies":"Gensokyo:Reimu","floor":16,"turns":14}],"seed_played":"-8638963524018586499","potions_obtained":[{"floor":1,"key":"ColorlessPotion"},{"floor":11,"key":"Block Potion"}],"is_trial":false,"path_per_floor":["M","?","$","T","M","E","R","M","T","?","E","?","M","M","R","B"],"character_chosen":"THE_BUGKNIGHT","items_purchased":["HollowMod:AbyssShriek","HollowMod:SoulVessel"],"campfire_rested":1,"item_purchase_floors":[3,3],"current_hp_per_floor":[75,75,75,75,75,75,75,75,75,75,47,47,41,41,63,0,0],"gold":153,"neow_bonus":"THREE_ENEMY_KILL","is_daily":false,"chose_seed":false,"campfire_upgraded":1,"win_rate":0.0,"timestamp":1613623312,"path_taken":["M","?","?","?","?","E","R","M","T","?","E","?","?","M","R","BOSS"],"items_purchased_type":["Card","Card"],"build_version":"2020-12-22","purchased_purges":0,"victory":false,"max_hp_per_floor":[75,75,75,75,75,75,75,75,75,75,75,75,75,75,75,75,75],"card_choices":[{"not_picked":["HollowMod:LifebloodCocoon","HollowMod:TaintedHusks"],"picked":"HollowMod:SiblingsSouls","floor":1},{"not_picked":["HollowMod:CycloneSlash","HollowMod:DungDefenderAura"],"picked":"HollowMod:SharpenedShadows","floor":5},{"not_picked":["HollowMod:HuntersJournal","HollowMod:NewLittleFool"],"picked":"HollowMod:CycloneSlash","floor":6},{"not_picked":["HollowMod:SoulSplash","HollowMod:MawleksShell"],"picked":"HollowMod:MonarchWings","floor":8},{"not_picked":["HollowMod:DoubleDash","HollowMod:SoulShaman"],"picked":"HollowMod:HowlingWraiths","floor":11},{"not_picked":["HollowMod:NewJinnsSoul","HollowMod:CloakDash"],"picked":"HollowMod:WraithStrike","floor":13}],"player_experience":249455,"relics_obtained":[{"floor":1,"key":"LetterFromLob"},{"floor":4,"key":"Blood Vial"},{"floor":6,"key":"RuthlessExorcism:ReiMu"},{"floor":9,"key":"aspiration:VileToxins"},{"floor":11,"key":"Oddly Smooth Stone"}],"event_choices":[],"is_beta":false,"boss_relics":[],"items_purged_floors":[],"is_endless":false,"potions_floor_spawned":[1,11],"killed_by":"Gensokyo:Reimu","ascension_level":0}}