{"host":"8rgpnls124hwjv5t","time":1613612635,"event":{"mods":["BaseMod","Colored Map","Colored Powertips","DeckTracker","Highlight Path","Minty Spire (QoL Compilation)","Permanent Neow","Quick Restart","Relic Stats","Shop Mod","StSLib"],"gold_per_floor":[159,159,171,91,29,41,73,118,155,167,192,204,236,261,273,359,371,403,116,142,158,158,158,158],"floor_reached":23,"language":"ENG","playtime":992,"items_purged":["Strike_B"],"score":446,"play_id":"aa18bf33-f133-4ef3-a7c1-473db5ed4502","local_time":"20210217204355","is_ascension_mode":true,"campfire_choices":[{"data":"Streamline","floor":6,"key":"SMITH"},{"data":"Loop","floor":10,"key":"SMITH"},{"data":"Self Repair","floor":12,"key":"SMITH"},{"data":"Buffer","floor":15,"key":"SMITH"}],"circlet_count":0,"master_deck":["AscendersBane","Strike_B","Defend_B+1","Defend_B","Defend_B+1","Defend_B","Zap","Dualcast+1","Cold Snap","Static Discharge","Streamline+1","Self Repair+1","Doom and Gloom","Loop+1","Turbo","Buffer+1","Echo Form","Skim","Reinforced Body","Biased Cognition","Reprogram"],"relics":["Tiny House","MawBank","Potion Belt","Tiny Chest","Fusion Hammer","DataDisk","Red Mask"],"acts_visited":["Exordium","TheCity"],"potions_floor_usage":[8,8,8,16,16,20,20,23],"damage_taken":[{"damage":2,"enemies":"Small Slimes","floor":1,"turns":3},{"damage":0,"enemies":"2 Louse","floor":3,"turns":4},{"damage":0,"enemies":"Cultist","floor":7,"turns":3},{"damage":11,"enemies":"3 Sentries","floor":8,"turns":3},{"damage":2,"enemies":"Looter","floor":11,"turns":3},{"damage":13,"enemies":"Blue Slaver","floor":13,"turns":3},{"damage":14,"enemies":"3 Louse","floor":14,"turns":4},{"damage":0,"enemies":"Slime Boss","floor":16,"turns":9},{"damage":0,"enemies":"Chosen","floor":18,"turns":6},{"damage":40,"enemies":"Masked Bandits","floor":20,"turns":4},{"damage":11,"enemies":"Spheric Guardian","floor":21,"turns":7},{"damage":65,"enemies":"Slavers","floor":23,"turns":3}],"seed_played":"-6601252537027467032","potions_obtained":[{"floor":0,"key":"EntropicBrew"},{"floor":8,"key":"PowerPotion"},{"floor":11,"key":"PowerPotion"},{"floor":14,"key":"EssenceOfSteel"},{"floor":21,"key":"SteroidPotion"}],"is_trial":false,"path_per_floor":["M","?","M","$","?","R","M","E","T","R","M","R","M","M","R","B",null,"M","$","?","M","?","E"],"character_chosen":"DEFECT","items_purchased":["Self Repair","DataDisk","PowerPotion"],"campfire_rested":0,"item_purchase_floors":[4,19,19],"current_hp_per_floor":[67,44,44,44,44,44,51,47,47,47,52,52,49,45,45,45,68,76,76,36,45,45,0,0],"gold":158,"neow_bonus":"BOSS_RELIC","is_daily":false,"chose_seed":false,"campfire_upgraded":4,"win_rate":0.0,"timestamp":1613612635,"path_taken":["M","?","M","$","?","R","M","E","T","R","M","R","M","?","R","BOSS","M","$","?","M","?","E"],"items_purchased_type":["Card","Relic","Potion"],"build_version":"2020-12-22","purchased_purges":1,"victory":false,"max_hp_per_floor":[76,76,76,76,76,76,76,76,76,76,76,76,76,76,76,76,76,76,76,76,76,76,76,76],"relic_stats":{"counters":[12,52],"Tiny Chest":0,"MawBank":168,"obtain_stats":[{"Potion Belt":8,"DataDisk":19,"Tiny House":0,"Tiny Chest":9,"Fusion Hammer":17,"Red Mask":20,"Cracked Core":0,"MawBank":5},{"Potion Belt":4,"DataDisk":9,"Tiny House":0,"Tiny Chest":4,"Fusion Hammer":8,"Red Mask":10,"Cracked Core":0,"MawBank":2},{"Potion Belt":13,"DataDisk":38,"Tiny House":0,"Tiny Chest":13,"Fusion Hammer":32,"Red Mask":42,"Cracked Core":0,"MawBank":7}]},"card_choices":[{"not_picked":["Turbo","Skim"],"picked":"Cold Snap","floor":0},{"not_picked":["Cold Snap","Rebound"],"picked":"Static Discharge","floor":1},{"not_picked":["Coolheaded","Redo"],"picked":"Streamline","floor":3},{"not_picked":["Thunder Strike","Heatsinks"],"picked":"Doom and Gloom","floor":7},{"not_picked":["Blizzard","Cold Snap"],"picked":"Loop","floor":8},{"not_picked":["Scrape","Rebound","Redo"],"picked":"SKIP","floor":11},{"not_picked":["Conserve Battery","Chill"],"picked":"Turbo","floor":13},{"not_picked":["Coolheaded","Leap"],"picked":"Buffer","floor":14},{"not_picked":["Buffer","Hyperbeam"],"picked":"Echo Form","floor":16},{"not_picked":["Redo","Barrage"],"picked":"Skim","floor":18},{"not_picked":["Sweeping Beam","Leap"],"picked":"Reinforced Body","floor":21}],"player_experience":610100,"relics_obtained":[{"floor":8,"key":"Potion Belt"},{"floor":9,"key":"Tiny Chest"},{"floor":20,"key":"Red Mask"}],"event_choices":[{"damage_healed":0,"gold_gain":0,"player_choice":"Entered Light","damage_taken":23,"max_hp_gain":0,"max_hp_loss":0,"event_name":"Shining Light","floor":2,"gold_loss":0,"cards_upgraded":["Defend_B","Dualcast"]},{"damage_healed":0,"gold_gain":0,"player_choice":"Paid Gold","damage_taken":0,"relics_obtained":["MawBank"],"max_hp_gain":0,"max_hp_loss":0,"event_name":"WeMeetAgain","floor":5,"gold_loss":62},{"damage_healed":0,"gold_gain":0,"player_choice":"Fought Bandits","damage_taken":0,"max_hp_gain":0,"max_hp_loss":0,"event_name":"Masked Bandits","floor":20,"gold_loss":0},{"damage_healed":0,"gold_gain":0,"cards_transformed":["Strike_B","Strike_B"],"player_choice":"Became Test Subject","damage_taken":0,"max_hp_gain":0,"max_hp_loss":0,"event_name":"Drug Dealer","floor":22,"gold_loss":0,"cards_obtained":["Biased Cognition","Reprogram"]}],"is_beta":false,"boss_relics":[{"not_picked":["Velvet Choker","Coffee Dripper"],"picked":"Fusion Hammer"}],"items_purged_floors":[19],"is_endless":false,"potions_floor_spawned":[8,11,14,21],"killed_by":"Slavers","ascension_level":17}}