{"host":"btkbr53c3gip0r7d","time":1613616280,"event":{"mods":["BaseMod","Better Altar","Better Match","Better Note","Better Sensory Stone","Better Skull","Better Third Choice","Colored Map","Curses Come First","Downfall","Minty Spire (QoL Compilation)","StSLib","The Cursed","The Marked"],"gold_per_floor":[99,115,134,234,234,247,293,303,303,338,366,398,450,489,525,646,658,670,708,738,313,313,213,262,300,300,340,340,340],"floor_reached":27,"language":"ENG","playtime":4380,"items_purged":["Guardian:Defend_Guardian"],"score":368,"play_id":"eccac866-9501-4862-b091-c4e8c09cbc63","local_time":"20210217194440","is_ascension_mode":true,"campfire_choices":[{"data":"Guardian:HyperBeam_Guardian","floor":1.0,"key":"SMITH"},{"data":"Guardian:Orbwalk","floor":9.0,"key":"SMITH"},{"floor":18,"key":"RECALL"},{"floor":23,"key":"REST"}],"circlet_count":0,"master_deck":["Guardian:Strike_Guardian","Guardian:Strike_Guardian","Guardian:Strike_Guardian","Guardian:Strike_Guardian","Guardian:Defend_Guardian","Guardian:Defend_Guardian","Guardian:Defend_Guardian+1","Guardian:CurlUp+1","Guardian:TwinSlam","Guardian:HyperBeam_Guardian+1","Guardian:EvasiveProtocol","Guardian:Orbwalk+1","Guardian:HyperBeam_Guardian+1","Guardian:CompilePackage","Guardian:Suspension","Guardian:VentSteam","Guardian:StasisField","Guardian:Emergency+1","Guardian:BodySlam","Guardian:Planning+1"],"relics":["Guardian:ModeShifter","War Paint","MawBank","CeramicFish","Fusion Hammer","Calipers","downfall:HeartBlessingRed","Guardian:PickAxe","Toxic Egg 2","downfall:KnowingSkull"],"acts_visited":["Exordium","TheCity"],"potions_floor_usage":[16,16,16],"damage_taken":[{"damage":1.0,"enemies":"Cultist","floor":2.0,"turns":4.0},{"damage":0.0,"enemies":"2 Louse","floor":3.0,"turns":2.0},{"damage":0.0,"enemies":"Small Slimes","floor":6.0,"turns":1.0},{"damage":2.0,"enemies":"2 Fungi Beasts","floor":8.0,"turns":2.0},{"damage":10.0,"enemies":"Lagavulin","floor":10.0,"turns":6.0},{"damage":11.0,"enemies":"Exordium Thugs","floor":11.0,"turns":2.0},{"damage":6.0,"enemies":"downfall:LooterAlt","floor":12.0,"turns":2.0},{"damage":0.0,"enemies":"3 Sentries","floor":13.0,"turns":1.0},{"damage":0.0,"enemies":"Gremlin Gang","floor":14.0,"turns":1.0},{"damage":0.0,"enemies":"3 Louse","floor":15.0,"turns":1.0},{"damage":0,"enemies":"WA_ARCHETYPE_RETAIN","floor":16,"turns":7},{"damage":1,"enemies":"Spheric Guardian","floor":19,"turns":5},{"damage":12,"enemies":"3 Byrds","floor":20,"turns":3},{"damage":5,"enemies":"downfall:FleeingMerchant","floor":21,"turns":4},{"damage":47,"enemies":"Book of Stabbing","floor":25,"turns":8},{"damage":34,"enemies":"Cultist and Chosen","floor":27,"turns":4}],"seed_played":"-8668456330586780409","potions_obtained":[{"floor":3.0,"key":"EssenceOfSteel"},{"floor":6.0,"key":"BlessingOfTheForge"},{"floor":11.0,"key":"ColorlessPotion"},{"floor":12.0,"key":"EssenceOfSteel"}],"is_trial":false,"path_per_floor":["R","M","M","?","?","M","T","M","R","E","M","M","E","M","M","B",null,"R","M","M","$","?","R","T","E","?","M"],"character_chosen":"GUARDIAN","items_purchased":["Calipers","Guardian:BodySlam"],"campfire_rested":1,"item_purchase_floors":[21,21],"current_hp_per_floor":[56,55,55,55,55,55,55,53,53,43,32,26,26,26,26,26,80,80,79,67,62,62,80,80,33,25,0,0,0],"gold":340,"neow_bonus":"THREE_RARE_CARDS","is_daily":false,"chose_seed":false,"campfire_upgraded":2,"win_rate":0.0,"timestamp":1613616280,"path_taken":["R","M","M","?","?","?","T","M","R","E","M","M","E","M","M","BOSS","R","M","M","$","?","R","T","E","?","?"],"items_purchased_type":["Relic","Card"],"build_version":"2020-12-22","purchased_purges":1,"victory":false,"max_hp_per_floor":[80,80,80,80,80,80,80,80,80,80,80,80,80,80,80,80,80,80,80,80,80,80,80,80,80,80,80,80,80],"card_choices":[{"not_picked":["Guardian:AncientConstruct","Guardian:RevengeProtocol"],"picked":"Guardian:HyperBeam_Guardian","floor":0.0},{"not_picked":["Guardian:CrystalBeam","Guardian:Gem_Green"],"picked":"Guardian:EvasiveProtocol","floor":2.0},{"not_picked":["Guardian:Gem_Blue","Guardian:MultiBeam"],"picked":"Guardian:Orbwalk","floor":3.0},{"not_picked":["Guardian:Reroute","Guardian:CrystalBeam","Guardian:Planning"],"picked":"SKIP","floor":6.0},{"not_picked":["Guardian:Gem_Green","Guardian:Reroute"],"picked":"Guardian:Gem_Red","floor":8.0},{"not_picked":["Guardian:TemporalStrike","Guardian:FloatingOrbs"],"picked":"Guardian:Gem_Blue","floor":10.0},{"not_picked":["Guardian:Planning","Guardian:Incinerate"],"picked":"Guardian:Gem_Red","floor":11.0},{"not_picked":["Guardian:WalkerClaw","Guardian:Gem_Crimson"],"picked":"Guardian:CompilePackage","floor":12.0},{"not_picked":["Guardian:Reroute","Guardian:PiercingHide"],"picked":"Guardian:Suspension","floor":13.0},{"not_picked":["Guardian:TemporalShield","Guardian:Gem_Green"],"picked":"Guardian:VentSteam","floor":14.0},{"not_picked":["Guardian:TemporalShield","Guardian:SpikerProtocol"],"picked":"Guardian:Gem_Synthetic","floor":15.0},{"not_picked":["Guardian:FierceBash","Guardian:StasisStrike"],"picked":"Guardian:StasisField","floor":16},{"not_picked":["Guardian:Incinerate","Guardian:Gem_Blue"],"picked":"Guardian:Emergency+1","floor":19},{"not_picked":["Guardian:Suspension+1","Guardian:Incinerate","Guardian:Gem_Green"],"picked":"SKIP","floor":20},{"not_picked":["Guardian:TimeBomb","Guardian:ChargeCore","Guardian:TemporalStrike"],"picked":"SKIP","floor":21},{"not_picked":["Guardian:PiercingHide+1","Guardian:ShieldCharger+1"],"picked":"Guardian:Planning+1","floor":25}],"player_experience":1465866,"relics_obtained":[{"floor":7.0,"key":"War Paint"},{"floor":10.0,"key":"MawBank"},{"floor":13.0,"key":"CeramicFish"},{"floor":24,"key":"Guardian:PickAxe"},{"floor":25,"key":"Toxic Egg 2"}],"event_choices":[],"is_beta":false,"boss_relics":[{"not_picked":["Philosopher\u0027s Stone","Runic Dome"],"picked":"Fusion Hammer"}],"items_purged_floors":[21],"is_endless":false,"potions_floor_spawned":[3,6,11,12,14],"killed_by":"Cultist and Chosen","ascension_level":3}}