{"host":"mj8akmyfd5lo602f","time":1613659171,"event":{"mods":["2.2 Compatiblity","Act Like it!","BaseMod","Bestiary","BshForSts","Colored Map","Colored Powertips","Highlight Path","Koishi","Minty Spire (QoL Compilation)","Permanent Neow","Relic Stats","StSLib","The Marked"],"gold_per_floor":[110,35,35,35,51,51,77,77,77,95,95,126,138,65,65,161,161,176,194,194,208,218,245,245,245],"floor_reached":24,"language":"ENG","playtime":1457,"items_purged":[],"score":226,"play_id":"629e2607-7a6f-4198-a647-b3fd131717b3","local_time":"20210218143931","is_ascension_mode":false,"campfire_choices":[{"data":"theMarked:EmpowerWeapon","floor":6,"key":"SMITH"},{"data":"theMarked:RogueSparks","floor":8,"key":"SMITH"},{"floor":15,"key":"REST"}],"circlet_count":0,"master_deck":["theMarked:Strike","theMarked:Strike+1","theMarked:Strike","theMarked:Strike","theMarked:Defend","theMarked:Defend+1","theMarked:Defend","theMarked:Defend","theMarked:SoldierOfQuellstein","theMarked:ChannelForce","theMarked:EmpowerWeapon+1","theMarked:RogueSparks+1","theMarked:ChainLightning","theMarked:Toughness","theMarked:ComboAttacks","theMarked:TakeOffHeels","theMarked:RogueSparks+1","theMarked:TakeCover"],"relics":["theMarked:ArtifactOfAir","Mummified Hand","PreservedInsect","Shuriken","Sozu","White Beast Statue"],"acts_visited":["Exordium","TheCity"],"potions_floor_usage":[12,16],"damage_taken":[{"damage":10,"enemies":"Small Slimes","floor":1,"turns":5},{"damage":2,"enemies":"2 Louse","floor":5,"turns":3},{"damage":10,"enemies":"Lagavulin","floor":7,"turns":6},{"damage":1,"enemies":"Jaw Worm","floor":10,"turns":3},{"damage":13,"enemies":"3 Sentries","floor":12,"turns":7},{"damage":2,"enemies":"Looter","floor":13,"turns":3},{"damage":24,"enemies":"Hexaghost","floor":16,"turns":6},{"damage":0,"enemies":"Shell Parasite","floor":18,"turns":4},{"damage":5,"enemies":"Chosen","floor":19,"turns":4},{"damage":19,"enemies":"Snake Plant","floor":21,"turns":5},{"damage":16,"enemies":"Sentry and Sphere","floor":22,"turns":6},{"damage":13,"enemies":"Gremlin Leader","floor":23,"turns":6},{"damage":21,"enemies":"Masked Bandits","floor":24,"turns":3}],"seed_played":"5589815564957056061","potions_obtained":[{"floor":1,"key":"LiquidMemories"},{"floor":10,"key":"Ancient Potion"},{"floor":12,"key":"Strength Potion"},{"floor":13,"key":"SteroidPotion"}],"is_trial":false,"path_per_floor":["M","$","?","?","M","R","E","R","T","M","?","E","M","$","R","B",null,"M","M","?","M","M","E","?"],"character_chosen":"THE_DEFAULT","items_purchased":["theMarked:RogueSparks","theMarked:ComboAttacks"],"campfire_rested":1,"item_purchase_floors":[2,14],"current_hp_per_floor":[62,62,62,48,46,46,36,36,36,35,35,22,20,20,41,17,72,72,67,67,48,32,19,0,0],"gold":245,"neow_bonus":"TRANSFORM_CARD","is_daily":false,"chose_seed":false,"campfire_upgraded":2,"win_rate":0.0,"timestamp":1613659171,"path_taken":["M","$","?","?","M","R","E","R","T","M","?","E","M","$","R","BOSS","M","M","?","M","M","E","?"],"items_purchased_type":["Card","Card"],"build_version":"2020-12-22","purchased_purges":0,"victory":false,"max_hp_per_floor":[72,72,72,72,72,72,72,72,72,72,72,72,72,72,72,72,72,72,72,72,72,72,72,72,72],"relic_stats":{"Sozu":3,"counters":[13,59],"Mummified Hand":[26],"Shuriken":[7],"PreservedInsect":77,"obtain_stats":[{"Sozu":17,"theMarked:ArtifactOfAir":0,"Mummified Hand":7,"Shuriken":12,"PreservedInsect":9,"White Beast Statue":23},{"Sozu":7,"theMarked:ArtifactOfAir":0,"Mummified Hand":3,"Shuriken":5,"PreservedInsect":3,"White Beast Statue":12},{"Sozu":33,"theMarked:ArtifactOfAir":0,"Mummified Hand":14,"Shuriken":24,"PreservedInsect":14,"White Beast Statue":56}]},"card_choices":[{"not_picked":["theMarked:ElectricStrings","theMarked:TwofoldDefense"],"picked":"theMarked:EmpowerWeapon","floor":1},{"not_picked":["theMarked:RepellingDischarge","theMarked:BanishingStrike"],"picked":"theMarked:ChainLightning","floor":5},{"not_picked":["theMarked:Aftermath","theMarked:Seal","theMarked:Improvise"],"picked":"SKIP","floor":7},{"not_picked":["theMarked:Aftermath","theMarked:Parkour","theMarked:Frustration"],"picked":"SKIP","floor":10},{"not_picked":["theMarked:Improvise","theMarked:Aftermath","theMarked:ChainLightning"],"picked":"SKIP","floor":12},{"not_picked":["theMarked:Parkour","theMarked:Improvise"],"picked":"theMarked:Toughness","floor":13},{"not_picked":["theMarked:Toughness","theMarked:Defy"],"picked":"theMarked:TakeOffHeels","floor":16},{"not_picked":["theMarked:AttractMetal","theMarked:Polarize"],"picked":"theMarked:RogueSparks+1","floor":18},{"not_picked":["theMarked:ComboAttacks","theMarked:GodGivenPower"],"picked":"theMarked:TakeCover","floor":19},{"not_picked":["theMarked:Generate","theMarked:Parkour","theMarked:Frustration"],"picked":"SKIP","floor":21},{"not_picked":["theMarked:TunnelVision","theMarked:WastefulAttack","theMarked:BanishingWave"],"picked":"SKIP","floor":22},{"not_picked":["theMarked:ElectricStrings","theMarked:CreepingChasm","theMarked:Improvise"],"picked":"SKIP","floor":23}],"player_experience":175050,"relics_obtained":[{"floor":7,"key":"Mummified Hand"},{"floor":9,"key":"PreservedInsect"},{"floor":12,"key":"Shuriken"},{"floor":23,"key":"White Beast Statue"}],"event_choices":[{"damage_healed":0,"gold_gain":0,"player_choice":"Ignored","damage_taken":0,"max_hp_gain":0,"max_hp_loss":0,"event_name":"Liars Game","floor":3,"gold_loss":0},{"damage_healed":0,"gold_gain":0,"player_choice":"Entered Light","damage_taken":14,"max_hp_gain":0,"max_hp_loss":0,"event_name":"Shining Light","floor":4,"gold_loss":0,"cards_upgraded":["theMarked:Defend","theMarked:Strike"]},{"damage_healed":0,"gold_gain":0,"player_choice":"Ignored","damage_taken":0,"max_hp_gain":0,"max_hp_loss":0,"event_name":"Golden Idol","floor":11,"gold_loss":0},{"damage_healed":0,"gold_gain":0,"player_choice":"Ignored","damage_taken":0,"max_hp_gain":0,"max_hp_loss":0,"event_name":"Ghosts","floor":20,"gold_loss":0},{"damage_healed":0,"gold_gain":0,"player_choice":"Fought Bandits","damage_taken":0,"max_hp_gain":0,"max_hp_loss":0,"event_name":"Masked Bandits","floor":24,"gold_loss":0}],"is_beta":false,"boss_relics":[{"not_picked":["SlaversCollar","Ectoplasm"],"picked":"Sozu"}],"items_purged_floors":[],"is_endless":false,"potions_floor_spawned":[1,10,12,13,18,21,23],"killed_by":"Masked Bandits","ascension_level":0}}