{"host":"e4udrxcgdvpx3wcj","time":1613611496,"event":{"mods":["Act Like it!","Aspiration","Astrologer","BaseMod","Gensokyo","Highlight Path","Infinite Spire","Koishi","Marisa????????","Minty Spire (QoL Compilation)","Replay The Spire","StSLib","SuperFastMode","The Bug Knight","The Construct","The Jungle","The Runesmith","The Servant 0.9.4","TheBandit"],"gold_per_floor":[110,71,12,24,24,52,52,77,77,102,102,159,159,159,159,234,234,246,246,26,26,36,36,67,67,67,67,67,67,97,111,111,186,186,199,244,244],"floor_reached":36,"language":"ENG","playtime":1701,"items_purged":["Strike_S","Strike_S"],"score":878,"play_id":"08c3d827-c457-47de-b3a6-f2d243883842","local_time":"20210217202456","is_ascension_mode":true,"campfire_choices":[{"data":"Deadline","floor":7.0,"key":"SMITH"},{"data":"StarChef","floor":15.0,"key":"SMITH"},{"data":"Initiator","floor":23.0,"key":"SMITH"},{"data":"Moonlight","floor":27,"key":"SMITH"},{"data":"Manipulate","floor":29,"key":"SMITH"},{"data":"Backflip","floor":32,"key":"SMITH"}],"circlet_count":0,"master_deck":["AscendersBane","Strike_S","Strike_S","Defend_S","Defend_S","Defend_S","KidneyShot","Exchange","Moonlight+1","Deadline+1","StarChef+1","Ricochet","RealityMarble","Revamp","Initiator+1","CurseOfTheBell","BottledTime","Replay:Bootleg Shield Generator","BottledTime","Defy","ReturningBlade","Rewind","Manipulate+1","Backflip+1","Replay:Bag of Tricks","InstantArmor"],"relics":["Uniform","NeowsBlessing","Pantograph","Mercury Hourglass","infinitespire:CursedDice","Bag of Marbles","infinitespire:FocusingShard","HollowMod:QueensCombRelic","ReplayTheSpireMod:Ring of Exchange","ReplayTheSpireMod:Ring of Challenge","Ornamental Fan","Calling Bell","Bronze Scales","Durian","BargainBundle","HornCleat","aspiration:SilentSkillbook","ClockworkSouvenir","Nloth\u0027s Gift","Strawberry","HandDrill"],"acts_visited":["Exordium","TheCity","TheBeyond"],"potions_floor_usage":[24],"damage_taken":[{"damage":0.0,"enemies":"Jaw Worm","floor":1.0,"turns":1.0},{"damage":0.0,"enemies":"Cultist","floor":4.0,"turns":1.0},{"damage":0.0,"enemies":"Gremlin Nob","floor":6.0,"turns":1.0},{"damage":15.0,"enemies":"Lagavulin","floor":8.0,"turns":5.0},{"damage":25.0,"enemies":"3 Sentries","floor":10.0,"turns":7.0},{"damage":0.0,"enemies":"Small Slimes","floor":12.0,"turns":3.0},{"damage":33.0,"enemies":"Hexaghost","floor":16.0,"turns":11.0},{"damage":13.0,"enemies":"Spheric Guardian","floor":18.0,"turns":5.0},{"damage":11.0,"enemies":"Shell Parasite","floor":22.0,"turns":5.0},{"damage":29,"enemies":"Book of Stabbing","floor":24,"turns":6},{"damage":4,"enemies":"HollowMod:Nosk","floor":30,"turns":6},{"damage":9,"enemies":"Snecko","floor":31,"turns":5},{"damage":16,"enemies":"Collector","floor":33,"turns":9},{"damage":6,"enemies":"Orb Walker","floor":35,"turns":4},{"damage":51,"enemies":"3 Darklings","floor":36,"turns":5}],"seed_played":"-8157494847691771280","potions_obtained":[{"floor":6.0,"key":"Venom Potion"},{"floor":8.0,"key":"Adrenaline Potion"},{"floor":24,"key":"SmokeBomb"},{"floor":33,"key":"SpeedPotion"}],"is_trial":false,"path_per_floor":["M","$","?","M","?","E","R","E","T","E","?","M","T","?","R","B",null,"M","?","$","?","M","R","E","AVR","T","R","?","R","E","M","R","B",null,"M","M"],"character_chosen":"THE_SERVANT","items_purchased":["Moonlight","BargainBundle","Replay:Bootleg Shield Generator","BottledTime","Defy","LifebloodPotion","LiquidMemories","ReturningBlade"],"campfire_rested":0,"item_purchase_floors":[2,20,20,20,20,20,20,20],"current_hp_per_floor":[54,54,54,54,49,49,49,34,34,9,9,21,21,14,14,7,37,32,32,32,32,25,25,16,16,16,16,16,16,39,42,42,36,48,46,0,0],"gold":244,"neow_bonus":"THREE_ENEMY_KILL","is_daily":false,"chose_seed":false,"campfire_upgraded":6,"win_rate":0.0,"timestamp":1613611496,"path_taken":["M","$","?","?","?","E","R","E","T","E","?","M","?","?","R","BOSS","M","?","$","?","?","R","E","AVR","T","R","?","R","E","M","R","BOSS","M","?"],"items_purchased_type":["Card","Relic","Card","Card","Card","Potion","Potion","Card"],"build_version":"2020-12-22","purchased_purges":2,"victory":false,"max_hp_per_floor":[60,60,60,60,60,60,60,60,60,40,40,40,40,40,40,40,45,45,45,45,45,45,45,45,45,45,45,45,45,52,52,52,52,52,52,52,52],"card_choices":[{"not_picked":["MoonPhase","Collapse","Replace"],"picked":"SKIP","floor":1.0},{"not_picked":["Defy","Orbit"],"picked":"Deadline","floor":4.0},{"not_picked":["Sabotage","Unruled"],"picked":"StarChef","floor":6.0},{"not_picked":["Rearm","Foresight"],"picked":"Ricochet","floor":8.0},{"not_picked":["LightFlow","ReturningBlade"],"picked":"RealityMarble","floor":10.0},{"not_picked":["Potential","Ricochet"],"picked":"Revamp","floor":12.0},{"not_picked":["TrueSight","MurderousAura"],"picked":"Initiator","floor":16.0},{"not_picked":["Rewind","Ricochet"],"picked":"BottledTime","floor":18.0},{"not_picked":["Defy","ReturningBlade"],"picked":"Rewind","floor":22.0},{"not_picked":["Misdirection","SurpressingFire"],"picked":"Manipulate","floor":24},{"not_picked":["Foresight","Riddle With Holes","ReturningBlade","Underhanded Strike"],"picked":"SKIP","floor":30},{"not_picked":["PiercingWail","Unruled","Rewind"],"picked":"Backflip","floor":31},{"not_picked":["aspiration:Lunge","Poison Darts","Night Terror"],"picked":"Replay:Bag of Tricks","floor":33},{"not_picked":["Alleviate","aspiration:Lunge","Rearm"],"picked":"InstantArmor","floor":35}],"player_experience":2416461,"relics_obtained":[{"floor":6.0,"key":"infinitespire:CursedDice"},{"floor":8.0,"key":"Bag of Marbles"},{"floor":9.0,"key":"infinitespire:FocusingShard"},{"floor":10.0,"key":"HollowMod:QueensCombRelic"},{"floor":11.0,"key":"ReplayTheSpireMod:Ring of Exchange"},{"floor":11.0,"key":"ReplayTheSpireMod:Ring of Challenge"},{"floor":13.0,"key":"Ornamental Fan"},{"floor":17.0,"key":"Bronze Scales"},{"floor":17.0,"key":"KneeBrace"},{"floor":17.0,"key":"Durian"},{"floor":24,"key":"HornCleat"},{"floor":30,"key":"Strawberry"}],"event_choices":[{"damage_healed":0.0,"max_hp_gain":0.0,"max_hp_loss":0.0,"gold_gain":0.0,"event_name":"WeMeetAgain","player_choice":"Paid Gold","floor":3.0,"gold_loss":59.0,"damage_taken":0.0,"relics_obtained":["Pantograph"]},{"damage_healed":0.0,"max_hp_gain":0.0,"max_hp_loss":0.0,"gold_gain":0.0,"event_name":"Scrap Ooze","player_choice":"Success","floor":5.0,"gold_loss":0.0,"damage_taken":5.0,"relics_obtained":["Mercury Hourglass"]},{"cards_removed":["Voices"],"damage_healed":0.0,"max_hp_gain":0.0,"max_hp_loss":0.0,"gold_gain":0.0,"event_name":"Golden Wing","player_choice":"Card Removal","floor":14.0,"gold_loss":0.0,"damage_taken":7.0},{"damage_healed":0.0,"max_hp_gain":0.0,"max_hp_loss":0.0,"gold_gain":0.0,"event_name":"Vampires","player_choice":"Ignored","floor":19.0,"gold_loss":0.0,"damage_taken":0.0},{"cards_removed":["Defend_S"],"damage_healed":0.0,"max_hp_gain":0.0,"max_hp_loss":0.0,"gold_gain":0.0,"event_name":"Purifier","player_choice":"Purged","floor":21.0,"gold_loss":0.0,"damage_taken":0.0},{"damage_healed":0,"gold_gain":0,"player_choice":"Traded Relic","damage_taken":0,"relics_obtained":["Nloth\u0027s Gift"],"max_hp_gain":0,"max_hp_loss":0,"event_name":"N\u0027loth","floor":28,"relics_lost":["KneeBrace"],"gold_loss":0}],"is_beta":false,"boss_relics":[{"not_picked":["Ring of Chaos","aspiration:RunicSpoon"],"picked":"Calling Bell"},{"not_picked":["ReplayTheSpireMod:CursedCoin","Replay:Bronze Core"],"picked":"HandDrill"}],"items_purged_floors":[20,25],"is_endless":false,"potions_floor_spawned":[6,8,10,24,33],"killed_by":"3 Darklings","ascension_level":20}}