{"host":"29uuqgkzqd703i93","time":1613654964,"event":{"mods":["BaseMod","Colored Powertips","Minty Spire (QoL Compilation)"],"gold_per_floor":[117,117,117,130,142,162,190,37,85,10,26,39,39,55,55,155,155,166,166,166,176,176,176,204,204,229,229,242,242,242],"floor_reached":29,"language":"ENG","playtime":1638,"items_purged":[],"score":245,"play_id":"4c949759-8fba-4eab-adb3-3f83c3842d5b","local_time":"20210218142924","is_ascension_mode":false,"campfire_choices":[{"floor":15,"key":"REST"},{"data":"A Thousand Cuts","floor":23,"key":"SMITH"},{"floor":25,"key":"REST"}],"circlet_count":0,"master_deck":["Strike_G","Defend_G","Defend_G","Defend_G","Defend_G","Survivor","Neutralize","Cloak And Dagger","Pain","Accuracy","Dagger Spray","Accuracy","Dash","Caltrops","Blade Dance","Acrobatics","Cloak And Dagger","Storm of Steel","Blade Dance","Leg Sweep","A Thousand Cuts+1","PiercingWail","Writhe","PiercingWail","Decay","Deflect"],"relics":["Empty Cage","WarpedTongs","Bottled Lightning","Membership Card","Orichalcum","Snecko Eye","Snake Skull","Kunai","PreservedInsect"],"acts_visited":["Exordium","TheCity"],"potions_floor_usage":[12,16,16,16,28],"damage_taken":[{"damage":2,"enemies":"Jaw Worm","floor":1,"turns":5},{"damage":6,"enemies":"Cultist","floor":4,"turns":5},{"damage":4,"enemies":"2 Louse","floor":5,"turns":3},{"damage":2,"enemies":"Lots of Slimes","floor":6,"turns":1},{"damage":21,"enemies":"Lagavulin","floor":7,"turns":8},{"damage":3,"enemies":"Exordium Wildlife","floor":11,"turns":4},{"damage":3,"enemies":"3 Louse","floor":12,"turns":2},{"damage":7,"enemies":"2 Fungi Beasts","floor":14,"turns":2},{"damage":30,"enemies":"The Guardian","floor":16,"turns":9},{"damage":5,"enemies":"3 Byrds","floor":18,"turns":5},{"damage":13,"enemies":"2 Thieves","floor":21,"turns":4},{"damage":47,"enemies":"Slavers","floor":24,"turns":5},{"damage":14,"enemies":"Centurion and Healer","floor":28,"turns":5},{"damage":18,"enemies":"Snake Plant","floor":29,"turns":9}],"seed_played":"3847962982839323604","potions_obtained":[{"floor":1,"key":"Block Potion"},{"floor":5,"key":"GamblersBrew"},{"floor":6,"key":"Dexterity Potion"},{"floor":13,"key":"EssenceOfSteel"},{"floor":16,"key":"EssenceOfSteel"},{"floor":18,"key":"EssenceOfSteel"},{"floor":24,"key":"SkillPotion"}],"is_trial":false,"path_per_floor":["M","?","?","M","M","M","E","$","T","$","M","M","?","M","R","B",null,"M","?","?","M","?","R","E","R","T","?","M","M"],"character_chosen":"THE_SILENT","items_purchased":["Membership Card","Dash","Caltrops"],"campfire_rested":2,"item_purchase_floors":[8,10,10],"current_hp_per_floor":[68,73,73,67,63,61,40,40,40,40,37,34,34,27,49,19,75,70,70,70,57,57,57,10,32,32,32,18,0,0],"gold":242,"neow_bonus":"BOSS_RELIC","is_daily":false,"chose_seed":false,"campfire_upgraded":1,"win_rate":0.0,"timestamp":1613654964,"path_taken":["M","?","?","?","M","M","E","$","T","$","M","?","?","?","R","BOSS","M","?","?","M","?","R","E","R","T","?","M","M"],"items_purchased_type":["Relic","Card","Card"],"build_version":"2020-12-22","purchased_purges":0,"victory":false,"max_hp_per_floor":[70,75,75,75,75,75,75,75,75,75,75,75,75,75,75,75,75,75,75,75,75,75,75,75,75,75,75,75,75,75],"card_choices":[{"not_picked":["Finisher","Acrobatics"],"picked":"Cloak And Dagger","floor":1},{"not_picked":["Deadly Poison","Backstab"],"picked":"Accuracy","floor":4},{"not_picked":["Masterful Stab","Underhanded Strike"],"picked":"Dagger Spray","floor":5},{"not_picked":["PiercingWail","Backstab"],"picked":"Accuracy","floor":6},{"not_picked":["All Out Attack","Terror","Doppelganger"],"picked":"SKIP","floor":7},{"not_picked":["Quick Slash","Eviscerate"],"picked":"Blade Dance","floor":11},{"not_picked":["Bouncing Flask","Dagger Spray"],"picked":"Acrobatics","floor":12},{"not_picked":["Flying Knee","Acrobatics"],"picked":"Cloak And Dagger","floor":14},{"not_picked":["Wraith Form v2","Tools of the Trade"],"picked":"Storm of Steel","floor":16},{"not_picked":["Quick Slash+1","Flechettes"],"picked":"Blade Dance","floor":18},{"not_picked":["Tactician","Underhanded Strike+1"],"picked":"PiercingWail","floor":21},{"not_picked":["Underhanded Strike","Concentrate"],"picked":"PiercingWail","floor":24},{"not_picked":["Riddle With Holes","Outmaneuver"],"picked":"Deflect","floor":28}],"player_experience":115226,"relics_obtained":[{"floor":7,"key":"Bottled Lightning"},{"floor":9,"key":"Orichalcum"},{"floor":24,"key":"Kunai"},{"floor":26,"key":"PreservedInsect"}],"event_choices":[{"damage_healed":0,"gold_gain":0,"player_choice":"Donut","damage_taken":0,"max_hp_gain":5,"max_hp_loss":0,"event_name":"Big Fish","floor":2,"gold_loss":0},{"damage_healed":0,"gold_gain":0,"player_choice":"Rummage","damage_taken":0,"relics_obtained":["WarpedTongs"],"max_hp_gain":0,"max_hp_loss":0,"event_name":"Accursed Blacksmith","floor":3,"gold_loss":0,"cards_obtained":["Pain"]},{"damage_healed":0,"gold_gain":0,"player_choice":"Got Potions","damage_taken":0,"max_hp_gain":0,"max_hp_loss":0,"event_name":"Lab","floor":13,"gold_loss":0},{"cards_removed":["Strike_G"],"damage_healed":0,"gold_gain":0,"player_choice":"Elegance","damage_taken":0,"max_hp_gain":0,"max_hp_loss":0,"event_name":"Back to Basics","floor":19,"gold_loss":0},{"damage_healed":0,"gold_gain":0,"cards_transformed":["Strike_G","Strike_G"],"player_choice":"Became Test Subject","damage_taken":0,"max_hp_gain":0,"max_hp_loss":0,"event_name":"Drug Dealer","floor":20,"gold_loss":0,"cards_obtained":["Leg Sweep","A Thousand Cuts"]},{"damage_healed":0,"gold_gain":0,"player_choice":"Opened","damage_taken":0,"relics_obtained":["Snake Skull"],"max_hp_gain":0,"max_hp_loss":0,"event_name":"The Mausoleum","floor":22,"gold_loss":0,"cards_obtained":["Writhe"]},{"damage_healed":0,"gold_gain":0,"player_choice":"Smashed Altar","damage_taken":0,"max_hp_gain":0,"max_hp_loss":0,"event_name":"Forgotten Altar","floor":27,"gold_loss":0,"cards_obtained":["Decay"]}],"is_beta":false,"boss_relics":[{"not_picked":["Runic Dome","Fusion Hammer"],"picked":"Snecko Eye"}],"items_purged_floors":[],"is_endless":false,"potions_floor_spawned":[1,5,6,11,14,16,18,24],"killed_by":"Snake Plant","ascension_level":0}}