{"host":"sav7uxregyirlf69","time":1613614248,"event":{"mods":["AchievementEnabler","BaseMod","Colored Map","DeckTracker","Keyboard Shortcuts","Minty Spire (QoL Compilation)","READ ME - Guardian Mod","StSLib","SuperFastMode"],"gold_per_floor":[109,127,140,159,179,179,179,179,179,191,191,218,218,289,289,384,384,408,427,59,59,59],"floor_reached":21,"language":"KOR","playtime":372,"items_purged":["Backstab"],"score":362,"play_id":"738ee4d7-df2a-4e85-b3d0-51658265eb84","local_time":"20210218111048","is_ascension_mode":true,"campfire_choices":[{"data":"Bouncing Flask","floor":6.0,"key":"SMITH"},{"floor":8.0,"key":"REST"},{"data":"Poisoned Stab","floor":11.0,"key":"SMITH"},{"data":"Catalyst","floor":15.0,"key":"SMITH"}],"circlet_count":0,"master_deck":["AscendersBane","Survivor","Neutralize+1","Bouncing Flask+1","Dagger Spray","Poisoned Stab+1","Catalyst+1","Crippling Poison","Predator","PiercingWail","Backstab","Phantasmal Killer","Blur","Accuracy","Bane","Backflip","Noxious Fumes","Backflip"],"relics":["Ring of the Snake","Mummified Hand","Calipers","Pen Nib","Golden Idol","Paper Crane","Pandora\u0027s Box","Membership Card","Mango"],"acts_visited":["Exordium","TheCity"],"potions_floor_usage":[],"damage_taken":[{"damage":1.0,"enemies":"Cultist","floor":1.0,"turns":3.0},{"damage":3.0,"enemies":"2 Louse","floor":2.0,"turns":3.0},{"damage":4.0,"enemies":"Jaw Worm","floor":3.0,"turns":3.0},{"damage":9.0,"enemies":"3 Louse","floor":4.0,"turns":4.0},{"damage":16.0,"enemies":"Red Slaver","floor":5.0,"turns":5.0},{"damage":0.0,"enemies":"2 Fungi Beasts","floor":10.0,"turns":3.0},{"damage":6.0,"enemies":"Gremlin Nob","floor":12.0,"turns":3.0},{"damage":34.0,"enemies":"Gremlin Nob","floor":14.0,"turns":5.0},{"damage":3,"enemies":"Hexaghost","floor":16,"turns":7},{"damage":22,"enemies":"3 Byrds","floor":18,"turns":5},{"damage":8,"enemies":"2 Thieves","floor":19,"turns":3},{"damage":30,"enemies":"3 Cultists","floor":21,"turns":4}],"seed_played":"1072051674550298607","potions_obtained":[{"floor":1.0,"key":"PowerPotion"},{"floor":4.0,"key":"DuplicationPotion"},{"floor":10.0,"key":"GhostInAJar"},{"floor":16,"key":"Strength Potion"}],"is_trial":false,"path_per_floor":["M","M","M","M","M","R","T","R","T","M","R","E","?","?","R","B",null,"M","M","$","M"],"character_chosen":"THE_SILENT","items_purchased":["Membership Card","Mango"],"campfire_rested":1,"item_purchase_floors":[20,20],"current_hp_per_floor":[58,55,51,42,26,26,26,45,45,45,45,39,39,5,5,2,46,24,16,30,0,0],"gold":59,"neow_bonus":"UPGRADE_CARD","is_daily":false,"chose_seed":false,"campfire_upgraded":3,"win_rate":0.0,"timestamp":1613614248,"path_taken":["M","M","M","M","?","R","?","R","T","?","R","E","?","?","R","BOSS","M","M","$","M"],"items_purchased_type":["Relic","Relic"],"build_version":"2020-12-22","purchased_purges":1,"victory":false,"max_hp_per_floor":[66,66,66,66,66,66,66,66,66,66,66,66,60,60,60,60,60,60,60,74,74,74],"card_choices":[{"not_picked":["Infinite Blades","Slice","Bane"],"picked":"SKIP","floor":1.0},{"not_picked":["Choke","Bane"],"picked":"Bouncing Flask","floor":2.0},{"not_picked":["Slice","All Out Attack","Leg Sweep"],"picked":"SKIP","floor":3.0},{"not_picked":["Dodge and Roll","Leg Sweep"],"picked":"Dagger Spray","floor":4.0},{"not_picked":["Cloak And Dagger","Acrobatics"],"picked":"Poisoned Stab","floor":5.0},{"not_picked":["Quick Slash","Dagger Spray","Accuracy"],"picked":"SKIP","floor":10.0},{"not_picked":["Deflect","Dagger Spray","Calculated Gamble"],"picked":"SKIP","floor":12.0},{"not_picked":["Slice","Deadly Poison"],"picked":"Catalyst","floor":14.0},{"not_picked":["Blur","Blade Dance"],"picked":"Noxious Fumes","floor":18},{"not_picked":["Blade Dance","Riddle With Holes"],"picked":"Backflip","floor":19}],"player_experience":1601605,"relics_obtained":[{"floor":7.0,"key":"Mummified Hand"},{"floor":9.0,"key":"Calipers"},{"floor":12.0,"key":"Pen Nib"},{"floor":14.0,"key":"Paper Crane"}],"event_choices":[{"damage_healed":0.0,"max_hp_gain":0.0,"max_hp_loss":6.0,"gold_gain":0.0,"event_name":"Golden Idol","player_choice":"Lose Max HP","floor":13.0,"gold_loss":0.0,"damage_taken":0.0,"relics_obtained":["Golden Idol"]},{"damage_healed":0.0,"max_hp_gain":0.0,"max_hp_loss":0.0,"gold_gain":30.0,"event_name":"Dead Adventurer","player_choice":"Searched \u00273\u0027 times","floor":14.0,"gold_loss":0.0,"damage_taken":0.0}],"is_beta":false,"boss_relics":[{"not_picked":["Philosopher\u0027s Stone","Empty Cage"],"picked":"Pandora\u0027s Box"}],"items_purged_floors":[20],"is_endless":false,"potions_floor_spawned":[1,4,10,16],"killed_by":"3 Cultists","ascension_level":20}}