{"host":"nz11ypxva4e39b7q","time":1613679488,"event":{"mods":["BaseMod","Better Third Choice","Better Vampires","Colored Map","Minty Spire (QoL Compilation)","Quick Restart","Shapeshifter Mod","StSLib"],"gold_per_floor":[113,128,128,20,32,32,59,59,59,90,90,23,41,41,41],"floor_reached":14,"language":"ENG","playtime":687,"items_purged":["StSShapeShifter:ShapeShifter_Strike"],"score":113,"play_id":"e35d4d80-dfa1-470d-9c2a-f3c25f0a4d84","local_time":"20210218211808","is_ascension_mode":true,"campfire_choices":[{"data":"StSShapeShifter:VineHandcuffs","floor":6.0,"key":"SMITH"},{"floor":11,"key":"REST"}],"circlet_count":0,"master_deck":["StSShapeShifter:ShapeShifter_Strike","StSShapeShifter:ShapeShifter_Strike","StSShapeShifter:ShapeShifter_Strike","StSShapeShifter:ShapeShifter_Strike","StSShapeShifter:ShapeShifter_Defend","StSShapeShifter:ShapeShifter_Defend","StSShapeShifter:ShapeShifter_Defend","StSShapeShifter:ShapeShifter_Defend","StSShapeShifter:Tortoise_Form","StSShapeShifter:Lynx_Form","StSShapeShifter:VineHandcuffs","StSShapeShifter:BarkSkin","StSShapeShifter:Efflorescence","StSShapeShifter:VineHandcuffs+1","StSShapeShifter:TopazSkin","StSShapeShifter:DeepWound","StSShapeShifter:BearForm"],"relics":["StSShapeShifter:AnimalHeart","StSShapeShifter:TheShapeShiftersMagnolia","Anchor","StSShapeShifter:FruitTree","StSShapeShifter:WristwrapsOfDiscovery","Calipers"],"acts_visited":["Exordium"],"potions_floor_usage":[7],"damage_taken":[{"damage":5.0,"enemies":"Cultist","floor":1.0,"turns":5.0},{"damage":0.0,"enemies":"2 Louse","floor":2.0,"turns":3.0},{"damage":0.0,"enemies":"Jaw Worm","floor":5.0,"turns":4.0},{"damage":59,"enemies":"Gremlin Nob","floor":7,"turns":5},{"damage":36,"enemies":"Lagavulin","floor":10,"turns":20},{"damage":0,"enemies":"Exordium Wildlife","floor":13,"turns":4},{"damage":38,"enemies":"Gremlin Nob","floor":14,"turns":5}],"seed_played":"3404644902477502835","potions_obtained":[{"floor":1.0,"key":"FearPotion"}],"is_trial":false,"path_per_floor":["M","M","?","$","M","R","E","?","T","E","R","$","M","E"],"character_chosen":"SHAPESHIFTER","items_purchased":["StSShapeShifter:Efflorescence","StSShapeShifter:DeepWound"],"campfire_rested":1,"item_purchase_floors":[4,12],"current_hp_per_floor":[73,73,73,73,73,73,14,40,40,4,27,27,29,0,0],"gold":41,"neow_bonus":"RANDOM_COMMON_RELIC","is_daily":false,"chose_seed":false,"campfire_upgraded":1,"win_rate":0.0,"timestamp":1613679488,"path_taken":["M","?","?","$","?","R","E","?","T","E","R","?","M","E"],"items_purchased_type":["Card","Card"],"build_version":"2020-12-22","purchased_purges":1,"victory":false,"max_hp_per_floor":[78,78,78,78,78,78,78,78,78,78,78,78,78,78,78],"card_choices":[{"not_picked":["StSShapeShifter:FruitBasket","StSShapeShifter:Sapling"],"picked":"StSShapeShifter:VineHandcuffs","floor":1.0},{"not_picked":["StSShapeShifter:Sapling","StSShapeShifter:RaptorForm"],"picked":"StSShapeShifter:BarkSkin","floor":2.0},{"not_picked":["StSShapeShifter:Guard","StSShapeShifter:FesteringBite"],"picked":"StSShapeShifter:VineHandcuffs","floor":5.0},{"not_picked":["StSShapeShifter:OpportuneSwoop","StSShapeShifter:DragonForm"],"picked":"StSShapeShifter:TopazSkin","floor":7},{"not_picked":["StSShapeShifter:FlowerShield","StSShapeShifter:Roar","StSShapeShifter:LeapingSlash"],"picked":"SKIP","floor":10},{"not_picked":["StSShapeShifter:EmbraceTheCycle","StSShapeShifter:Efflorescence"],"picked":"StSShapeShifter:BearForm","floor":13}],"player_experience":1057549,"relics_obtained":[{"floor":7,"key":"StSShapeShifter:FruitTree"},{"floor":9,"key":"StSShapeShifter:WristwrapsOfDiscovery"},{"floor":10,"key":"Calipers"}],"event_choices":[{"cards_removed":["StSShapeShifter:ShapeShifter_Defend"],"damage_healed":0.0,"max_hp_gain":0.0,"max_hp_loss":0.0,"gold_gain":0.0,"event_name":"Purifier","player_choice":"Purged","floor":3.0,"gold_loss":0.0,"damage_taken":0.0},{"damage_healed":26,"gold_gain":0,"player_choice":"Banana","damage_taken":0,"max_hp_gain":0,"max_hp_loss":0,"event_name":"Big Fish","floor":8,"gold_loss":0}],"is_beta":false,"boss_relics":[],"items_purged_floors":[4],"is_endless":false,"potions_floor_spawned":[1],"killed_by":"Gremlin Nob","ascension_level":3}}