{"host":"qc8p2flj7wsy3zpg","time":1613613939,"event":{"mods":["BaseMod","Highlight Path","Minty Spire (QoL Compilation)","Relic Stats","StSLib"],"gold_per_floor":[114,114,114,138,161,199,214,74,74,74,74,150,191,235,235,331,331,354,354,3,3,18,18,51,82,82,105,155,4,28,63,63,157,157,181,204,223,223,254,287,301,271,324,365,58,73,86,109,109,109,109],"floor_reached":50,"language":"ENG","playtime":3099,"items_purged":["Writhe","Strike_R"],"score":1556,"play_id":"356c55da-f2df-4c0d-8ea7-381da4d66357","local_time":"20210217200539","is_ascension_mode":true,"campfire_choices":[{"floor":10,"key":"REST"},{"data":"Feed","floor":15,"key":"SMITH"},{"data":"True Grit","floor":23,"key":"SMITH"},{"data":"Ghostly","floor":32,"key":"SMITH"},{"floor":49,"key":"RECALL"}],"circlet_count":0,"master_deck":["AscendersBane","Strike_R","Strike_R","Strike_R","Strike_R","Defend_R","Defend_R","Defend_R","Defend_R","Bash","Thunderclap","Perfected Strike","Hemokinesis","Feed+1","Perfected Strike","Twin Strike","Sever Soul","Ghostly Armor","Offering","True Grit+1","Ghostly+1","Ghostly","Ghostly","Clothesline","Pummel","Inflame","Double Tap+1","Spot Weakness+1","Heavy Blade+1","Evolve","True Grit+1","Armaments+1"],"relics":["SacredBark","Golden Idol","WingedGreaves","Letter Opener","Self Forming Clay","Calipers","Oddly Smooth Stone","Busted Crown","StrikeDummy","Bronze Scales","Toy Ornithopter","Mercury Hourglass","Thread and Needle","Orichalcum","Toxic Egg 2","Philosopher\u0027s Stone","Dead Branch","Mummified Hand","Ice Cream","Orrery"],"acts_visited":["Exordium","TheCity","TheBeyond"],"potions_floor_usage":[6,12,13,14,16,16,25,31,33,33,36,40,50,50],"damage_taken":[{"damage":14,"enemies":"Small Slimes","floor":1,"turns":5},{"damage":5,"enemies":"2 Louse","floor":4,"turns":3},{"damage":9,"enemies":"Jaw Worm","floor":5,"turns":3},{"damage":2,"enemies":"Gremlin Nob","floor":6,"turns":2},{"damage":18,"enemies":"3 Louse","floor":7,"turns":4},{"damage":8,"enemies":"Gremlin Nob","floor":12,"turns":3},{"damage":19,"enemies":"3 Sentries","floor":13,"turns":7},{"damage":8,"enemies":"Gremlin Nob","floor":14,"turns":3},{"damage":46,"enemies":"Hexaghost","floor":16,"turns":8},{"damage":11,"enemies":"Chosen","floor":18,"turns":4},{"damage":9,"enemies":"Shell Parasite","floor":22,"turns":3},{"damage":3,"enemies":"Gremlin Leader","floor":24,"turns":6},{"damage":14,"enemies":"Slavers","floor":25,"turns":3},{"damage":6,"enemies":"Snake Plant","floor":30,"turns":2},{"damage":16,"enemies":"Book of Stabbing","floor":31,"turns":4},{"damage":10,"enemies":"Automaton","floor":33,"turns":8},{"damage":7,"enemies":"Orb Walker","floor":35,"turns":3},{"damage":16,"enemies":"3 Shapes","floor":36,"turns":6},{"damage":7,"enemies":"3 Darklings","floor":37,"turns":4},{"damage":10,"enemies":"Mind Bloom Boss Battle","floor":39,"turns":6},{"damage":6,"enemies":"Nemesis","floor":40,"turns":5},{"damage":17,"enemies":"Spire Growth","floor":41,"turns":5},{"damage":2,"enemies":"Reptomancer","floor":44,"turns":4},{"damage":11,"enemies":"Sphere and 2 Shapes","floor":46,"turns":3},{"damage":0,"enemies":"Transient","floor":47,"turns":6},{"damage":6,"enemies":"3 Darklings","floor":48,"turns":3},{"damage":57,"enemies":"Time Eater","floor":50,"turns":3}],"seed_played":"7755619440131414760","potions_obtained":[{"floor":1,"key":"SteroidPotion"},{"floor":12,"key":"Swift Potion"},{"floor":13,"key":"AttackPotion"},{"floor":14,"key":"DistilledChaos"},{"floor":16,"key":"SkillPotion"},{"floor":31,"key":"Block Potion"},{"floor":33,"key":"Regen Potion"},{"floor":35,"key":"Fruit Juice"},{"floor":36,"key":"LiquidMemories"},{"floor":42,"key":"LiquidBronze"}],"is_trial":false,"path_per_floor":["M","?","?","M","M","E","M","$","T","R","?","?","E","E","R","B",null,"M","?","$","?","M","R","E","E","T","T","?","$","M","E","R","B",null,"M","M","M","?","?","E","M","?","T","E","$","M","M","M","R","B"],"character_chosen":"IRONCLAD","items_purchased":["BloodPotion","FearPotion","Twin Strike","BloodPotion","Bronze Scales","True Grit","CultistPotion","Pummel","Orrery","Evolve"],"campfire_rested":1,"item_purchase_floors":[8,8,8,20,20,20,29,29,45,45],"current_hp_per_floor":[54,54,54,49,40,38,23,23,23,44,49,44,60,52,52,6,63,52,52,52,41,32,32,33,28,28,28,28,28,26,41,41,41,53,50,53,50,50,40,73,60,60,60,62,62,51,51,45,45,0,0],"gold":109,"neow_bonus":"BOSS_RELIC","is_daily":false,"chose_seed":false,"campfire_upgraded":3,"win_rate":0.0,"timestamp":1613613939,"path_taken":["M","?","?","M","M","E","M","$","T","R","?","?","E","E","R","BOSS","M","?","$","?","M","R","E","E","T","?","?","?","?","E","R","BOSS","M","M","M","?","?","E","M","?","T","E","$","M","M","M","R","BOSS"],"items_purchased_type":["Potion","Potion","Card","Potion","Relic","Card","Potion","Card","Relic","Card"],"build_version":"2020-12-22","purchased_purges":2,"victory":false,"max_hp_per_floor":[75,75,68,68,68,68,71,71,71,71,76,79,82,82,82,82,82,82,82,82,41,41,41,45,49,49,49,49,49,53,57,57,57,57,61,75,79,79,79,79,83,83,83,87,87,87,87,87,87,87,87],"relic_stats":{"Busted Crown":46,"counters":[27,116],"Golden Idol":181,"Self Forming Clay":[147],"Mummified Hand":[18],"Bronze Scales":[206],"Dead Branch":[52],"Letter Opener":[128],"Orichalcum":[102],"obtain_stats":[{"Ice Cream":44,"Calipers":13,"Golden Idol":3,"Self Forming Clay":12,"SacredBark":0,"Dead Branch":39,"Oddly Smooth Stone":14,"Thread and Needle":26,"Letter Opener":9,"Orichalcum":27,"Burning Blood":0,"Mercury Hourglass":25,"Busted Crown":17,"Mummified Hand":40,"Bronze Scales":20,"Orrery":45,"Philosopher\u0027s Stone":34,"WingedGreaves":6,"Toxic Egg 2":31,"StrikeDummy":19,"Toy Ornithopter":24},{"Ice Cream":23,"Calipers":7,"Golden Idol":1,"Self Forming Clay":6,"SacredBark":0,"Dead Branch":20,"Oddly Smooth Stone":8,"Thread and Needle":13,"Letter Opener":5,"Orichalcum":13,"Burning Blood":0,"Mercury Hourglass":13,"Busted Crown":9,"Mummified Hand":21,"Bronze Scales":10,"Orrery":23,"Philosopher\u0027s Stone":16,"WingedGreaves":4,"Toxic Egg 2":15,"StrikeDummy":10,"Toy Ornithopter":12},{"Ice Cream":101,"Calipers":27,"Golden Idol":5,"Self Forming Clay":20,"SacredBark":0,"Dead Branch":87,"Oddly Smooth Stone":30,"Thread and Needle":54,"Letter Opener":17,"Orichalcum":54,"Burning Blood":0,"Mercury Hourglass":54,"Busted Crown":38,"Mummified Hand":92,"Bronze Scales":42,"Orrery":101,"Philosopher\u0027s Stone":68,"WingedGreaves":13,"Toxic Egg 2":60,"StrikeDummy":42,"Toy Ornithopter":51}],"Toy Ornithopter":40,"Mercury Hourglass":[237]},"card_choices":[{"not_picked":["Armaments","Havoc"],"picked":"Thunderclap","floor":1},{"not_picked":["Havoc","Body Slam"],"picked":"Perfected Strike","floor":4},{"not_picked":["Body Slam","True Grit"],"picked":"Hemokinesis","floor":5},{"not_picked":["Feel No Pain","Entrench"],"picked":"Feed","floor":6},{"not_picked":["Flex","Anger"],"picked":"Perfected Strike","floor":7},{"not_picked":["Hemokinesis","Clash"],"picked":"Sever Soul","floor":12},{"not_picked":["Anger","Cleave"],"picked":"Ghostly Armor","floor":14},{"not_picked":["Exhume","Bludgeon"],"picked":"Offering","floor":16},{"not_picked":["Flex"],"picked":"SKIP","floor":18},{"not_picked":["Perfected Strike"],"picked":"SKIP","floor":22},{"not_picked":[],"picked":"Clothesline","floor":24},{"not_picked":[],"picked":"Inflame","floor":30},{"not_picked":[],"picked":"Double Tap+1","floor":33},{"not_picked":[],"picked":"Spot Weakness+1","floor":41},{"not_picked":[],"picked":"Heavy Blade+1","floor":45},{"not_picked":[],"picked":"True Grit+1","floor":46},{"not_picked":[],"picked":"Armaments+1","floor":48}],"player_experience":2392146,"relics_obtained":[{"floor":6,"key":"WingedGreaves"},{"floor":9,"key":"Letter Opener"},{"floor":12,"key":"Self Forming Clay"},{"floor":13,"key":"Calipers"},{"floor":14,"key":"Oddly Smooth Stone"},{"floor":24,"key":"Toy Ornithopter"},{"floor":25,"key":"Mercury Hourglass"},{"floor":26,"key":"Thread and Needle"},{"floor":27,"key":"Orichalcum"},{"floor":31,"key":"Toxic Egg 2"},{"floor":39,"key":"Dead Branch"},{"floor":40,"key":"Mummified Hand"},{"floor":44,"key":"Ice Cream"}],"event_choices":[{"damage_healed":0,"gold_gain":0,"player_choice":"Ignored","damage_taken":0,"max_hp_gain":0,"max_hp_loss":0,"event_name":"Golden Wing","floor":2,"gold_loss":0},{"damage_healed":0,"gold_gain":0,"player_choice":"Lose Max HP","damage_taken":0,"relics_obtained":["Golden Idol"],"max_hp_gain":0,"max_hp_loss":7,"event_name":"Golden Idol","floor":3,"gold_loss":0},{"damage_healed":0,"gold_gain":0,"player_choice":"Donut","damage_taken":0,"max_hp_gain":5,"max_hp_loss":0,"event_name":"Big Fish","floor":11,"gold_loss":0},{"damage_healed":0,"gold_gain":0,"player_choice":"Searched \u00271\u0027 times","damage_taken":0,"max_hp_gain":0,"max_hp_loss":0,"event_name":"Dead Adventurer","floor":12,"gold_loss":0},{"damage_healed":0,"gold_gain":0,"player_choice":"Opened","damage_taken":0,"relics_obtained":["StrikeDummy"],"max_hp_gain":0,"max_hp_loss":0,"event_name":"The Mausoleum","floor":19,"gold_loss":0,"cards_obtained":["Writhe"]},{"damage_healed":0,"gold_gain":0,"player_choice":"Became a Ghost","damage_taken":0,"max_hp_gain":0,"max_hp_loss":41,"event_name":"Ghosts","floor":21,"gold_loss":0,"cards_obtained":["Ghostly","Ghostly","Ghostly"]},{"damage_healed":0,"gold_gain":50,"player_choice":"Stole From Cult","damage_taken":0,"max_hp_gain":0,"max_hp_loss":0,"event_name":"Nest","floor":28,"gold_loss":0},{"damage_healed":0,"gold_gain":0,"player_choice":"Memory 1","damage_taken":0,"max_hp_gain":0,"max_hp_loss":0,"event_name":"SensoryStone","floor":38,"gold_loss":0},{"damage_healed":0,"gold_gain":0,"player_choice":"Fight","damage_taken":0,"max_hp_gain":0,"max_hp_loss":0,"event_name":"MindBloom","floor":39,"gold_loss":0},{"damage_healed":0,"gold_gain":0,"player_choice":"Bought 2 Potions","damage_taken":0,"max_hp_gain":0,"max_hp_loss":0,"event_name":"The Woman in Blue","floor":42,"gold_loss":0}],"is_beta":false,"boss_relics":[{"not_picked":["Sozu","Tiny House"],"picked":"Busted Crown"},{"not_picked":["Calling Bell","Pandora\u0027s Box"],"picked":"Philosopher\u0027s Stone"}],"items_purged_floors":[20,45],"is_endless":false,"potions_floor_spawned":[1,12,13,14,16,22,31,33,35,36,39,44,48],"killed_by":"Time Eater","ascension_level":20}}