{"host":"Zack","time":1613681027,"event":{"mods":["Aspiration","BaseMod","Better Note","Better Sensory Stone","Better Skull","Better Third Choice","Colored Map","Downfall","Energized Spire","Highlight Path","Minty Spire (QoL Compilation)","Relic Stats","Replay The Spire","Spire Arcade","StSLib"],"gold_per_floor":[99,112,125,139,154,188,235,254,264,279,307,326,326,326,346,448,448,448,468,478,478,63,82,82,99,109,119,130,115,142,142,155,256,256,256,275,290,290,304,116,116,116,131,158,158,184,11,41,52,52],"floor_reached":51,"language":"ENG","playtime":7147,"items_purged":["Injury"],"score":929,"play_id":"4aae153e-deec-4993-851c-9aa98307b434","local_time":"20210218204347","is_ascension_mode":false,"campfire_choices":[{"data":"Slimebound:Split","floor":1,"key":"SMITH"},{"data":"Slimebound:Gluttony","floor":13,"key":"SMITH"},{"data":"Slimebound:Overexert","floor":35,"key":"SMITH"},{"data":"expansioncontent:QuickStudy","floor":42,"key":"SMITH"},{"data":"Slimebound:SamplingLick","floor":45,"key":"SMITH"}],"circlet_count":0,"master_deck":["Slimebound:Tackle","Slimebound:Defend_Slimebound","Slimebound:Defend_Slimebound","Slimebound:Defend_Slimebound","Slimebound:Defend_Slimebound","Slimebound:Split+1","Slimebound:CorrosiveSpit","Slimebound:SplitLeeching","Slimebound:RollThrough","Slimebound:SlimeSpikes","Slimebound:SamplingLick+1","Slimebound:Schlurp","Slimebound:Gluttony+1","Slimebound:Prepare+1","Slimebound:RejuvenatingLick+1","Slimebound:ItLooksTasty","Slimebound:Nibble","Slimebound:Repurpose","Slimebound:Teamwork+1","Slimebound:TongueLash+1","Slimebound:SpikyOuterGoop","Slimebound:MegaLick+1","expansioncontent:DashGenerateEvil+1","Slimebound:SplitMire","Slimebound:OneTwoCombo+1","Slimebound:Schlurp","Slimebound:MassFeed+1","Slimebound:ComboTackle+1","Slimebound:Equalize+1","Slimebound:Schlurp+1","Bite+1","Bite+1","Bite+1","Bite+1","Bite+1","Slimebound:ItLooksTasty+1","Slimebound:Overexert+1","Slimebound:SamplingLick+1","Slimebound:PressTheAttack+1","Slimebound:TongueLash+1","Slimebound:GoopTackle+1","expansioncontent:QuickStudy+1","Slimebound:SplitBruiser","Slimebound:RainOfGoop+1","Slimebound:MassRepurpose","Slimebound:SplitMire","Slimebound:Nibble+1","Slimebound:Nibble+1","Slimebound:LivingWall","Slimebound:Dissolve+1","Slimebound:PressTheAttack+1"],"relics":["Slimebound:AbsorbEndCombatUpgraded","aspiration:DSix","Lantern","Pear","Molten Egg 2","Black Star","Guide Book","Replay:Ringing Soul","Bottled Tornado","aspiration:FrozenJewel","Slimebound:AggressiveSlimeRelic","Quantum Egg","Bronze Scales","Centennial Puzzle","Divine Protection","Replay:Wax Seal","Anchor","Medical Kit","Unceasing Top","Chameleon Ring"],"acts_visited":["Exordium","TheCity","TheBeyond"],"potions_floor_usage":[6,16,16,16,20,28,30,33,33,44,46,46,48,49,50,50,50,50,50],"damage_taken":[{"damage":3,"enemies":"Jaw Worm","floor":2,"turns":4},{"damage":3,"enemies":"2 Louse","floor":3,"turns":2},{"damage":0,"enemies":"Cultist","floor":4,"turns":3},{"damage":11,"enemies":"downfall:LooterAlt","floor":5,"turns":5},{"damage":16,"enemies":"Gremlin Nob","floor":6,"turns":4},{"damage":2,"enemies":"Exordium Thugs","floor":8,"turns":3},{"damage":5,"enemies":"Blue Slaver","floor":9,"turns":4},{"damage":0,"enemies":"3 Louse","floor":10,"turns":2},{"damage":17,"enemies":"3 Sentries","floor":11,"turns":5},{"damage":0,"enemies":"Red Slaver","floor":12,"turns":2},{"damage":1,"enemies":"Gremlin Gang","floor":15,"turns":3},{"damage":14,"enemies":"DF_ARCHETYPE_STREAMLINE","floor":16,"turns":9},{"damage":3,"enemies":"Shell Parasite","floor":19,"turns":5},{"damage":15,"enemies":"Chosen","floor":20,"turns":6},{"damage":0,"enemies":"downfall:FleeingMerchant","floor":22,"turns":4},{"damage":16,"enemies":"Snake Plant","floor":23,"turns":3},{"damage":2,"enemies":"3 Cultists","floor":25,"turns":4},{"damage":6,"enemies":"Centurion and Healer","floor":26,"turns":6},{"damage":0,"enemies":"Snecko","floor":27,"turns":3},{"damage":10,"enemies":"Chosen and Byrds","floor":28,"turns":4},{"damage":0,"enemies":"downfall:FleeingMerchant","floor":29,"turns":4},{"damage":23,"enemies":"Book of Stabbing","floor":30,"turns":4},{"damage":19,"enemies":"Centurion and Healer","floor":32,"turns":5},{"damage":38,"enemies":"IC_MUSHROOM_ARCHETYPE","floor":33,"turns":6},{"damage":11,"enemies":"3 Shapes","floor":36,"turns":4},{"damage":33,"enemies":"3 Darklings","floor":37,"turns":6},{"damage":13,"enemies":"Jaw Worm Horde","floor":39,"turns":4},{"damage":13,"enemies":"downfall:FleeingMerchant","floor":40,"turns":4},{"damage":16,"enemies":"Spire Growth","floor":43,"turns":5},{"damage":37,"enemies":"Giant Head","floor":44,"turns":8},{"damage":45,"enemies":"Nemesis","floor":46,"turns":5},{"damage":0,"enemies":"downfall:FleeingMerchant","floor":47,"turns":3},{"damage":6,"enemies":"Reptomancer","floor":48,"turns":5},{"damage":0,"enemies":"Sphere and 2 Shapes","floor":49,"turns":3},{"damage":56,"enemies":"SI_POISON_ARCHETYPE","floor":50,"turns":5}],"seed_played":"-8499325709065831277","potions_obtained":[{"floor":2,"key":"Regen Potion"},{"floor":8,"key":"Adrenaline Potion"},{"floor":10,"key":"SpeedPotion"},{"floor":15,"key":"Energy Potion"},{"floor":16,"key":"DistilledChaos"},{"floor":23,"key":"LifebloodPotion"},{"floor":25,"key":"bronze:BurnAndBuffPotion"},{"floor":27,"key":"champ:CounterPotion"},{"floor":28,"key":"Slimebound:SlimyTonguePotion"},{"floor":33,"key":"PowerPotion"},{"floor":43,"key":"Swift Potion"},{"floor":44,"key":"Venom Potion"},{"floor":48,"key":"Adrenaline Potion"},{"floor":49,"key":"EntropicBrew"}],"is_trial":false,"path_per_floor":["R","M","M","M","M","E","T","M","M","M","E","M","R","?","M","B",null,"R_BF","M","M","?","$","M","T","M","M","M","M","$","E","?","M","B",null,"R","M","M","?","M","$","T","R","M","E","R","E","$","E","M","B",null],"character_chosen":"SLIMEBOUND","items_purchased":["expansioncontent:DashGenerateEvil","Guide Book","expansioncontent:QuickStudy","Replay:Wax Seal","Anchor","Medical Kit","Slimebound:Nibble+1","SkillPotion","Swift Potion","Slimebound:LivingWall"],"campfire_rested":0,"item_purchase_floors":[22,22,40,47,47,47,47,47,47,47],"current_hp_per_floor":[65,65,62,65,54,49,49,53,54,54,51,57,57,57,64,58,75,75,75,60,60,68,60,60,69,74,84,81,90,74,68,58,52,74,74,77,74,74,83,86,86,86,89,58,58,31,46,58,71,45],"gold":52,"neow_bonus":"","is_daily":false,"chose_seed":false,"campfire_upgraded":5,"win_rate":0.0,"timestamp":1613681027,"path_taken":["R","M","M","M","M","E","T","M","M","M","E","M","R","?","M","BOSS","R_BF","M","M","?","$","M","T","M","M","M","M","$","E","?","M","BOSS","R","M","M","?","M","$","T","R","?","E","R","E","$","E","M","BOSS"],"items_purchased_type":["Card","Relic","Card","Relic","Relic","Relic","Card","Potion","Potion","Card"],"build_version":"2020-11-17","purchased_purges":1,"victory":true,"max_hp_per_floor":[65,65,65,65,65,65,65,65,65,65,75,75,75,75,75,75,75,75,75,75,75,75,75,75,78,81,84,87,90,93,68,71,74,74,74,77,80,80,83,86,86,86,89,92,92,95,98,101,108,108],"relic_stats":{"Centennial Puzzle":[6],"counters":[35,147],"Bronze Scales":[42],"Black Star":4,"Medical Kit":[0],"obtain_stats":[{"Slimebound:AggressiveSlimeRelic":41,"Divine Protection":46,"Lantern":7,"Pear":11,"Guide Book":22,"Quantum Egg":44,"Bottled Tornado":30,"Medical Kit":47,"aspiration:FrozenJewel":30,"Replay:Ringing Soul":24,"Centennial Puzzle":46,"Anchor":47,"Chameleon Ring":48,"Bronze Scales":44,"Molten Egg 2":14,"Slimebound:AbsorbEndCombat":0,"Black Star":17,"Replay:Wax Seal":47,"aspiration:DSix":6,"Slimebound:AbsorbEndCombatUpgraded":34,"Unceasing Top":48},{"Slimebound:AggressiveSlimeRelic":28,"Divine Protection":31,"Lantern":5,"Pear":9,"Guide Book":15,"Quantum Egg":30,"Bottled Tornado":22,"Medical Kit":32,"aspiration:FrozenJewel":22,"Replay:Ringing Soul":16,"Centennial Puzzle":31,"Anchor":32,"Chameleon Ring":33,"Bronze Scales":30,"Molten Egg 2":10,"Slimebound:AbsorbEndCombat":0,"Black Star":12,"Replay:Wax Seal":32,"aspiration:DSix":5,"Slimebound:AbsorbEndCombatUpgraded":24,"Unceasing Top":33},{"Slimebound:AggressiveSlimeRelic":114,"Divine Protection":132,"Lantern":17,"Pear":31,"Guide Book":58,"Quantum Egg":127,"Bottled Tornado":85,"Medical Kit":135,"aspiration:FrozenJewel":85,"Replay:Ringing Soul":61,"Centennial Puzzle":132,"Anchor":135,"Chameleon Ring":140,"Bronze Scales":127,"Molten Egg 2":33,"Slimebound:AbsorbEndCombat":0,"Black Star":44,"Replay:Wax Seal":135,"aspiration:DSix":17,"Slimebound:AbsorbEndCombatUpgraded":96,"Unceasing Top":140}],"Unceasing Top":[2]},"card_choices":[{"not_picked":["Slimebound:BestDefense","Slimebound:AcidTongue"],"picked":"Slimebound:SplitLeeching","floor":2},{"not_picked":["Slimebound:LeechEnergy","Slimebound:LeechingTouch"],"picked":"Slimebound:RollThrough","floor":3},{"not_picked":["Slimebound:SplitMire","Slimebound:TongueLash"],"picked":"Slimebound:SlimeSpikes","floor":4},{"not_picked":["Slimebound:SlimeSpikes","Slimebound:MegaLick"],"picked":"Slimebound:SamplingLick","floor":5},{"not_picked":["Slimebound:TongueLash","Slimebound:SlimeBarrage"],"picked":"Slimebound:Schlurp","floor":6},{"not_picked":["Slimebound:LivingWall","Slimebound:SplitAcid"],"picked":"Slimebound:Gluttony","floor":8},{"not_picked":["Slimebound:SplitMire","Slimebound:SlimeSpikes"],"picked":"Slimebound:Prepare","floor":9},{"not_picked":["Slimebound:PrepareCrush","Slimebound:FormOfPuddle"],"picked":"Slimebound:RejuvenatingLick","floor":10},{"not_picked":["Slimebound:SplitAcid","Slimebound:GoopTackle"],"picked":"Slimebound:ItLooksTasty","floor":11},{"not_picked":["Slimebound:AcidTongue","Slimebound:Prepare"],"picked":"Slimebound:Nibble","floor":12},{"not_picked":["Slimebound:Gluttony","Slimebound:SplitAcid"],"picked":"Slimebound:Repurpose","floor":15},{"not_picked":["Slimebound:SelfFormingGoo","Slimebound:RallyTheTroops+1"],"picked":"Slimebound:Teamwork","floor":16},{"not_picked":["Slimebound:ItLooksTasty+1","Slimebound:GoopSpray+1"],"picked":"Slimebound:TongueLash+1","floor":19},{"not_picked":["Slimebound:LeadByExample","Slimebound:Gluttony+1"],"picked":"Slimebound:SpikyOuterGoop","floor":20},{"not_picked":["Slimebound:SlimeSpikes","Slimebound:SlimeBrawl+1"],"picked":"Slimebound:MegaLick+1","floor":22},{"not_picked":["Slimebound:ComboTackle+1","Slimebound:SlimeSpikes"],"picked":"Slimebound:SplitMire","floor":23},{"not_picked":["Slimebound:GrowthPunch+1","Slimebound:LivingWall"],"picked":"Slimebound:OneTwoCombo+1","floor":25},{"not_picked":["Slimebound:LivingWall+1","Slimebound:AcidTongue"],"picked":"Slimebound:Schlurp","floor":26},{"not_picked":["Slimebound:ItLooksTasty+1","Slimebound:ViciousTackle+1"],"picked":"Slimebound:MassFeed+1","floor":27},{"not_picked":["Slimebound:Dissolve","Slimebound:SlimeSpikes"],"picked":"Slimebound:ComboTackle+1","floor":28},{"not_picked":["Slimebound:PressTheAttack+1","Slimebound:ComboTackle+1"],"picked":"Slimebound:Equalize+1","floor":29},{"not_picked":["Slimebound:FinishingTackle+1","Slimebound:FirmFortitude"],"picked":"Slimebound:Schlurp+1","floor":30},{"not_picked":["Slimebound:ComboTackle+1","Slimebound:SamplingLick"],"picked":"Slimebound:ItLooksTasty+1","floor":32},{"not_picked":["Slimebound:FirmFortitude","Slimebound:RallyTheTroops+1"],"picked":"Slimebound:Overexert","floor":33},{"not_picked":["Slimebound:LivingWall","Slimebound:ComboTackle+1"],"picked":"Slimebound:SamplingLick+1","floor":36},{"not_picked":["Slimebound:BestDefense","Slimebound:GoopTackle+1"],"picked":"Slimebound:PressTheAttack+1","floor":37},{"not_picked":["Slimebound:SlimeSpikes","Slimebound:LeechEnergy+1"],"picked":"Slimebound:TongueLash+1","floor":39},{"not_picked":["Slimebound:GoopSpray","Slimebound:SlimeSpikes"],"picked":"Slimebound:GoopTackle+1","floor":40},{"not_picked":["Slimebound:Prepare","Slimebound:SplitMire+1"],"picked":"Slimebound:SplitBruiser","floor":43},{"not_picked":["Slimebound:ForwardTackle+1","Slimebound:RollThrough+1"],"picked":"Slimebound:RainOfGoop+1","floor":44},{"not_picked":["Slimebound:HauntingLick","Slimebound:RainOfGoop"],"picked":"Slimebound:MassRepurpose","floor":46},{"not_picked":["Slimebound:ComboTackle+1","Slimebound:Grow+1"],"picked":"Slimebound:SplitMire","floor":47},{"not_picked":["Slimebound:Prepare+1","Slimebound:SlimeBrawl"],"picked":"Slimebound:Dissolve+1","floor":48},{"not_picked":["Slimebound:GoopSpray+1","Slimebound:GoopTackle+1"],"picked":"Slimebound:PressTheAttack+1","floor":49}],"player_experience":0,"relics_obtained":[{"floor":6,"key":"aspiration:DSix"},{"floor":7,"key":"Lantern"},{"floor":11,"key":"Pear"},{"floor":24,"key":"Replay:Ringing Soul"},{"floor":30,"key":"Bottled Tornado"},{"floor":30,"key":"aspiration:FrozenJewel"},{"floor":41,"key":"Slimebound:AggressiveSlimeRelic"},{"floor":44,"key":"Quantum Egg"},{"floor":44,"key":"Bronze Scales"},{"floor":46,"key":"Centennial Puzzle"},{"floor":46,"key":"Divine Protection"},{"floor":48,"key":"Unceasing Top"},{"floor":48,"key":"Chameleon Ring"}],"event_choices":[{"cards_removed":["Slimebound:Teamwork"],"damage_healed":0,"gold_gain":0,"player_choice":"Give","damage_taken":0,"max_hp_gain":0,"max_hp_loss":0,"event_name":"betterNote:BetterNote","floor":21,"gold_loss":0,"cards_obtained":["None"]},{"damage_healed":0,"gold_gain":0,"player_choice":"Became a vampire","damage_taken":0,"max_hp_gain":0,"max_hp_loss":28,"event_name":"Vampires","floor":31,"gold_loss":0,"cards_obtained":["Bite","Bite","Bite","Bite","Bite"]}],"is_beta":true,"boss_relics":[{"not_picked":["energizedSpire:StickyHand","Honey Jar"],"picked":"Black Star"},{"not_picked":["Replay:Ancient Bell","Ring of Chaos"],"picked":"Slimebound:AbsorbEndCombatUpgraded"}],"items_purged_floors":[22],"is_endless":false,"potions_floor_spawned":[2,8,10,15,16,23,25,27,28,33,43,44,48,49],"ascension_level":0}}