{"host":"7s0ipaqx8m4pdduf","time":1613667463,"event":{"mods":["BaseMod","BetterRewards","Colored Map","Infinite Spire","Minty Spire (QoL Compilation)","StSLib","SuperFastMode","The Animator"],"gold_per_floor":[116,116,116,130,130,158,175,191,218,233,262,276,276,289,289,363,363,377,392,31,51,68,68,81,81,107,127,127,127],"floor_reached":28,"language":"ENG","playtime":971,"items_purged":[],"score":483,"play_id":"5005b187-649c-46c4-ba29-9679a9357786","local_time":"20210218175743","is_ascension_mode":true,"campfire_choices":[{"floor":13.0,"key":"REST"},{"data":"Noxious Fumes","floor":15.0,"key":"SMITH"},{"floor":23,"key":"REST"},{"floor":25,"key":"REST"}],"circlet_count":0,"master_deck":["AscendersBane","Strike_G+1","Strike_G","Strike_G","Strike_G","Strike_G","Defend_G","Defend_G+1","Defend_G","Defend_G","Defend_G","Survivor","Neutralize","Footwork","Poisoned Stab","Cloak And Dagger","Backstab","Terror","Blade Dance","Noxious Fumes+1","Footwork","Dagger Spray","Adrenaline","Noxious Fumes","Caltrops","Masterful Stab+1","Catalyst","Die Die Die"],"relics":["Ring of the Serpent","NeowsBlessing","Omamori","Bag of Preparation","Smiling Mask","FossilizedHelix","Pantograph","Akabeko"],"acts_visited":["Exordium","TheCity"],"potions_floor_usage":[18],"damage_taken":[{"damage":0.0,"enemies":"Small Slimes","floor":1.0,"turns":1.0},{"damage":0.0,"enemies":"Jaw Worm","floor":4.0,"turns":1.0},{"damage":0.0,"enemies":"Gremlin Nob","floor":6.0,"turns":1.0},{"damage":0.0,"enemies":"Cultist","floor":7.0,"turns":4.0},{"damage":0.0,"enemies":"Lots of Slimes","floor":8.0,"turns":5.0},{"damage":0.0,"enemies":"Blue Slaver","floor":10.0,"turns":4.0},{"damage":17.0,"enemies":"3 Sentries","floor":11.0,"turns":9.0},{"damage":0.0,"enemies":"2 Fungi Beasts","floor":12.0,"turns":5.0},{"damage":0.0,"enemies":"3 Louse","floor":14.0,"turns":3.0},{"damage":12.0,"enemies":"Slime Boss","floor":16.0,"turns":9.0},{"damage":12,"enemies":"3 Byrds","floor":18,"turns":5},{"damage":9,"enemies":"Shell Parasite","floor":19,"turns":6},{"damage":0,"enemies":"Centurion and Healer","floor":21,"turns":8},{"damage":27,"enemies":"Cultist and Chosen","floor":22,"turns":8},{"damage":23,"enemies":"3 Cultists","floor":24,"turns":6},{"damage":0,"enemies":"Chosen and Byrds","floor":27,"turns":5},{"damage":21,"enemies":"Snecko","floor":28,"turns":5}],"seed_played":"2492346161350289386","potions_obtained":[{"floor":1.0,"key":"infinitespire:BlackPotion"},{"floor":6.0,"key":"ColorlessPotion"},{"floor":7.0,"key":"AttackPotion"},{"floor":10.0,"key":"DuplicationPotion"},{"floor":21,"key":"Weak Potion"}],"is_trial":false,"path_per_floor":["M","?","?","M","?","E","M","M","T","M","E","M","R","M","R","B",null,"M","M","$","M","M","R","M","R","T","M","M"],"character_chosen":"THE_SILENT","items_purchased":["Pantograph","Caltrops"],"campfire_rested":3,"item_purchase_floors":[20,20],"current_hp_per_floor":[59,48,28,28,28,28,28,28,28,28,11,11,30,30,30,18,54,42,33,33,33,6,25,2,21,21,21,0,0],"gold":127,"neow_bonus":"THREE_ENEMY_KILL","is_daily":false,"chose_seed":false,"campfire_upgraded":1,"win_rate":0.0,"timestamp":1613667463,"path_taken":["M","?","?","M","?","E","M","M","T","M","E","?","R","M","R","BOSS","M","?","$","M","M","R","M","R","T","M","?"],"items_purchased_type":["Relic","Card"],"build_version":"2020-12-22","purchased_purges":0,"victory":false,"max_hp_per_floor":[66,66,66,66,66,66,66,66,66,66,66,66,66,66,66,66,66,66,66,66,66,66,66,66,66,66,66,66,66],"card_choices":[{"not_picked":["Sucker Punch","Deadly Poison"],"picked":"Footwork","floor":1.0},{"not_picked":["Sucker Punch","Dagger Throw"],"picked":"Poisoned Stab","floor":4.0},{"not_picked":["Outmaneuver","Slice"],"picked":"Cloak And Dagger","floor":6.0},{"not_picked":["Deadly Poison","Flechettes"],"picked":"Backstab","floor":7.0},{"not_picked":["Masterful Stab","Leg Sweep"],"picked":"Terror","floor":8.0},{"not_picked":["Backflip","Sucker Punch"],"picked":"Blade Dance","floor":10.0},{"not_picked":["Predator","Bullet Time"],"picked":"Noxious Fumes","floor":11.0},{"not_picked":["Slice","Poisoned Stab"],"picked":"Footwork","floor":12.0},{"not_picked":["Flying Knee","Escape Plan"],"picked":"Dagger Spray","floor":14.0},{"not_picked":["Burst","Glass Knife"],"picked":"Adrenaline","floor":16.0},{"not_picked":["Quick Slash","Deflect","Cloak And Dagger"],"picked":"SKIP","floor":18},{"not_picked":["Slice","Concentrate"],"picked":"Noxious Fumes","floor":19},{"not_picked":["Deflect","Tactician"],"picked":"Masterful Stab+1","floor":21},{"not_picked":["Dodge and Roll","Prepared","Outmaneuver"],"picked":"SKIP","floor":22},{"not_picked":["Dagger Spray","PiercingWail"],"picked":"Catalyst","floor":24},{"not_picked":["Bane","PiercingWail"],"picked":"Die Die Die","floor":27}],"player_experience":2420680,"relics_obtained":[{"floor":6.0,"key":"Bag of Preparation"},{"floor":9.0,"key":"Smiling Mask"},{"floor":11.0,"key":"FossilizedHelix"},{"floor":26,"key":"Akabeko"}],"event_choices":[{"damage_healed":0.0,"max_hp_gain":0.0,"max_hp_loss":0.0,"gold_gain":0.0,"event_name":"Scrap Ooze","player_choice":"Success","floor":2.0,"gold_loss":0.0,"damage_taken":11.0,"relics_obtained":["Omamori"]},{"damage_healed":0.0,"max_hp_gain":0.0,"max_hp_loss":0.0,"gold_gain":0.0,"event_name":"Shining Light","player_choice":"Entered Light","floor":3.0,"gold_loss":0.0,"damage_taken":20.0,"cards_upgraded":["Defend_G","Strike_G"]}],"is_beta":false,"boss_relics":[{"not_picked":["Ectoplasm","HoveringKite"],"picked":"Ring of the Serpent"}],"items_purged_floors":[],"is_endless":false,"potions_floor_spawned":[1,6,7,10,12,21,22,24],"killed_by":"Snecko","ascension_level":17}}