{"host":"April","time":1613642426,"event":{"mods":["BaseMod","Minty Spire (QoL Compilation)"],"gold_per_floor":[109,48,61,61,71,96,96,109,109,109,135,148,176,189,189,288,288,308,320,0,11,26,60,60,70,70,170,170,198,213,248,248,345,345,345,345],"floor_reached":35,"language":"ENG","playtime":3330,"items_purged":[],"score":488,"play_id":"764be02f-ee9a-4ad7-8529-41859b128c2d","local_time":"20210218020026","is_ascension_mode":true,"campfire_choices":[{"data":"Self Repair","floor":7.0,"key":"SMITH"},{"data":"Zap","floor":10.0,"key":"SMITH"},{"data":"Fission","floor":15.0,"key":"SMITH"},{"data":"1","floor":32.0,"key":"LIFT"}],"circlet_count":0,"master_deck":["Strike_B","Strike_B","Defend_B","Defend_B","Defend_B","Defend_B","Zap+1","Dualcast","Self Repair+1","Cold Snap","Pain","Gash","Seek","Steam","Meteor Strike","Coolheaded","Fission+1","Static Discharge","Echo Form","Beam Cell","Blizzard","Capacitor","Doom and Gloom","Compile Driver","Consume","Loop","Gash+1","Shame","Reboot","Glacier","Rip and Tear+1","Amplify","Force Field+1","Hologram+1","Aggregate+1","Thunder Strike+1","CurseOfTheBell"],"relics":["Cracked Core","Unceasing Top","WarpedTongs","Bird Faced Urn","Turnip","Orichalcum","Dream Catcher","Fusion Hammer","Centennial Puzzle","Bottled Tornado","Thread and Needle","Happy Flower","Incense Burner","Molten Egg 2","Girya","Boot","Calling Bell","Tiny Chest","Ornamental Fan","Dead Branch"],"acts_visited":["Exordium","TheCity","TheBeyond"],"potions_floor_usage":[],"damage_taken":[{"damage":0.0,"enemies":"2 Louse","floor":1.0,"turns":2.0},{"damage":1.0,"enemies":"Cultist","floor":3.0,"turns":3.0},{"damage":7.0,"enemies":"Small Slimes","floor":5.0,"turns":3.0},{"damage":23.0,"enemies":"Gremlin Nob","floor":6.0,"turns":4.0},{"damage":13.0,"enemies":"Red Slaver","floor":8.0,"turns":4.0},{"damage":13.0,"enemies":"Lagavulin","floor":11.0,"turns":7.0},{"damage":3.0,"enemies":"Large Slime","floor":12.0,"turns":4.0},{"damage":6.0,"enemies":"3 Sentries","floor":13.0,"turns":7.0},{"damage":6.0,"enemies":"3 Louse","floor":14.0,"turns":4.0},{"damage":26.0,"enemies":"The Guardian","floor":16.0,"turns":11.0},{"damage":15.0,"enemies":"3 Byrds","floor":18.0,"turns":4.0},{"damage":16.0,"enemies":"Shell Parasite","floor":19.0,"turns":4.0},{"damage":10.0,"enemies":"Snake Plant","floor":21.0,"turns":5.0},{"damage":25.0,"enemies":"Centurion and Healer","floor":22.0,"turns":5.0},{"damage":34.0,"enemies":"Slavers","floor":23.0,"turns":5.0},{"damage":12.0,"enemies":"Snecko","floor":25.0,"turns":7.0},{"damage":31.0,"enemies":"Colosseum Slavers","floor":27.0,"turns":3.0},{"damage":21.0,"enemies":"Colosseum Nobs","floor":27.0,"turns":4.0},{"damage":27.0,"enemies":"Gremlin Leader","floor":29.0,"turns":6.0},{"damage":13.0,"enemies":"Snake Plant","floor":30.0,"turns":5.0},{"damage":11.0,"enemies":"Slavers","floor":31.0,"turns":5.0},{"damage":7.0,"enemies":"Collector","floor":33.0,"turns":6.0},{"damage":0.0,"enemies":"Orb Walker","floor":35.0,"turns":3.0}],"seed_played":"6810076754435117212","potions_obtained":[{"floor":1.0,"key":"LiquidBronze"},{"floor":5.0,"key":"PowerPotion"},{"floor":12.0,"key":"GamblersBrew"},{"floor":13.0,"key":"EssenceOfSteel"},{"floor":14.0,"key":"FocusPotion"},{"floor":16.0,"key":"Explosive Potion"},{"floor":21.0,"key":"Dexterity Potion"},{"floor":22.0,"key":"BlessingOfTheForge"},{"floor":25.0,"key":"Swift Potion"},{"floor":27.0,"key":"Energy Potion"},{"floor":30.0,"key":"GamblersBrew"}],"is_trial":false,"path_per_floor":["M","?","M","?","M","E","R","M","T","R","E","M","E","M","R","B",null,"M","M","$","M","M","E","?","M","T","?","?","E","M","E","R","B",null,"M"],"character_chosen":"DEFECT","items_purchased":["Centennial Puzzle","Capacitor","Doom and Gloom","Compile Driver"],"campfire_rested":0,"item_purchase_floors":[20,20,20,20],"current_hp_per_floor":[82,82,82,82,82,73,73,72,72,72,71,80,82,82,82,70,82,82,82,82,82,73,59,59,79,79,82,82,82,82,82,82,82,82,82,82],"gold":345,"neow_bonus":"TEN_PERCENT_HP_BONUS","is_daily":false,"chose_seed":false,"campfire_upgraded":3,"win_rate":0.0,"timestamp":1613642426,"path_taken":["M","?","?","?","M","E","R","M","T","R","E","?","E","M","R","BOSS","M","M","$","M","M","E","?","M","T","?","?","E","M","E","R","BOSS","M"],"items_purchased_type":["Relic","Card","Card","Card"],"build_version":"2020-12-18","purchased_purges":0,"victory":false,"max_hp_per_floor":[82,82,82,82,82,82,82,82,82,82,82,82,82,82,82,82,82,82,82,82,82,82,82,82,82,82,82,82,82,82,82,82,82,82,82,82],"card_choices":[{"not_picked":["Conserve Battery","Go for the Eyes"],"picked":"Self Repair","floor":1.0},{"not_picked":["Beam Cell","Gash"],"picked":"Cold Snap","floor":3.0},{"not_picked":["Redo","Conserve Battery"],"picked":"Gash","floor":5.0},{"not_picked":["BootSequence","Go for the Eyes"],"picked":"Seek","floor":6.0},{"not_picked":["Cold Snap","Streamline"],"picked":"Steam","floor":8.0},{"not_picked":["Cold Snap","Loop"],"picked":"Meteor Strike","floor":11.0},{"not_picked":["Leap","Sweeping Beam"],"picked":"Coolheaded","floor":12.0},{"not_picked":["Barrage","Coolheaded"],"picked":"Fission","floor":13.0},{"not_picked":["Cold Snap","Scrape"],"picked":"Static Discharge","floor":14.0},{"not_picked":["Machine Learning","Seek"],"picked":"Echo Form","floor":16.0},{"not_picked":["Gash","Skim"],"picked":"Beam Cell","floor":18.0},{"not_picked":["FTL","Steam"],"picked":"Blizzard","floor":19.0},{"not_picked":["Coolheaded+1","Hologram"],"picked":"Consume","floor":21.0},{"not_picked":["Storm","Cold Snap"],"picked":"Loop","floor":22.0},{"not_picked":["Barrage+1","Redo"],"picked":"Gash+1","floor":23.0},{"not_picked":["Hologram","Streamline"],"picked":"Reboot","floor":25.0},{"not_picked":["Storm","Steam Power"],"picked":"Glacier","floor":27.0},{"not_picked":["Tempest","Coolheaded"],"picked":"Force Field+1","floor":29.0},{"not_picked":["Sweeping Beam+1","Gash+1"],"picked":"Hologram+1","floor":30.0},{"not_picked":["Leap","Hello World"],"picked":"Aggregate+1","floor":31.0},{"not_picked":["Rainbow","Echo Form"],"picked":"Thunder Strike+1","floor":33.0}],"player_experience":2680817,"relics_obtained":[{"floor":6.0,"key":"Bird Faced Urn"},{"floor":9.0,"key":"Turnip"},{"floor":11.0,"key":"Orichalcum"},{"floor":13.0,"key":"Dream Catcher"},{"floor":23.0,"key":"Bottled Tornado"},{"floor":26.0,"key":"Happy Flower"},{"floor":27.0,"key":"Incense Burner"},{"floor":27.0,"key":"Molten Egg 2"},{"floor":29.0,"key":"Girya"},{"floor":31.0,"key":"Boot"},{"floor":34.0,"key":"Tiny Chest"},{"floor":34.0,"key":"Ornamental Fan"},{"floor":34.0,"key":"Dead Branch"}],"event_choices":[{"damage_healed":0.0,"max_hp_gain":0.0,"max_hp_loss":0.0,"gold_gain":0.0,"event_name":"WeMeetAgain","player_choice":"Paid Gold","floor":2.0,"gold_loss":61.0,"damage_taken":0.0,"relics_obtained":["Unceasing Top"]},{"damage_healed":0.0,"max_hp_gain":0.0,"max_hp_loss":0.0,"gold_gain":0.0,"event_name":"Accursed Blacksmith","player_choice":"Rummage","floor":4.0,"gold_loss":0.0,"damage_taken":0.0,"relics_obtained":["WarpedTongs"],"cards_obtained":["Pain"]},{"damage_healed":0.0,"max_hp_gain":0.0,"max_hp_loss":0.0,"gold_gain":0.0,"event_name":"Addict","player_choice":"Stole Relic","floor":24.0,"gold_loss":0.0,"damage_taken":0.0,"relics_obtained":["Thread and Needle"],"cards_obtained":["Shame"]},{"damage_healed":0.0,"max_hp_gain":0.0,"max_hp_loss":0.0,"gold_gain":0.0,"event_name":"Colosseum","player_choice":"Fight","floor":27.0,"gold_loss":0.0,"damage_taken":0.0},{"damage_healed":0.0,"max_hp_gain":0.0,"max_hp_loss":0.0,"gold_gain":0.0,"event_name":"Colosseum","player_choice":"Fought Nobs","floor":27.0,"gold_loss":0.0,"damage_taken":0.0},{"damage_healed":0.0,"max_hp_gain":0.0,"max_hp_loss":0.0,"gold_gain":0.0,"cards_transformed":["Strike_B","Strike_B"],"event_name":"Drug Dealer","player_choice":"Became Test Subject","floor":28.0,"gold_loss":0.0,"damage_taken":0.0,"cards_obtained":["Rip and Tear","Amplify"]}],"is_beta":true,"boss_relics":[{"not_picked":["Ectoplasm","Velvet Choker"],"picked":"Fusion Hammer"},{"not_picked":["Sozu","Astrolabe"],"picked":"Calling Bell"}],"items_purged_floors":[],"is_endless":false,"potions_floor_spawned":[1,5,12,13,14,16,21,22,25,27,27,30,35],"killed_by":"Orb Walker","ascension_level":1}}