{"host":"sc0o2qwpf9j16a4i","time":1613657373,"event":{"mods":["AchievementEnabler","BaseMod","BetterRewards","Block Reminder","Colored Map","Colored Powertips","Custom Start","Highlight Path","Minty Spire (QoL Compilation)","Relic Stats"],"gold_per_floor":[109,109,125,8,21,48,48,74,74,74,74,1,28,48,48,153,153,153,153],"floor_reached":18,"language":"ENG","playtime":348,"items_purged":[],"score":278,"play_id":"60a49e99-6b3b-4381-ba17-9976f2faf678","local_time":"20210218160933","daily_mods":["Specialized","Time Dilation","Night Terrors"],"is_ascension_mode":false,"campfire_choices":[{"data":"Whirlwind","floor":7,"key":"SMITH"},{"data":"Feed","floor":10,"key":"SMITH"},{"data":"Flex","floor":15,"key":"SMITH"}],"circlet_count":0,"master_deck":["Strike_R","Strike_R","Strike_R","Strike_R","Strike_R","Defend_R","Defend_R","Defend_R","Defend_R","Bash","Double Tap","Double Tap","Double Tap","Double Tap","Cleave","Wild Strike","Flex+1","Battle Trance","Thunderclap","Whirlwind+1","Feed+1","Shrug It Off","Hemokinesis","Corruption"],"relics":["Burning Blood","Ginger","Mercury Hourglass","TungstenRod","Dream Catcher","Black Star"],"acts_visited":["Exordium","TheCity"],"potions_floor_usage":[5,6,8,13,13,14],"damage_taken":[{"damage":6,"enemies":"Small Slimes","floor":1,"turns":3},{"damage":1,"enemies":"Cultist","floor":3,"turns":3},{"damage":1,"enemies":"Jaw Worm","floor":5,"turns":2},{"damage":7,"enemies":"Gremlin Nob","floor":6,"turns":3},{"damage":0,"enemies":"Lagavulin","floor":8,"turns":3},{"damage":3,"enemies":"3 Sentries","floor":13,"turns":2},{"damage":0,"enemies":"Red Slaver","floor":14,"turns":1},{"damage":0,"enemies":"Slime Boss","floor":16,"turns":5},{"damage":0,"enemies":"Shell Parasite","floor":18,"turns":2}],"seed_played":"672470096000892841","potions_obtained":[{"floor":2,"key":"Fruit Juice"},{"floor":2,"key":"PowerPotion"},{"floor":2,"key":"SkillPotion"},{"floor":5,"key":"SkillPotion"},{"floor":13,"key":"AttackPotion"},{"floor":16,"key":"LiquidBronze"}],"is_trial":true,"path_per_floor":["M","?","M","$","M","E","R","E","T","R","?","$","E","M","R","B",null,"M"],"character_chosen":"IRONCLAD","items_purchased":["Flex","Battle Trance","LiquidMemories"],"campfire_rested":0,"item_purchase_floors":[4,4,12],"current_hp_per_floor":[80,80,80,80,85,84,84,85,85,85,79,79,86,93,93,93,93,93,93],"gold":153,"neow_bonus":"","is_daily":false,"chose_seed":false,"campfire_upgraded":3,"win_rate":0.0,"timestamp":1613657373,"path_taken":["M","?","M","?","M","E","R","E","T","R","?","$","E","M","R","BOSS","M"],"items_purchased_type":["Card","Card","Potion"],"build_version":"2020-12-22","purchased_purges":0,"victory":false,"max_hp_per_floor":[80,80,80,80,85,85,85,85,85,85,85,85,89,93,93,93,93,93,93],"relic_stats":{"Dream Catcher":0,"counters":[9,24],"Black Star":0,"Ginger":[0],"obtain_stats":[{"Dream Catcher":13,"Black Star":17,"Ginger":6,"Burning Blood":0,"TungstenRod":9,"Mercury Hourglass":8},{"Dream Catcher":6,"Black Star":8,"Ginger":4,"Burning Blood":0,"TungstenRod":5,"Mercury Hourglass":5},{"Dream Catcher":16,"Black Star":22,"Ginger":11,"Burning Blood":0,"TungstenRod":14,"Mercury Hourglass":14}],"Burning Blood":24,"TungstenRod":2,"Mercury Hourglass":[48]},"card_choices":[{"not_picked":["Warcry","Sword Boomerang"],"picked":"Cleave","floor":1},{"not_picked":["Anger","Headbutt"],"picked":"Wild Strike","floor":3},{"not_picked":["Sword Boomerang","Flex"],"picked":"Thunderclap","floor":5},{"not_picked":["True Grit","Flex"],"picked":"Whirlwind","floor":6},{"not_picked":["Shockwave","Dropkick"],"picked":"Feed","floor":8},{"not_picked":["Pommel Strike","True Grit"],"picked":"Shrug It Off","floor":13},{"not_picked":["Perfected Strike","Metallicize"],"picked":"Hemokinesis","floor":14},{"not_picked":["Double Tap","Barricade"],"picked":"Corruption","floor":16}],"player_experience":1460577,"relics_obtained":[{"floor":6,"key":"Ginger"},{"floor":8,"key":"Mercury Hourglass"},{"floor":9,"key":"TungstenRod"},{"floor":13,"key":"Dream Catcher"}],"event_choices":[{"damage_healed":0,"gold_gain":0,"player_choice":"Got Potions","damage_taken":0,"max_hp_gain":0,"max_hp_loss":0,"event_name":"Lab","floor":2,"gold_loss":0},{"cards_removed":["Double Tap"],"damage_healed":0,"gold_gain":0,"player_choice":"Card Removal","damage_taken":7,"max_hp_gain":0,"max_hp_loss":0,"event_name":"Golden Wing","floor":11,"gold_loss":0}],"is_beta":false,"boss_relics":[{"not_picked":["Mark of Pain","Coffee Dripper"],"picked":"Black Star"}],"items_purged_floors":[],"is_endless":false,"potions_floor_spawned":[5,13,16],"killed_by":"Shell Parasite","ascension_level":0}}