{"host":"19tvufa8xx4wr4o1","time":1613612834,"event":{"mods":["AchievementEnabler","BaseMod","Better Sensory Stone","Better Third Choice","Highlight Path","Minty Spire (QoL Compilation)","Relic Stats","StSLib"],"gold_per_floor":[111,111,111,124,135,165,165,177,177,452,452,463,793,51,51,123,123,134,152,69,148,159,159,176,176,176,76,93,93,117,127,127,127,127],"floor_reached":33,"language":"ENG","playtime":2794,"items_purged":["Regret","Writhe"],"score":578,"play_id":"2cdea577-1c47-47d0-8886-721c066d7460","local_time":"20210217194714","is_ascension_mode":true,"campfire_choices":[{"data":"Zap","floor":7,"key":"SMITH"},{"floor":11,"key":"REST"},{"data":"Sunder","floor":15,"key":"SMITH"},{"data":"Biased Cognition","floor":23,"key":"SMITH"},{"data":"Dualcast","floor":29,"key":"SMITH"},{"data":"Doom and Gloom","floor":32,"key":"SMITH"}],"circlet_count":0,"master_deck":["AscendersBane","Strike_B","Strike_B","Defend_B","Defend_B","Defend_B","Defend_B","Zap+1","Dualcast+1","Rip and Tear","Ball Lightning","Cold Snap","Sunder+1","Biased Cognition+1","Conserve Battery","Self Repair","Ball Lightning","Undo+1","Doom and Gloom+1"],"relics":["Nuclear Battery","Pear","Shuriken","Old Coin","Pocketwatch","Mango","Runic Pyramid","Letter Opener","Centennial Puzzle","Gambling Chip","DataDisk"],"acts_visited":["Exordium","TheCity"],"potions_floor_usage":[6,13,33],"damage_taken":[{"damage":0,"enemies":"Small Slimes","floor":1,"turns":4},{"damage":1,"enemies":"Jaw Worm","floor":4,"turns":5},{"damage":0,"enemies":"Cultist","floor":5,"turns":4},{"damage":15,"enemies":"Lagavulin","floor":6,"turns":7},{"damage":4,"enemies":"Large Slime","floor":8,"turns":4},{"damage":15,"enemies":"Lots of Slimes","floor":12,"turns":4},{"damage":17,"enemies":"Gremlin Nob","floor":13,"turns":3},{"damage":0,"enemies":"Slime Boss","floor":16,"turns":6},{"damage":10,"enemies":"Shell Parasite","floor":18,"turns":3},{"damage":0,"enemies":"Spheric Guardian","floor":19,"turns":3},{"damage":6,"enemies":"Snecko","floor":22,"turns":5},{"damage":15,"enemies":"Centurion and Healer","floor":24,"turns":6},{"damage":2,"enemies":"Cultist and Chosen","floor":28,"turns":4},{"damage":15,"enemies":"Snecko","floor":31,"turns":6},{"damage":79,"enemies":"Collector","floor":33,"turns":8}],"seed_played":"5233642886915220659","potions_obtained":[{"floor":4,"key":"Swift Potion"},{"floor":5,"key":"PotionOfCapacity"},{"floor":12,"key":"EssenceOfSteel"},{"floor":13,"key":"EssenceOfSteel"},{"floor":16,"key":"PotionOfCapacity"},{"floor":19,"key":"AttackPotion"}],"is_trial":false,"path_per_floor":["M","?","?","M","M","E","R","M","T","?","R","M","E","$","R","B",null,"M","M","$","T","M","R","M","?","T","$","M","R","T","M","R","B"],"character_chosen":"DEFECT","items_purchased":["Pocketwatch","Mango","Self Repair"],"campfire_rested":1,"item_purchase_floors":[14,14,20],"current_hp_per_floor":[64,57,57,56,56,51,51,47,47,47,71,56,39,53,53,53,85,75,75,75,75,76,76,68,68,68,68,73,73,73,65,65,0,0],"gold":127,"neow_bonus":"BOSS_RELIC","is_daily":false,"chose_seed":false,"campfire_upgraded":5,"win_rate":0.0,"timestamp":1613612834,"path_taken":["M","?","?","M","?","E","R","M","T","?","R","M","E","$","R","BOSS","M","M","?","?","M","R","M","?","T","$","M","R","?","M","R","BOSS"],"items_purchased_type":["Relic","Relic","Card"],"build_version":"2020-12-22","purchased_purges":2,"victory":false,"max_hp_per_floor":[71,71,71,71,71,81,81,81,81,81,81,81,81,95,95,95,95,95,95,95,95,95,95,95,95,95,95,95,95,95,95,95,95,95],"relic_stats":{"Centennial Puzzle":[9],"counters":[15,72],"Shuriken":[13],"Gambling Chip":[10],"Letter Opener":[45],"obtain_stats":[{"Centennial Puzzle":25,"DataDisk":30,"Pear":6,"Shuriken":9,"Gambling Chip":26,"Mango":14,"Letter Opener":21,"Cracked Core":0,"Nuclear Battery":0,"Old Coin":13,"Pocketwatch":14,"Runic Pyramid":17},{"Centennial Puzzle":12,"DataDisk":13,"Pear":4,"Shuriken":5,"Gambling Chip":12,"Mango":7,"Letter Opener":10,"Cracked Core":0,"Nuclear Battery":0,"Old Coin":7,"Pocketwatch":7,"Runic Pyramid":8},{"Centennial Puzzle":54,"DataDisk":58,"Pear":20,"Shuriken":24,"Gambling Chip":54,"Mango":31,"Letter Opener":43,"Cracked Core":0,"Nuclear Battery":0,"Old Coin":31,"Pocketwatch":31,"Runic Pyramid":37}],"Pocketwatch":[22]},"card_choices":[{"not_picked":["Barrage","Reprogram","Hologram"],"picked":"SKIP","floor":1},{"not_picked":["Go for the Eyes","Beam Cell"],"picked":"Rip and Tear","floor":4},{"not_picked":["Force Field","Turbo"],"picked":"Ball Lightning","floor":5},{"not_picked":["Go for the Eyes","Scrape","Rebound"],"picked":"SKIP","floor":6},{"not_picked":["Go for the Eyes","Scrape","Rebound"],"picked":"SKIP","floor":6},{"not_picked":["Beam Cell","Hello World","Auto Shields"],"picked":"SKIP","floor":8},{"not_picked":["Fusion","Turbo"],"picked":"Cold Snap","floor":12},{"not_picked":["Consume","BootSequence"],"picked":"Sunder","floor":13},{"not_picked":["Core Surge","Machine Learning"],"picked":"Biased Cognition","floor":16},{"not_picked":["Cold Snap","Barrage","Sweeping Beam"],"picked":"SKIP","floor":18},{"not_picked":["Gash","Turbo"],"picked":"Conserve Battery","floor":19},{"not_picked":["Undo","Go for the Eyes"],"picked":"Ball Lightning","floor":22},{"not_picked":["White Noise","Leap","Steam"],"picked":"SKIP","floor":24},{"not_picked":["Heatsinks","Conserve Battery"],"picked":"Undo+1","floor":28},{"not_picked":["Rip and Tear","Static Discharge"],"picked":"Doom and Gloom","floor":31}],"player_experience":646322,"relics_obtained":[{"floor":6,"key":"Pear"},{"floor":9,"key":"Shuriken"},{"floor":13,"key":"Old Coin"},{"floor":21,"key":"Letter Opener"},{"floor":26,"key":"Gambling Chip"},{"floor":30,"key":"DataDisk"}],"event_choices":[{"cards_removed":["Strike_B"],"damage_healed":0,"gold_gain":0,"player_choice":"Card Removal","damage_taken":7,"max_hp_gain":0,"max_hp_loss":0,"event_name":"Golden Wing","floor":2,"gold_loss":0},{"cards_removed":["Strike_B"],"damage_healed":0,"gold_gain":0,"player_choice":"Purged","damage_taken":0,"max_hp_gain":0,"max_hp_loss":0,"event_name":"Purifier","floor":3,"gold_loss":0},{"damage_healed":0,"gold_gain":275,"player_choice":"Desecrate","damage_taken":0,"max_hp_gain":0,"max_hp_loss":0,"event_name":"Golden Shrine","floor":10,"gold_loss":0,"cards_obtained":["Regret"]},{"damage_healed":0,"gold_gain":0,"player_choice":"Opened","damage_taken":0,"relics_obtained":["Centennial Puzzle"],"max_hp_gain":0,"max_hp_loss":0,"event_name":"The Mausoleum","floor":25,"gold_loss":0,"cards_obtained":["Writhe"]}],"is_beta":false,"boss_relics":[{"not_picked":["Pandora\u0027s Box","Runic Dome"],"picked":"Runic Pyramid"}],"items_purged_floors":[14,27],"is_endless":false,"potions_floor_spawned":[4,5,12,13,16,19,28,31],"killed_by":"Collector","ascension_level":16}}