{"host":"rihxvzvzrfpivboj","time":1613688975,"event":{"mods":["Act Like it!","BaseMod","Better Third Choice","Block Reminder","Colored Map","Colored Powertips","Downfall","Duelist Mod","Gensokyo","GifTheSpireLib","Googly Eyes","Jorbs\u0027s Wanderer Trilogy","Keyboard Shortcuts","Minty Spire (QoL Compilation)","Quick Restart","ReimuÅiîé??öÎÅj","Relic Sorter","StSLib","SuperFastMode","The Bug Knight","Unceasing Turn Reminder","Waifu the Spire"],"gold_per_floor":[137,166,182,200,200,231,231,243,266,266,285,295,305,336,336,439,439,451,462,562,575,50,60,60,60,108,108,141,158,171,196,196,297,297,309,335,345,363,70,70,80,110,110,168,168,195,227,227,227,227,227,227,21,53,53],"floor_reached":56,"language":"ENG","playtime":8382,"items_purged":["theDuelist:GhostrickStein"],"score":1527,"play_id":"778ff82d-43ec-47a5-a774-926b8e9c95c9","local_time":"20210218235615","is_ascension_mode":true,"campfire_choices":[{"data":"theDuelist:ClearKuriboh","floor":7.0,"key":"SMITH"},{"data":"theDuelist:ClearKuriboh+1","floor":10.0,"key":"SMITH"},{"floor":15.0,"key":"REST"},{"floor":25.0,"key":"RECALL"},{"data":"theDuelist:YellowBelliedOni","floor":32,"key":"SMITH"},{"floor":40,"key":"REST"},{"floor":45,"key":"REST"},{"floor":49,"key":"REST"},{"floor":52,"key":"REST"}],"circlet_count":0,"master_deck":["theDuelist:HyperancientShark+1","theDuelist:EvilMind+1","theDuelist:ClearKuriboh+2","theDuelist:WaterDragon+1","theDuelist:SnowDragon+1","theDuelist:Nameless:Power:MaskedDragon+1","theDuelist:TributeDoomed+1","theDuelist:CyberDragonNachster+1","theDuelist:DarklordSuperbia+1","theDuelist:DesLacooda+1","theDuelist:EvilMind+1","theDuelist:TyrantWing+1","theDuelist:Earthquake+1","theDuelist:WaterDragon+1","theDuelist:TributeDoomed+1","theDuelist:YellowBelliedOni+1","theDuelist:YellowBelliedOni+1","theDuelist:BigFire+1","theDuelist:TrapHole+1","theDuelist:BigFire+1","theDuelist:CatShark+1","theDuelist:CallGrave+1","theDuelist:Earthquake+1","theDuelist:ArtifactSanctum+1","theDuelist:RainbowBridge+1","theDuelist:InfernityDoomDragon+1","theDuelist:MindAir+1","theDuelist:Kabazauls+1","theDuelist:HarpieFeather+1","theDuelist:YellowBelliedOni+1","theDuelist:VampireBaby+1"],"relics":["theDuelist:MillenniumPuzzle","theDuelist:CardPoolRelic","theDuelist:CardPoolBasicRelic","theDuelist:BoosterPackPoolRelic","theDuelist:CardPoolAddRelic","theDuelist:CardPoolMinusRelic","theDuelist:CardPoolSaveRelic","theDuelist:CardPoolOptionsRelic","Paper Crane","RuthlessExorcism:ReiMu","Happy Flower","Ancient Tea Set","Runic Pyramid","theDuelist:MerchantTalisman","theDuelist:SummonAnchor","Toy Ornithopter","Red Skull","theDuelist:ZoneToken","Orichalcum","Busted Crown","Oddly Smooth Stone","Centennial Puzzle","Calipers","Blood Vial","Nunchaku","theDuelist:KaibaToken","Whetstone","Potion Belt","Runic Capacitor","Akabeko"],"acts_visited":["Exordium","TheCity","TheCity","TheEnding"],"potions_floor_usage":[33,38,44,44,50,50,50,55,55],"damage_taken":[{"damage":2.0,"enemies":"Gensokyo:Gryphon","floor":1.0,"turns":3.0},{"damage":13.0,"enemies":"Gensokyo:Cirno","floor":2.0,"turns":6.0},{"damage":0.0,"enemies":"Gensokyo:Python","floor":3.0,"turns":2.0},{"damage":9.0,"enemies":"Gensokyo:2_Kodama","floor":4.0,"turns":3.0},{"damage":4.0,"enemies":"Gensokyo:Mamizou","floor":6.0,"turns":5.0},{"damage":7.0,"enemies":"Gensokyo:Kitsune","floor":8.0,"turns":2.0},{"damage":6.0,"enemies":"Gensokyo:Gryphon_and_Rabbit","floor":11.0,"turns":3.0},{"damage":8.0,"enemies":"Gensokyo:CorruptedTreant","floor":12.0,"turns":2.0},{"damage":0.0,"enemies":"Gensokyo:LivingMonolith","floor":13.0,"turns":1.0},{"damage":0.0,"enemies":"Gensokyo:Cirno","floor":14.0,"turns":5.0},{"damage":3.0,"enemies":"Gensokyo:Reimu","floor":16.0,"turns":6.0},{"damage":0.0,"enemies":"Spheric Guardian","floor":18.0,"turns":1.0},{"damage":7.0,"enemies":"2 Thieves","floor":19.0,"turns":3.0},{"damage":4.0,"enemies":"Shelled Parasite and Fungi","floor":21.0,"turns":3.0},{"damage":11.0,"enemies":"Sentry and Sphere","floor":23.0,"turns":3.0},{"damage":0.0,"enemies":"HollowMod:Nosk","floor":28.0,"turns":7.0},{"damage":7.0,"enemies":"Chosen and Byrds","floor":29.0,"turns":5.0},{"damage":16.0,"enemies":"Snake Plant","floor":30.0,"turns":8.0},{"damage":0,"enemies":"Gremlin Leader","floor":31,"turns":4},{"damage":0,"enemies":"Champ","floor":33,"turns":7},{"damage":0,"enemies":"Gensokyo:3_Bats","floor":35,"turns":2},{"damage":0,"enemies":"Gensokyo:3_Boulders","floor":37,"turns":4},{"damage":8,"enemies":"Gensokyo:Dusk_and_Dawn","floor":38,"turns":4},{"damage":7,"enemies":"Gensokyo:4_Bats","floor":41,"turns":3},{"damage":2,"enemies":"Gensokyo:Doremy","floor":42,"turns":6},{"damage":18,"enemies":"Gensokyo:Marisa","floor":44,"turns":5},{"damage":4,"enemies":"Gensokyo:AtlasGolem","floor":46,"turns":5},{"damage":28,"enemies":"Gensokyo:Kasen","floor":47,"turns":5},{"damage":16,"enemies":"Gensokyo:Scarlet_Devils","floor":50,"turns":8},{"damage":16,"enemies":"Shield and Spear","floor":54,"turns":6},{"damage":8,"enemies":"The Heart","floor":55,"turns":7}],"seed_played":"7722952959561845436","potions_obtained":[{"floor":1.0,"key":"Block Potion"},{"floor":2.0,"key":"champ:CounterPotion"},{"floor":4.0,"key":"theDuelist:VampireVial"},{"floor":12.0,"key":"Weak Potion"},{"floor":13.0,"key":"theDuelist:DebuffArmorPotion"},{"floor":18.0,"key":"theDuelist:BigTributeBottle"},{"floor":28.0,"key":"theDuelist:SealedPackD"},{"floor":29.0,"key":"Dexterity Potion"},{"floor":30.0,"key":"PowerPotion"},{"floor":35,"key":"AttackPotion"},{"floor":42,"key":"theDuelist:DestructPotionPot"},{"floor":46,"key":"theDuelist:FusionPotion"},{"floor":47,"key":"FocusPotion"},{"floor":54,"key":"MagicPotion:ReiMu"}],"is_trial":false,"path_per_floor":["M","?","M","M","?","E","R","M","T","R","M","M","M","E","R","B",null,"M","M","?","M","$","M","$","R","T","?","E","M","M","E","R","B",null,"M","T","M","M","$","R","M","E","T","E","R","M","E","?","R","B",null,"R","$","E","B",null],"character_chosen":"THE_DUELIST","items_purchased":["theDuelist:MerchantTalisman","theDuelist:SummonAnchor","Calipers","Runic Capacitor","PowerPotion"],"campfire_rested":5,"item_purchase_floors":[22,22,39,53,53],"current_hp_per_floor":[70,57,57,48,58,54,54,47,47,47,41,33,33,33,57,54,82,82,75,75,71,71,60,60,60,60,60,60,53,37,37,37,42,82,82,82,82,74,74,82,75,73,73,74,92,88,62,62,89,81,92,92,92,76,80],"gold":53,"neow_bonus":"TRANSFORM_TWO_CARDS","is_daily":false,"chose_seed":false,"campfire_upgraded":3,"win_rate":0.0,"timestamp":1613688975,"path_taken":["M","?","M","M","?","E","R","M","T","R","M","M","M","E","R","BOSS","M","M","?","M","$","M","?","R","T","?","E","M","M","E","R","BOSS","M","?","M","M","$","R","?","E","T","E","R","M","E","?","R","BOSS","R","$","E","BOSS"],"items_purchased_type":["Relic","Relic","Relic","Relic","Potion"],"build_version":"2020-12-22","purchased_purges":1,"victory":true,"max_hp_per_floor":[72,72,72,72,82,82,82,82,82,82,82,82,82,82,82,82,82,82,82,82,82,82,82,82,82,82,82,82,82,82,82,82,82,82,82,82,82,82,82,82,82,82,82,92,92,92,92,92,92,92,92,92,92,92,92],"card_choices":[{"not_picked":["theDuelist:SpellShatteringArrow","theDuelist:SwordDeepSeated","theDuelist:MonsterMetronome","theDuelist:EvilMind"],"picked":"theDuelist:Earthquake","floor":1.0},{"not_picked":["theDuelist:ToonBriefcase","theDuelist:DragonRavine","theDuelist:WeaponChange","theDuelist:AntiFusionDevice","theDuelist:SharkStickers"],"picked":"SKIP","floor":2.0},{"not_picked":["theDuelist:ToonCannonSoldier","theDuelist:JurassicImpact","theDuelist:PyramidWonders"],"picked":"theDuelist:ArtifactSanctum","floor":3.0},{"not_picked":["theDuelist:ViceDragon","theDuelist:Pyrorex","theDuelist:BusterBlader","theDuelist:MaskedDragon"],"picked":"theDuelist:BigFire","floor":4.0},{"not_picked":["theDuelist:BlackPtera","theDuelist:BlackBrutdrago","theDuelist:ToonAncientGear","theDuelist:Dracocension"],"picked":"theDuelist:SnowDragon","floor":6.0},{"not_picked":["theDuelist:BlackStego","theDuelist:BlackBrutdrago","theDuelist:Anthrosaurus","theDuelist:CloudianGhost"],"picked":"theDuelist:CyberDragonNachster","floor":8.0},{"not_picked":["theDuelist:MangaRyuRan","theDuelist:CyberValley","theDuelist:YamataDragon","theDuelist:SnowdustDragon","theDuelist:GishkiShadow"],"picked":"SKIP","floor":11.0},{"not_picked":["theDuelist:DragonMirror","theDuelist:ToadallyAwesome","theDuelist:SharkStickers"],"picked":"theDuelist:MindAir","floor":12.0},{"not_picked":["theDuelist:TyrantWing","theDuelist:SystemDown","theDuelist:BoosterDragon","theDuelist:WaterHazard","theDuelist:SurvivalFittest"],"picked":"SKIP","floor":13.0},{"not_picked":["theDuelist:SwordsConcealing","theDuelist:WingedDragonRa","theDuelist:TailSwipe","theDuelist:SuperheavyGeneral"],"picked":"theDuelist:WaterDragon","floor":14.0},{"not_picked":["theDuelist:VoidOgreDragon","theDuelist:GaiaDragonChamp","theDuelist:ChimeratechOverdragon","theDuelist:Greatfly"],"picked":"theDuelist:CallGrave","floor":16.0},{"not_picked":["theDuelist:DarkHorus+1","theDuelist:BlackBrutdrago","theDuelist:BusterBlader","theDuelist:ViceDragon"],"picked":"theDuelist:Kabazauls+1","floor":18.0},{"not_picked":["theDuelist:StampingDestruction","theDuelist:LegendarySword","theDuelist:AxeDespair","theDuelist:MaliciousMetronome+1","theDuelist:CircleFireKings"],"picked":"SKIP","floor":19.0},{"not_picked":["theDuelist:ShadowToon","theDuelist:WaterDragonCluster","theDuelist:SuperancientDinobeast","theDuelist:NaturiaAntjaw","theDuelist:BackupSoldier"],"picked":"SKIP","floor":21.0},{"not_picked":["theDuelist:MaskedDragon","theDuelist:LordD+1","theDuelist:BlackBrutdrago","theDuelist:GhostrickRenovation","theDuelist:InfernityDoomDragon"],"picked":"SKIP","floor":23.0},{"not_picked":["theDuelist:DreadnoughtDreadnoid","theDuelist:DarkDriceratops","theDuelist:VeilDarkness","theDuelist:DarkHorus+1"],"picked":"theDuelist:EvilMind","floor":28.0},{"not_picked":["theDuelist:BlackTyranno","theDuelist:BlackStego+1","theDuelist:BarrelDragon","theDuelist:TrihornedDragon","theDuelist:GiantRex+1"],"picked":"SKIP","floor":29.0},{"not_picked":["theDuelist:BlackTyranno","theDuelist:BlackStego+1","theDuelist:BarrelDragon","theDuelist:TrihornedDragon","theDuelist:GiantRex+1"],"picked":"SKIP","floor":29.0},{"not_picked":["theDuelist:Skullgios","theDuelist:VampireLady","theDuelist:SauropodBrachion","theDuelist:Duoterion"],"picked":"theDuelist:TrapHole+1","floor":30.0},{"not_picked":["theDuelist:OceanDragonLord","theDuelist:BusterBladerDDS"],"picked":"theDuelist:YellowBelliedOni","floor":31},{"not_picked":["theDuelist:QueenDragunDjinn+1","theDuelist:Lancephorhynchus","theDuelist:DoomkaiserDragon","theDuelist:FiveHeaded"],"picked":"theDuelist:YellowBelliedOni+1","floor":33},{"not_picked":["theDuelist:ToonDarkMagicianGirl","theDuelist:ToonGeminiElf+1","theDuelist:MythicalBeast+1"],"picked":"SKIP","floor":35},{"not_picked":["theDuelist:BattleWarrior","theDuelist:Boneheimer+1","theDuelist:SpellShatteringArrow"],"picked":"SKIP","floor":37},{"not_picked":["theDuelist:WingedDragonRa","theDuelist:TailSwipe"],"picked":"theDuelist:WaterDragon+1","floor":38},{"not_picked":["theDuelist:DarkDriceratops+1","theDuelist:BlackVeloci+1"],"picked":"theDuelist:EvilMind+1","floor":41},{"not_picked":["theDuelist:AncientGearFist","theDuelist:ToonWorld+1"],"picked":"theDuelist:HarpieFeather+1","floor":42},{"not_picked":["theDuelist:Earthquake+1","theDuelist:InfernityDoomDragon+1"],"picked":"theDuelist:YellowBelliedOni+1","floor":44},{"not_picked":["theDuelist:VampireLady","theDuelist:VampireGenesis"],"picked":"theDuelist:VampireBaby+1","floor":46},{"not_picked":["theDuelist:CurseDragon","theDuelist:EmpressMantis+1","theDuelist:BlackBrutdrago"],"picked":"SKIP","floor":47},{"not_picked":["theDuelist:CyberTwinDragon+1","theDuelist:TornadoDragon+1","theDuelist:DarkDriceratops+1"],"picked":"SKIP","floor":54}],"player_experience":1273584,"relics_obtained":[{"floor":2.0,"key":"Paper Crane"},{"floor":6.0,"key":"RuthlessExorcism:ReiMu"},{"floor":9.0,"key":"Happy Flower"},{"floor":14.0,"key":"Ancient Tea Set"},{"floor":26.0,"key":"Toy Ornithopter"},{"floor":28.0,"key":"Red Skull"},{"floor":31,"key":"Orichalcum"},{"floor":36,"key":"Oddly Smooth Stone"},{"floor":42,"key":"Nunchaku"},{"floor":44,"key":"theDuelist:KaibaToken"},{"floor":47,"key":"Potion Belt"},{"floor":54,"key":"Akabeko"}],"event_choices":[{"power_reward":4.0,"total_magic_score":43.0,"gold_gain":0.0,"duelist":true,"damage_taken":0.0,"relics_obtained":[],"points":19.0,"max_hp_gain":10.0,"max_hp_loss":0.0,"spent_points":{"magic":4.0,"greed":0.0,"war":0.0,"power":4.0,"hunger":4.0},"event_name":"Nameless Tomb","hunger_reward":4.0,"floor":5.0,"gold_loss":0.0,"cards_obtained":["theDuelist:Nameless:Power:MaskedDragon"]},{"damage_healed":0.0,"max_hp_gain":0.0,"max_hp_loss":0.0,"gold_gain":100.0,"event_name":"Golden Shrine","player_choice":"Pray","floor":20.0,"gold_loss":0.0,"damage_taken":0.0},{"damage_healed":0.0,"max_hp_gain":0.0,"max_hp_loss":0.0,"gold_gain":0.0,"event_name":"Upgrade Shrine","player_choice":"Ignored","floor":27.0,"gold_loss":0.0,"damage_taken":0.0}],"is_beta":false,"boss_relics":[{"not_picked":["bronze:MakeshiftBattery","Black Star"],"picked":"Runic Pyramid"},{"not_picked":["Snecko Eye","Tiny House"],"picked":"Busted Crown"}],"items_purged_floors":[22],"is_endless":false,"potions_floor_spawned":[1,2,4,12,13,16,18,28,29,30,35,37,42,46,47,54],"ascension_level":2}}