{"host":"9viy3memdfgcf4vy","time":1613674438,"event":{"mods":["BaseMod","Colored Map","Downfall","Minty Spire (QoL Compilation)","StSLib"],"gold_per_floor":[0,20,20,70,3,3,50,77,89,123,134,148,148,174,184,259,259,159,179,199,19,19,249,303,314,314,20,54,54,54,79,95,171,171,71,85,85,100,150,150,150,182,132,151,186,86,106,131,147,147,147,180,105,105,105,105],"floor_reached":57,"language":"ENG","playtime":6652,"items_purged":["downfall:Malfunctioning","Slimebound:Strike_Slimebound","Writhe","Slimebound:CorrosiveSpit","Slimebound:Strike_Slimebound"],"score":2153,"play_id":"dc31f40c-3ef2-4b36-ba16-603def9fb4f7","local_time":"20210218205358","is_ascension_mode":true,"campfire_choices":[{"data":"Slimebound:MassFeed","floor":1,"key":"SMITH"},{"floor":6,"key":"RECALL"},{"data":"Slimebound:FinishingTackle","floor":18,"key":"SMITH"},{"data":"Slimebound:Grow","floor":29,"key":"SMITH"},{"data":"Slimebound:ForwardTackle","floor":35,"key":"SMITH"},{"data":"Slimebound:HungryTackle","floor":40,"key":"SMITH"},{"data":"Slimebound:GoopTackle","floor":46,"key":"SMITH"},{"data":"Slimebound:FlameTackle","floor":54,"key":"SMITH"}],"circlet_count":0,"master_deck":["AscendersBane","Slimebound:Tackle+1","Slimebound:Defend_Slimebound","Slimebound:Defend_Slimebound+1","Slimebound:Split","Slimebound:MassFeed+1","Slimebound:SplitSpecialist","Slimebound:FinishingTackle+1","Slimebound:ComboTackle","Slimebound:GoopSpray+1","Slimebound:HungryTackle+1","Slimebound:Grow+1","Slimebound:Darklings","Slimebound:PrepareCrush","Slimebound:ForwardTackle+1","Slimebound:LivingWall+1","Slimebound:HauntingLick","Slimebound:BestDefense+1","Slimebound:FinishingTackle","Slimebound:Equalize","Slimebound:Darklings+1","Slimebound:LeechEnergy+1","Slimebound:ProtectTheBoss+1","Slimebound:SlimeSpikes+1","Slimebound:GoopTackle+1","Slimebound:Recollect+1","Slimebound:FlameTackle+1","Slimebound:OozeBath+1","Slimebound:LivingWall+1"],"relics":["Slimebound:AbsorbEndCombat","Slimebound:SelfDamagePreventRelic","Guardian:GemstoneGun","Blood Vial","Potion Belt","Letter Opener","champ:DuelingGlove","Odd Mushroom","Slimebound:TarBlob","downfall:HeartBlessingRed","Orichalcum","bronze:BronzeIdol","Slimebound:AggressiveSlimeRelic","Pen Nib","Pear","Astrolabe","downfall:HeartBlessingGreen","Smiling Mask","Toxic Egg 2","downfall:HeartBlessingBlue","Anchor","White Beast Statue"],"acts_visited":["Exordium","TheCity","TheBeyond","TheEnding"],"potions_floor_usage":[20,33,44,56,56],"damage_taken":[{"damage":8,"enemies":"Small Slimes","floor":2,"turns":3},{"damage":0,"enemies":"downfall:FleeingMerchant","floor":5,"turns":4},{"damage":23,"enemies":"3 Sentries","floor":8,"turns":7},{"damage":2,"enemies":"2 Louse","floor":9,"turns":3},{"damage":13,"enemies":"Gremlin Nob","floor":10,"turns":3},{"damage":0,"enemies":"Jaw Worm","floor":11,"turns":3},{"damage":0,"enemies":"Red Slaver","floor":12,"turns":2},{"damage":6,"enemies":"The Mushroom Lair","floor":14,"turns":5},{"damage":2,"enemies":"3 Louse","floor":15,"turns":4},{"damage":14,"enemies":"IC_STATUS_ARCHETYPE","floor":16,"turns":7},{"damage":0,"enemies":"Spheric Guardian","floor":19,"turns":3},{"damage":27,"enemies":"3 Byrds","floor":20,"turns":4},{"damage":0,"enemies":"downfall:FleeingMerchant","floor":21,"turns":4},{"damage":0,"enemies":"downfall:FleeingMerchant","floor":23,"turns":4},{"damage":14,"enemies":"Sentry and Sphere","floor":25,"turns":4},{"damage":23,"enemies":"Book of Stabbing","floor":28,"turns":4},{"damage":25,"enemies":"Gremlin Leader","floor":31,"turns":4},{"damage":0,"enemies":"3 Cultists","floor":32,"turns":2},{"damage":30,"enemies":"SI_MIRROR_ARCHETYPE","floor":33,"turns":6},{"damage":1,"enemies":"3 Darklings","floor":36,"turns":6},{"damage":4,"enemies":"3 Darklings","floor":37,"turns":3},{"damage":6,"enemies":"Orb Walker","floor":38,"turns":2},{"damage":34,"enemies":"Reptomancer","floor":42,"turns":5},{"damage":9,"enemies":"3 Darklings","floor":44,"turns":3},{"damage":7,"enemies":"Giant Head","floor":45,"turns":5},{"damage":32,"enemies":"4 Shapes","floor":47,"turns":5},{"damage":5,"enemies":"Nemesis","floor":48,"turns":3},{"damage":7,"enemies":"Spire Growth","floor":49,"turns":3},{"damage":47,"enemies":"DF_ARCHETYPE_ORBS","floor":50,"turns":5},{"damage":36,"enemies":"downfall:CharBossMerchant","floor":52,"turns":5},{"damage":107,"enemies":"downfall:NeowBoss","floor":55,"turns":16},{"damage":75,"enemies":"downfall:NeowBossFinal","floor":56,"turns":11}],"seed_played":"965072275411817185","potions_obtained":[{"floor":8,"key":"LiquidMemories"},{"floor":12,"key":"FairyPotion"},{"floor":16,"key":"Explosive Potion"},{"floor":25,"key":"GamblersBrew"},{"floor":30,"key":"FairyPotion"},{"floor":31,"key":"Block Potion"},{"floor":33,"key":"Energy Potion"},{"floor":48,"key":"GamblersBrew"}],"is_trial":false,"path_per_floor":["R","M","?","?","$","R","T","E","M","E","M","M","?","?","M","B",null,"R","M","M","$","?","$","T","M","?","$","E","R","?","E","M","B",null,"R","M","?","M","?","R","T","E","$","M","E","R","M","E","M","B",null,"E","$","R","B","B",null],"character_chosen":"SLIMEBOUND","items_purchased":["Slimebound:ComboTackle","Slimebound:BestDefense","Slimebound:AggressiveSlimeRelic","Slimebound:LivingWall+1"],"campfire_rested":0,"item_purchase_floors":[5,21,27,53],"current_hp_per_floor":[53,55,29,29,39,39,39,24,30,25,31,41,41,47,61,61,87,87,89,68,72,72,78,78,72,72,72,59,59,59,52,60,42,92,92,103,105,103,103,103,103,78,78,73,82,92,74,79,78,49,108,80,80,80,28,10],"gold":105,"neow_bonus":"THREE_RARE_CARDS","is_daily":false,"chose_seed":false,"campfire_upgraded":7,"win_rate":0.0,"timestamp":1613674438,"path_taken":["R","M","?","?","?","R","T","E","M","E","M","?","?","?","M","BOSS","R","M","M","$","?","$","T","?","?","$","E","R","?","E","M","BOSS","R","M","?","M","?","R","T","E","$","M","E","R","M","E","M","BOSS","E","$","R","BOSS","BOSS"],"items_purchased_type":["Card","Card","Relic","Card"],"build_version":"2020-12-22","purchased_purges":5,"victory":true,"max_hp_per_floor":[59,67,67,67,67,67,67,71,75,75,75,79,79,83,91,95,95,95,95,95,95,95,95,95,95,95,95,99,99,99,109,109,109,109,109,109,109,109,109,109,109,109,109,109,109,119,119,123,127,127,127,127,127,127,127,127],"card_choices":[{"not_picked":["Slimebound:MinionMaster","Slimebound:Recycling"],"picked":"Slimebound:MassFeed","floor":0},{"not_picked":["Slimebound:LivingWall","Slimebound:MegaLick"],"picked":"Slimebound:SplitSpecialist","floor":2},{"not_picked":["Slimebound:Schlurp","Slimebound:SplitLeeching"],"picked":"Slimebound:FinishingTackle","floor":5},{"not_picked":["Slimebound:LeechingTouch","Slimebound:DisruptingSlam","Slimebound:Repurpose"],"picked":"SKIP","floor":8},{"not_picked":["Slimebound:Darklings","Slimebound:SplitLeeching"],"picked":"Slimebound:GoopSpray","floor":9},{"not_picked":["Slimebound:Repurpose","Slimebound:FinishingTackle"],"picked":"Slimebound:HungryTackle","floor":10},{"not_picked":["Slimebound:LeechingTouch","Slimebound:SplitLeeching","Slimebound:SlimeBarrage"],"picked":"SKIP","floor":11},{"not_picked":["Slimebound:SlimeSpikes","Slimebound:SlimeTap"],"picked":"Slimebound:Grow","floor":12},{"not_picked":["Slimebound:Schlurp","Slimebound:PressTheAttack"],"picked":"Slimebound:Darklings","floor":15},{"not_picked":["Slimebound:DouseInSlime","Slimebound:FirmFortitude"],"picked":"Slimebound:PrepareCrush","floor":16},{"not_picked":["Slimebound:RejuvenatingLick","Slimebound:MegaLick"],"picked":"Slimebound:ForwardTackle","floor":19},{"not_picked":["Slimebound:GoopSpray","Slimebound:Gluttony"],"picked":"Slimebound:LivingWall+1","floor":20},{"not_picked":["Slimebound:ComboTackle","Slimebound:RollThrough"],"picked":"Slimebound:HauntingLick","floor":21},{"not_picked":["Slimebound:HauntingLick","Slimebound:LivingWall"],"picked":"Slimebound:FinishingTackle","floor":23},{"not_picked":["Slimebound:MassFeed","Slimebound:SpikyOuterGoop","Slimebound:Prepare"],"picked":"SKIP","floor":25},{"not_picked":["Slimebound:Equalize","Slimebound:AcidTongue+1","Slimebound:PressTheAttack"],"picked":"SKIP","floor":28},{"not_picked":["Slimebound:SlimeBrawl","Slimebound:LeechEnergy"],"picked":"Slimebound:Equalize","floor":31},{"not_picked":["Slimebound:DisruptingSlam","Slimebound:SlimeBarrage","Slimebound:FinishingTackle"],"picked":"SKIP","floor":32},{"not_picked":["Slimebound:LeadByExample","Slimebound:SplitBruiser"],"picked":"Slimebound:SlimeSpikes+1","floor":36},{"not_picked":["Slimebound:Recollect+1","Slimebound:Prepare"],"picked":"Slimebound:GoopTackle","floor":37},{"not_picked":["Slimebound:ComboTackle","Slimebound:Chomp","Slimebound:MegaLick"],"picked":"SKIP","floor":38},{"not_picked":["Slimebound:SplitBruiser","Slimebound:SplitSpecialist+1","Slimebound:GoopTackle"],"picked":"SKIP","floor":42},{"not_picked":["Slimebound:SlimeSpikes","Slimebound:LeechEnergy","Slimebound:RollThrough"],"picked":"SKIP","floor":44},{"not_picked":["Slimebound:MegaLick+1","Slimebound:Schlurp+1"],"picked":"Slimebound:Recollect+1","floor":45},{"not_picked":["Slimebound:SplitBruiser+1","Slimebound:Schlurp+1","Slimebound:HungryTackle"],"picked":"SKIP","floor":47},{"not_picked":["Slimebound:DisruptingSlam","Slimebound:SpikyOuterGoop+1"],"picked":"Slimebound:FlameTackle","floor":48},{"not_picked":["Slimebound:SplitLeeching+1","Slimebound:LivingWall+1","Slimebound:LeechingTouch"],"picked":"SKIP","floor":49},{"not_picked":["Slimebound:PressTheAttack","Slimebound:Recollect+1"],"picked":"Slimebound:OozeBath+1","floor":52}],"player_experience":547761,"relics_obtained":[{"floor":7,"key":"Potion Belt"},{"floor":8,"key":"Letter Opener"},{"floor":10,"key":"champ:DuelingGlove"},{"floor":14,"key":"Odd Mushroom"},{"floor":24,"key":"Orichalcum"},{"floor":28,"key":"Pen Nib"},{"floor":31,"key":"Pear"},{"floor":42,"key":"Smiling Mask"},{"floor":45,"key":"Toxic Egg 2"},{"floor":48,"key":"Anchor"},{"floor":52,"key":"White Beast Statue"}],"event_choices":[{"damage_healed":0,"gold_gain":0,"player_choice":"Success","damage_taken":26,"relics_obtained":["Blood Vial"],"max_hp_gain":0,"max_hp_loss":0,"event_name":"Scrap Ooze","floor":3,"gold_loss":0},{"damage_healed":0,"gold_gain":0,"player_choice":"Fought Mushrooms","damage_taken":0,"max_hp_gain":0,"max_hp_loss":0,"event_name":"Mushrooms","floor":14,"gold_loss":0},{"damage_healed":0,"gold_gain":0,"player_choice":"Got Potions","damage_taken":0,"max_hp_gain":0,"max_hp_loss":0,"event_name":"Lab","floor":30,"gold_loss":0}],"is_beta":false,"boss_relics":[{"not_picked":["Philosopher\u0027s Stone","Velvet Choker"],"picked":"Slimebound:TarBlob"},{"not_picked":["Snecko Eye","Tiny House"],"picked":"Astrolabe"}],"items_purged_floors":[21,23,27,43,53],"is_endless":false,"potions_floor_spawned":[8,12,16,25,31,32,33,37,38,42,48,49],"ascension_level":17}}