{"host":"zmr8u29ebzxwermy","time":1613628777,"event":{"mods":["AchievementEnabler","BaseMod","BetterRewards","Colored Map","DeckTracker","Hermit","Minty Spire (QoL Compilation)","Quick Restart","Relic Filter","Replay The Spire","Shop Mod","StSLib","SuperFastMode","everything is the same but u backflip on backflip"],"gold_per_floor":[117,137,151,170,189,189,215,215,261,286,286,311,311,59,59,59,59],"floor_reached":16,"language":"KOR","playtime":547,"items_purged":[],"score":110,"play_id":"c1bb79d9-b366-4025-b05b-7d74a4ed6e78","local_time":"20210218151257","is_ascension_mode":false,"campfire_choices":[{"data":"hermit:Showdown","floor":6.0,"key":"SMITH"},{"data":"hermit:Purgatory","floor":8.0,"key":"SMITH"},{"floor":11.0,"key":"REST"},{"floor":13.0,"key":"REST"},{"data":"hermit:Snapshot","floor":15.0,"key":"SMITH"}],"circlet_count":0,"master_deck":["hermit:Strike_Hermit","hermit:Strike_Hermit","hermit:Strike_Hermit","hermit:Strike_Hermit","hermit:Defend_Hermit","hermit:Defend_Hermit","hermit:Defend_Hermit","hermit:Defend_Hermit","hermit:Snapshot+1","hermit:Covet","hermit:Malice","hermit:Grudge","hermit:Showdown+1","hermit:Dive","hermit:Purgatory+1","hermit:Shortfuse"],"relics":["hermit:Momento","Gambling Chip","Replay:Multitool","Smiling Mask","Omamori","Odd Mushroom","WingedGreaves","Pantograph"],"acts_visited":["Exordium"],"potions_floor_usage":[16],"damage_taken":[{"damage":6.0,"enemies":"Small Slimes","floor":1.0,"turns":4.0},{"damage":1.0,"enemies":"Jaw Worm","floor":2.0,"turns":3.0},{"damage":0.0,"enemies":"Cultist","floor":3.0,"turns":2.0},{"damage":4.0,"enemies":"Exordium Wildlife","floor":4.0,"turns":3.0},{"damage":10.0,"enemies":"Red Slaver","floor":5.0,"turns":5.0},{"damage":10.0,"enemies":"3 Sentries","floor":7.0,"turns":6.0},{"damage":45.0,"enemies":"The Mushroom Lair","floor":10.0,"turns":2.0},{"damage":36.0,"enemies":"Gremlin Nob","floor":12.0,"turns":2.0},{"damage":56,"enemies":"Hexaghost","floor":16,"turns":2}],"seed_played":"-1387679264036102690","potions_obtained":[{"floor":1.0,"key":"FearPotion"},{"floor":4.0,"key":"LifebloodPotion"},{"floor":7.0,"key":"FairyPotion"}],"is_trial":false,"path_per_floor":["M","M","M","M","M","R","E","R","T","?","R","E","R","$","R","B"],"character_chosen":"HERMIT","items_purchased":["Replay:Multitool","EntropicBrew","Pantograph"],"campfire_rested":2,"item_purchase_floors":[0,0,14],"current_hp_per_floor":[45,44,44,40,30,30,20,20,20,22,44,8,30,30,30,0,0],"gold":59,"neow_bonus":"","is_daily":false,"chose_seed":false,"campfire_upgraded":3,"win_rate":0.0,"timestamp":1613628777,"path_taken":["M","M","M","M","M","R","E","R","T","?","R","E","R","$","R","BOSS"],"items_purchased_type":["Relic","Potion","Relic"],"build_version":"2020-12-22","purchased_purges":0,"victory":false,"max_hp_per_floor":[75,75,75,75,75,75,75,75,75,75,75,75,75,75,75,75,75],"card_choices":[{"not_picked":["hermit:TrackingShot","hermit:CalledShot"],"picked":"hermit:Malice","floor":1.0},{"not_picked":["hermit:Manifest","hermit:FullyLoaded"],"picked":"hermit:Grudge","floor":2.0},{"not_picked":["hermit:LowProfile","hermit:Malice"],"picked":"hermit:Showdown","floor":3.0},{"not_picked":["hermit:HoleUp","hermit:EyeOfTheStorm"],"picked":"hermit:Dive","floor":4.0},{"not_picked":["hermit:PistolWhip","hermit:Roulette","hermit:Gestalt"],"picked":"SKIP","floor":5.0},{"not_picked":["hermit:CursedWeapon","hermit:Cheat"],"picked":"hermit:Purgatory","floor":7.0},{"not_picked":["hermit:GoldenBullet","hermit:Grudge"],"picked":"hermit:Shortfuse","floor":10.0}],"player_experience":394676,"relics_obtained":[{"floor":7.0,"key":"Smiling Mask"},{"floor":9.0,"key":"Omamori"},{"floor":10.0,"key":"Odd Mushroom"},{"floor":12.0,"key":"WingedGreaves"}],"event_choices":[{"damage_healed":0.0,"max_hp_gain":0.0,"max_hp_loss":0.0,"gold_gain":0.0,"event_name":"Mushrooms","player_choice":"Fought Mushrooms","floor":10.0,"gold_loss":0.0,"damage_taken":0.0}],"is_beta":false,"boss_relics":[],"items_purged_floors":[],"is_endless":false,"potions_floor_spawned":[1,4,7],"killed_by":"Hexaghost","ascension_level":0}}