{"host":"61ejhfsushs0xmcl","time":1613645273,"event":{"mods":["ATMod(阿瑾Mod)","Act Like it!","BaseMod","Colored Map","Gold Saver","Minty Spire (QoL Compilation)","MostiFishMod","Ruina","Spicy Shops","StSLib","TestMod","【遗物卡牌】REMEMod","篝火指南"],"gold_per_floor":[1061,575,617,680,660,660,718,718,718,824,601,634,634,685,685,829,829,894,894,934,1020,1111,1189,1189,1267,1290,1290,1325,1325,1099,1157,459,646,657,705,541,541,395,395,476,476,533,585,724,761,530,615,715,410,530,554,554,301,81,155,179],"floor_reached":57,"language":"ZHS","playtime":1767,"items_purged":["Defend_G","Strike_G","Strike_G","Defend_G","Strike_G","Defend_G","Strike_G","Strike_G","Defend_G","Defend_G","Survivor","Glass Knife","Neutralize","Acrobatics"],"score":3656,"play_id":"bdbf3d11-18dc-4780-a675-30101143e896","local_time":"20210218184753","is_ascension_mode":true,"campfire_choices":[{"data":"AT_FocusSwordFire","floor":6,"key":"SMITH"},{"data":"MostiFishMod:ShivMaster","floor":8,"key":"SMITH"},{"data":"Blade Dance","floor":13,"key":"SMITH"},{"floor":15,"key":"RECALL"},{"data":"MostiFishMod:AdrenalineArouse","floor":27,"key":"SMITH"},{"data":"ruina:GoldRush","floor":29,"key":"SMITH"}],"circlet_count":0,"master_deck":["AscendersBane","AT_FocusSwordFire+1","MostiFishMod:ShivMaster+1","Blade Dance+1","MostiFishMod:AdrenalineArouse+1","ruina:GoldRush+1","Adrenaline+1","ruina:CobaltScar+1","Storm of Steel+1","Scrawl+1","Calculated Gamble+1","AT_ShadowStep+1"],"relics":["Ring of the Snake","AT_ATBox","REME_ComplimentaryCards","testmod-TestBox","testmod-AscensionHeart","xbg","SynthV:TestCard","Membership Card","AT_MibuBalloonWealth","Omamori","testmod-Charity","AT_ForceNature","Mummified Hand","Dream Catcher","Centennial Puzzle","Medical Kit","Snake Skull","Regal Pillow","Calling Bell","Smiling Mask","AT_DeathDance","testmod-Muramasa","PreservedInsect","testmod-Antiphasic","Civilization","Happy Flower","The Courier","MawBank","AT_ChloranthyRing","Toxic Egg 2","AT_SpeedBoots","DianDianMeat","AT_BellDemon","REME_LimitBreaker","Pen Nib","Philosopher\u0027s Stone","Bag of Marbles","Dodecahedron","Vajra","ImprovedEquipment","Ninja Scroll","Nunchaku","DaveBox","Brimstone","Lantern","Boot","CeramicFish","Juzu Bracelet","Bottled Lightning","TungstenRod","ClockworkSouvenir","testmod-IndustrialRevolution","Oddly Smooth Stone","BrkXgEgg","War Paint","Bottled Flame","OrangePellets","Technique","AT_RedTearstoneRing","Bag of Preparation","Bottled Tornado","AT_ImmortalShieldbow","Paper Crane","Blue Candle"],"acts_visited":["Exordium","Exordium","TheBeyond","TheEnding"],"potions_floor_usage":[7,40,56,56,56,56,56,56,56,56,56,56,56],"damage_taken":[{"damage":0,"enemies":"Small Slimes","floor":1,"turns":4},{"damage":0,"enemies":"Cultist","floor":3,"turns":3},{"damage":0,"enemies":"2 Louse","floor":4,"turns":2},{"damage":28,"enemies":"Gremlin Nob","floor":7,"turns":4},{"damage":14,"enemies":"3 Sentries","floor":10,"turns":6},{"damage":3,"enemies":"Blue Slaver","floor":12,"turns":2},{"damage":4,"enemies":"Gremlin Nob","floor":14,"turns":3},{"damage":8,"enemies":"Hexaghost","floor":16,"turns":4},{"damage":6,"enemies":"ruina:2_Scarecrows","floor":18,"turns":4},{"damage":0,"enemies":"ruina:Nosferatu","floor":20,"turns":2},{"damage":13,"enemies":"ruina:KnightOfDespair","floor":21,"turns":3},{"damage":0,"enemies":"ruina:3_Scarecrows","floor":22,"turns":2},{"damage":10,"enemies":"ruina:RoadHome","floor":23,"turns":2},{"damage":6,"enemies":"ruina:ServantOfWrath","floor":25,"turns":2},{"damage":7,"enemies":"ruina:QueenOfHate","floor":28,"turns":2},{"damage":4,"enemies":"ruina:KingOfGreed","floor":31,"turns":2},{"damage":0,"enemies":"ruina:Red_and_Wolf","floor":33,"turns":1},{"damage":0,"enemies":"Orb Walker","floor":35,"turns":1},{"damage":0,"enemies":"Nemesis","floor":40,"turns":1},{"damage":0,"enemies":"Giant Head","floor":42,"turns":1},{"damage":0,"enemies":"3 Darklings","floor":44,"turns":1},{"damage":0,"enemies":"Maw","floor":45,"turns":1},{"damage":0,"enemies":"Sphere and 2 Shapes","floor":47,"turns":1},{"damage":0,"enemies":"Reptomancer","floor":48,"turns":1},{"damage":0,"enemies":"Awakened One","floor":50,"turns":2},{"damage":5,"enemies":"Time Eater","floor":51,"turns":2},{"damage":0,"enemies":"Shield and Spear","floor":55,"turns":1},{"damage":0,"enemies":"The Heart","floor":56,"turns":4}],"seed_played":"-6198233733318970779","potions_obtained":[{"floor":3,"key":"GamblersBrew"},{"floor":4,"key":"Explosive Potion"},{"floor":7,"key":"testmod-SpacePotion"},{"floor":18,"key":"Strength Potion"},{"floor":22,"key":"Weak Potion"},{"floor":23,"key":"SpeedPotion"},{"floor":25,"key":"EssenceOfSteel"},{"floor":33,"key":"Swift Potion"},{"floor":40,"key":"AttackPotion"}],"is_trial":false,"path_per_floor":["M","$","M","M","?","R","E","R","T","E","$","M","R","E","R","B",null,"M","?","M","M","M","E","?","E","T","R","M","R","$","M","R","B",null,"M","$","?","$","?","E","?","E","T","M","M","R","M","E","R","B","B",null,"R","$","E","B",null],"character_chosen":"THE_SILENT","items_purchased":["Membership Card","AT_MibuBalloonWealth","Omamori","testmod-Charity","AT_ForceNature","Centennial Puzzle","Medical Kit","Snake Skull","Blade Dance","Civilization","Happy Flower","The Courier","MawBank","AT_ChloranthyRing","Toxic Egg 2","AT_SpeedBoots","DianDianMeat","AT_BellDemon","REME_LimitBreaker","Dodecahedron","Vajra","REME_GoldPotion","ImprovedEquipment","TungstenRod","ClockworkSouvenir","BrkXgEgg","War Paint","Bottled Flame","OrangePellets","Technique","AT_RedTearstoneRing","Bag of Preparation","Bottled Tornado","AT_ImmortalShieldbow"],"campfire_rested":0,"item_purchase_floors":[2,2,2,2,2,11,11,11,11,30,30,32,32,32,32,32,32,32,32,36,36,36,38,46,46,49,49,49,53,53,53,54,54,54],"current_hp_per_floor":[60,62,65,69,69,69,48,48,48,40,45,45,45,45,45,45,85,83,83,86,78,83,78,78,77,78,78,74,74,78,79,79,92,122,130,136,134,136,136,149,149,157,158,169,176,176,185,195,195,210,216,220,220,223,233,244],"gold":179,"neow_bonus":"ONE_RANDOM_RARE_CARD","is_daily":false,"chose_seed":false,"campfire_upgraded":5,"win_rate":0.0,"timestamp":1613645273,"path_taken":["M","$","M","M","?","R","E","R","T","E","?","M","R","E","R","BOSS","M","?","M","M","M","E","?","E","T","R","M","R","$","M","R","BOSS","M","$","?","$","?","E","?","E","T","M","M","R","M","E","R","BOSS","BOSS","R","$","E","BOSS"],"items_purchased_type":["Relic","Relic","Relic","Relic","Relic","Relic","Relic","Relic","Card","Relic","Relic","Relic","Relic","Relic","Relic","Relic","Relic","Relic","Relic","Relic","Relic","Potion","Relic","Relic","Relic","Relic","Relic","Relic","Relic","Relic","Relic","Relic","Relic","Relic"],"build_version":"2020-12-22","purchased_purges":14,"victory":true,"max_hp_per_floor":[66,68,70,73,73,73,76,76,76,81,86,88,88,91,91,98,98,101,101,103,107,111,115,104,108,109,109,111,111,115,119,119,131,132,139,145,145,147,140,149,149,157,158,169,176,176,185,195,195,210,221,221,221,224,233,244],"card_choices":[{"not_picked":["Underhanded Strike","Sucker Punch","Bane"],"picked":"SKIP","floor":1},{"not_picked":["Dagger Spray","Malaise","PiercingWail","Sucker Punch","Deadly Poison"],"picked":"SKIP","floor":3},{"not_picked":["AT_WomanClash","AT_WindFlip","Caltrops","Footwork","MostiFishMod:ThornCasing"],"picked":"SKIP","floor":4},{"not_picked":["Unload","Corpse Explosion","MostiFishMod:ShivMaster","Storm of Steel"],"picked":"MostiFishMod:ShivMaster","floor":7},{"not_picked":["MostiFishMod:ShivMaster","REME_CopyPotion","Malaise","Die Die Die"],"picked":"MostiFishMod:FullyArmed","floor":10},{"not_picked":["Cloak And Dagger","PiercingWail","Riddle With Holes","AT_Desolate","Skewer"],"picked":"SKIP","floor":12},{"not_picked":["Envenom","REME_SpectralBlade","Burst","Bullet Time","AT_KingSlayer"],"picked":"SKIP","floor":14},{"not_picked":["MostiFishMod:GrandStart","Unload","REME_ShadowForm","MostiFishMod:WinterMarkForm"],"picked":"MostiFishMod:AdrenalineArouse","floor":16},{"not_picked":["Deadly Poison+1","Dagger Throw","AT_KneejerkReflex","Outmaneuver","Prepared"],"picked":"SKIP","floor":18},{"not_picked":["Skewer","AT_ThistleTea","Sucker Punch","Infinite Blades","Predator"],"picked":"SKIP","floor":20},{"not_picked":["Cloak And Dagger","Dodge and Roll+1","Infinite Blades","Skewer+1"],"picked":"Adrenaline","floor":21},{"not_picked":["Outmaneuver","REME_GreenPollution","Poisoned Stab+1","Deflect"],"picked":"Acrobatics","floor":22},{"not_picked":["Phantasmal Killer","Phantasmal Killer","Malaise","REME_ShadowForm"],"picked":"MostiFishMod:FullyArmed","floor":23},{"not_picked":["ruina:Nihil","ruina:Lumber","ruina:Mimicry","ruina:Thirst"],"picked":"ruina:CobaltScar","floor":24},{"not_picked":["MostiFishMod:SpreadingSpore","MostiFishMod:HiddenBlade","Malaise","MostiFishMod:FullyArmed"],"picked":"Storm of Steel","floor":25},{"not_picked":["Outmaneuver","Flechettes","Catalyst","PiercingWail"],"picked":"Calculated Gamble+1","floor":28},{"not_picked":["Cloak And Dagger","MostiFishMod:FrostNova","Underhanded Strike","Escape Plan"],"picked":"AT_ShadowStep+1","floor":31},{"not_picked":["Dagger Spray","Deadly Poison+1","Flying Knee","Prepared+1","Masterful Stab+1"],"picked":"SKIP","floor":35},{"not_picked":["MostiFishMod:AdrenalineArouse","Bullet Time+1","After Image","Die Die Die","MostiFishMod:FullyArmed"],"picked":"SKIP","floor":40},{"not_picked":["MostiFishMod:SpreadingSpore","MostiFishMod:Dislodge","MostiFishMod:Listen","Adrenaline","Envenom"],"picked":"SKIP","floor":42},{"not_picked":["Outmaneuver+1","Burst+1","Slice+1","Expertise+1","Leg Sweep+1"],"picked":"SKIP","floor":44},{"not_picked":["REME_ShadowStrike+1","Setup+1","MostiFishMod:PoisonShield+1","Deflect+1","Dodge and Roll+1"],"picked":"SKIP","floor":45},{"not_picked":["AT_WindFlip","Dagger Throw+1","Deflect+1","Distraction+1","Outmaneuver+1"],"picked":"SKIP","floor":47},{"not_picked":["Night Terror","REME_ShadowForm","MostiFishMod:HiddenBlade","MostiFishMod:Dislodge","Venomology"],"picked":"SKIP","floor":48},{"not_picked":["MostiFishMod:Wind","Envenom","MostiFishMod:Dislodge","Unload","MostiFishMod:FullyArmed"],"picked":"SKIP","floor":55}],"player_experience":871235,"relics_obtained":[{"floor":1,"key":"SynthV:TestCard"},{"floor":9,"key":"Mummified Hand"},{"floor":10,"key":"Dream Catcher"},{"floor":14,"key":"Regal Pillow"},{"floor":17,"key":"Smiling Mask"},{"floor":17,"key":"AT_DeathDance"},{"floor":17,"key":"testmod-Muramasa"},{"floor":23,"key":"PreservedInsect"},{"floor":25,"key":"testmod-Antiphasic"},{"floor":33,"key":"Pen Nib"},{"floor":35,"key":"Bag of Marbles"},{"floor":40,"key":"Ninja Scroll"},{"floor":40,"key":"Nunchaku"},{"floor":42,"key":"Lantern"},{"floor":42,"key":"Boot"},{"floor":43,"key":"CeramicFish"},{"floor":44,"key":"Juzu Bracelet"},{"floor":45,"key":"Bottled Lightning"},{"floor":48,"key":"testmod-IndustrialRevolution"},{"floor":48,"key":"Oddly Smooth Stone"},{"floor":55,"key":"Paper Crane"},{"floor":55,"key":"Blue Candle"}],"event_choices":[{"damage_healed":0,"gold_gain":0,"player_choice":"Bought 1 Potion","damage_taken":0,"max_hp_gain":0,"max_hp_loss":0,"event_name":"The Woman in Blue","floor":5,"gold_loss":0},{"damage_healed":0,"gold_gain":0,"player_choice":"Memory 3","damage_taken":10,"max_hp_gain":0,"max_hp_loss":0,"event_name":"SensoryStone","floor":37,"gold_loss":0},{"damage_healed":0,"gold_gain":0,"player_choice":"Max HP","damage_taken":0,"max_hp_gain":0,"max_hp_loss":7,"event_name":"Winding Halls","floor":39,"gold_loss":0},{"damage_healed":0,"gold_gain":0,"player_choice":"Swap Relic","damage_taken":0,"relics_obtained":["DaveBox"],"max_hp_gain":0,"max_hp_loss":0,"event_name":"给自己的盒子","floor":41,"relics_lost":["DaveBox"],"gold_loss":0}],"is_beta":false,"boss_relics":[{"not_picked":["BloodWine","testmod-SaigiyounoYou"],"picked":"Calling Bell"},{"not_picked":["NightmareShop","Black Star"],"picked":"Philosopher\u0027s Stone"}],"items_purged_floors":[2,11,30,30,32,32,36,36,38,46,46,49,49,53],"is_endless":false,"potions_floor_spawned":[3,4,7,18,22,23,25,33,40,47],"ascension_level":20}}