{"host":"8rqsnaeml9gxb0kp","time":1613628278,"event":{"mods":["AchievementEnabler","BaseMod","Colored Powertips","Dark Map","Minty Spire (QoL Compilation)","Rare Cards Sparkle","Relic Stats","StSLib","slay the spire mod where everything is the same but ironclad has a cowboy hat"],"gold_per_floor":[114,127,143,155,208,208,208,208,282,297,23,36,36,49,49,153,153,168,93,93,105,20,20,32,32,32,50,50,62,62,80,80,184,184,195,215,215,215],"floor_reached":37,"language":"ENG","playtime":1809,"items_purged":[],"score":420,"play_id":"9a4b4fed-b48e-463a-869d-bf4f40c05583","local_time":"20210217220438","is_ascension_mode":true,"campfire_choices":[{"data":"Doom and Gloom","floor":6.0,"key":"SMITH"},{"data":"Tempest","floor":8.0,"key":"SMITH"},{"floor":15.0,"key":"REST"},{"floor":23.0,"key":"REST"},{"data":"Electrodynamics","floor":25.0,"key":"SMITH"},{"floor":28.0,"key":"REST"},{"floor":32.0,"key":"REST"}],"circlet_count":0,"master_deck":["Strike_B+1","Defend_B+1","Defend_B","Defend_B","Defend_B","Zap","Dualcast","Tempest+1","Coolheaded","Darkness","Doom and Gloom+1","Sweeping Beam","Ball Lightning+1","Self Repair","Redo","Electrodynamics+1","CurseOfTheBell","Darkness+1","Biased Cognition","Double Energy","Redo+1","Lockon+1","Go for the Eyes+1","Hologram","Loop","Reinforced Body","Seek","Self Repair+1","Self Repair+1"],"relics":["Velvet Choker","Question Card","Molten Egg 2","Calling Bell","Dream Catcher","Singing Bowl","Lizard Tail","Toy Ornithopter","Smiling Mask","Inserter"],"acts_visited":["Exordium","TheCity","TheBeyond"],"potions_floor_usage":[33,33,37],"damage_taken":[{"damage":0.0,"enemies":"Small Slimes","floor":1.0,"turns":2.0},{"damage":4.0,"enemies":"Jaw Worm","floor":2.0,"turns":3.0},{"damage":0.0,"enemies":"Cultist","floor":3.0,"turns":3.0},{"damage":14.0,"enemies":"Looter","floor":4.0,"turns":4.0},{"damage":6.0,"enemies":"Blue Slaver","floor":10.0,"turns":3.0},{"damage":0.0,"enemies":"Large Slime","floor":12.0,"turns":2.0},{"damage":7.0,"enemies":"Exordium Wildlife","floor":14.0,"turns":3.0},{"damage":20.0,"enemies":"The Guardian","floor":16.0,"turns":9.0},{"damage":7.0,"enemies":"Chosen","floor":18.0,"turns":4.0},{"damage":40.0,"enemies":"2 Thieves","floor":21.0,"turns":4.0},{"damage":12.0,"enemies":"Cultist and Chosen","floor":24.0,"turns":4.0},{"damage":15.0,"enemies":"Snecko","floor":27.0,"turns":4.0},{"damage":48.0,"enemies":"Shelled Parasite and Fungi","floor":29.0,"turns":4.0},{"damage":23.0,"enemies":"Snake Plant","floor":31.0,"turns":3.0},{"damage":50,"enemies":"Automaton","floor":33,"turns":11},{"damage":19,"enemies":"Orb Walker","floor":35,"turns":3},{"damage":36,"enemies":"3 Darklings","floor":36,"turns":3},{"damage":41,"enemies":"Writhing Mass","floor":37,"turns":2}],"seed_played":"7786045060093506305","potions_obtained":[{"floor":1.0,"key":"Explosive Potion"},{"floor":4.0,"key":"SteroidPotion"},{"floor":14.0,"key":"Block Potion"},{"floor":21.0,"key":"GamblersBrew"},{"floor":27.0,"key":"Explosive Potion"},{"floor":31.0,"key":"SteroidPotion"},{"floor":33,"key":"DistilledChaos"},{"floor":36,"key":"ColorlessPotion"}],"is_trial":false,"path_per_floor":["M","M","M","M","?","R","?","R","T","M","$","M","$","M","R","B",null,"M","?","?","M","?","R","M","R","T","M","R","M","$","M","R","B",null,"M","M","M"],"character_chosen":"DEFECT","items_purchased":["Molten Egg 2","Ball Lightning+1"],"campfire_rested":4,"item_purchase_floors":[11,11],"current_hp_per_floor":[75,71,71,57,57,57,42,42,42,36,36,36,36,36,58,45,75,75,75,75,42,42,64,52,52,52,44,66,27,27,23,46,52,79,60,34,0,0],"gold":215,"neow_bonus":"BOSS_RELIC","is_daily":false,"chose_seed":false,"campfire_upgraded":3,"win_rate":0.0,"timestamp":1613628278,"path_taken":["M","M","M","M","?","R","?","R","T","M","$","M","?","M","R","BOSS","M","?","?","M","?","R","M","R","T","M","R","M","?","M","R","BOSS","M","M","M"],"items_purchased_type":["Relic","Card"],"build_version":"2020-12-22","purchased_purges":0,"victory":false,"max_hp_per_floor":[75,75,75,75,75,75,75,75,75,75,75,75,75,75,75,75,75,75,75,75,75,75,75,75,75,75,75,75,77,77,79,79,79,79,79,79,79,79],"relic_stats":{"Dream Catcher":3,"Lizard Tail":39,"Inserter":[4],"Singing Bowl":4,"counters":[18,71],"Question Card":17,"Smiling Mask":0,"obtain_stats":[{"Calling Bell":17,"Dream Catcher":17,"Lizard Tail":17,"Inserter":34,"Singing Bowl":17,"Velvet Choker":0,"Molten Egg 2":11,"Cracked Core":0,"Question Card":9,"Smiling Mask":26,"Toy Ornithopter":22},{"Calling Bell":8,"Dream Catcher":8,"Lizard Tail":8,"Inserter":15,"Singing Bowl":8,"Velvet Choker":0,"Molten Egg 2":5,"Cracked Core":0,"Question Card":4,"Smiling Mask":11,"Toy Ornithopter":10},{"Calling Bell":29,"Dream Catcher":29,"Lizard Tail":29,"Inserter":63,"Singing Bowl":29,"Velvet Choker":0,"Molten Egg 2":15,"Cracked Core":0,"Question Card":12,"Smiling Mask":41,"Toy Ornithopter":37}],"Toy Ornithopter":25},"card_choices":[{"not_picked":["Sweeping Beam","Gash"],"picked":"Tempest","floor":1.0},{"not_picked":["Recycle","Steam Power"],"picked":"Coolheaded","floor":2.0},{"not_picked":["Rebound","Turbo"],"picked":"Darkness","floor":3.0},{"not_picked":["Reprogram","Sweeping Beam"],"picked":"Doom and Gloom","floor":4.0},{"not_picked":["Cold Snap","Go for the Eyes","Coolheaded"],"picked":"Sweeping Beam","floor":10.0},{"not_picked":["Lockon+1","Conserve Battery","Tempest"],"picked":"Self Repair","floor":12.0},{"not_picked":["Skim","Hello World","Reboot"],"picked":"Redo","floor":14.0},{"not_picked":["Multi-Cast","Amplify","Core Surge+1"],"picked":"Electrodynamics","floor":16.0},{"not_picked":["Storm+1","Redo+1","Compile Driver+1"],"picked":"Darkness+1","floor":18.0},{"not_picked":["Fusion+1","Leap","White Noise"],"picked":"Redo+1","floor":21.0},{"not_picked":["Redo","Hello World","Compile Driver+1"],"picked":"Lockon+1","floor":23.0},{"not_picked":["Gash+1","Cold Snap+1","Reprogram"],"picked":"Go for the Eyes+1","floor":24.0},{"not_picked":["Gash+1","Electrodynamics","Leap"],"picked":"Hologram","floor":27.0},{"not_picked":["FTL+1","Barrage+1","Auto Shields"],"picked":"Loop","floor":28.0},{"not_picked":["Sweeping Beam+1","Fusion","FTL+1","Cold Snap+1"],"picked":"Singing Bowl","floor":29.0},{"not_picked":["Aggregate","Force Field","Glacier","Ball Lightning+1"],"picked":"Singing Bowl","floor":31.0},{"not_picked":["Sweeping Beam+1","Compile Driver+1","Leap"],"picked":"Reinforced Body","floor":32.0},{"not_picked":["Hyperbeam+1","Machine Learning","Fission"],"picked":"Seek","floor":33},{"not_picked":["Conserve Battery","Rip and Tear+1","Rebound+1"],"picked":"Self Repair+1","floor":35},{"not_picked":["Streamline+1","Blizzard+1","Rip and Tear+1"],"picked":"Self Repair+1","floor":36}],"player_experience":276511,"relics_obtained":[{"floor":9.0,"key":"Question Card"},{"floor":17.0,"key":"Dream Catcher"},{"floor":17.0,"key":"Singing Bowl"},{"floor":17.0,"key":"Lizard Tail"},{"floor":26.0,"key":"Smiling Mask"}],"event_choices":[{"damage_healed":0.0,"max_hp_gain":0.0,"max_hp_loss":0.0,"gold_gain":53.0,"event_name":"Golden Wing","player_choice":"Gained Gold","floor":5.0,"gold_loss":0.0,"damage_taken":0.0},{"damage_healed":0.0,"max_hp_gain":0.0,"max_hp_loss":0.0,"gold_gain":0.0,"event_name":"Shining Light","player_choice":"Entered Light","floor":7.0,"gold_loss":0.0,"damage_taken":15.0,"cards_upgraded":["Strike_B","Defend_B"]},{"cards_removed":["Strike_B"],"damage_healed":0.0,"max_hp_gain":0.0,"max_hp_loss":0.0,"gold_gain":0.0,"event_name":"Beggar","player_choice":"Gave Gold","floor":19.0,"gold_loss":75.0,"damage_taken":0.0},{"damage_healed":0.0,"max_hp_gain":0.0,"max_hp_loss":0.0,"gold_gain":0.0,"cards_transformed":["Strike_B","Strike_B"],"event_name":"Drug Dealer","player_choice":"Became Test Subject","floor":20.0,"gold_loss":0.0,"damage_taken":0.0,"cards_obtained":["Biased Cognition","Double Energy"]},{"damage_healed":0.0,"max_hp_gain":0.0,"max_hp_loss":0.0,"gold_gain":0.0,"event_name":"Addict","player_choice":"Obtained Relic","floor":22.0,"gold_loss":85.0,"damage_taken":0.0,"relics_obtained":["Toy Ornithopter"]}],"is_beta":false,"boss_relics":[{"not_picked":["Fusion Hammer","Nuclear Battery"],"picked":"Calling Bell"},{"not_picked":["Cursed Key","Empty Cage"],"picked":"Inserter"}],"items_purged_floors":[],"is_endless":false,"potions_floor_spawned":[1,4,14,21,27,29,31,33,36],"killed_by":"Writhing Mass","ascension_level":3}}