{"host":"6pietnjer90du4bs","time":1613651634,"event":{"mods":["Aspiration","BaseMod","Bossed Relics","Colored Map","Infinite Spire","Minty Spire (QoL Compilation)","Replay The Spire","StSLib"],"gold_per_floor":[115,115,40,40,55,55,72,97,97,97,8,8,158,123,123,196,196,208,219,231,231,266,266,289,289,339,353,353,353,372,12,12,12,12],"floor_reached":33,"language":"ENG","playtime":4733,"items_purged":["Defend_R","Normality"],"score":470,"play_id":"d340f9f1-aee3-4808-a24c-1cef39b1ebd4","local_time":"20210218133354","is_ascension_mode":true,"campfire_choices":[{"data":"Flex","floor":6,"key":"SMITH"},{"data":"Wild Strike","floor":10,"key":"SMITH"},{"data":"Fire Breathing","floor":12,"key":"SMITH"},{"data":"Reckless Charge","floor":15,"key":"SMITH"},{"floor":23,"key":"REST"},{"data":"Pot Of Greed","floor":25,"key":"SMITH"},{"floor":32,"key":"REST"}],"circlet_count":0,"master_deck":["AscendersBane","Strike_R","Strike_R+1","Strike_R","Strike_R+1","Strike_R","Defend_R","Defend_R","Defend_R","Fire Breathing+1","Hemokinesis+1","Flex+1","Wild Strike+1","Reckless Charge+1","Doubt","Brutality","Languid","infinitespire:Collect","Pot Of Greed+1","Pot Of Greed","Decay"],"relics":["Burning Blood","Ring of Hypnosis","ReplayTheSpireMod:Ring of Collecting","Whetstone","Ring of Fury","infinitespire:Lychee Nut","Busted Crown","Red Mask","Ring of Panic","Grinning Jar","Ring of Greed","Pondfish Scales","The Courier","Tiny Chest","Replay:Baseball","aspiration:Nostalgia","Cracked Core","aspiration:HatOfInfinitePower"],"acts_visited":["Exordium","TheCity"],"potions_floor_usage":[20,22,33],"damage_taken":[{"damage":4,"enemies":"Jaw Worm","floor":1,"turns":4},{"damage":8,"enemies":"Small Slimes","floor":5,"turns":4},{"damage":2,"enemies":"2 Louse","floor":7,"turns":2},{"damage":40,"enemies":"Lagavulin","floor":8,"turns":6},{"damage":46,"enemies":"Fading Forest","floor":16,"turns":13},{"damage":27,"enemies":"Spheric Guardian","floor":18,"turns":4},{"damage":2,"enemies":"Chosen","floor":19,"turns":3},{"damage":29,"enemies":"Centurion and Healer","floor":20,"turns":4},{"damage":2,"enemies":"Masked Bandits","floor":22,"turns":2},{"damage":17,"enemies":"Cultist and Chosen","floor":27,"turns":4},{"damage":22,"enemies":"Shelled Parasite and Fungi","floor":30,"turns":2},{"damage":95,"enemies":"Champ","floor":33,"turns":8}],"seed_played":"6922479238860826659","potions_obtained":[{"floor":18,"key":"Weak Potion"},{"floor":20,"key":"GamblersBrew"},{"floor":27,"key":"Regen Potion"}],"is_trial":false,"path_per_floor":["M","?","$","?","M","R","M","E","T","R","$","R","?","?","R","B",null,"M","M","M","?","?","R","T","R","T","M","AVR","?","M","$","R","B"],"character_chosen":"IRONCLAD","items_purchased":["Reckless Charge","aspiration:Nostalgia","aspiration:HatOfInfinitePower"],"campfire_rested":2,"item_purchase_floors":[11,31,31],"current_hp_per_floor":[70,70,70,70,68,68,72,38,38,38,38,38,38,52,52,26,49,34,43,26,26,33,49,49,49,49,44,44,44,31,31,47,0,0],"gold":12,"neow_bonus":"UPGRADE_CARD","is_daily":false,"chose_seed":false,"campfire_upgraded":5,"win_rate":0.0,"timestamp":1613651634,"path_taken":["M","?","$","?","M","R","M","E","T","R","$","R","?","?","R","BOSS","M","M","M","?","?","R","?","R","T","M","AVR","?","M","$","R","BOSS"],"items_purchased_type":["Card","Relic","Relic"],"build_version":"2020-12-22","purchased_purges":2,"victory":false,"max_hp_per_floor":[75,75,75,75,75,75,75,75,56,56,56,56,56,56,56,56,56,56,56,56,56,56,56,56,56,56,56,56,56,56,56,56,56,56],"card_choices":[{"not_picked":["Twin Strike","Pommel Strike"],"picked":"Fire Breathing","floor":1},{"not_picked":["Body Slam","Sword Boomerang"],"picked":"Flex","floor":5},{"not_picked":["Headbutt","Ghostly Armor","Dark Embrace"],"picked":"SKIP","floor":7},{"not_picked":["Headbutt","Ghostly Armor","Dark Embrace"],"picked":"SKIP","floor":7},{"not_picked":["Double Tap","Clothesline"],"picked":"Wild Strike","floor":8},{"not_picked":["Eclipse","Berserk"],"picked":"Brutality","floor":16},{"not_picked":["Anger"],"picked":"SKIP","floor":18},{"not_picked":["Clothesline"],"picked":"SKIP","floor":19},{"not_picked":["Clash"],"picked":"SKIP","floor":20},{"not_picked":["infinitespire:SevenWalls","infinitespire:Oblivion"],"picked":"infinitespire:Collect","floor":21},{"not_picked":["Pommel Strike"],"picked":"SKIP","floor":27},{"not_picked":["Cleave"],"picked":"SKIP","floor":30}],"player_experience":733151,"relics_obtained":[{"floor":2,"key":"Ring of Hypnosis"},{"floor":2,"key":"ReplayTheSpireMod:Ring of Collecting"},{"floor":8,"key":"Whetstone"},{"floor":9,"key":"Ring of Fury"},{"floor":9,"key":"infinitespire:Lychee Nut"},{"floor":22,"key":"Red Mask"},{"floor":24,"key":"Ring of Panic"},{"floor":24,"key":"Grinning Jar"},{"floor":26,"key":"Ring of Greed"},{"floor":26,"key":"Pondfish Scales"},{"floor":26,"key":"The Courier"},{"floor":26,"key":"Tiny Chest"}],"event_choices":[{"damage_healed":0,"gold_gain":150,"player_choice":"AGREE","damage_taken":0,"max_hp_gain":0,"max_hp_loss":0,"event_name":"Liars Game","floor":13,"gold_loss":0,"cards_obtained":["Doubt"]},{"damage_healed":14,"gold_gain":0,"player_choice":"Healed","damage_taken":0,"max_hp_gain":0,"max_hp_loss":0,"event_name":"The Cleric","floor":14,"gold_loss":35},{"damage_healed":0,"gold_gain":0,"player_choice":"Fought Bandits","damage_taken":0,"max_hp_gain":0,"max_hp_loss":0,"event_name":"Masked Bandits","floor":22,"gold_loss":0},{"damage_healed":0,"gold_gain":0,"player_choice":"Cursed","damage_taken":0,"max_hp_gain":0,"max_hp_loss":0,"event_name":"Wheel of Change","floor":29,"gold_loss":0,"cards_obtained":["Decay"]}],"is_beta":false,"boss_relics":[{"not_picked":["aspiration:DefectSkillbook","Tiny House"],"picked":"Busted Crown"}],"items_purged_floors":[3,28],"is_endless":false,"potions_floor_spawned":[18,20,27],"killed_by":"Champ","ascension_level":19}}