{"host":"ju66gn9zov5ov15o","time":1613666614,"event":{"mods":["100% Spire Juice","2.2 Compatiblity","Act Like it!","Arknights","Aspiration","BaseMod","Conspire","Downfall","GifTheSpireLib","Hubris","Lobotomy","LobotomyExtend","Marisa????????","Minty Spire (QoL Compilation)","Pale of the Ancients","Rare Cards Sparkle","Relic Stats","Ruina","Shapeshifter Mod","StSLib","The Alterego","The Animator"],"gold_per_floor":[110,110,84,103,114,140,140,153,153,171,171,187,221,221,221,325,325,341,341,4,30,30,30,42,64,64,79,112,112,112,112,112,216,216,244,144,162,178,5,38,58,104,131,131,6,6,6,6,6,10,10,26,26],"floor_reached":52,"language":"ENG","playtime":2182,"items_purged":["StSShapeShifter:MonkeyForm+1","StSShapeShifter:GoldenBerries","StSShapeShifter:Winter"],"score":655,"play_id":"22e59ea0-9d17-4f13-a93e-8affa3060d52","local_time":"20210218174334","is_ascension_mode":false,"campfire_choices":[{"data":"StSShapeShifter:Flourish","floor":7,"key":"SMITH"},{"data":"StSShapeShifter:WolfForm","floor":11,"key":"SMITH"},{"data":"StSShapeShifter:MonkeyForm","floor":15,"key":"SMITH"},{"data":"StSShapeShifter:ThornedSkin","floor":23,"key":"SMITH"},{"data":"StSShapeShifter:Forgiveness","floor":29,"key":"SMITH"},{"data":"StSShapeShifter:OakBlade","floor":32,"key":"SMITH"},{"floor":44,"key":"REST"},{"data":"Apotheosis","floor":49,"key":"SMITH"}],"circlet_count":0,"master_deck":["StSShapeShifter:ShapeShifter_Strike","StSShapeShifter:ShapeShifter_Strike","StSShapeShifter:ShapeShifter_Strike","StSShapeShifter:ShapeShifter_Defend+1","StSShapeShifter:ShapeShifter_Defend","StSShapeShifter:ShapeShifter_Defend","StSShapeShifter:ShapeShifter_Defend","StSShapeShifter:ShapeShifter_Defend","StSShapeShifter:Tortoise_Form","StSShapeShifter:Lynx_Form","StSShapeShifter:BearForm+1","StSShapeShifter:FullMoon","StSShapeShifter:OakBlade+1","StSShapeShifter:Flourish+1","StSShapeShifter:Rest","StSShapeShifter:OakBlade","StSShapeShifter:FoxForm","StSShapeShifter:WolfForm+1","StSShapeShifter:ThornedSkin+1","StSShapeShifter:HippoForm+1","StSShapeShifter:MagicMushrooms","StSShapeShifter:Forgiveness+1","StSShapeShifter:Sap_Burst","StSShapeShifter:RatForm","StSShapeShifter:Hunt","StSShapeShifter:FallingLeaves+1","Apotheosis+1","StSShapeShifter:Maul+1","StSShapeShifter:ReplenishingNectar","Madness","Madness"],"relics":["StSShapeShifter:AnimalHeart","StSShapeShifter:TheShapeShiftersMagnolia","RedMistMask","CultistMask","PreservedInsect","Boot","Anchor","conspire:SpecialSausage","hubris:CrystalStatue","Mummified Hand","Letter Opener","Strawberry","StSShapeShifter:DruidicMedallion","Black Star","Vajra","WingedGreaves","Pen Nib","Potion Belt","LetterFromLob","War Paint","hubris:Towel","paleoftheancients:Timepiece","paleoftheancients:KeyRelic","Velvet Choker"],"acts_visited":["Exordium","ruina:Briah","TheBeyond","paleoftheancients:PaleOfTheAncients"],"potions_floor_usage":[6,6,33,33,42,50,50,51],"damage_taken":[{"damage":1,"enemies":"2 Louse","floor":1,"turns":3},{"damage":0,"enemies":"Cultist","floor":4,"turns":2},{"damage":0,"enemies":"Small Slimes","floor":5,"turns":3},{"damage":7,"enemies":"Lagavulin","floor":6,"turns":5},{"damage":0,"enemies":"Exordium Wildlife","floor":8,"turns":2},{"damage":24,"enemies":"Exordium Thugs","floor":10,"turns":4},{"damage":10,"enemies":"Looter","floor":12,"turns":3},{"damage":9,"enemies":"3 Sentries","floor":13,"turns":2},{"damage":0,"enemies":"Slime Boss","floor":16,"turns":6},{"damage":0,"enemies":"ruina:2_Scarecrows","floor":18,"turns":3},{"damage":15,"enemies":"ruina:3_Bats","floor":21,"turns":7},{"damage":0,"enemies":"ruina:KnightOfDespair","floor":24,"turns":2},{"damage":34,"enemies":"ruina:QueenOfHate","floor":25,"turns":6},{"damage":26,"enemies":"ruina:KingOfGreed","floor":27,"turns":7},{"damage":16,"enemies":"ruina:RoadHome","floor":28,"turns":3},{"damage":39,"enemies":"ruina:Ozma","floor":33,"turns":7},{"damage":23,"enemies":"Orb Walker","floor":35,"turns":4},{"damage":22,"enemies":"3 Shapes","floor":37,"turns":4},{"damage":5,"enemies":"3 Darklings","floor":38,"turns":3},{"damage":17,"enemies":"Nemesis","floor":40,"turns":5},{"damage":24,"enemies":"Transient","floor":41,"turns":5},{"damage":31,"enemies":"Reptomancer","floor":42,"turns":6},{"damage":63,"enemies":"Awakened One","floor":50,"turns":16},{"damage":100,"enemies":"Awakened One","floor":51,"turns":6},{"damage":57,"enemies":"Awakened One","floor":52,"turns":6}],"seed_played":"-2371645942608853062","potions_obtained":[{"floor":1,"key":"AttackPotion"},{"floor":5,"key":"champ:CounterPotion"},{"floor":13,"key":"Guardian:BlockOnCardUsePotion"},{"floor":16,"key":"FearPotion"},{"floor":27,"key":"hexamod:SoulburnPotion"},{"floor":35,"key":"SneckoOil"},{"floor":41,"key":"Dexterity Potion"},{"floor":42,"key":"SpeedPotion"}],"is_trial":false,"path_per_floor":["M","?","$","M","M","E","R","M","T","M","R","M","E","?","R","B",null,"M","?","$","M","$","R","M","M","T","M","E","R","T","?","R","B",null,"M","$","M","M","$","E","M","E","T","R","$","?","?","?","R","B","M","M"],"character_chosen":"SHAPESHIFTER","items_purchased":["StSShapeShifter:OakBlade","hubris:CrystalStatue","Apotheosis"],"campfire_rested":1,"item_purchase_floors":[3,20,39],"current_hp_per_floor":[56,56,56,56,56,49,49,49,49,25,25,15,12,5,5,17,78,78,78,78,63,63,63,78,47,47,47,44,44,44,44,44,38,85,64,64,74,72,72,55,49,18,18,43,43,51,51,40,40,89,56,0,0],"gold":26,"neow_bonus":"TRANSFORM_TWO_CARDS","is_daily":false,"chose_seed":false,"campfire_upgraded":7,"win_rate":0.0,"timestamp":1613666614,"path_taken":["M","?","$","M","M","E","R","?","T","M","R","?","E","?","R","BOSS","M","?","$","M","?","R","M","M","T","M","E","R","?","?","R","BOSS","M","$","M","M","$","E","M","E","T","R","$","?","?","?","R","BOSS","M","M"],"items_purchased_type":["Card","Relic","Card"],"build_version":"2020-12-22","purchased_purges":3,"victory":false,"max_hp_per_floor":[78,78,78,78,78,78,78,78,78,78,78,78,78,78,78,78,78,78,78,78,78,78,78,78,78,78,78,85,85,85,85,85,85,85,85,85,85,85,85,85,85,85,85,85,85,85,85,85,85,89,89,89,89],"relic_stats":{"counters":[25,120],"Mummified Hand":[10],"PreservedInsect":192,"Pen Nib":[2],"Black Star":2,"Letter Opener":[147],"War Paint":["StSShapeShifter:BearForm","StSShapeShifter:ShapeShifter_Defend"],"Boot":[27],"obtain_stats":[{"hubris:CrystalStatue":20,"Vajra":40,"conspire:SpecialSausage":17,"Boot":9,"Frozen Eye":18,"Mummified Hand":26,"Strawberry":28,"WingedGreaves":40,"StSShapeShifter:TheShapeShiftersMagnolia":0,"Potion Belt":42,"paleoftheancients:KeyRelic":50,"StSShapeShifter:AnimalHeart":0,"Velvet Choker":50,"PreservedInsect":6,"Pen Nib":42,"Letter Opener":28,"War Paint":43,"hubris:Towel":47,"paleoftheancients:Timepiece":50,"Anchor":13,"RedMistMask":1,"CultistMask":2,"StSShapeShifter:DruidicMedallion":30,"Black Star":34,"LetterFromLob":42},{"hubris:CrystalStatue":10,"Vajra":20,"conspire:SpecialSausage":9,"Boot":5,"Frozen Eye":9,"Mummified Hand":13,"Strawberry":15,"WingedGreaves":20,"StSShapeShifter:TheShapeShiftersMagnolia":0,"Potion Belt":22,"paleoftheancients:KeyRelic":23,"StSShapeShifter:AnimalHeart":0,"Velvet Choker":23,"PreservedInsect":4,"Pen Nib":22,"Letter Opener":15,"War Paint":22,"hubris:Towel":22,"paleoftheancients:Timepiece":23,"Anchor":8,"RedMistMask":1,"CultistMask":1,"StSShapeShifter:DruidicMedallion":15,"Black Star":16,"LetterFromLob":22},{"hubris:CrystalStatue":33,"Vajra":81,"conspire:SpecialSausage":30,"Boot":15,"Frozen Eye":30,"Mummified Hand":48,"Strawberry":58,"WingedGreaves":81,"StSShapeShifter:TheShapeShiftersMagnolia":0,"Potion Belt":92,"paleoftheancients:KeyRelic":108,"StSShapeShifter:AnimalHeart":0,"Velvet Choker":108,"PreservedInsect":13,"Pen Nib":92,"Letter Opener":56,"War Paint":92,"hubris:Towel":92,"paleoftheancients:Timepiece":108,"Anchor":24,"RedMistMask":3,"CultistMask":3,"StSShapeShifter:DruidicMedallion":58,"Black Star":65,"LetterFromLob":92}]},"card_choices":[{"not_picked":["StSShapeShifter:Mystical_Branch","StSShapeShifter:AdaptiveStrikes"],"picked":"StSShapeShifter:MonkeyForm","floor":1},{"not_picked":["StSShapeShifter:FlowerShield","StSShapeShifter:BloomingSlash"],"picked":"StSShapeShifter:Flourish","floor":4},{"not_picked":["StSShapeShifter:BladeOfGrass","StSShapeShifter:DeepWound"],"picked":"StSShapeShifter:Rest","floor":5},{"not_picked":["StSShapeShifter:LeapingSlash","StSShapeShifter:Flourish"],"picked":"StSShapeShifter:OakBlade","floor":6},{"not_picked":["StSShapeShifter:FesteringBite","StSShapeShifter:FruitBasket"],"picked":"StSShapeShifter:FoxForm","floor":8},{"not_picked":["StSShapeShifter:Roar","StSShapeShifter:DeerForm"],"picked":"StSShapeShifter:WolfForm","floor":10},{"not_picked":["StSShapeShifter:Wildfire2","StSShapeShifter:Rest","StSShapeShifter:BladeOfGrass"],"picked":"SKIP","floor":12},{"not_picked":["StSShapeShifter:SunflowerShuriken","StSShapeShifter:MammothForm","StSShapeShifter:VineHandcuffs"],"picked":"SKIP","floor":13},{"not_picked":["StSShapeShifter:MysticalSeed","StSShapeShifter:Blossom2"],"picked":"StSShapeShifter:Winter","floor":16},{"not_picked":["StSShapeShifter:MonkeyForm","StSShapeShifter:BearForm"],"picked":"StSShapeShifter:ThornedSkin","floor":18},{"not_picked":["StSShapeShifter:ReplenishingNectar+1","StSShapeShifter:ThornToss","StSShapeShifter:FesteringBite+1"],"picked":"SKIP","floor":21},{"not_picked":["StSShapeShifter:RockSlide","StSShapeShifter:Sapling"],"picked":"StSShapeShifter:GoldenBerries","floor":24},{"not_picked":["StSShapeShifter:MonkeyForm","StSShapeShifter:IntimidatingAura"],"picked":"StSShapeShifter:HippoForm+1","floor":25},{"not_picked":["StSShapeShifter:LeapingSlash","StSShapeShifter:OakBlade"],"picked":"StSShapeShifter:MagicMushrooms","floor":27},{"not_picked":["StSShapeShifter:Synchronicity","StSShapeShifter:FruitBasket"],"picked":"StSShapeShifter:Forgiveness","floor":28},{"not_picked":["StSShapeShifter:BurstOfLifeEscapeDeath","StSShapeShifter:Pounce"],"picked":"StSShapeShifter:Sap_Burst","floor":33},{"not_picked":["StSShapeShifter:Rest","StSShapeShifter:SunflowerShuriken"],"picked":"StSShapeShifter:RatForm","floor":35},{"not_picked":["StSShapeShifter:RockSlide","StSShapeShifter:Rest+1"],"picked":"StSShapeShifter:Hunt","floor":37},{"not_picked":["StSShapeShifter:Sapling+1","StSShapeShifter:Maul+1"],"picked":"StSShapeShifter:FallingLeaves+1","floor":38},{"not_picked":["StSShapeShifter:BladeOfGrass+1","StSShapeShifter:Rabid+1","StSShapeShifter:OpportuneSwoop"],"picked":"SKIP","floor":40},{"not_picked":["StSShapeShifter:FallingLeaves","StSShapeShifter:BarkSkin+1"],"picked":"StSShapeShifter:Maul+1","floor":41},{"not_picked":["StSShapeShifter:WolfForm+1","StSShapeShifter:DeepWound"],"picked":"StSShapeShifter:ReplenishingNectar","floor":42}],"player_experience":495606,"relics_obtained":[{"floor":1,"key":"RedMistMask"},{"floor":6,"key":"PreservedInsect"},{"floor":9,"key":"Boot"},{"floor":13,"key":"Anchor"},{"floor":26,"key":"Mummified Hand"},{"floor":28,"key":"Letter Opener"},{"floor":28,"key":"Strawberry"},{"floor":30,"key":"StSShapeShifter:DruidicMedallion"},{"floor":40,"key":"Vajra"},{"floor":40,"key":"WingedGreaves"},{"floor":42,"key":"Pen Nib"},{"floor":42,"key":"Potion Belt"},{"floor":42,"key":"LetterFromLob"},{"floor":43,"key":"War Paint"}],"event_choices":[{"damage_healed":0,"gold_gain":0,"player_choice":"Trade","damage_taken":0,"relics_obtained":["CultistMask"],"max_hp_gain":0,"max_hp_loss":0,"event_name":"FaceTrader","floor":2,"gold_loss":0},{"damage_healed":0,"gold_gain":0,"player_choice":"Fled","damage_taken":7,"max_hp_gain":0,"max_hp_loss":0,"event_name":"Scrap Ooze","floor":14,"gold_loss":0},{"damage_healed":0,"gold_gain":0,"player_choice":"Embrace Madness","damage_taken":11,"max_hp_gain":0,"max_hp_loss":0,"event_name":"Winding Halls","floor":48,"gold_loss":0,"cards_obtained":["Madness","Madness"]}],"is_beta":false,"boss_relics":[{"not_picked":["aspiration:MarisaSkillbook","Snecko Eye"],"picked":"conspire:SpecialSausage"},{"not_picked":["hubris:Stopwatch","hubris:ScarierMask"],"picked":"Black Star"}],"items_purged_floors":[20,36,45],"is_endless":false,"potions_floor_spawned":[1,5,13,16,27,28,35,41,42],"killed_by":"Awakened One","ascension_level":0}}