{"host":"7ue15d6wz1o7m0ar","time":1613664769,"event":{"mods":["BaseMod","Hermit","Minty Spire (QoL Compilation)","Replay The Spire","StSLib"],"gold_per_floor":[115,115,115,115,130,165,183,213,213,213,47,47,60,87,87,192,192,208,224,55,154,169,197,226,258,258,278,312,312,227,255,255,352,352,372,372,28,45,56,86,100,100,146,146,172,172,221,235,235,235],"floor_reached":51,"language":"ENG","playtime":8816,"items_purged":["Decay","Defend_R"],"score":956,"play_id":"32ccc8e4-3002-47f1-af97-5ff4151b73cb","local_time":"20210218101249","is_ascension_mode":true,"campfire_choices":[{"data":"Infernal Blade","floor":10.0,"key":"SMITH"},{"data":"Discovery","floor":12.0,"key":"SMITH"},{"floor":15.0,"key":"REST"},{"floor":29,"key":"REST"},{"data":"Armaments","floor":32,"key":"SMITH"},{"data":"Strike_R","floor":42,"key":"PURGE"},{"floor":49,"key":"REST"}],"circlet_count":0,"master_deck":["Strike_R+1","Strike_R","Strike_R","Strike_R","Defend_R","Defend_R","Defend_R+1","Bash","Ghostly Armor","Infernal Blade+1","Power Through","Thunderclap","Discovery+1","ReplayTheSpireMod:Corrosion Curse","Shrug It Off","Offering","Iron Wave+1","Dropkick","Armaments+1","Flame Barrier","ReplayTheSpireMod:Limb From Limb","Shrug It Off+1","Hemogenesis+1","Iron Wave+1","Armaments+1","ReplayTheSpireMod:Limb From Limb+1","Spot Weakness+1","Abandon+1","Combust+1","Dual Wield+1","Headbutt+1","Bloodletting+1","ReplayReversal+1"],"relics":["Burning Blood","Replay:Baseball","TungstenRod","Incense Burner","Replay:Rubber Ducky","Prayer Wheel","Singing Bowl","ChewingGum","Replay:Bottled Snecko","Red Mask","Nunchaku","Molten Egg 2","Matryoshka","Peace Pipe","Centennial Puzzle","Mark of Pain","Happy Flower","Lantern","Gremlin Food","Oddly Smooth Stone","Pen Nib","Boot","Ring of Hypnosis","Calipers"],"acts_visited":["Exordium","TheCity","TheBeyond"],"potions_floor_usage":[23,33,33,41,50],"damage_taken":[{"damage":9.0,"enemies":"Jaw Worm","floor":1.0,"turns":3.0},{"damage":0.0,"enemies":"2 Louse","floor":5.0,"turns":3.0},{"damage":44.0,"enemies":"Lagavulin","floor":6.0,"turns":10.0},{"damage":0.0,"enemies":"Cultist","floor":7.0,"turns":5.0},{"damage":2.0,"enemies":"Gremlin Nob","floor":8.0,"turns":3.0},{"damage":12.0,"enemies":"Exordium Thugs","floor":13.0,"turns":5.0},{"damage":23.0,"enemies":"Lagavulin","floor":14.0,"turns":13.0},{"damage":33.0,"enemies":"The Guardian","floor":16.0,"turns":15.0},{"damage":17,"enemies":"Shell Parasite","floor":18,"turns":5},{"damage":18,"enemies":"2 Thieves","floor":19,"turns":4},{"damage":5,"enemies":"Snake Plant","floor":22,"turns":4},{"damage":20,"enemies":"Replay:Snechameleon","floor":23,"turns":11},{"damage":15,"enemies":"Masked Bandits","floor":24,"turns":6},{"damage":5,"enemies":"Slavers","floor":25,"turns":5},{"damage":12,"enemies":"Cultist and Chosen","floor":27,"turns":6},{"damage":23,"enemies":"Book of Stabbing","floor":28,"turns":7},{"damage":0,"enemies":"Replay:Snechameleon","floor":31,"turns":3},{"damage":42,"enemies":"Champ","floor":33,"turns":10},{"damage":26,"enemies":"3 Darklings","floor":35,"turns":3},{"damage":13,"enemies":"Orb Walker","floor":38,"turns":4},{"damage":13,"enemies":"Sphere and 2 Shapes","floor":39,"turns":7},{"damage":23,"enemies":"Nemesis","floor":40,"turns":5},{"damage":26,"enemies":"Maw","floor":41,"turns":8},{"damage":22,"enemies":"R_Hoarder","floor":45,"turns":6},{"damage":5,"enemies":"2 Orb Walkers","floor":47,"turns":3},{"damage":13,"enemies":"Writhing Mass","floor":48,"turns":2},{"damage":88,"enemies":"Awakened One","floor":50,"turns":10}],"seed_played":"-840365471888718882","potions_obtained":[{"floor":1.0,"key":"Elixir"},{"floor":8.0,"key":"SpeedPotion"},{"floor":13.0,"key":"EssenceOfSteel"},{"floor":16.0,"key":"GamblersBrew"},{"floor":27,"key":"EssenceOfSteel"},{"floor":35,"key":"BlessingOfTheForge"},{"floor":39,"key":"Flashbang"},{"floor":47,"key":"Energy Potion"}],"is_trial":false,"path_per_floor":["M","?","?","?","M","E","M","E","T","R","$","R","M","E","R","B",null,"M","M","$","?","M","E","?","E","T","M","E","R","?","E","R","B",null,"M","?","$","M","M","E","M","R","T","?","E","?","?","M","R","B",null],"character_chosen":"IRONCLAD","items_purchased":["Discovery","Flame Barrier","Happy Flower","Lantern","Iron Wave+1"],"campfire_rested":3,"item_purchase_floors":[11,20,37,37,37],"current_hp_per_floor":[77,70,55,55,61,23,29,33,33,33,33,33,27,12,36,9,82,71,61,61,61,64,52,45,48,48,44,29,57,57,65,65,29,98,82,82,82,75,76,76,56,56,56,56,51,51,52,49,79,11],"gold":235,"neow_bonus":"RANDOM_COMMON_RELIC","is_daily":false,"chose_seed":false,"campfire_upgraded":3,"win_rate":0.0,"timestamp":1613664769,"path_taken":["M","?","?","?","M","E","?","E","T","R","$","R","M","E","R","BOSS","M","M","$","?","M","E","?","E","T","M","E","R","?","E","R","BOSS","M","?","$","M","M","E","M","R","T","?","E","?","?","M","R","BOSS"],"items_purchased_type":["Card","Card","Relic","Relic","Card"],"build_version":"2020-12-22","purchased_purges":2,"victory":true,"max_hp_per_floor":[80,80,80,80,80,80,80,80,80,80,80,80,80,82,82,82,82,82,84,84,84,86,88,90,92,92,94,96,96,96,98,98,98,98,102,102,102,102,102,102,102,102,102,97,97,97,97,101,101,101],"card_choices":[{"not_picked":["Flex","Havoc"],"picked":"Ghostly Armor","floor":1.0},{"not_picked":["Anger","Evolve"],"picked":"Armaments","floor":5.0},{"not_picked":["Cleave","Twin Strike"],"picked":"Infernal Blade","floor":6.0},{"not_picked":["Anger","Cleave"],"picked":"Power Through","floor":7.0},{"not_picked":["Combust","Armaments"],"picked":"Thunderclap","floor":8.0},{"not_picked":["Perfected Strike","Wild Strike"],"picked":"ReplayTheSpireMod:Corrosion Curse","floor":13.0},{"not_picked":["Sever Soul","ReplayTheSpireMod:LeadingStrike"],"picked":"Shrug It Off","floor":13.0},{"not_picked":["Carnage","Havoc","Clothesline"],"picked":"Singing Bowl","floor":14.0},{"not_picked":["Eclipse","Fiend Fire"],"picked":"Offering","floor":16.0},{"not_picked":["Perfected Strike","Clash"],"picked":"Iron Wave+1","floor":18},{"not_picked":["Body Slam","Twin Strike"],"picked":"Dropkick","floor":18},{"not_picked":["Blood for Blood","Pommel Strike","Anger"],"picked":"Singing Bowl","floor":19},{"not_picked":["Run Through","Sever Soul"],"picked":"Armaments","floor":19},{"not_picked":["Bludgeon","Anger","Body Slam"],"picked":"Singing Bowl","floor":22},{"not_picked":["Pommel Strike","Thunderclap"],"picked":"ReplayTheSpireMod:Limb From Limb","floor":22},{"not_picked":["Body Slam","Cleave","Disarm"],"picked":"Singing Bowl","floor":23},{"not_picked":["Abandon","Sword Boomerang+1","ReplayTheSpireMod:LeadingStrike"],"picked":"Singing Bowl","floor":24},{"not_picked":["Pommel Strike","Wild Strike+1","Havoc"],"picked":"Singing Bowl","floor":25},{"not_picked":["Warcry","Clash+1","Flex"],"picked":"Singing Bowl","floor":27},{"not_picked":["Dark Embrace","Anger+1"],"picked":"Shrug It Off+1","floor":27},{"not_picked":["Heavy Blade+1","Wild Strike+1","ReplayTheSpireMod:LeadingStrike+1"],"picked":"Singing Bowl","floor":28},{"not_picked":["Heavy Blade+1","Reckless Charge+1","Shrug It Off"],"picked":"Singing Bowl","floor":31},{"not_picked":["Brutality","Limit Break"],"picked":"Hemogenesis+1","floor":33},{"not_picked":["Hemokinesis+1","Heavy Blade+1","True Grit"],"picked":"Singing Bowl","floor":35},{"not_picked":["Reckless Charge+1","ReplayTheSpireMod:LeadingStrike+1","Abandon"],"picked":"Singing Bowl","floor":35},{"not_picked":["Havoc+1","Seeing Red"],"picked":"Armaments+1","floor":38},{"not_picked":["Searing Blow+1","Perfected Strike+1"],"picked":"ReplayTheSpireMod:Limb From Limb+1","floor":38},{"not_picked":["Searing Blow+1","Uppercut+1"],"picked":"Spot Weakness+1","floor":39},{"not_picked":["Clash+1","Second Wind"],"picked":"Abandon+1","floor":39},{"not_picked":["ReplayTheSpireMod:Corrosion Curse","Clothesline+1"],"picked":"Combust+1","floor":40},{"not_picked":["Sever Soul+1","ReplayTheSpireMod:LeadingStrike+1"],"picked":"Dual Wield","floor":41},{"not_picked":["Rampage+1","Cleave+1"],"picked":"Headbutt+1","floor":41},{"not_picked":["Havoc","True Grit+1"],"picked":"Bloodletting+1","floor":45},{"not_picked":["Defy Death+1","Uppercut+1"],"picked":"ReplayReversal+1","floor":47},{"not_picked":["Shrug It Off+1","Pummel+1","Cleave+1"],"picked":"Singing Bowl","floor":48},{"not_picked":["Anger+1","Heavy Blade+1","Wild Strike+1"],"picked":"Singing Bowl","floor":48}],"player_experience":484397,"relics_obtained":[{"floor":6.0,"key":"Incense Burner"},{"floor":8.0,"key":"Replay:Rubber Ducky"},{"floor":9.0,"key":"Prayer Wheel"},{"floor":14.0,"key":"Singing Bowl"},{"floor":23,"key":"Replay:Bottled Snecko"},{"floor":24,"key":"Red Mask"},{"floor":25,"key":"Nunchaku"},{"floor":26,"key":"Molten Egg 2"},{"floor":28,"key":"Matryoshka"},{"floor":31,"key":"Centennial Puzzle"},{"floor":40,"key":"Gremlin Food"},{"floor":43,"key":"Oddly Smooth Stone"},{"floor":43,"key":"Pen Nib"},{"floor":45,"key":"Boot"},{"floor":46,"key":"Ring of Hypnosis"},{"floor":47,"key":"Calipers"}],"event_choices":[{"damage_healed":0.0,"max_hp_gain":0.0,"max_hp_loss":0.0,"gold_gain":0.0,"event_name":"Scrap Ooze","player_choice":"Success","floor":2.0,"gold_loss":0.0,"damage_taken":7.0,"relics_obtained":["TungstenRod"]},{"damage_healed":0.0,"max_hp_gain":0.0,"max_hp_loss":0.0,"gold_gain":0.0,"event_name":"Shining Light","player_choice":"Entered Light","floor":3.0,"gold_loss":0.0,"damage_taken":16.0,"cards_upgraded":["Defend_R","Strike_R"]},{"damage_healed":0.0,"max_hp_gain":0.0,"max_hp_loss":0.0,"gold_gain":0.0,"event_name":"Wheel of Change","player_choice":"Cursed","floor":4.0,"gold_loss":0.0,"damage_taken":0.0,"cards_obtained":["Decay"]},{"damage_healed":0,"gold_gain":99,"player_choice":"Stole From Cult","damage_taken":0,"max_hp_gain":0,"max_hp_loss":0,"event_name":"Nest","floor":21,"gold_loss":0},{"damage_healed":0,"gold_gain":0,"player_choice":"Fought Bandits","damage_taken":0,"max_hp_gain":0,"max_hp_loss":0,"event_name":"Masked Bandits","floor":24,"gold_loss":0},{"damage_healed":0,"gold_gain":0,"player_choice":"Obtained Relic","damage_taken":0,"relics_obtained":["Peace Pipe"],"max_hp_gain":0,"max_hp_loss":0,"event_name":"Addict","floor":30,"gold_loss":85},{"cards_removed":["Armaments"],"damage_healed":0,"gold_gain":0,"player_choice":"Removed Skill","damage_taken":0,"max_hp_gain":0,"max_hp_loss":0,"event_name":"Falling","floor":36,"gold_loss":0},{"damage_healed":0,"gold_gain":0,"player_choice":"Max HP","damage_taken":0,"max_hp_gain":0,"max_hp_loss":5,"event_name":"Winding Halls","floor":44,"gold_loss":0},{"damage_healed":0,"gold_gain":0,"player_choice":"Fight","damage_taken":0,"max_hp_gain":0,"max_hp_loss":0,"event_name":"Mysterious Sphere","floor":47,"gold_loss":0}],"is_beta":false,"boss_relics":[{"not_picked":["Empty Cage","Snecko Eye"],"picked":"ChewingGum"},{"not_picked":["Honey Jar","Ring of Chaos"],"picked":"Mark of Pain"}],"items_purged_floors":[11,20],"is_endless":false,"potions_floor_spawned":[1,8,13,16,18,19,27,31,35,39,47,48],"ascension_level":4}}