{"host":"i9o3eksapkmftcbs","time":1613692683,"event":{"mods":["2.2 Compatiblity","AchievementEnabler","Act Like it!","Arknights","Bard","BaseMod","BetterRewards","Colored Map","Colored Powertips","Conspire","Duelist Mod","Halation","Hubris","Infinite Spire","Lobotomy","Minty Spire (QoL Compilation)","Rare Cards Sparkle","Reliquary","Robot Space Explorer","StSLib","The Blackbeard","The Clintock","The Disciple","The Dragon Tamer","The Mystic","Transform Curses"],"gold_per_floor":[97,97,127,127,202,202,202,230,257,268,268,288,288,304,304,399,399,411,424,436,436,436,436],"floor_reached":22,"language":"ENG","playtime":2654,"items_purged":[],"score":315,"play_id":"48f67abb-7a37-4ee4-acea-d7f041671d25","local_time":"20210218175803","is_ascension_mode":true,"campfire_choices":[{"floor":6.0,"key":"REST"},{"floor":11.0,"key":"REST"},{"floor":15.0,"key":"REST"}],"circlet_count":0,"master_deck":["bard:Strike","bard:Strike","bard:Strike","bard:Strike","bard:Defend","bard:Defend","bard:Defend","bard:Defend","bard:Riposte","bard:Inspire","bard:LingeringEcho","bard:EchoEcho","bard:DiscordantVoice","bard:CuttingWords","bard:DiscordantVoice","bard:FaerieFire","bard:GlyphOfWarding","bard:EnGarde","bard:InspiringSong","hubris:Rewind","bard:TinyHut","bard:DeathMetal","bard:Solo","bard:ViciousMockery","bard:PhantasmalForce","hubris:Fate","infinitespire:Execution"],"relics":["bard:PitchPipe","bard:BagPipes","reliquary:Knoch","conspire:InfiniteJournal","halation:EternalFortune","reliquary:PartyBalloon","Shuriken","Lantern","Strange Spoon","hubris:HollowSoul","bard:DeepVero","Ornamental Fan"],"acts_visited":["Exordium","TheCity"],"potions_floor_usage":[],"damage_taken":[{"damage":11.0,"enemies":"Small Slimes","floor":1.0,"turns":4.0},{"damage":0.0,"enemies":"2 Louse","floor":3.0,"turns":2.0},{"damage":17.0,"enemies":"3 Sentries","floor":8.0,"turns":7.0},{"damage":12.0,"enemies":"Jaw Worm","floor":10.0,"turns":3.0},{"damage":10.0,"enemies":"Exordium Wildlife","floor":12.0,"turns":4.0},{"damage":15.0,"enemies":"3 Louse","floor":14.0,"turns":4.0},{"damage":33.0,"enemies":"Hexaghost","floor":16.0,"turns":10.0},{"damage":31.0,"enemies":"conspire:FuzzyDice","floor":18.0,"turns":5.0},{"damage":21.0,"enemies":"Shell Parasite","floor":19.0,"turns":6.0},{"damage":21.0,"enemies":"Centurion and Healer","floor":20.0,"turns":7.0},{"damage":19,"enemies":"Shelled Parasite and Fungi","floor":22,"turns":2}],"seed_played":"2787887407160329365","potions_obtained":[{"floor":1.0,"key":"ColorlessPotion"},{"floor":3.0,"key":"Block Potion"},{"floor":8.0,"key":"bard:InspiredBrew"},{"floor":18.0,"key":"DistilledChaos"}],"is_trial":false,"path_per_floor":["M","?","M","?","?","R","T","E","T","M","R","M","AVR","M","R","B",null,"M","M","M","AVR","M"],"character_chosen":"BARD","items_purchased":["reliquary:Knoch","conspire:InfiniteJournal","bard:LingeringEcho","bard:EchoEcho","bard:DiscordantVoice","bard:CuttingWords"],"campfire_rested":3,"item_purchase_floors":[0,0,0,0,0,0],"current_hp_per_floor":[34,34,34,37,26,47,47,30,30,18,39,29,29,14,35,5,76,45,24,3,3,0,0],"gold":436,"neow_bonus":"","is_daily":false,"chose_seed":false,"campfire_upgraded":0,"win_rate":0.0,"timestamp":1613692683,"path_taken":["M","?","M","?","?","R","?","E","T","M","R","M","AVR","M","R","BOSS","M","M","M","AVR","M"],"items_purchased_type":["Relic","Relic","Card","Card","Card","Card"],"build_version":"2020-12-22","purchased_purges":0,"victory":false,"max_hp_per_floor":[70,70,70,73,73,73,73,73,73,73,73,73,73,73,73,76,76,76,76,76,76,76,76],"card_choices":[{"not_picked":["bard:InspiringSong","bard:ThickOfTheFight"],"picked":"bard:DiscordantVoice","floor":1.0},{"not_picked":["bard:StudiedStrike","bard:DiscordantVoice"],"picked":"bard:FaerieFire","floor":3.0},{"not_picked":["bard:Fermata","bard:EchoEcho"],"picked":"bard:GlyphOfWarding","floor":8.0},{"not_picked":["bard:FalseLife","bard:BucklerBash"],"picked":"bard:EnGarde","floor":10.0},{"not_picked":["bard:MantleOfInspiration","bard:CuttingWords"],"picked":"bard:InspiringSong","floor":12.0},{"not_picked":["bard:OffKey","bard:BestowCurse"],"picked":"bard:TinyHut","floor":14.0},{"not_picked":["bard:Wish","bard:PowerWordStun"],"picked":"bard:DeathMetal","floor":16.0},{"not_picked":["bard:Doot","bard:PhantasmalForce"],"picked":"bard:Solo","floor":18.0},{"not_picked":["bard:SixFourTime","bard:LingeringEcho"],"picked":"bard:ViciousMockery","floor":19.0},{"not_picked":["bard:EnGarde+1","bard:Blink"],"picked":"bard:PhantasmalForce","floor":20.0}],"player_experience":460417,"relics_obtained":[{"floor":7.0,"key":"reliquary:PartyBalloon"},{"floor":8.0,"key":"Shuriken"},{"floor":9.0,"key":"Lantern"},{"floor":16.0,"key":"halation:EternalFortune"}],"event_choices":[{"damage_healed":0.0,"max_hp_gain":0.0,"max_hp_loss":0.0,"gold_gain":0.0,"event_name":"Golden Wing","player_choice":"Ignored","floor":2.0,"gold_loss":0.0,"damage_taken":0.0},{"damage_healed":0.0,"max_hp_gain":0.0,"max_hp_loss":0.0,"gold_gain":75.0,"event_name":"World of Goop","player_choice":"Gather Gold","floor":5.0,"gold_loss":0.0,"damage_taken":11.0}],"is_beta":false,"boss_relics":[{"not_picked":["hubris:RunicObelisk","halation:MonkeysPaw"],"picked":"bard:DeepVero"}],"items_purged_floors":[],"is_endless":false,"potions_floor_spawned":[1,3,8,18],"killed_by":"Shelled Parasite and Fungi","ascension_level":2}}