{"host":"os9owiyb0rak6c8n","time":1613684864,"event":{"mods":["AchievementEnabler","Astrologer","BaseMod","Beaked The Cultist","Better Third Choice","Block Reminder","Colored Map","Colored Powertips","Curses Come First","Dio Mod","Minty Spire (QoL Compilation)","Shapeshifter Mod","Spicy Shops","StSLib","The Death Knight","The Necromancer"],"gold_per_floor":[113,188,139,195,206,206,239,239,239,253,286,286,67,82,82,185,185,185,79,79,79,79,79,79,79,79,79,79,79,79,79,79,79,79,79,79,79,79,79,79,79,79,79,1,1,1,1,1,1,1],"floor_reached":51,"language":"ENG","playtime":2327,"items_purged":["DeathKnight:Defend_DeathKnight"],"score":1233,"play_id":"1b2b6565-e112-417e-b162-b875aaa0624b","local_time":"20210218224744","is_ascension_mode":true,"campfire_choices":[{"data":"DeathKnight:IceboundArmor","floor":6,"key":"SMITH"},{"floor":8,"key":"REST"},{"floor":15,"key":"REST"},{"data":"DeathKnight:Hysteria","floor":23,"key":"SMITH"},{"data":"DeathKnight:Runesurge","floor":25,"key":"SMITH"},{"data":"DeathKnight:FoulBulwark","floor":32,"key":"SMITH"},{"data":"DeathKnight:Defile","floor":40,"key":"SMITH"},{"floor":49,"key":"REST"}],"circlet_count":0,"master_deck":["DeathKnight:Strike_DeathKnight","DeathKnight:Strike_DeathKnight","DeathKnight:Strike_DeathKnight","DeathKnight:Defend_DeathKnight","DeathKnight:Defend_DeathKnight","DeathKnight:Defend_DeathKnight","DeathKnight:Defend_DeathKnight","DeathKnight:RuneTap","DeathKnight:RuneStrike+1","DeathKnight:DeathAndDecay","DeathKnight:IceboundArmor+1","DeathKnight:HornOfWinter","DeathKnight:SindragosasBreath","DeathKnight:WraithWalk","DeathKnight:Hysteria+1","DeathKnight:Runesurge+1","DeathKnight:FoulBulwark+1","DeathKnight:PlagueStrike+1","DeathKnight:MindFreeze","DeathKnight:IcyTouch+1","DeathKnight:Runesurge","DeathKnight:BladedArmor","DeathKnight:Defile+1","DeathKnight:BloodBoil+1","DeathKnight:UnholyPresence","DeathKnight:DarkSuccor+1"],"relics":["DeathKnight:BrokenRuneblade","Kunai","Bronze Scales","Molten Egg 2","Question Card","Ectoplasm","Ancient Tea Set","Shuriken","Mango","beaked:MawFillet","Bag of Marbles","Girya","Blood Vial","OrangePellets","Centennial Puzzle","Mercury Hourglass"],"acts_visited":["Exordium","TheCity","TheBeyond"],"potions_floor_usage":[11,16,20,24,24,30,30,36,47,50,50],"damage_taken":[{"damage":11,"enemies":"Jaw Worm","floor":1,"turns":4},{"damage":0,"enemies":"Cultist","floor":5,"turns":3},{"damage":19,"enemies":"3 Sentries","floor":7,"turns":11},{"damage":0,"enemies":"2 Louse","floor":10,"turns":2},{"damage":30,"enemies":"Lagavulin","floor":11,"turns":9},{"damage":7,"enemies":"Red Slaver","floor":14,"turns":5},{"damage":28,"enemies":"The Guardian","floor":16,"turns":13},{"damage":0,"enemies":"Chosen","floor":18,"turns":6},{"damage":6,"enemies":"Shell Parasite","floor":20,"turns":4},{"damage":8,"enemies":"Book of Stabbing","floor":24,"turns":6},{"damage":3,"enemies":"Cultist and Chosen","floor":27,"turns":6},{"damage":0,"enemies":"3 Cultists","floor":29,"turns":4},{"damage":0,"enemies":"Shelled Parasite and Fungi","floor":30,"turns":4},{"damage":0,"enemies":"Automaton","floor":33,"turns":9},{"damage":5,"enemies":"3 Darklings","floor":35,"turns":4},{"damage":35,"enemies":"Reptomancer","floor":36,"turns":6},{"damage":0,"enemies":"Orb Walker","floor":39,"turns":4},{"damage":0,"enemies":"Giant Head","floor":42,"turns":6},{"damage":0,"enemies":"Nemesis","floor":45,"turns":7},{"damage":0,"enemies":"Writhing Mass","floor":46,"turns":5},{"damage":0,"enemies":"Reptomancer","floor":47,"turns":5},{"damage":0,"enemies":"3 Darklings","floor":48,"turns":3},{"damage":18,"enemies":"Donu and Deca","floor":50,"turns":7}],"seed_played":"2976384139298386859","potions_obtained":[{"floor":1,"key":"Strength Potion"},{"floor":11,"key":"EssenceOfSteel"},{"floor":14,"key":"FearPotion"},{"floor":16,"key":"EntropicBrew"},{"floor":18,"key":"Energy Potion"},{"floor":30,"key":"Swift Potion"},{"floor":35,"key":"Strength Potion"},{"floor":39,"key":"DeathKnight:BottledBloodEchoes"},{"floor":48,"key":"SmokeBomb"}],"is_trial":false,"path_per_floor":["M","?","$","?","M","R","E","R","T","M","E","T","$","M","R","B",null,"M","$","M","?","?","R","E","R","T","M","?","M","M","?","R","B",null,"M","E","?","?","M","R","?","E","T","$","E","M","E","M","R","B",null],"character_chosen":"DEATH_KNIGHT","items_purchased":["DeathKnight:IceboundArmor","DeathKnight:Hysteria","DeathKnight:PlagueStrike+1","DeathKnight:MindFreeze","OrangePellets"],"campfire_rested":3,"item_purchase_floors":[3,13,19,19,44],"current_hp_per_floor":[57,46,46,46,46,46,27,49,49,49,19,19,19,12,34,6,58,58,58,52,52,52,52,44,44,44,41,41,41,41,55,55,55,81,76,41,41,41,41,41,41,41,41,41,43,45,47,49,74,58],"gold":1,"neow_bonus":"UPGRADE_CARD","is_daily":false,"chose_seed":false,"campfire_upgraded":5,"win_rate":0.0,"timestamp":1613684864,"path_taken":["M","?","$","?","M","R","E","R","T","M","E","?","?","?","R","BOSS","M","$","M","?","?","R","E","R","T","?","?","?","M","?","R","BOSS","M","E","?","?","?","R","?","E","T","?","E","M","E","M","R","BOSS"],"items_purchased_type":["Card","Card","Card","Card","Relic"],"build_version":"2020-12-22","purchased_purges":1,"victory":true,"max_hp_per_floor":[75,75,75,75,75,75,75,75,75,75,75,75,75,75,75,75,75,75,75,75,75,75,75,75,75,75,75,75,75,75,89,89,89,89,89,89,89,89,89,89,85,85,85,85,85,85,85,85,85,85],"card_choices":[{"not_picked":["DeathKnight:ChainsOfIce","DeathKnight:BloodTap"],"picked":"DeathKnight:DeathAndDecay","floor":1},{"not_picked":["DeathKnight:ThirstingStrike","DeathKnight:UnholyPresence"],"picked":"DeathKnight:HornOfWinter","floor":5},{"not_picked":["DeathKnight:DeathStrike","DeathKnight:BludPresence"],"picked":"DeathKnight:SindragosasBreath","floor":7},{"not_picked":["DeathKnight:Ossuary","DeathKnight:ScourgeStrike","DeathKnight:RaiseAlly"],"picked":"SKIP","floor":10},{"not_picked":["DeathKnight:DeathStrike+1","DeathKnight:GargoyleSkin"],"picked":"DeathKnight:WraithWalk","floor":11},{"not_picked":["DeathKnight:HornOfWinter","DeathKnight:UnholyAssault+1","DeathKnight:PillarOfFrost","DeathKnight:FrosPresence"],"picked":"SKIP","floor":14},{"not_picked":["DeathKnight:MarkOfBlood","DeathKnight:Razorice","DeathKnight:Defile"],"picked":"DeathKnight:Runesurge","floor":16},{"not_picked":["DeathKnight:BoneSpear+1","DeathKnight:BludPresence+1","DeathKnight:UnholyFrenzy"],"picked":"DeathKnight:FoulBulwark","floor":18},{"not_picked":["DeathKnight:MindFreeze","DeathKnight:DeathGrip+1","DeathKnight:BladedArmor"],"picked":"DeathKnight:IcyTouch+1","floor":20},{"not_picked":["DeathKnight:Lichborne","DeathKnight:RaiseAlly","DeathKnight:BladedArmor"],"picked":"DeathKnight:Runesurge","floor":24},{"not_picked":["DeathKnight:IceboundArmor+1","DeathKnight:ThirstingStrike+1","DeathKnight:RuneShock+1","DeathKnight:Parry+1"],"picked":"SKIP","floor":27},{"not_picked":["DeathKnight:MutagenicPlague","DeathKnight:DeathAndDecay+1","DeathKnight:SindragosasBreath+1"],"picked":"DeathKnight:BladedArmor","floor":29},{"not_picked":["DeathKnight:RaiseAlly","DeathKnight:HornOfWinter","DeathKnight:DeathGrip","DeathKnight:ShatteringStrikes+1"],"picked":"SKIP","floor":30},{"not_picked":["DeathKnight:Frostscythe+1","DeathKnight:VampiricBlood","DeathKnight:UnholyExperiment"],"picked":"DeathKnight:Defile","floor":33},{"not_picked":["DeathKnight:UnholyFrenzy+1","DeathKnight:BloodStrike+1","DeathKnight:PillarOfFrost+1"],"picked":"DeathKnight:BloodBoil+1","floor":35},{"not_picked":["DeathKnight:DreadStrike+1","DeathKnight:BloodTap+1","DeathKnight:Pestilence","DeathKnight:DeathStrike+1"],"picked":"SKIP","floor":36},{"not_picked":["DeathKnight:DancingRuneblade+1","DeathKnight:DeathAndDecay+1","DeathKnight:IcyTouch+1","DeathKnight:GargoyleSkin"],"picked":"SKIP","floor":39},{"not_picked":["DeathKnight:BloodTap","DeathKnight:DeathCoil+1","DeathKnight:PillarOfFrost","DeathKnight:ThirstingStrike+1"],"picked":"SKIP","floor":42},{"not_picked":["DeathKnight:Parry+1","DeathKnight:HartStrike+1","DeathKnight:BoneStorm+1"],"picked":"DeathKnight:UnholyPresence","floor":45},{"not_picked":["DeathKnight:UnholyFrenzy+1","DeathKnight:DeathRune","DeathKnight:RaiseAlly","DeathKnight:Rot+1"],"picked":"SKIP","floor":46},{"not_picked":["DeathKnight:WraithWalk+1","DeathKnight:BloodPact","DeathKnight:VampiricBlood"],"picked":"DeathKnight:DarkSuccor+1","floor":47},{"not_picked":["DeathKnight:IcyTouch+1","DeathKnight:GargoyleSkin+1","DeathKnight:RuneShock+1","DeathKnight:BladedArmor"],"picked":"SKIP","floor":48}],"player_experience":616766,"relics_obtained":[{"floor":7,"key":"Kunai"},{"floor":9,"key":"Bronze Scales"},{"floor":11,"key":"Molten Egg 2"},{"floor":12,"key":"Question Card"},{"floor":24,"key":"Ancient Tea Set"},{"floor":26,"key":"Shuriken"},{"floor":36,"key":"Bag of Marbles"},{"floor":42,"key":"Girya"},{"floor":43,"key":"Blood Vial"},{"floor":45,"key":"Centennial Puzzle"},{"floor":47,"key":"Mercury Hourglass"}],"event_choices":[{"damage_healed":0,"gold_gain":75,"player_choice":"Gold","damage_taken":11,"max_hp_gain":0,"max_hp_loss":0,"event_name":"betterThird:BetterGoop","floor":2,"gold_loss":0},{"damage_healed":0,"gold_gain":56,"player_choice":"Gained Gold","damage_taken":0,"max_hp_gain":0,"max_hp_loss":0,"event_name":"Golden Wing","floor":4,"gold_loss":0},{"damage_healed":0,"gold_gain":0,"player_choice":"Leave","damage_taken":0,"max_hp_gain":0,"max_hp_loss":0,"event_name":"FaceTrader","floor":22,"gold_loss":0},{"damage_healed":0,"gold_gain":0,"player_choice":"Bought 0 Potions","damage_taken":0,"max_hp_gain":0,"max_hp_loss":0,"event_name":"The Woman in Blue","floor":28,"gold_loss":0},{"damage_healed":0,"gold_gain":0,"player_choice":"Opened","damage_taken":0,"relics_obtained":["Mango"],"max_hp_gain":0,"max_hp_loss":0,"event_name":"The Mausoleum","floor":31,"gold_loss":0},{"cards_removed":["DeathKnight:Strike_DeathKnight"],"damage_healed":0,"gold_gain":0,"player_choice":"Removed Attack","damage_taken":0,"max_hp_gain":0,"max_hp_loss":0,"event_name":"Falling","floor":37,"gold_loss":0},{"cards_removed":["DeathKnight:Strike_DeathKnight"],"damage_healed":0,"gold_gain":0,"player_choice":"Card Removal","damage_taken":0,"max_hp_gain":0,"max_hp_loss":0,"event_name":"Wheel of Change","floor":38,"gold_loss":0},{"damage_healed":0,"gold_gain":0,"player_choice":"Max HP","damage_taken":0,"max_hp_gain":0,"max_hp_loss":4,"event_name":"Winding Halls","floor":41,"gold_loss":0}],"is_beta":false,"boss_relics":[{"not_picked":["Coffee Dripper","Calling Bell"],"picked":"Ectoplasm"},{"not_picked":["Runic Pyramid","Runic Dome"],"picked":"beaked:MawFillet"}],"items_purged_floors":[13],"is_endless":false,"potions_floor_spawned":[1,11,14,16,18,24,29,30,35,39,48],"ascension_level":6}}