{"host":"9n6i2vl93jt4o42q","time":1613673905,"event":{"mods":["BaseMod","Minty Spire (QoL Compilation)","Relic Stats"],"gold_per_floor":[109,124,144,144,144,144,178,213,213,50,50,94,94,107,107,107,107],"floor_reached":16,"language":"ENG","playtime":605,"items_purged":["Strike_R"],"score":216,"play_id":"c77f6fd1-faac-47fe-8023-add048b6c966","local_time":"20210218194505","is_ascension_mode":true,"campfire_choices":[{"data":"Whirlwind","floor":6.0,"key":"SMITH"},{"data":"True Grit","floor":11,"key":"SMITH"},{"floor":13,"key":"REST"},{"data":"Metallicize","floor":15,"key":"SMITH"}],"circlet_count":0,"master_deck":["AscendersBane","Strike_R","Strike_R","Strike_R+1","Strike_R+1","Defend_R","Defend_R","Defend_R","Defend_R","Bash","True Grit+1","Whirlwind+1","Cleave","Feed","Metallicize+1","Spot Weakness","Shrug It Off"],"relics":["Burning Blood","Vajra","Golden Idol","Letter Opener","Odd Mushroom","Happy Flower","PreservedInsect"],"acts_visited":["Exordium"],"potions_floor_usage":[12,16],"damage_taken":[{"damage":7.0,"enemies":"Small Slimes","floor":1.0,"turns":4.0},{"damage":0.0,"enemies":"2 Louse","floor":2.0,"turns":3.0},{"damage":7.0,"enemies":"Jaw Worm","floor":3.0,"turns":3.0},{"damage":20.0,"enemies":"3 Sentries","floor":7.0,"turns":5.0},{"damage":1,"enemies":"The Mushroom Lair","floor":8,"turns":2},{"damage":31,"enemies":"Lagavulin","floor":12,"turns":7},{"damage":7,"enemies":"Exordium Thugs","floor":14,"turns":4},{"damage":42,"enemies":"Hexaghost","floor":16,"turns":9}],"seed_played":"6464308444801318150","potions_obtained":[{"floor":1.0,"key":"GamblersBrew"},{"floor":12,"key":"LiquidBronze"}],"is_trial":false,"path_per_floor":["M","M","M","?","?","R","E","?","T","$","R","E","R","M","R","B"],"character_chosen":"IRONCLAD","items_purchased":["Metallicize"],"campfire_rested":1,"item_purchase_floors":[10],"current_hp_per_floor":[67,73,72,49,49,49,35,40,40,40,40,15,35,37,37,0,0],"gold":107,"neow_bonus":"RANDOM_COMMON_RELIC","is_daily":false,"chose_seed":false,"campfire_upgraded":3,"win_rate":0.0,"timestamp":1613673905,"path_taken":["M","M","M","?","?","R","E","?","T","$","R","E","R","M","R","BOSS"],"items_purchased_type":["Card"],"build_version":"2020-12-22","purchased_purges":1,"victory":false,"max_hp_per_floor":[75,75,75,75,68,68,68,68,68,68,68,68,68,71,71,71,71],"relic_stats":{"Happy Flower":[6],"counters":[8,37],"Golden Idol":26,"PreservedInsect":0,"Letter Opener":[10],"obtain_stats":[{"Happy Flower":9,"Golden Idol":5,"Vajra":0,"PreservedInsect":12,"Letter Opener":7,"Odd Mushroom":8,"Burning Blood":0},{"Happy Flower":5,"Golden Idol":3,"Vajra":0,"PreservedInsect":6,"Letter Opener":4,"Odd Mushroom":5,"Burning Blood":0},{"Happy Flower":17,"Golden Idol":10,"Vajra":0,"PreservedInsect":24,"Letter Opener":15,"Odd Mushroom":17,"Burning Blood":0}],"Burning Blood":42},"card_choices":[{"not_picked":["Power Through","Rupture"],"picked":"True Grit","floor":1.0},{"not_picked":["Dual Wield","Twin Strike"],"picked":"Whirlwind","floor":2.0},{"not_picked":["Heavy Blade","Entrench"],"picked":"Cleave","floor":3.0},{"not_picked":["Intimidate","Combust"],"picked":"Feed","floor":7.0},{"not_picked":["Wild Strike","Shockwave"],"picked":"Spot Weakness","floor":12},{"not_picked":["Feel No Pain","Armaments"],"picked":"Shrug It Off","floor":14}],"player_experience":2571525,"relics_obtained":[{"floor":7.0,"key":"Letter Opener"},{"floor":8,"key":"Odd Mushroom"},{"floor":9,"key":"Happy Flower"},{"floor":12,"key":"PreservedInsect"}],"event_choices":[{"damage_healed":0.0,"max_hp_gain":0.0,"max_hp_loss":0.0,"gold_gain":0.0,"event_name":"Shining Light","player_choice":"Entered Light","floor":4.0,"gold_loss":0.0,"damage_taken":23.0,"cards_upgraded":["Strike_R","Strike_R"]},{"damage_healed":0.0,"max_hp_gain":0.0,"max_hp_loss":7.0,"gold_gain":0.0,"event_name":"Golden Idol","player_choice":"Lose Max HP","floor":5.0,"gold_loss":0.0,"damage_taken":0.0,"relics_obtained":["Golden Idol"]},{"damage_healed":0,"gold_gain":0,"player_choice":"Fought Mushrooms","damage_taken":0,"max_hp_gain":0,"max_hp_loss":0,"event_name":"Mushrooms","floor":8,"gold_loss":0}],"is_beta":false,"boss_relics":[],"items_purged_floors":[10],"is_endless":false,"potions_floor_spawned":[1,12],"killed_by":"Hexaghost","ascension_level":20}}