{"host":"1focbxb2e8qu7ccd","time":1613676315,"event":{"mods":["AchievementEnabler","BaseMod","Bestiary","Highlight Path","Minty Spire (QoL Compilation)","Relic Stats"],"gold_per_floor":[116,116,116,116,116,143,143,178,226,255,266,281,292,317,317,396,396,409,387,172,172,182,214,214,228,282,295,329,347,374,387,387,461,461,477,777,263,283,318,318,318,318],"floor_reached":41,"language":"ENG","playtime":4031,"items_purged":["Storm of Steel"],"score":1166,"play_id":"6562e12c-cc5e-48d9-ba56-085aa194c9c3","local_time":"20210218142515","is_ascension_mode":true,"campfire_choices":[{"data":"Glass Knife","floor":7.0,"key":"SMITH"},{"data":"Footwork","floor":15.0,"key":"SMITH"},{"floor":24.0,"key":"REST"},{"data":"Footwork","floor":32.0,"key":"SMITH"},{"floor":40,"key":"RECALL"}],"circlet_count":0,"master_deck":["AscendersBane","Strike_G+1","Strike_G+1","Strike_G+1","Defend_G","Defend_G","Defend_G","Defend_G","Defend_G","Survivor","Neutralize","Underhanded Strike","Glass Knife+1","Underhanded Strike+1","Masterful Stab","PiercingWail","Footwork+1","Footwork+1","Phantasmal Killer","Footwork","Leg Sweep","Glass Knife+1","Blur","Dodge and Roll","Dodge and Roll","Adrenaline","Tools of the Trade","HandOfGreed","Footwork","PiercingWail"],"relics":["Ring of the Snake","NeowsBlessing","Pear","Omamori","Whetstone","Pocketwatch","Letter Opener","SlaversCollar","Tiny Chest","Bag of Preparation","Pantograph","Snecko Eye","OrangePellets","Art of War"],"acts_visited":["TheBeyond"],"potions_floor_usage":[33,41,41],"damage_taken":[{"damage":0.0,"enemies":"Cultist","floor":1.0,"turns":1.0},{"damage":0.0,"enemies":"Lagavulin","floor":6.0,"turns":1.0},{"damage":0.0,"enemies":"Gremlin Nob","floor":8.0,"turns":1.0},{"damage":10.0,"enemies":"3 Sentries","floor":10.0,"turns":7.0},{"damage":0.0,"enemies":"Jaw Worm","floor":11.0,"turns":3.0},{"damage":0.0,"enemies":"Small Slimes","floor":12.0,"turns":1.0},{"damage":3.0,"enemies":"Blue Slaver","floor":13.0,"turns":3.0},{"damage":16.0,"enemies":"Lagavulin","floor":14.0,"turns":5.0},{"damage":11.0,"enemies":"Slime Boss","floor":16.0,"turns":10.0},{"damage":0.0,"enemies":"Spheric Guardian","floor":18.0,"turns":2.0},{"damage":14.0,"enemies":"2 Thieves","floor":19.0,"turns":4.0},{"damage":11.0,"enemies":"Centurion and Healer","floor":22.0,"turns":6.0},{"damage":6.0,"enemies":"Book of Stabbing","floor":23.0,"turns":6.0},{"damage":1.0,"enemies":"Snecko","floor":25.0,"turns":6.0},{"damage":10.0,"enemies":"Cultist and Chosen","floor":27.0,"turns":9.0},{"damage":13.0,"enemies":"Slavers","floor":28.0,"turns":5.0},{"damage":14.0,"enemies":"Centurion and Healer","floor":29.0,"turns":7.0},{"damage":0.0,"enemies":"Gremlin Leader","floor":30.0,"turns":5.0},{"damage":4.0,"enemies":"Snecko","floor":31.0,"turns":7.0},{"damage":26,"enemies":"Collector","floor":33,"turns":10},{"damage":4,"enemies":"Orb Walker","floor":35,"turns":4},{"damage":0,"enemies":"3 Darklings","floor":38,"turns":7},{"damage":0,"enemies":"Maw","floor":39,"turns":6},{"damage":67,"enemies":"Reptomancer","floor":41,"turns":7}],"seed_played":"-649629861858595794","potions_obtained":[{"floor":1.0,"key":"Poison Potion"},{"floor":6.0,"key":"LiquidMemories"},{"floor":11.0,"key":"Block Potion"},{"floor":16.0,"key":"CultistPotion"},{"floor":27.0,"key":"SneckoOil"},{"floor":30.0,"key":"GamblersBrew"},{"floor":35,"key":"SneckoOil"}],"is_trial":false,"path_per_floor":["M","?","?","?","?","E","R","E","T","E","M","M","M","E","R","B",null,"M","M","$","?","M","E","R","M","T","M","E","M","E","M","R","B",null,"M","?","$","M","M","R","E"],"character_chosen":"THE_SILENT","items_purchased":["Leg Sweep","Swift Potion","OrangePellets","Art of War","HandOfGreed"],"campfire_rested":1,"item_purchase_floors":[20,20,37,37,37],"current_hp_per_floor":[59,64,64,43,36,46,46,46,46,36,36,36,33,17,17,6,62,62,48,48,48,37,31,55,54,54,44,31,17,17,13,13,12,64,60,60,60,60,60,60,0,0],"gold":318,"neow_bonus":"THREE_ENEMY_KILL","is_daily":false,"chose_seed":false,"campfire_upgraded":3,"win_rate":0.0,"timestamp":1613676315,"path_taken":["M","?","?","?","?","E","R","E","T","E","?","M","M","E","R","BOSS","M","M","$","?","?","E","R","M","T","?","E","M","E","M","R","BOSS","M","?","$","?","M","R","E"],"items_purchased_type":["Card","Potion","Relic","Relic","Card"],"build_version":"2020-12-22","purchased_purges":1,"victory":false,"max_hp_per_floor":[66,71,71,71,71,81,81,81,81,81,81,81,81,81,81,81,81,81,81,81,81,81,81,81,81,81,81,81,81,81,81,81,81,81,81,81,81,81,81,81,81,81],"relic_stats":{"OrangePellets":[5],"counters":[10,67],"Pantograph":25,"Snecko Eye":[25,34,31,28],"Tiny Chest":0,"Bag of Preparation":[12],"Art of War":[4],"Whetstone":[],"Letter Opener":[130],"obtain_stats":[{"Pear":0,"NeowsBlessing":0,"Omamori":0,"Bag of Preparation":28,"Whetstone":0,"Letter Opener":0,"SlaversCollar":0,"OrangePellets":37,"Pantograph":30,"Snecko Eye":34,"Tiny Chest":0,"Art of War":37,"Ring of the Snake":0,"Pocketwatch":0},{"Pear":0,"NeowsBlessing":0,"Omamori":0,"Bag of Preparation":2,"Whetstone":0,"Letter Opener":0,"SlaversCollar":0,"OrangePellets":7,"Pantograph":4,"Snecko Eye":6,"Tiny Chest":0,"Art of War":7,"Ring of the Snake":0,"Pocketwatch":0},{"Pear":0,"NeowsBlessing":0,"Omamori":0,"Bag of Preparation":14,"Whetstone":0,"Letter Opener":0,"SlaversCollar":0,"OrangePellets":47,"Pantograph":26,"Snecko Eye":43,"Tiny Chest":0,"Art of War":47,"Ring of the Snake":0,"Pocketwatch":0}],"Ring of the Snake":[20],"Pocketwatch":[105]},"card_choices":[{"not_picked":["Bouncing Flask","Heel Hook"],"picked":"Underhanded Strike","floor":1.0},{"not_picked":["PiercingWail","Dodge and Roll"],"picked":"Glass Knife","floor":6.0},{"not_picked":["Bullet Time","Escape Plan"],"picked":"Underhanded Strike","floor":8.0},{"not_picked":["Deadly Poison","Bane"],"picked":"Masterful Stab","floor":10.0},{"not_picked":["Endless Agony","Slice","Backflip"],"picked":"SKIP","floor":11.0},{"not_picked":["Dagger Spray","Blade Dance"],"picked":"PiercingWail","floor":12.0},{"not_picked":["Accuracy","Deflect"],"picked":"Footwork","floor":13.0},{"not_picked":["Heel Hook","Dodge and Roll"],"picked":"Footwork","floor":14.0},{"not_picked":["After Image","Envenom"],"picked":"Phantasmal Killer","floor":16.0},{"not_picked":["PiercingWail","Outmaneuver"],"picked":"Footwork","floor":18.0},{"not_picked":["Infinite Blades","Accuracy+1","Catalyst"],"picked":"SKIP","floor":19.0},{"not_picked":["Flechettes","Infinite Blades+1","Flying Knee"],"picked":"SKIP","floor":22.0},{"not_picked":["Dagger Throw","Prepared","Well Laid Plans"],"picked":"SKIP","floor":23.0},{"not_picked":["Endless Agony","Outmaneuver","Riddle With Holes"],"picked":"SKIP","floor":25.0},{"not_picked":["Expertise","Sucker Punch"],"picked":"Blur","floor":27.0},{"not_picked":["Setup","Flechettes","Dagger Spray"],"picked":"SKIP","floor":28.0},{"not_picked":["Flying Knee","Deflect"],"picked":"Dodge and Roll","floor":29.0},{"not_picked":["All Out Attack","Infinite Blades"],"picked":"Dodge and Roll","floor":30.0},{"not_picked":["Prepared","Dodge and Roll"],"picked":"Adrenaline","floor":31.0},{"not_picked":["Grand Finale","Die Die Die"],"picked":"Tools of the Trade","floor":33},{"not_picked":["Flechettes","Backstab","Dagger Spray"],"picked":"SKIP","floor":35},{"not_picked":["Acrobatics","Sucker Punch"],"picked":"Footwork","floor":38},{"not_picked":["Sucker Punch","Setup+1"],"picked":"PiercingWail","floor":39}],"player_experience":1012747,"relics_obtained":[{"floor":6.0,"key":"Pear"},{"floor":8.0,"key":"Omamori"},{"floor":9.0,"key":"Whetstone"},{"floor":10.0,"key":"Pocketwatch"},{"floor":14.0,"key":"Letter Opener"},{"floor":23.0,"key":"Tiny Chest"},{"floor":28.0,"key":"Bag of Preparation"},{"floor":30.0,"key":"Pantograph"}],"event_choices":[{"damage_healed":0.0,"max_hp_gain":5.0,"max_hp_loss":0.0,"gold_gain":0.0,"event_name":"Big Fish","player_choice":"Donut","floor":2.0,"gold_loss":0.0,"damage_taken":0.0},{"damage_healed":0.0,"max_hp_gain":0.0,"max_hp_loss":0.0,"gold_gain":0.0,"cards_transformed":["Strike_G"],"event_name":"Living Wall","player_choice":"Change","floor":3.0,"gold_loss":0.0,"damage_taken":0.0,"cards_obtained":["Storm of Steel"]},{"damage_healed":0.0,"max_hp_gain":0.0,"max_hp_loss":0.0,"gold_gain":0.0,"event_name":"Shining Light","player_choice":"Entered Light","floor":4.0,"gold_loss":0.0,"damage_taken":21.0,"cards_upgraded":["Strike_G","Strike_G"]},{"cards_removed":["Strike_G"],"damage_healed":0.0,"max_hp_gain":0.0,"max_hp_loss":0.0,"gold_gain":0.0,"event_name":"Golden Wing","player_choice":"Card Removal","floor":5.0,"gold_loss":0.0,"damage_taken":7.0},{"damage_healed":0.0,"max_hp_gain":0.0,"max_hp_loss":0.0,"gold_gain":0.0,"event_name":"Duplicator","player_choice":"Copied","floor":21.0,"gold_loss":0.0,"damage_taken":0.0,"cards_obtained":["Glass Knife"]},{"damage_healed":0,"gold_gain":300,"player_choice":"Gold","damage_taken":0,"max_hp_gain":0,"max_hp_loss":0,"event_name":"Wheel of Change","floor":36,"gold_loss":0}],"is_beta":false,"boss_relics":[{"not_picked":["Philosopher\u0027s Stone","WristBlade"],"picked":"SlaversCollar"},{"not_picked":["Calling Bell","Ring of the Serpent"],"picked":"Snecko Eye"}],"items_purged_floors":[20],"is_endless":false,"potions_floor_spawned":[1,6,11,12,14,16,22,25,27,30,31,35],"killed_by":"Reptomancer","ascension_level":20}}