{"host":"otq8dfq4j7e4v22n","time":1613686778,"event":{"mods":["BaseMod","Bestiary","Better Third Choice","Curses Come First","Marisa????????","Minty Spire (QoL Compilation)","Permanent Neow","Relic Stats","StSLib","Transform Curses"],"gold_per_floor":[114,134,144,144,160,160,186,198,198,216,227,243,243,243,243,314,314,331,347,367,198,198,198,225,225,294,294,327,345,395,63,63,136,136,149,174,221,233,249,249,249,284,284,209,242,242,256,256,256],"floor_reached":48,"language":"ENG","playtime":3927,"items_purged":["OortCloud"],"score":1164,"play_id":"8fc5729e-128c-481c-9fd8-7a739e1cd486","local_time":"20210218161938","daily_mods":["SealedDeck","Heirloom"],"is_ascension_mode":true,"campfire_choices":[{"data":"OneTimeOff","floor":6,"key":"SMITH"},{"floor":13,"key":"REST"},{"data":"Acceleration","floor":15,"key":"SMITH"},{"data":"EnergyFlow","floor":23,"key":"SMITH"},{"data":"GrandCross","floor":25,"key":"SMITH"},{"floor":32,"key":"REST"},{"data":"Acceleration","floor":40,"key":"SMITH"}],"circlet_count":0,"master_deck":["AscendersBane","Acceleration+1","MagicAbsorber","EnergyFlow+1","DeepEcoloBomb","SporeBomb","GrandCross+1","PowerUp","MilkyWay+1","PowerUp+1","NonDirectionalLaser","6A+1","AsteroidBelt","OneTimeOff+1","FairyDestructionRay","Acceleration+1","OrrerysSun","CasketOfStar","GrandCross+1","EventHorizon+1","ShootTheMoon+1","Parasite","Parasite","UltimateShortwave","GrandCross+1"],"relics":["BewitchedHakkero","CaptainsWheel","CultistMask","Bottled Tornado","Eternal Feather","Anchor","Sozu","Juzu Bracelet","Oddly Smooth Stone","Singing Bowl","BreadOfAWashokuLover","Kunai","ShroomBag","War Paint","StoneCalendar","Torii","Ice Cream","Whetstone"],"acts_visited":["Exordium","TheCity","TheBeyond"],"potions_floor_usage":[5,8,16,37],"damage_taken":[{"damage":0,"enemies":"Small Slimes","floor":1,"turns":2},{"damage":0,"enemies":"Cultist","floor":2,"turns":2},{"damage":0,"enemies":"Jaw Worm","floor":3,"turns":2},{"damage":4,"enemies":"Large Slime","floor":5,"turns":4},{"damage":0,"enemies":"Lagavulin","floor":7,"turns":5},{"damage":3,"enemies":"3 Louse","floor":8,"turns":2},{"damage":4,"enemies":"2 Fungi Beasts","floor":10,"turns":3},{"damage":3,"enemies":"Exordium Thugs","floor":11,"turns":3},{"damage":20,"enemies":"Gremlin Gang","floor":12,"turns":2},{"damage":14,"enemies":"Hexaghost","floor":16,"turns":6},{"damage":0,"enemies":"Chosen","floor":18,"turns":5},{"damage":0,"enemies":"Spheric Guardian","floor":19,"turns":3},{"damage":0,"enemies":"3 Cultists","floor":20,"turns":4},{"damage":22,"enemies":"Slavers","floor":24,"turns":4},{"damage":40,"enemies":"Gremlin Leader","floor":28,"turns":5},{"damage":0,"enemies":"Cultist and Chosen","floor":29,"turns":4},{"damage":6,"enemies":"Champ","floor":33,"turns":6},{"damage":17,"enemies":"3 Shapes","floor":35,"turns":4},{"damage":16,"enemies":"Mind Bloom Boss Battle","floor":36,"turns":6},{"damage":35,"enemies":"2 Orb Walkers","floor":37,"turns":5},{"damage":1,"enemies":"3 Darklings","floor":38,"turns":3},{"damage":20,"enemies":"4 Shapes","floor":39,"turns":3},{"damage":18,"enemies":"Giant Head","floor":42,"turns":5},{"damage":34,"enemies":"Nemesis","floor":45,"turns":5},{"damage":37,"enemies":"Maw","floor":47,"turns":5},{"damage":58,"enemies":"Reptomancer","floor":48,"turns":4}],"seed_played":"4202888446440143077","potions_obtained":[{"floor":3,"key":"ColorlessPotion"},{"floor":7,"key":"Block Potion"},{"floor":11,"key":"BlessingOfTheForge"},{"floor":12,"key":"BottledSpark"}],"is_trial":true,"path_per_floor":["M","M","M","?","M","R","E","M","T","M","M","M","R","T","R","B",null,"M","M","M","$","?","R","E","R","T","T","E","M","?","$","R","B",null,"M","?","?","M","M","R","?","E","T","$","E","?","M","E"],"character_chosen":"MARISA","items_purchased":["Juzu Bracelet","ShroomBag","War Paint"],"campfire_rested":2,"item_purchase_floors":[21,31,31],"current_hp_per_floor":[63,63,63,63,59,59,59,56,56,52,49,29,59,59,68,54,66,66,66,66,66,66,70,48,60,60,60,23,27,27,27,61,64,73,67,72,41,46,30,45,45,33,33,33,5,83,50,0,0],"gold":256,"neow_bonus":"","is_daily":false,"chose_seed":false,"campfire_upgraded":5,"win_rate":0.0,"timestamp":1613686778,"path_taken":["M","M","M","?","?","R","E","M","T","M","M","M","R","?","R","BOSS","M","M","M","?","?","R","E","R","T","?","E","M","?","$","R","BOSS","M","?","?","M","M","R","?","E","T","$","E","?","M","E"],"items_purchased_type":["Relic","Relic","Relic"],"build_version":"2020-12-22","purchased_purges":1,"victory":false,"max_hp_per_floor":[70,70,70,70,70,70,70,70,70,70,70,70,70,70,70,70,70,70,70,70,70,70,70,70,70,70,70,72,74,74,74,74,76,76,78,93,93,95,97,97,97,99,99,99,101,83,83,83,83],"relic_stats":{"Sozu":7,"Singing Bowl":18,"Torii":8,"counters":[26,102],"Eternal Feather":61,"StoneCalendar":[0],"Juzu Bracelet":2,"Kunai":[23],"Whetstone":["ShootTheMoon","6A"],"War Paint":["PowerUp","MilkyWay"],"obtain_stats":[{"Ice Cream":42,"Singing Bowl":26,"Torii":37,"Oddly Smooth Stone":24,"Eternal Feather":9,"BreadOfAWashokuLover":27,"StoneCalendar":36,"Juzu Bracelet":21,"Whetstone":45,"Bottled Tornado":7,"War Paint":31,"Sozu":17,"ShroomBag":31,"CaptainsWheel":0,"Anchor":14,"CultistMask":4,"MiniHakkero":0,"Kunai":28,"BewitchedHakkero":34},{"Ice Cream":23,"Singing Bowl":14,"Torii":20,"Oddly Smooth Stone":14,"Eternal Feather":6,"BreadOfAWashokuLover":14,"StoneCalendar":19,"Juzu Bracelet":13,"Whetstone":24,"Bottled Tornado":5,"War Paint":16,"Sozu":10,"ShroomBag":16,"CaptainsWheel":0,"Anchor":9,"CultistMask":3,"MiniHakkero":0,"Kunai":15,"BewitchedHakkero":17},{"Ice Cream":88,"Singing Bowl":47,"Torii":77,"Oddly Smooth Stone":47,"Eternal Feather":17,"BreadOfAWashokuLover":47,"StoneCalendar":72,"Juzu Bracelet":43,"Whetstone":93,"Bottled Tornado":15,"War Paint":56,"Sozu":31,"ShroomBag":56,"CaptainsWheel":0,"Anchor":25,"CultistMask":6,"MiniHakkero":0,"Kunai":52,"BewitchedHakkero":62}]},"card_choices":[{"not_picked":["MysteriousBeam","Acceleration"],"picked":"NonDirectionalLaser","floor":1},{"not_picked":["GravityBeat","DoubleSpark"],"picked":"6A","floor":2},{"not_picked":["IllusionStar","LuminesStrike"],"picked":"AsteroidBelt","floor":3},{"not_picked":["ShootingEcho","IllusionStar"],"picked":"OneTimeOff","floor":5},{"not_picked":["DC","GalacticHalo","StarBarrage"],"picked":"SKIP","floor":7},{"not_picked":["Singularity","DeepEcoloBomb"],"picked":"FairyDestructionRay","floor":8},{"not_picked":["ShootingEcho","PropBag"],"picked":"Acceleration","floor":10},{"not_picked":["DarkSpark","MysteriousBeam","SporeBomb"],"picked":"SKIP","floor":11},{"not_picked":["CollectingQuirk","PowerUp"],"picked":"OrrerysSun","floor":12},{"not_picked":["FinalSpark","SuperNova"],"picked":"CasketOfStar","floor":16},{"not_picked":["DoubleSpark","GravityBeat+1","AsteroidBelt"],"picked":"SKIP","floor":18},{"not_picked":["EnergyRecoil+1","EarthLightRay"],"picked":"GrandCross+1","floor":19},{"not_picked":["Acceleration","GalacticHalo"],"picked":"EventHorizon+1","floor":20},{"not_picked":["TreasureHunter","WitchOfGreed"],"picked":"ShootTheMoon","floor":24},{"not_picked":["SporeBomb+1","ManaRampage","GalacticHalo"],"picked":"Singing Bowl","floor":28},{"not_picked":["ShootingEcho","Acceleration","Orbital"],"picked":"Singing Bowl","floor":29},{"not_picked":["SuperNova","BlazingStar","StarDustReverie"],"picked":"Singing Bowl","floor":33},{"not_picked":["GalacticHalo","StarBarrage","6A"],"picked":"Singing Bowl","floor":35},{"not_picked":["GalacticHalo+1","AsteroidBelt","Robbery+1"],"picked":"Singing Bowl","floor":36},{"not_picked":["MachineGunSpark","Acceleration"],"picked":"UltimateShortwave","floor":37},{"not_picked":["MysteriousBeam","PowerUp","ShootingEcho"],"picked":"Singing Bowl","floor":38},{"not_picked":["DC","GalacticHalo+1","PowerUp+1"],"picked":"Singing Bowl","floor":39},{"not_picked":["BlazeAway","ShootingEcho+1","StarlightTyphoon"],"picked":"Singing Bowl","floor":42},{"not_picked":["EventHorizon+1","EnergyFlow","Occultation"],"picked":"Singing Bowl","floor":45},{"not_picked":["SporeBomb","ChargeUpSpray"],"picked":"GrandCross+1","floor":47}],"player_experience":146254,"relics_obtained":[{"floor":7,"key":"Bottled Tornado"},{"floor":9,"key":"Eternal Feather"},{"floor":14,"key":"Anchor"},{"floor":24,"key":"Oddly Smooth Stone"},{"floor":26,"key":"Singing Bowl"},{"floor":27,"key":"BreadOfAWashokuLover"},{"floor":28,"key":"Kunai"},{"floor":36,"key":"StoneCalendar"},{"floor":37,"key":"Torii"},{"floor":42,"key":"Ice Cream"},{"floor":45,"key":"Whetstone"}],"event_choices":[{"damage_healed":0,"gold_gain":0,"player_choice":"Trade","damage_taken":0,"relics_obtained":["CultistMask"],"max_hp_gain":0,"max_hp_loss":0,"event_name":"FaceTrader","floor":4,"gold_loss":0},{"damage_healed":0,"gold_gain":0,"player_choice":"Got Potions","damage_taken":0,"max_hp_gain":0,"max_hp_loss":0,"event_name":"Lab","floor":22,"gold_loss":0},{"damage_healed":0,"gold_gain":100,"player_choice":"Bet on Murderer","damage_taken":0,"max_hp_gain":0,"max_hp_loss":0,"event_name":"The Joust","floor":30,"gold_loss":50},{"damage_healed":0,"gold_gain":0,"player_choice":"Fight","damage_taken":0,"max_hp_gain":0,"max_hp_loss":0,"event_name":"MindBloom","floor":36,"gold_loss":0},{"damage_healed":0,"gold_gain":0,"player_choice":"Fight","damage_taken":0,"max_hp_gain":0,"max_hp_loss":0,"event_name":"Mysterious Sphere","floor":37,"gold_loss":0},{"damage_healed":0,"gold_gain":0,"player_choice":"Ignored","damage_taken":0,"max_hp_gain":0,"max_hp_loss":0,"event_name":"Tomb of Lord Red Mask","floor":41,"gold_loss":0},{"damage_healed":83,"gold_gain":0,"player_choice":"Heal","damage_taken":0,"max_hp_gain":0,"max_hp_loss":18,"event_name":"The Moai Head","floor":46,"gold_loss":0}],"is_beta":false,"boss_relics":[{"not_picked":["SacredBark","SlaversCollar"],"picked":"Sozu"},{"not_picked":["Cursed Key","Velvet Choker"],"picked":"BewitchedHakkero"}],"items_purged_floors":[44],"is_endless":false,"potions_floor_spawned":[3,7,11,12,19,28,37,39,47],"killed_by":"Reptomancer","ascension_level":20}}