{"host":"359hz4210ybch7ku","time":1613629295,"event":{"mods":["BaseMod","Block Reminder","Colored Map","Colored Powertips","Highlight Path","Minty Spire (QoL Compilation)","Slay the Relics Exporter","StSLib"],"gold_per_floor":[118,118,142,62,62,62,62,101,101,101,126,126,141,164,164,164,164],"floor_reached":16,"language":"ENG","playtime":898,"items_purged":[],"score":175,"play_id":"c0c1035d-0af4-43ea-b60a-16531660faf3","local_time":"20210217222135","is_ascension_mode":true,"campfire_choices":[{"data":"TalkToTheHand","floor":6.0,"key":"SMITH"},{"data":"MasterReality","floor":10.0,"key":"SMITH"},{"data":"Eruption","floor":12.0,"key":"SMITH"},{"data":"Prostrate","floor":15.0,"key":"SMITH"}],"circlet_count":0,"master_deck":["Strike_P","Strike_P+1","Strike_P","Strike_P","Defend_P","Defend_P","Defend_P","Eruption+1","Vigilance","JustLucky+1","TalkToTheHand+1","Nirvana","MasterReality+1","Prostrate+1","ThirdEye","Sanctity"],"relics":["PureWater","NeowsBlessing","Golden Idol","Blue Candle","Mango"],"acts_visited":[],"potions_floor_usage":[16,16,16],"damage_taken":[{"damage":0.0,"enemies":"Small Slimes","floor":1.0,"turns":1.0},{"damage":0.0,"enemies":"2 Louse","floor":3.0,"turns":1.0},{"damage":0.0,"enemies":"3 Sentries","floor":8.0,"turns":2.0},{"damage":0.0,"enemies":"Jaw Worm","floor":11.0,"turns":3.0},{"damage":8.0,"enemies":"3 Louse","floor":13.0,"turns":2.0},{"damage":1.0,"enemies":"2 Fungi Beasts","floor":14.0,"turns":5.0},{"damage":52,"enemies":"Hexaghost","floor":16,"turns":16}],"seed_played":"-2397415880150268071","potions_obtained":[{"floor":8.0,"key":"Strength Potion"},{"floor":13.0,"key":"DuplicationPotion"},{"floor":14.0,"key":"Strength Potion"}],"is_trial":false,"path_per_floor":["M","?","M","$","?","R","?","E","T","R","M","R","M","M","R","B"],"character_chosen":"WATCHER","items_purchased":["Nirvana"],"campfire_rested":0,"item_purchase_floors":[4],"current_hp_per_floor":[65,65,65,65,52,52,45,45,59,59,59,59,51,50,50,0,0],"gold":164,"neow_bonus":"THREE_ENEMY_KILL","is_daily":false,"chose_seed":false,"campfire_upgraded":4,"win_rate":0.0,"timestamp":1613629295,"path_taken":["M","?","M","$","?","R","?","E","T","R","M","R","M","M","R","BOSS"],"items_purchased_type":["Card"],"build_version":"2020-12-22","purchased_purges":0,"victory":false,"max_hp_per_floor":[72,67,67,67,67,67,67,67,81,81,81,81,81,81,81,81,81],"card_choices":[{"not_picked":["Swivel","EmptyFist"],"picked":"JustLucky","floor":1.0},{"not_picked":["MentalFortress","Halt"],"picked":"TalkToTheHand","floor":3.0},{"not_picked":["Tantrum","CarveReality"],"picked":"MasterReality","floor":8.0},{"not_picked":["DeceiveReality","Tantrum"],"picked":"Prostrate","floor":11.0},{"not_picked":["EmptyBody","EmptyFist"],"picked":"ThirdEye","floor":13.0},{"not_picked":["SandsOfTime","EmptyMind"],"picked":"Sanctity","floor":14.0}],"player_experience":326669,"relics_obtained":[{"floor":8.0,"key":"Blue Candle"},{"floor":9.0,"key":"Mango"}],"event_choices":[{"damage_healed":0.0,"max_hp_gain":0.0,"max_hp_loss":5.0,"gold_gain":0.0,"event_name":"Golden Idol","player_choice":"Lose Max HP","floor":2.0,"gold_loss":0.0,"damage_taken":0.0,"relics_obtained":["Golden Idol"]},{"damage_healed":0.0,"max_hp_gain":0.0,"max_hp_loss":0.0,"gold_gain":0.0,"event_name":"Shining Light","player_choice":"Entered Light","floor":5.0,"gold_loss":0.0,"damage_taken":13.0,"cards_upgraded":["JustLucky","Strike_P"]},{"cards_removed":["Defend_P"],"damage_healed":0.0,"max_hp_gain":0.0,"max_hp_loss":0.0,"gold_gain":0.0,"event_name":"Golden Wing","player_choice":"Card Removal","floor":7.0,"gold_loss":0.0,"damage_taken":7.0}],"is_beta":false,"boss_relics":[],"items_purged_floors":[],"is_endless":false,"potions_floor_spawned":[8,13,14],"killed_by":"Hexaghost","ascension_level":8}}