{"host":"avq773cl9g5msfol","time":1613673170,"event":{"mods":["100% Spire Juice","AchievementEnabler","Act Like it!","Ascension Unlocker","Aspiration","Astrologer","Bard","Bartender","BaseMod","Better Altar","Better Third Choice","BetterRewards","CapriCore","ChefMod","Colored Map","Colored Powertips","Conspire","Dio Mod","Downfall","Elementarium","Energized Spire","Extra Virgin Snecko Oil","Gensokyo","GifTheSpireLib","Hallownest","Hermit","Highlight Path","Hubris","Humility","Infinite Spire","Jorbs\u0027s Wanderer Trilogy","Koishi","Magitek Elite","Marisa????????","Marked Mod","Menagerie","Minty Spire (QoL Compilation)","Pale of the Ancients","Potionbrewer","Quarter Circle Forward PUNCH!","Rare Cards Sparkle","Reimu??????","Relic Stats","Reliquary","Remilia??????","Replay The Spire","Robot Space Explorer","SacredBarkPlus","Shade Mod","Shapeshifter Mod","Somnambulant","Spicy Shops","Spire Arcade","StSLib","The Administrix","The Blue Laboratory","The Bug Knight","The Construct","The Cursed","The Disciple","The Dragon Tamer","The Exalted","The Hayseed","The Hierophant","The Hydrologist","The Immortal","The Marked","The Mystic","The Problem Sleuth","The Runesmith","The Senshi","The Vixen","The Wild Card","TheFirefly","Wandering Minibosses","Wide Potions","vexMod"],"gold_per_floor":[115,126,126,126,136,164,164,164,164,189,189,218,229,256,256,330,330,344,344,358,373,333,358,358,358,410,426,445,455,484,444,444,518,518,531,545,545,545,558,558,572,597,597,609,624,650,101,129,129,129,129],"floor_reached":52,"language":"ENG","playtime":2764,"items_purged":["KamiSacrifice:ReiMu+1"],"score":3409,"play_id":"a502e9d6-5e9f-49ed-8bad-8b0d6b7a7404","local_time":"20210219013250","is_ascension_mode":true,"campfire_choices":[{"data":"NB:ReiMu","floor":7,"key":"SMITH"},{"floor":15,"key":"REST"},{"floor":25,"key":"REST"},{"floor":32,"key":"REST"},{"data":"Stagnation:ReiMu","floor":40,"key":"SMITH"},{"floor":49,"key":"REST"}],"circlet_count":0,"master_deck":["AscendersBane","NB:ReiMu+1","Stagnation:ReiMu+1","OctopathBindingBorder2:ReiMu+1","Intuition:ReiMu+1","CleanRite:ReiMu+1","Crusade:ReiMu+1","UniversalSpiritual:ReiMu+1","InherentArray:ReiMu+1","SubcavityInstant:ReiMu+1","Conquer:ReiMu+1","SpreadBorder2:ReiMu+1","YinYang:ReiMu+1","Panache+1","Amulet:ReiMu+1","FineLineFantasy:ReiMu+1","AlertArray:ReiMu+1","WonderfulDomain:ReiMu+1","PassingAway:ReiMu+1","DoubleButterfly:ReiMu+1","Enchanting:ReiMu+1","EmergencyTakeOff:ReiMu+1","Finesse+1","UpKicking:ReiMu+1","DependentForm:ReiMu+1","RainPray2:ReiMu+1","Sadistic Nature+1","BlastKick2:ReiMu+1","AirManeuver:ReiMu+1","NineCharacters:ReiMu+1","PhosphorusFlame:ReiMu+1","Authority:ReiMu+1","wanderingMiniBosses:FinaleOfPromise","SealNeedle:ReiMu+1","CeremonyResonance:ReiMu+1","SafetyPray:ReiMu+1","ReplayTheSpireMod:Black Plague+1","SubcavityFantasy:ReiMu+1","Bandage Up+1","LearningPray:ReiMu+1"],"relics":["FlyPower:ReiMu","Golden Egg","Quantum Egg","hubris:64BitClover","CheatingSign:ReiMu","Mummified Hand","Ice Cream","reliquary:GummyVitamins","Turnip","OrangePellets","TentaclePot:ReiMu","Strange Spoon","hubris:CuriousFeather","champ:DuelingGlove","Slimebound:PreparedRelic","theSenshi:SuperSailorFukuRelic","Replay:Bronze Core","hubris:EvacipatedBox","hubris:FruitBowl","Vajra","TheVixenMod:UmbreonRelic","potionbrewer:WarMedal","wanderingMiniBosses:Blackblade","infinitespire:Cupcake","qcfpunch:Red_Gi","PureWhite:ReiMu","Incense Burner","Replay:Baseball"],"acts_visited":["Exordium","Gensokyo:Gensokyoer","TheBeyond"],"potions_floor_usage":[16,23,42,48],"damage_taken":[{"damage":0,"enemies":"infinitespire:Voidling","floor":1,"turns":2},{"damage":0,"enemies":"2 Louse","floor":2,"turns":1},{"damage":0,"enemies":"conspire:RoseBush","floor":5,"turns":3},{"damage":5,"enemies":"3 Sentries","floor":6,"turns":2},{"damage":0,"enemies":"Replay:BlueRogue","floor":10,"turns":2},{"damage":1,"enemies":"HollowMod:MossKnight","floor":12,"turns":4},{"damage":17,"enemies":"Gremlin Gang","floor":13,"turns":3},{"damage":0,"enemies":"Gremlin Nob","floor":14,"turns":3},{"damage":0,"enemies":"Hexaghost","floor":16,"turns":3},{"damage":0,"enemies":"Gensokyo:2_Gloops","floor":18,"turns":4},{"damage":18,"enemies":"Gensokyo:3_Dogs","floor":20,"turns":4},{"damage":0,"enemies":"Gensokyo:3_Gloops","floor":21,"turns":2},{"damage":0,"enemies":"Gensokyo:3_Gloops","floor":22,"turns":4},{"damage":0,"enemies":"Gensokyo:Tenshi","floor":23,"turns":3},{"damage":0,"enemies":"Gensokyo:Monolith_and_Dog","floor":27,"turns":2},{"damage":0,"enemies":"Gensokyo:Swordslinger","floor":28,"turns":3},{"damage":0,"enemies":"Gensokyo:Wraith","floor":29,"turns":5},{"damage":0,"enemies":"Gensokyo:Reisen","floor":30,"turns":2},{"damage":0,"enemies":"Gensokyo:Kaguya","floor":33,"turns":4},{"damage":1,"enemies":"3 Shapes","floor":35,"turns":2},{"damage":0,"enemies":"3 Darklings","floor":36,"turns":3},{"damage":0,"enemies":"4 Shapes","floor":39,"turns":2},{"damage":0,"enemies":"Sphere and 2 Shapes","floor":41,"turns":2},{"damage":14,"enemies":"Nemesis","floor":42,"turns":5},{"damage":0,"enemies":"Jaw Worm Horde","floor":44,"turns":3},{"damage":0,"enemies":"Writhing Mass","floor":45,"turns":1},{"damage":0,"enemies":"Giant Head","floor":46,"turns":3},{"damage":0,"enemies":"R_Hoarder","floor":48,"turns":4},{"damage":0,"enemies":"infinitespire:MassOfShapes","floor":50,"turns":4},{"damage":0,"enemies":"conspire:OrnateMirror","floor":51,"turns":3}],"seed_played":"6726519336862129438","potions_obtained":[{"floor":12,"key":"blueLaboratory:ImpenetrablePotion"},{"floor":21,"key":"blueLaboratory:ForbiddenFruitJuice"},{"floor":28,"key":"potionbrewer:AcidPotion"},{"floor":48,"key":"potionbrewer:SplittingPotion"}],"is_trial":false,"path_per_floor":["M","M","?","?","M","E","R","?","T","E","$","E","M","E","R","B",null,"M","$","M","M","?","E","?","R","T","M","M","M","E","?","R","B",null,"M","M","?","?","M","R","M","E","T","M","M","E","$","E","R","B","B",null],"character_chosen":"REIMU","items_purchased":["InherentArray:ReiMu","SubcavityInstant:ReiMu","Conquer:ReiMu+1","SpreadBorder2:ReiMu","YinYang:ReiMu","hubris:64BitClover","CheatingSign:ReiMu","Panache","Amulet:ReiMu","Explosive Potion","potionbrewer:EndurancePotion","Mummified Hand","FineLineFantasy:ReiMu","AlertArray:ReiMu","WonderfulDomain:ReiMu+1","Ice Cream","PassingAway:ReiMu","reliquary:GummyVitamins","DoubleButterfly:ReiMu","Enchanting:ReiMu","EmergencyTakeOff:ReiMu","Finesse","Turnip","OrangePellets","UpKicking:ReiMu","TentaclePot:ReiMu","DependentForm:ReiMu","RainPray2:ReiMu","Strange Spoon","hubris:CuriousFeather","Sadistic Nature","BlastKick2:ReiMu","champ:DuelingGlove","AirManeuver:ReiMu","NineCharacters:ReiMu","hubris:EvacipatedBox","hubris:FruitBowl","Bandage Up","LearningPray:ReiMu","Incense Burner"],"campfire_rested":4,"item_purchase_floors":[0,0,0,0,0,0,0,0,0,0,0,0,0,0,0,0,0,0,0,0,0,0,0,0,0,0,0,0,0,0,0,0,0,0,0,19,19,47,47,47],"current_hp_per_floor":[54,54,54,54,54,49,49,60,60,60,60,59,42,42,60,60,60,60,22,4,4,4,4,4,22,22,22,22,22,22,22,40,40,55,54,54,40,40,40,40,40,26,26,26,26,26,26,32,50,50,56],"gold":129,"neow_bonus":"","is_daily":false,"chose_seed":false,"campfire_upgraded":2,"win_rate":0.0,"timestamp":1613673170,"path_taken":["M","?","?","?","?","E","R","?","T","E","$","E","M","E","R","BOSS","M","?","M","M","?","E","?","R","T","M","M","?","E","?","R","BOSS","M","M","?","?","?","R","M","E","T","?","M","E","$","E","R","BOSS","BOSS"],"items_purchased_type":["Card","Card","Card","Card","Card","Relic","Relic","Card","Card","Potion","Potion","Relic","Card","Card","Card","Relic","Card","Relic","Card","Card","Card","Card","Relic","Relic","Card","Relic","Card","Card","Relic","Relic","Card","Card","Relic","Card","Card","Relic","Relic","Card","Card","Relic"],"build_version":"2020-12-22","purchased_purges":1,"victory":true,"max_hp_per_floor":[60,60,60,60,60,60,60,60,60,60,60,60,60,60,60,60,60,60,60,60,60,60,60,60,60,60,60,60,60,60,60,60,60,60,60,60,60,60,60,60,60,60,60,60,60,60,60,60,60,60,60],"relic_stats":{"OrangePellets":[74],"Strange Spoon":[146],"counters":[212,723],"Mummified Hand":[212],"Turnip":[26],"obtain_stats":[{"Golden Egg":0,"infinitespire:BottledMercury":43,"vexMod:MemoryStick":43,"ScarletDevilRocket":34,"Bromod:ArcaneNullifier":46,"wanderingMiniBosses:OtherGremlinHorn":31,"Ginger":23,"vexMod:RockOfEvil":34,"aspiration:RitualStick":19,"Replay:Wanted Poster":34,"Replay:Ringing Soul":26,"conspire:GlowingRock":6,"infinitespire:ShieldingShard":0,"Ribbon":0,"vexMod:EndlessSickness":17,"Replay:Bronze Core":34,"DemoMod:MeltedRock":14,"DemoMod:LamentConfigurum":20,"qcfpunch:Red_Cyclone_Teachings":26,"aspiration:DSix":44,"HollowMod:QueensCombRelic":6,"construct:RocketBooster":24,"Gensokyo:TheCrow":41,"DemoMod:OrangeGuonStone":0,"TentaclePot:ReiMu":0,"HollowMod:JonisBlessing":0,"Pen Nib":27,"Guardian:PocketSentry":11,"aspiration:FrozenJewel":0,"Akabeko":27,"infinitespire:EvilPickle":37,"SlaversCollar":40,"Elementarium:ElementariumTrophy":33,"qcfpunch:Broken_Tusk":46,"Pandora\u0027s Box":0,"reliquary:GummyVitamins":0,"energizedSpire:MagnifyingGlass":28,"paleoftheancients:SoulOfTheShowman":53,"infinitespire:Cupcake":34,"vexMod:PlasmaPancake":11,"Lantern":0,"StoneCalendar":40,"AdministrixMod:CrackedTaijitu":0,"wanderingMiniBosses:AbyssPearl":37,"Mythril_Glove":38,"hubris:EmptyBottle":0,"White_Cape":0,"Hallownest:GodTamersBeastRelic":37,"qcfpunch:Crimson_Sash":4,"hubris:EvacipatedBox":0,"Replay:Rubber Ducky":23,"Matryoshka":0,"FadedRune:ReiMu":0,"Ring of Peace":27,"AntiCross":6,"hubris:CuriousFeather":0,"WingedGreaves":2,"DemoMod:GnawedKey":0,"qcfpunch:Cattail":44,"InkBottle":28,"AdministrixMod:DragonsEyeCharm":0,"Potion Belt":0,"Lee\u0027s Waffle":0,"Runesmith:Nanobots":6,"construct:ClawGrip":17,"hubris:64BitClover":9,"Guardian:GemstoneGun":0,"DemoMod:WeirdEgg":8,"PreservedInsect":0,"The Courier":26,"DemoMod:PinkGuonStone":0,"Protect_Vest":49,"infinitespire:CheckeredPen":6,"infinitespire:Lucky Rock":6,"hubris:Towel":1,"MawBank":10,"PureWhite:ReiMu":26,"Busted Crown":34,"Turnip":0,"Bottled Lightning":48,"AdministrixMod:PrescriptionBottle":0,"ReplayTheSpireMod:Lightbulb":23,"wanderingMiniBosses:Inkheart":20,"Elementarium:FlickeringLantern":21,"Toy Ornithopter":44,"hubris:BottledRain":29,"DemoMod:GreenGuonStone":0,"Ice Cream":0,"champ:DuelingGlove":0,"DemoMod:BlueGuonStone":48,"hubris:CrystalStatue":0,"Calipers":0,"Menagerie:HuntersKnife":5,"Vajra":0,"ZunR:ReiMu":21,"DemoMod:GlassGuonStoneRelic":11,"AdministrixMod:ConductorRitualBaton":0,"DemoMod:RiddleOfLead":34,"RedLine:ReiMu":17,"HornCleat":48,"qcfpunch:Red_Gi":43,"vexMod:RetaliationKit":31,"Girya":9,"chefmod:TrustyPot":0,"paleoftheancients:KeyRelic":51,"potionbrewer:WarMedal":23,"Choco_Feather":8,"Dead Branch":0,"Oddly Smooth Stone":28,"wanderingMiniBosses:MasterThiefsPresence":22,"hubris:FruitBowl":19,"conspire:Boomerang":25,"aspiration:SeaSaltIceCream":4,"Letter Opener":48,"War Paint":29,"paleoftheancients:Timepiece":51,"OrangePellets":42,"Bottled Flame":13,"Replay:Baseball":29,"ReplayTheSpireMod:Shallot":4,"wanderingMiniBosses:Blackblade":29,"Bronze Scales":46,"Slimebound:PreparedRelic":6,"ReplayTheSpireMod:TigerMarble":9,"infinitespire:EmpoweringShard":43,"hubris:ToyBattleship":14,"Mirror":40,"FlyPower:ReiMu":0,"hermit:Momento":0,"ReplayTheSpireMod:Ring of Exchange":27,"theSenshi:SuperSailorFukuRelic":12,"SacredBark":34,"conspire:SpecialSausage":3,"aspiration:TomeofQuesting":43,"Yang":0,"Juzu Bracelet":0,"Hallownest:DreamNailRelic":3,"hubris:SlimyHat":0,"Incense Burner":47,"Replay:Mystery Machine":13,"DemoMod:WhiteGuonStone":0,"Bow_fan:ReiMu":0,"PrismaticShard":31,"conspire:TopHat":26,"ClockworkSouvenir":0,"DemoMod:SevenLeafClover":0,"Frozen Eye":29,"Nunchaku":0,"energizedSpire:CursedPentagram":17,"Bromod:ArcaneTrickery":0,"Mummified Hand":0,"Bromod:ArcaneTempo":24,"qcfpunch:Wrestler\u0027s_Cloak":0,"Cracked Core":0,"TheVixenMod:UmbreonRelic":22,"Hallownest:BeastSealRelic":39,"hubris:KleinBottle":46,"Hallownest:SalubrasBlessingRelic":10,"qcfpunch:Army_Boots":13,"hubris:DisguiseKit":27,"ReplayTheSpireMod:Ninjato":3,"Replay:Towering Pillar of Hats":0,"infinitespire:CursedDice":43,"aspiration:RunicSpoon":0,"Quantum Egg":2,"aspiration:HummingbirdHeart":55,"aspiration:SecretTechniqueScroll":17,"White Beast Statue":43,"Strange Spoon":0,"Anchor":0,"CaptainsWheel":5,"infinitespire:WardingShard":6,"vexMod:HeadHunter":0,"infinitespire:Satchel":30,"Runesmith:UraniumAnvil":34,"CheatingSign:ReiMu":0,"LetterFromLob":1,"qcfpunch:Red_Headband":24,"Bag of Marbles":40,"Membership Card":0,"PureWater":0,"DemoMod:Bottle":0,"DemoMod:VorpalBullet":24,"FossilizedHelix":0,"aspiration:MarisaSkillbook":17,"RuthlessExorcism:ReiMu":0,"ReplayTheSpireMod:ShopPack":0},{"Golden Egg":0,"infinitespire:BottledMercury":21,"vexMod:MemoryStick":72,"ScarletDevilRocket":92,"Bromod:ArcaneNullifier":179,"wanderingMiniBosses:OtherGremlinHorn":35,"Ginger":118,"vexMod:RockOfEvil":36,"aspiration:RitualStick":141,"Replay:Wanted Poster":17,"Replay:Ringing Soul":11,"conspire:GlowingRock":2,"infinitespire:ShieldingShard":78,"Ribbon":130,"vexMod:EndlessSickness":60,"Replay:Bronze Core":169,"DemoMod:MeltedRock":29,"DemoMod:LamentConfigurum":61,"qcfpunch:Red_Cyclone_Teachings":32,"aspiration:DSix":98,"HollowMod:QueensCombRelic":134,"construct:RocketBooster":32,"Gensokyo:TheCrow":72,"DemoMod:OrangeGuonStone":107,"TentaclePot:ReiMu":182,"HollowMod:JonisBlessing":78,"Pen Nib":64,"Guardian:PocketSentry":27,"aspiration:FrozenJewel":43,"Akabeko":145,"infinitespire:EvilPickle":71,"SlaversCollar":97,"Elementarium:ElementariumTrophy":36,"qcfpunch:Broken_Tusk":40,"Pandora\u0027s Box":24,"reliquary:GummyVitamins":182,"energizedSpire:MagnifyingGlass":64,"paleoftheancients:SoulOfTheShowman":105,"infinitespire:Cupcake":201,"vexMod:PlasmaPancake":160,"Lantern":43,"StoneCalendar":20,"AdministrixMod:CrackedTaijitu":78,"wanderingMiniBosses:AbyssPearl":95,"Mythril_Glove":19,"hubris:EmptyBottle":24,"White_Cape":43,"Hallownest:GodTamersBeastRelic":174,"qcfpunch:Crimson_Sash":25,"hubris:EvacipatedBox":130,"Replay:Rubber Ducky":142,"Matryoshka":130,"FadedRune:ReiMu":157,"Ring of Peace":89,"AntiCross":2,"hubris:CuriousFeather":24,"WingedGreaves":25,"DemoMod:GnawedKey":43,"qcfpunch:Cattail":72,"InkBottle":64,"AdministrixMod:DragonsEyeCharm":78,"Potion Belt":43,"Lee\u0027s Waffle":43,"Runesmith:Nanobots":81,"construct:ClawGrip":115,"hubris:64BitClover":53,"Guardian:GemstoneGun":43,"DemoMod:WeirdEgg":135,"PreservedInsect":24,"The Courier":89,"DemoMod:PinkGuonStone":107,"Protect_Vest":41,"infinitespire:CheckeredPen":26,"infinitespire:Lucky Rock":52,"hubris:Towel":108,"MawBank":57,"PureWhite:ReiMu":11,"Busted Crown":148,"Turnip":182,"Bottled Lightning":128,"AdministrixMod:PrescriptionBottle":78,"ReplayTheSpireMod:Lightbulb":88,"wanderingMiniBosses:Inkheart":117,"Elementarium:FlickeringLantern":117,"Toy Ornithopter":177,"hubris:BottledRain":146,"DemoMod:GreenGuonStone":43,"Ice Cream":157,"champ:DuelingGlove":182,"DemoMod:BlueGuonStone":101,"hubris:CrystalStatue":43,"Calipers":78,"Menagerie:HuntersKnife":45,"Vajra":78,"ZunR:ReiMu":141,"DemoMod:GlassGuonStoneRelic":4,"AdministrixMod:ConductorRitualBaton":53,"DemoMod:RiddleOfLead":68,"RedLine:ReiMu":162,"HornCleat":180,"qcfpunch:Red_Gi":206,"vexMod:RetaliationKit":16,"Girya":3,"chefmod:TrustyPot":130,"paleoftheancients:KeyRelic":103,"potionbrewer:WarMedal":196,"Choco_Feather":3,"Dead Branch":53,"Oddly Smooth Stone":33,"wanderingMiniBosses:MasterThiefsPresence":10,"hubris:FruitBowl":192,"conspire:Boomerang":89,"aspiration:SeaSaltIceCream":25,"Letter Opener":155,"War Paint":14,"paleoftheancients:Timepiece":103,"OrangePellets":39,"Bottled Flame":28,"Replay:Baseball":121,"ReplayTheSpireMod:Shallot":25,"wanderingMiniBosses:Blackblade":199,"Bronze Scales":100,"Slimebound:PreparedRelic":186,"ReplayTheSpireMod:TigerMarble":26,"infinitespire:EmpoweringShard":127,"hubris:ToyBattleship":161,"Mirror":39,"FlyPower:ReiMu":157,"hermit:Momento":0,"ReplayTheSpireMod:Ring of Exchange":89,"theSenshi:SuperSailorFukuRelic":188,"SacredBark":92,"conspire:SpecialSausage":50,"aspiration:TomeofQuesting":98,"Yang":107,"Juzu Bracelet":0,"Hallownest:DreamNailRelic":1,"hubris:SlimyHat":78,"Incense Burner":209,"Replay:Mystery Machine":28,"DemoMod:WhiteGuonStone":53,"Bow_fan:ReiMu":157,"PrismaticShard":168,"conspire:TopHat":63,"ClockworkSouvenir":24,"DemoMod:SevenLeafClover":0,"Frozen Eye":13,"Nunchaku":130,"energizedSpire:CursedPentagram":86,"Bromod:ArcaneTrickery":107,"Mummified Hand":182,"Bromod:ArcaneTempo":118,"qcfpunch:Wrestler\u0027s_Cloak":78,"Cracked Core":43,"TheVixenMod:UmbreonRelic":194,"Hallownest:BeastSealRelic":174,"hubris:KleinBottle":127,"Hallownest:SalubrasBlessingRelic":3,"qcfpunch:Army_Boots":84,"hubris:DisguiseKit":119,"ReplayTheSpireMod:Ninjato":50,"Replay:Towering Pillar of Hats":107,"infinitespire:CursedDice":21,"aspiration:RunicSpoon":0,"Quantum Egg":1,"aspiration:HummingbirdHeart":105,"aspiration:SecretTechniqueScroll":6,"White Beast Statue":152,"Strange Spoon":182,"Anchor":107,"CaptainsWheel":133,"infinitespire:WardingShard":46,"vexMod:HeadHunter":0,"infinitespire:Satchel":121,"Runesmith:UraniumAnvil":123,"CheatingSign:ReiMu":182,"LetterFromLob":44,"qcfpunch:Red_Headband":62,"Bag of Marbles":151,"Membership Card":24,"PureWater":107,"DemoMod:Bottle":78,"DemoMod:VorpalBullet":11,"FossilizedHelix":78,"aspiration:MarisaSkillbook":140,"RuthlessExorcism:ReiMu":130,"ReplayTheSpireMod:ShopPack":157},{"Golden Egg":0,"infinitespire:BottledMercury":74,"vexMod:MemoryStick":236,"ScarletDevilRocket":319,"Bromod:ArcaneNullifier":628,"wanderingMiniBosses:OtherGremlinHorn":115,"Ginger":447,"vexMod:RockOfEvil":123,"aspiration:RitualStick":512,"Replay:Wanted Poster":52,"Replay:Ringing Soul":34,"conspire:GlowingRock":6,"infinitespire:ShieldingShard":264,"Ribbon":486,"vexMod:EndlessSickness":194,"Replay:Bronze Core":599,"DemoMod:MeltedRock":94,"DemoMod:LamentConfigurum":198,"qcfpunch:Red_Cyclone_Teachings":104,"aspiration:DSix":352,"HollowMod:QueensCombRelic":493,"construct:RocketBooster":104,"Gensokyo:TheCrow":236,"DemoMod:OrangeGuonStone":405,"TentaclePot:ReiMu":638,"HollowMod:JonisBlessing":264,"Pen Nib":209,"Guardian:PocketSentry":89,"aspiration:FrozenJewel":147,"Akabeko":522,"infinitespire:EvilPickle":234,"SlaversCollar":349,"Elementarium:ElementariumTrophy":123,"qcfpunch:Broken_Tusk":130,"Pandora\u0027s Box":83,"reliquary:GummyVitamins":638,"energizedSpire:MagnifyingGlass":209,"paleoftheancients:SoulOfTheShowman":389,"infinitespire:Cupcake":692,"vexMod:PlasmaPancake":564,"Lantern":147,"StoneCalendar":71,"AdministrixMod:CrackedTaijitu":264,"wanderingMiniBosses:AbyssPearl":341,"Mythril_Glove":60,"hubris:EmptyBottle":83,"White_Cape":147,"Hallownest:GodTamersBeastRelic":613,"qcfpunch:Crimson_Sash":85,"hubris:EvacipatedBox":486,"Replay:Rubber Ducky":514,"Matryoshka":486,"FadedRune:ReiMu":554,"Ring of Peace":305,"AntiCross":6,"hubris:CuriousFeather":83,"WingedGreaves":85,"DemoMod:GnawedKey":147,"qcfpunch:Cattail":236,"InkBottle":209,"AdministrixMod:DragonsEyeCharm":264,"Potion Belt":147,"Lee\u0027s Waffle":147,"Runesmith:Nanobots":273,"construct:ClawGrip":435,"hubris:64BitClover":171,"Guardian:GemstoneGun":147,"DemoMod:WeirdEgg":497,"PreservedInsect":83,"The Courier":305,"DemoMod:PinkGuonStone":405,"Protect_Vest":131,"infinitespire:CheckeredPen":87,"infinitespire:Lucky Rock":169,"hubris:Towel":406,"MawBank":182,"PureWhite:ReiMu":34,"Busted Crown":531,"Turnip":638,"Bottled Lightning":476,"AdministrixMod:PrescriptionBottle":264,"ReplayTheSpireMod:Lightbulb":298,"wanderingMiniBosses:Inkheart":444,"Elementarium:FlickeringLantern":444,"Toy Ornithopter":622,"hubris:BottledRain":525,"DemoMod:GreenGuonStone":147,"Ice Cream":554,"champ:DuelingGlove":638,"DemoMod:BlueGuonStone":365,"hubris:CrystalStatue":147,"Calipers":264,"Menagerie:HuntersKnife":152,"Vajra":264,"ZunR:ReiMu":512,"DemoMod:GlassGuonStoneRelic":10,"AdministrixMod:ConductorRitualBaton":171,"DemoMod:RiddleOfLead":226,"RedLine:ReiMu":572,"HornCleat":631,"qcfpunch:Red_Gi":706,"vexMod:RetaliationKit":45,"Girya":9,"chefmod:TrustyPot":486,"paleoftheancients:KeyRelic":377,"potionbrewer:WarMedal":676,"Choco_Feather":9,"Dead Branch":171,"Oddly Smooth Stone":107,"wanderingMiniBosses:MasterThiefsPresence":29,"hubris:FruitBowl":664,"conspire:Boomerang":305,"aspiration:SeaSaltIceCream":85,"Letter Opener":546,"War Paint":39,"paleoftheancients:Timepiece":377,"OrangePellets":127,"Bottled Flame":92,"Replay:Baseball":457,"ReplayTheSpireMod:Shallot":85,"wanderingMiniBosses:Blackblade":686,"Bronze Scales":360,"Slimebound:PreparedRelic":645,"ReplayTheSpireMod:TigerMarble":87,"infinitespire:EmpoweringShard":473,"hubris:ToyBattleship":567,"Mirror":127,"FlyPower:ReiMu":554,"hermit:Momento":0,"ReplayTheSpireMod:Ring of Exchange":305,"theSenshi:SuperSailorFukuRelic":651,"SacredBark":319,"conspire:SpecialSausage":167,"aspiration:TomeofQuesting":352,"Yang":405,"Juzu Bracelet":0,"Hallownest:DreamNailRelic":1,"hubris:SlimyHat":264,"Incense Burner":712,"Replay:Mystery Machine":92,"DemoMod:WhiteGuonStone":171,"Bow_fan:ReiMu":554,"PrismaticShard":591,"conspire:TopHat":204,"ClockworkSouvenir":83,"DemoMod:SevenLeafClover":0,"Frozen Eye":37,"Nunchaku":486,"energizedSpire:CursedPentagram":291,"Bromod:ArcaneTrickery":405,"Mummified Hand":638,"Bromod:ArcaneTempo":447,"qcfpunch:Wrestler\u0027s_Cloak":264,"Cracked Core":147,"TheVixenMod:UmbreonRelic":670,"Hallownest:BeastSealRelic":613,"hubris:KleinBottle":473,"Hallownest:SalubrasBlessingRelic":9,"qcfpunch:Army_Boots":280,"hubris:DisguiseKit":451,"ReplayTheSpireMod:Ninjato":167,"Replay:Towering Pillar of Hats":405,"infinitespire:CursedDice":74,"aspiration:RunicSpoon":0,"Quantum Egg":1,"aspiration:HummingbirdHeart":389,"aspiration:SecretTechniqueScroll":16,"White Beast Statue":539,"Strange Spoon":638,"Anchor":405,"CaptainsWheel":491,"infinitespire:WardingShard":157,"vexMod:HeadHunter":0,"infinitespire:Satchel":457,"Runesmith:UraniumAnvil":463,"CheatingSign:ReiMu":638,"LetterFromLob":150,"qcfpunch:Red_Headband":202,"Bag of Marbles":536,"Membership Card":83,"PureWater":405,"DemoMod:Bottle":264,"DemoMod:VorpalBullet":34,"FossilizedHelix":264,"aspiration:MarisaSkillbook":509,"RuthlessExorcism:ReiMu":486,"ReplayTheSpireMod:ShopPack":554}]},"card_choices":[{"not_picked":["YinYangSign:ReiMu","UpKicking:ReiMu"],"picked":"PhosphorusFlame:ReiMu","floor":1},{"not_picked":["Mountainwind:ReiMu","OrbThrow:ReiMu","Enchanting:ReiMu"],"picked":"SKIP","floor":2},{"not_picked":["AlertArray:ReiMu","SpringWay:ReiMu","SpreadBorder2:ReiMu"],"picked":"SKIP","floor":5},{"not_picked":["YinYangSign:ReiMu","Amulet:ReiMu","AirStrike:ReiMu"],"picked":"SKIP","floor":6},{"not_picked":["Determination:ReiMu","Intuition:ReiMu","YinYangSange:ReiMu"],"picked":"SKIP","floor":10},{"not_picked":["PassingAway:ReiMu","CollectionFlower2:ReiMu","SpreadBorder2:ReiMu"],"picked":"SKIP","floor":12},{"not_picked":["TightArray:ReiMu","Conquer:ReiMu","EmergencyTakeOff:ReiMu"],"picked":"SKIP","floor":13},{"not_picked":["CareerPray:ReiMu","AlertArray:ReiMu","EmergencyTakeOff:ReiMu"],"picked":"SKIP","floor":14},{"not_picked":["DependentForm:ReiMu","Shading:ReiMu"],"picked":"Authority:ReiMu","floor":16},{"not_picked":["BarrageOfMoneybags:ReiMu","AlertArray:ReiMu","KamiSacrifice:ReiMu"],"picked":"SKIP","floor":18},{"not_picked":["SubAcupoint:ReiMu","SubcavityInstant:ReiMu","TakeOff:ReiMu"],"picked":"SKIP","floor":20},{"not_picked":["AirStrike:ReiMu","Amulet:ReiMu","SpreadBorder2:ReiMu"],"picked":"SKIP","floor":21},{"not_picked":["CareerPray:ReiMu+1","WonderfulDomain:ReiMu","Authority:ReiMu"],"picked":"SKIP","floor":23},{"not_picked":["SpringWay:ReiMu","Enchanting:ReiMu","Intuition:ReiMu"],"picked":"SKIP","floor":27},{"not_picked":["SubAcupoint:ReiMu","ForcedLanding:ReiMu","OrbThrow:ReiMu"],"picked":"SKIP","floor":28},{"not_picked":[],"picked":"wanderingMiniBosses:FinaleOfPromise","floor":29},{"not_picked":["Authority:ReiMu","Amulet:ReiMu"],"picked":"SealNeedle:ReiMu","floor":29},{"not_picked":["YinYangSign:ReiMu","Amulet:ReiMu","UpKicking:ReiMu"],"picked":"SKIP","floor":30},{"not_picked":["BlastKick2:ReiMu","DependentForm:ReiMu"],"picked":"CeremonyResonance:ReiMu","floor":33},{"not_picked":["Conquer:ReiMu","WonderfulDomain:ReiMu"],"picked":"SafetyPray:ReiMu+1","floor":35},{"not_picked":["TightArray:ReiMu","SpringWay:ReiMu","RainPray2:ReiMu+1"],"picked":"SKIP","floor":36},{"not_picked":["infinitespire:FutureSight","infinitespire:FinalStrike"],"picked":"ReplayTheSpireMod:Black Plague","floor":37},{"not_picked":["CareerPray:ReiMu+1","FantasyBorder:ReiMu","KyokaiOfKami:ReiMu"],"picked":"SKIP","floor":39},{"not_picked":["EmergencyTakeOff:ReiMu","SealNeedle:ReiMu","PassingAway:ReiMu"],"picked":"SKIP","floor":41},{"not_picked":["SubcavityInstant:ReiMu","RainPray2:ReiMu","Enchanting:ReiMu+1"],"picked":"SKIP","floor":42},{"not_picked":["SubAcupoint:ReiMu","FantasyBorder:ReiMu","MountainWay:ReiMu"],"picked":"SKIP","floor":44},{"not_picked":["Amulet:ReiMu","SafetyPray:ReiMu","Enchanting:ReiMu"],"picked":"SKIP","floor":45},{"not_picked":["Meditation:ReiMu","PassingAway:ReiMu+1"],"picked":"SubcavityFantasy:ReiMu","floor":46},{"not_picked":["ManaGlint:ReiMu","Dreaming2:ReiMu","SpiritualOutbreak2:ReiMu"],"picked":"SKIP","floor":48}],"player_experience":1468178,"relics_obtained":[{"floor":6,"key":"Slimebound:PreparedRelic"},{"floor":12,"key":"theSenshi:SuperSailorFukuRelic"},{"floor":20,"key":"Vajra"},{"floor":23,"key":"potionbrewer:WarMedal"},{"floor":29,"key":"wanderingMiniBosses:Blackblade"},{"floor":43,"key":"qcfpunch:Red_Gi"},{"floor":46,"key":"PureWhite:ReiMu"},{"floor":48,"key":"Replay:Baseball"}],"event_choices":[{"cards_removed":["AirManeuver:ReiMu"],"damage_healed":0,"gold_gain":0,"player_choice":"Purged","damage_taken":0,"max_hp_gain":0,"max_hp_loss":0,"event_name":"Purifier","floor":4,"gold_loss":0},{"cards_removed":["MountainWay:ReiMu"],"damage_healed":11,"gold_gain":0,"player_choice":"Offered Uncommon","damage_taken":0,"max_hp_gain":0,"max_hp_loss":0,"event_name":"Bonfire Elementals","floor":8,"gold_loss":0},{"damage_healed":0,"gold_gain":0,"player_choice":"Fight the Beast\u0027s assailants","damage_taken":0,"relics_obtained":["TheVixenMod:UmbreonRelic"],"max_hp_gain":0,"max_hp_loss":0,"event_name":"Creature of the Night","floor":22,"gold_loss":0},{"damage_healed":0,"gold_gain":0,"player_choice":"Upgraded","damage_taken":0,"max_hp_gain":0,"max_hp_loss":0,"event_name":"Upgrade Shrine","floor":38,"gold_loss":0,"cards_upgraded":["ReplayTheSpireMod:Black Plague"]}],"is_beta":false,"boss_relics":[{"not_picked":["Golden_Hairpin","Painkiller Herb"],"picked":"Replay:Bronze Core"},{"not_picked":["conspire:RoyalGoblet","Runesmith:UraniumAnvil","reliquary:RedPaperclip"],"picked":"infinitespire:Cupcake"}],"items_purged_floors":[0],"is_endless":false,"potions_floor_spawned":[1,6,12,13,21,28,29,30,36,41,46,48],"ascension_level":20,"is_humility":true}}