{"host":"xf2qgw60ouc7kuj7","time":1613608871,"event":{"mods":["100% Spire Juice","Act Like it!","Arknights","BaseMod","Bestiary","Better Altar","Better Match","Better Note","Better Sensory Stone","Better Skull","Better Third Choice","Curses Come First","Dark Map","Friendly Minions","Gensokyo","Hallownest","HololiveMod","Marisa????????","Marked Mod","Minty Spire (QoL Compilation)","Quick Restart","Rare Cards Sparkle","Relic Stats","Reliquary","Robot Space Explorer","Ruina","StSLib","The Bug Knight","Waifu the Spire"],"gold_per_floor":[111,121,67,172,190,190,215,215,215,215,228,228,228,238,238,336,336,351,228,41,59,59,59],"floor_reached":22,"language":"ENG","playtime":1279,"items_purged":[],"score":209,"play_id":"52f04255-7efd-434d-9d3d-39530349da4b","local_time":"20210217164111","is_ascension_mode":false,"campfire_choices":[{"floor":6,"key":"REST"},{"floor":12,"key":"REST"},{"floor":15,"key":"REST"}],"circlet_count":0,"master_deck":["ats:Strike C","ats:Strike G","ats:Strike S","ats:Strike V","ats:Armor Crushing Shot","ats:Defend","ats:Defend","ats:Defend","ats:Defend","ats:Emotion Absorption","ats:Neurotoxin+1","ats:Flexible Camouflage","ats:Consecutive Shot Auto","ats:Flexible Camouflage","ats:Consecutive Shot Auto","ats:Consecutive Shot Auto","ats:Support Order","ats:True Silver Slash","ats:Consecutive Shot Auto","ats:Poison Spread","ats:Revitalization","ats:Absolute Focus","Gensokyo:ExoticEgg","Gensokyo:TarnishedGold","ats:Shell Defense+1"],"relics":["ats:Sanity","Nunchaku","ats:Originium","reliquary:OuijaBoard","Question Card","Gensokyo:OccultBall","Philosopher\u0027s Stone"],"acts_visited":["Gensokyo:Gensokyo","Gensokyo:Gensokyoer"],"potions_floor_usage":[16,16,18],"damage_taken":[{"damage":6,"enemies":"Gensokyo:Gryphon","floor":1,"turns":4},{"damage":1,"enemies":"Gensokyo:3_Fairies","floor":2,"turns":5},{"damage":6,"enemies":"Gensokyo:Python","floor":5,"turns":3},{"damage":18,"enemies":"Gensokyo:Mamizou","floor":7,"turns":7},{"damage":28,"enemies":"Gensokyo:5_Fairies","floor":11,"turns":6},{"damage":6,"enemies":"Gensokyo:2_Rabbits","floor":14,"turns":3},{"damage":9,"enemies":"Gensokyo:Yukari","floor":16,"turns":6},{"damage":24,"enemies":"Gensokyo:AngelMirror","floor":18,"turns":3},{"damage":38,"enemies":"Gensokyo:CosmicMonolith","floor":21,"turns":4},{"damage":12,"enemies":"Gensokyo:Slime_Group","floor":22,"turns":1}],"seed_played":"4175652124358751549","potions_obtained":[{"floor":1,"key":"Dexterity Potion"},{"floor":7,"key":"SteroidPotion"},{"floor":14,"key":"BlessingOfTheForge"},{"floor":16,"key":"Swift Potion"}],"is_trial":false,"path_per_floor":["M","M","$","?","M","R","E","?","T","?","M","R","?","M","R","B",null,"M","$","COS","M","M"],"character_chosen":"DOCTOR_CLASS","items_purchased":["ats:Consecutive Shot Auto","ats:Poison Spread","ats:Revitalization","ats:Absolute Focus"],"campfire_rested":3,"item_purchase_floors":[3,19,19,19],"current_hp_per_floor":[66,65,65,43,37,58,40,40,40,40,12,33,33,27,48,39,72,48,48,48,10,0,0],"gold":59,"neow_bonus":"THREE_CARDS","is_daily":false,"chose_seed":false,"campfire_upgraded":0,"win_rate":0.0,"timestamp":1613608871,"path_taken":["M","M","$","?","?","R","E","?","T","?","M","R","?","M","R","BOSS","M","?","COS","?","M"],"items_purchased_type":["Card","Card","Card","Card"],"build_version":"2020-12-22","purchased_purges":0,"victory":false,"max_hp_per_floor":[72,72,72,72,72,72,72,72,72,72,72,72,72,72,72,72,72,72,72,72,72,72,72],"relic_stats":{"Nunchaku":[6],"counters":[10,42],"Question Card":6,"obtain_stats":[{"reliquary:OuijaBoard":7,"Nunchaku":4,"ats:Originium":7,"Gensokyo:OccultBall":10,"Philosopher\u0027s Stone":17,"ats:Sanity":0,"Question Card":9},{"reliquary:OuijaBoard":4,"Nunchaku":2,"ats:Originium":4,"Gensokyo:OccultBall":4,"Philosopher\u0027s Stone":7,"ats:Sanity":0,"Question Card":4},{"reliquary:OuijaBoard":19,"Nunchaku":9,"ats:Originium":19,"Gensokyo:OccultBall":19,"Philosopher\u0027s Stone":34,"ats:Sanity":0,"Question Card":19}]},"card_choices":[{"not_picked":["ats:Explosion Area Strengthen","ats:Sunburst"],"picked":"ats:Guardian Obelisk","floor":0},{"not_picked":["ats:Steam Pump","ats:Poison Spread"],"picked":"ats:Neurotoxin","floor":1},{"not_picked":["ats:Counter Healing Mode","ats:Literary Storm"],"picked":"ats:Flexible Camouflage","floor":2},{"not_picked":["ats:Guard Mode","ats:Consecutive Shot Auto"],"picked":"ats:Flexible Camouflage","floor":5},{"not_picked":["ats:Part Time Job","ats:Absolute Focus"],"picked":"ats:Consecutive Shot Auto","floor":7},{"not_picked":["ats:Song Of Battle","ats:Durian","ats:Thorns"],"picked":"ats:Consecutive Shot Auto","floor":11},{"not_picked":["ats:Thorns","ats:Charging Defense","ats:Very Hot Blade"],"picked":"ats:Support Order","floor":14},{"not_picked":["ats:Soul Rend","ats:Rat Pack","ats:Volcano"],"picked":"ats:True Silver Slash","floor":16},{"not_picked":["ats:Thorns","ats:Soul Absorption","ats:Powerful Strike"],"picked":"ats:Consecutive Shot Auto","floor":18},{"not_picked":["ats:Curse Doll","ats:Demon Strength","ats:Very Hot Blade"],"picked":"ats:Shell Defense+1","floor":21}],"player_experience":290068,"relics_obtained":[{"floor":7,"key":"ats:Originium"},{"floor":7,"key":"reliquary:OuijaBoard"},{"floor":9,"key":"Question Card"},{"floor":16,"key":"Gensokyo:OccultBall"}],"event_choices":[{"damage_healed":0,"gold_gain":105,"player_choice":"GO RE ","damage_taken":25,"relics_obtained":["Nunchaku"],"max_hp_gain":0,"max_hp_loss":0,"event_name":"betterSkull:BetterSkull","floor":4,"gold_loss":0,"cards_upgraded":[]},{"damage_healed":0,"gold_gain":0,"player_choice":"2","damage_taken":0,"max_hp_gain":0,"max_hp_loss":0,"event_name":"betterMatch:BetterMatch","floor":8,"gold_loss":0,"cards_obtained":[]}],"is_beta":false,"boss_relics":[{"not_picked":["reliquary:Ember","Busted Crown"],"picked":"Philosopher\u0027s Stone"}],"items_purged_floors":[],"is_endless":false,"potions_floor_spawned":[1,7,14,16],"killed_by":"Gensokyo:Slime_Group","ascension_level":0}}