{"host":"28bpuzdckreop5i0","time":1613673327,"event":{"mods":["BaseMod","Downfall","Minty Spire (QoL Compilation)","Relic Stats","Shop Mod","StSLib"],"gold_per_floor":[99,274,274,288,288,288,288,288,305,305,319,330,359,380,394,494,494,494,504,519,334,345,345,345,357,376,390,408,408,419,419,429,429,429,429],"floor_reached":33,"language":"ENG","playtime":2699,"items_purged":["sneckomod:Strike"],"score":253,"play_id":"d356599e-3fb8-4348-9543-88e19e83e471","local_time":"20210218123527","is_ascension_mode":false,"campfire_choices":[{"data":"sneckomod:SnekBite","floor":1,"key":"SMITH"},{"data":"sneckomod:MasterEye","floor":10,"key":"SMITH"},{"data":"sneckomod:SerpentMind","floor":18,"key":"SMITH"},{"floor":23,"key":"REST"},{"floor":29,"key":"REST"}],"circlet_count":0,"master_deck":["sneckomod:Strike","sneckomod:Strike","sneckomod:Defend","sneckomod:Defend","sneckomod:Defend","sneckomod:TailWhip","sneckomod:SnekBite+1","sneckomod:Unknown","sneckomod:Unknown","Doubt","sneckomod:MasterEye+1","sneckomod:UnknownExhaust","sneckomod:UnknownUncommonAttack","sneckomod:Unknown1Cost","sneckomod:Nope","sneckomod:UnknownCommonSkill","sneckomod:SerpentMind+1","CurseOfTheBell","sneckomod:UnknownStrength+1","sneckomod:UnendingSupply+1","sneckomod:UnendingSupply","sneckomod:CheapStock","sneckomod:UnknownCommonAttack","sneckomod:SoulRoll","sneckomod:Rotation","sneckomod:Unknown1Cost+1","sneckomod:Unknown1Cost","sneckomod:SlitherStrike","champ:Lariat","sneckomod:Memorize"],"relics":["sneckomod:SneckoSoul","Juzu Bracelet","Lantern","sneckomod:ConfusingCodex","Guardian:GemstoneGun","HornCleat","Odd Mushroom","Calling Bell","Akabeko","Eternal Feather","Calipers","Mercury Hourglass"],"acts_visited":["Exordium","TheCity"],"potions_floor_usage":[19,22,28,33,33,33],"damage_taken":[{"damage":0,"enemies":"Cultist","floor":4,"turns":5},{"damage":0,"enemies":"Jaw Worm","floor":9,"turns":1},{"damage":1,"enemies":"Small Slimes","floor":11,"turns":2},{"damage":4,"enemies":"Exordium Wildlife","floor":12,"turns":4},{"damage":3,"enemies":"Lagavulin","floor":13,"turns":4},{"damage":5,"enemies":"The Mushroom Lair","floor":14,"turns":3},{"damage":17,"enemies":"Blue Slaver","floor":15,"turns":2},{"damage":42,"enemies":"WA_ARCHETYPE_RETAIN","floor":16,"turns":7},{"damage":13,"enemies":"3 Byrds","floor":19,"turns":5},{"damage":0,"enemies":"Chosen","floor":20,"turns":3},{"damage":5,"enemies":"downfall:FleeingMerchant","floor":21,"turns":4},{"damage":65,"enemies":"3 Cultists","floor":22,"turns":7},{"damage":25,"enemies":"Centurion and Healer","floor":25,"turns":6},{"damage":6,"enemies":"Snake Plant","floor":26,"turns":6},{"damage":9,"enemies":"Sentry and Sphere","floor":27,"turns":4},{"damage":15,"enemies":"Centurion and Healer","floor":28,"turns":6},{"damage":16,"enemies":"Snake Plant","floor":30,"turns":5},{"damage":21,"enemies":"3 Cultists","floor":32,"turns":5},{"damage":29,"enemies":"SI_MIRROR_ARCHETYPE","floor":33,"turns":8}],"seed_played":"-281762651477866686","potions_obtained":[{"floor":4,"key":"bronze:BurnAndBuffPotion"},{"floor":11,"key":"Explosive Potion"},{"floor":14,"key":"Ancient Potion"},{"floor":19,"key":"sneckomod:MuddlingPotion"},{"floor":26,"key":"Fire Potion"},{"floor":28,"key":"Guardian:BlockOnCardUsePotion"},{"floor":31,"key":"CultistPotion"}],"is_trial":false,"path_per_floor":["R","?","?","M","?","?","T","?","M","R","M","M","E","?","M","B",null,"R","M","M","$","M","R","T","M","M","M","M","R","M","?","M","B"],"character_chosen":"THE_SNECKO","items_purchased":["sneckomod:CheapStock","sneckomod:UnknownCommonAttack"],"campfire_rested":2,"item_purchase_floors":[21,21],"current_hp_per_floor":[90,90,90,90,90,87,87,92,92,92,91,87,84,79,72,30,95,95,82,82,82,17,60,60,35,29,20,5,48,47,47,26,0,0,0],"gold":429,"neow_bonus":"RANDOM_COMMON_RELIC","is_daily":false,"chose_seed":false,"campfire_upgraded":3,"win_rate":0.0,"timestamp":1613673327,"path_taken":["R","?","?","M","?","?","T","?","M","R","M","M","E","?","M","BOSS","R","M","M","$","M","R","T","M","M","M","M","R","M","?","M","BOSS"],"items_purchased_type":["Card","Card"],"build_version":"2020-12-22","purchased_purges":1,"victory":false,"max_hp_per_floor":[90,90,90,90,90,90,90,95,95,95,95,95,95,95,95,95,95,95,95,95,95,95,95,95,95,95,95,95,95,95,95,95,95,95,95],"relic_stats":{"counters":[19,87],"Eternal Feather":30,"Juzu Bracelet":3,"obtain_stats":[{"Calling Bell":17,"Lantern":5,"HornCleat":13,"Calipers":17,"sneckomod:ConfusingCodex":6,"Guardian:GemstoneGun":7,"Eternal Feather":17,"Juzu Bracelet":0,"Odd Mushroom":14,"sneckomod:SneckoSoul":0,"Akabeko":17,"Mercury Hourglass":24},{"Calling Bell":8,"Lantern":1,"HornCleat":5,"Calipers":8,"sneckomod:ConfusingCodex":1,"Guardian:GemstoneGun":1,"Eternal Feather":8,"Juzu Bracelet":0,"Odd Mushroom":6,"sneckomod:SneckoSoul":0,"Akabeko":8,"Mercury Hourglass":12},{"Calling Bell":28,"Lantern":5,"HornCleat":16,"Calipers":28,"sneckomod:ConfusingCodex":5,"Guardian:GemstoneGun":5,"Eternal Feather":28,"Juzu Bracelet":0,"Odd Mushroom":19,"sneckomod:SneckoSoul":0,"Akabeko":28,"Mercury Hourglass":47}],"Mercury Hourglass":[131]},"card_choices":[{"not_picked":["sneckomod:IronFang","sneckomod:SoulDraw"],"picked":"sneckomod:UnknownBlock","floor":4},{"not_picked":["sneckomod:Nope","sneckomod:QuickBite"],"picked":"sneckomod:MasterEye","floor":9},{"not_picked":["sneckomod:DiceCrush","sneckomod:QuickMove"],"picked":"sneckomod:UnknownExhaust","floor":11},{"not_picked":["sneckomod:QuickBite","sneckomod:Nope"],"picked":"sneckomod:UnknownUncommonAttack","floor":12},{"not_picked":["sneckomod:WideSting","sneckomod:UnknownCommonAttack"],"picked":"sneckomod:Unknown1Cost","floor":13},{"not_picked":["sneckomod:IronFang","sneckomod:DiceCrush"],"picked":"sneckomod:Nope","floor":14},{"not_picked":["sneckomod:UnknownColorless","sneckomod:UnknownStrike"],"picked":"sneckomod:UnknownCommonSkill","floor":15},{"not_picked":["sneckomod:Transmogrify","sneckomod:UnlimitedRolls"],"picked":"sneckomod:SerpentMind","floor":16},{"not_picked":["sneckomod:UnknownDraw+1","sneckomod:UnknownClassGREEN"],"picked":"sneckomod:UnknownStrength+1","floor":19},{"not_picked":["sneckomod:UnknownDexterity","sneckomod:UnknownBlock+1"],"picked":"sneckomod:UnendingSupply+1","floor":20},{"not_picked":["sneckomod:Unknown0Cost","sneckomod:PureSnecko+1"],"picked":"sneckomod:UnendingSupply","floor":21},{"not_picked":["sneckomod:UnknownExhaust+1","sneckomod:UnknownUncommonAttack+1"],"picked":"sneckomod:SoulRoll","floor":22},{"not_picked":["sneckomod:SoulDraw","sneckomod:RainOfDice"],"picked":"sneckomod:Rotation","floor":25},{"not_picked":["sneckomod:UnknownBlock","sneckomod:Nope+1"],"picked":"sneckomod:Memorize","floor":26},{"not_picked":["sneckomod:QuickBite","sneckomod:SerpentIdol"],"picked":"sneckomod:Unknown1Cost+1","floor":27},{"not_picked":["sneckomod:UnknownClassRED","sneckomod:UnknownClassTHE_CHAMP_GRAY"],"picked":"sneckomod:Unknown1Cost","floor":28},{"not_picked":["sneckomod:QuickBite","sneckomod:RainOfDice"],"picked":"sneckomod:SlitherStrike","floor":30},{"not_picked":["sneckomod:UnknownCommonAttack","sneckomod:Unknown1Cost+1"],"picked":"sneckomod:Memorize","floor":32}],"player_experience":996871,"relics_obtained":[{"floor":7,"key":"Guardian:GemstoneGun"},{"floor":13,"key":"HornCleat"},{"floor":14,"key":"Odd Mushroom"},{"floor":17,"key":"Akabeko"},{"floor":17,"key":"Eternal Feather"},{"floor":17,"key":"Calipers"},{"floor":24,"key":"Mercury Hourglass"}],"event_choices":[{"damage_healed":0,"gold_gain":0,"player_choice":"Ignored","damage_taken":0,"max_hp_gain":0,"max_hp_loss":0,"event_name":"NoteForYourself","floor":3,"gold_loss":0},{"damage_healed":0,"gold_gain":0,"player_choice":"Success","damage_taken":3,"relics_obtained":["sneckomod:ConfusingCodex"],"max_hp_gain":0,"max_hp_loss":0,"event_name":"Scrap Ooze","floor":6,"gold_loss":0},{"damage_healed":0,"gold_gain":0,"player_choice":"Donut","damage_taken":0,"max_hp_gain":5,"max_hp_loss":0,"event_name":"Big Fish","floor":8,"gold_loss":0},{"damage_healed":0,"gold_gain":0,"player_choice":"Fought Mushrooms","damage_taken":0,"max_hp_gain":0,"max_hp_loss":0,"event_name":"Mushrooms","floor":14,"gold_loss":0}],"is_beta":false,"boss_relics":[{"not_picked":["Runic Dome","Pandora\u0027s Box"],"picked":"Calling Bell"}],"items_purged_floors":[21],"is_endless":false,"potions_floor_spawned":[4,11,14,16,19,20,26,28],"killed_by":"SI_MIRROR_ARCHETYPE","ascension_level":0}}