{"host":"pj7egx7jkoz18hom","time":1613626690,"event":{"mods":["AchievementEnabler","BaseMod","Keyboard Shortcuts","Minty Spire (QoL Compilation)","SuperFastMode"],"gold_per_floor":[117,117,137,137,137,175,196,232,232,83,113,113,132,151,151,281,281,301,226,226,245,160,160,170,188,212,212,227,243,255,270,270,371,371,381,398,408,52,52,52,87,87,132,148,23,42,42,54,54,54,54],"floor_reached":50,"language":"KOR","playtime":2111,"items_purged":["Defend_R","Bash","Bloodletting"],"score":673,"play_id":"a7feb13d-d6cb-4519-879a-e3d82235b3cb","local_time":"20210218143810","is_ascension_mode":true,"campfire_choices":[{"data":"True Grit","floor":12,"key":"SMITH"},{"data":"Heavy Blade","floor":15,"key":"SMITH"},{"data":"Demon Form","floor":23,"key":"SMITH"},{"data":"Metallicize","floor":32,"key":"SMITH"},{"data":"Reaper","floor":40,"key":"SMITH"},{"floor":42,"key":"REST"},{"data":"Inflame","floor":49,"key":"SMITH"}],"circlet_count":0,"master_deck":["Strike_R","Strike_R+1","Strike_R","Strike_R","Strike_R","Defend_R","Defend_R","Defend_R","Thunderclap","Armaments+1","Metallicize+1","Impervious","Ghostly Armor","Flex","True Grit+1","Spot Weakness","Heavy Blade+1","Demon Form+1","Shrug It Off+1","Pommel Strike","Headbutt","Reaper+1","Bloodletting+1","Inflame+1","Seeing Red+1","Offering+1"],"relics":["Burning Blood","Bloody Idol","Lantern","Incense Burner","Eternal Feather","Orrery","Odd Mushroom","Mark of Pain","Pear","Orichalcum","Nloth\u0027s Gift","Philosopher\u0027s Stone","Omamori","Toxic Egg 2","Strawberry"],"acts_visited":["Exordium","TheCity","TheBeyond"],"potions_floor_usage":[13,21,24,28,31,33,36,36,41,41,44],"damage_taken":[{"damage":0,"enemies":"Jaw Worm","floor":1,"turns":1},{"damage":0,"enemies":"2 Louse","floor":3,"turns":1},{"damage":0,"enemies":"3 Sentries","floor":6,"turns":1},{"damage":0,"enemies":"Small Slimes","floor":7,"turns":2},{"damage":30,"enemies":"Gremlin Nob","floor":8,"turns":4},{"damage":8,"enemies":"The Mushroom Lair","floor":11,"turns":4},{"damage":7,"enemies":"2 Fungi Beasts","floor":13,"turns":3},{"damage":4,"enemies":"Red Slaver","floor":14,"turns":3},{"damage":35,"enemies":"The Guardian","floor":16,"turns":14},{"damage":35,"enemies":"Chosen","floor":18,"turns":7},{"damage":14,"enemies":"Shell Parasite","floor":21,"turns":6},{"damage":17,"enemies":"Centurion and Healer","floor":24,"turns":7},{"damage":20,"enemies":"3 Cultists","floor":25,"turns":6},{"damage":22,"enemies":"Snake Plant","floor":28,"turns":5},{"damage":3,"enemies":"Snecko","floor":29,"turns":6},{"damage":11,"enemies":"3 Cultists","floor":30,"turns":5},{"damage":29,"enemies":"Snake Plant","floor":31,"turns":3},{"damage":39,"enemies":"Collector","floor":33,"turns":9},{"damage":47,"enemies":"3 Shapes","floor":35,"turns":4},{"damage":31,"enemies":"3 Darklings","floor":36,"turns":4},{"damage":27,"enemies":"4 Shapes","floor":37,"turns":8},{"damage":70,"enemies":"Giant Head","floor":41,"turns":9},{"damage":23,"enemies":"Maw","floor":44,"turns":7},{"damage":47,"enemies":"Writhing Mass","floor":46,"turns":7},{"damage":30,"enemies":"Jaw Worm Horde","floor":48,"turns":6},{"damage":70,"enemies":"Time Eater","floor":50,"turns":4}],"seed_played":"7257627033811593354","potions_obtained":[{"floor":1,"key":"Regen Potion"},{"floor":3,"key":"BloodPotion"},{"floor":11,"key":"BlessingOfTheForge"},{"floor":18,"key":"Block Potion"},{"floor":24,"key":"Block Potion"},{"floor":29,"key":"SteroidPotion"},{"floor":31,"key":"Swift Potion"},{"floor":33,"key":"SteroidPotion"},{"floor":37,"key":"Block Potion"},{"floor":41,"key":"Fire Potion"}],"is_trial":false,"path_per_floor":["M","?","M","$","?","E","M","E","T","$","?","R","M","M","R","B",null,"M","$","?","M","?","R","M","M","T","?","M","M","M","M","R","B",null,"M","M","M","$","?","R","E","R","T","M","$","M","$","M","R","B"],"character_chosen":"IRONCLAD","items_purchased":["Orrery","DuplicationPotion","Omamori","Inflame"],"campfire_rested":1,"item_purchase_floors":[10,38,38,38],"current_hp_per_floor":[80,74,74,74,59,65,71,47,47,47,45,57,56,58,70,41,66,37,37,37,48,58,70,64,55,60,60,49,57,57,39,51,23,69,33,67,65,65,65,80,25,65,77,81,81,52,52,47,62,0,0],"gold":54,"neow_bonus":"THREE_ENEMY_KILL","is_daily":false,"chose_seed":false,"campfire_upgraded":6,"win_rate":0.0,"timestamp":1613626690,"path_taken":["M","?","M","$","?","E","M","E","T","$","?","R","M","M","R","BOSS","M","$","?","M","?","R","M","M","T","?","M","M","M","M","R","BOSS","M","M","M","$","?","R","E","R","T","?","$","M","?","M","R","BOSS"],"items_purchased_type":["Relic","Potion","Relic","Card"],"build_version":"2020-12-22","purchased_purges":3,"victory":false,"max_hp_per_floor":[80,74,74,74,74,74,74,74,74,74,74,74,74,74,74,74,74,74,74,74,74,84,84,84,84,84,84,84,84,84,84,84,84,84,84,84,84,84,84,84,84,84,91,91,91,91,91,91,91,91,91],"card_choices":[{"not_picked":["Pummel","Shrug It Off"],"picked":"Thunderclap","floor":1},{"not_picked":["Flex","Blood for Blood"],"picked":"Armaments","floor":3},{"not_picked":["Armaments","Bloodletting"],"picked":"Metallicize","floor":6},{"not_picked":["Twin Strike","Headbutt","Whirlwind"],"picked":"SKIP","floor":7},{"not_picked":["Heavy Blade","Warcry"],"picked":"Impervious","floor":8},{"not_picked":["Combust","Evolve"],"picked":"Ghostly Armor","floor":10},{"not_picked":["Dropkick","Metallicize"],"picked":"Flex","floor":10},{"not_picked":["Searing Blow","Perfected Strike"],"picked":"True Grit","floor":10},{"not_picked":["Body Slam","Carnage"],"picked":"Bloodletting","floor":10},{"not_picked":["Intimidate","Searing Blow"],"picked":"Spot Weakness","floor":10},{"not_picked":["Thunderclap","Cleave"],"picked":"Heavy Blade","floor":11},{"not_picked":["Disarm","Rampage","Searing Blow"],"picked":"SKIP","floor":13},{"not_picked":["Thunderclap","Hemokinesis","Flex"],"picked":"SKIP","floor":14},{"not_picked":["Immolate","Corruption"],"picked":"Demon Form","floor":16},{"not_picked":["Clothesline","Hemokinesis"],"picked":"Shrug It Off+1","floor":18},{"not_picked":["Iron Wave","Flex","Shrug It Off"],"picked":"SKIP","floor":21},{"not_picked":["Infernal Blade","Whirlwind","Sword Boomerang+1"],"picked":"SKIP","floor":24},{"not_picked":["Bloodletting","Blood for Blood"],"picked":"Pommel Strike","floor":25},{"not_picked":["Clash","Double Tap"],"picked":"Headbutt","floor":28},{"not_picked":["Dropkick","Berserk","Clash"],"picked":"SKIP","floor":29},{"not_picked":["Iron Wave","Ghostly Armor+1","Body Slam"],"picked":"SKIP","floor":30},{"not_picked":["Twin Strike","Iron Wave","Flame Barrier"],"picked":"SKIP","floor":31},{"not_picked":["Impervious","Corruption"],"picked":"Reaper","floor":33},{"not_picked":["Sever Soul","Battle Trance"],"picked":"Bloodletting+1","floor":35},{"not_picked":["Fire Breathing","Shrug It Off","Anger"],"picked":"SKIP","floor":36},{"not_picked":["Thunderclap","Body Slam","Evolve"],"picked":"SKIP","floor":37},{"not_picked":["Pommel Strike","Juggernaut","Berserk"],"picked":"SKIP","floor":41},{"not_picked":["Armaments+1","Rupture","Wild Strike"],"picked":"SKIP","floor":44},{"not_picked":["Armaments+1","Rupture","Wild Strike"],"picked":"SKIP","floor":44},{"not_picked":["Shrug It Off+1","Combust+1"],"picked":"Seeing Red+1","floor":46},{"not_picked":["Cleave+1","Double Tap+1"],"picked":"Offering+1","floor":48}],"player_experience":152408,"relics_obtained":[{"floor":6,"key":"Lantern"},{"floor":8,"key":"Incense Burner"},{"floor":9,"key":"Eternal Feather"},{"floor":11,"key":"Odd Mushroom"},{"floor":26,"key":"Orichalcum"},{"floor":41,"key":"Toxic Egg 2"},{"floor":43,"key":"Strawberry"}],"event_choices":[{"damage_healed":0,"gold_gain":0,"player_choice":"Lose Max HP","damage_taken":0,"relics_obtained":["Golden Idol"],"max_hp_gain":0,"max_hp_loss":6,"event_name":"Golden Idol","floor":2,"gold_loss":0},{"damage_healed":0,"gold_gain":0,"player_choice":"Entered Light","damage_taken":15,"max_hp_gain":0,"max_hp_loss":0,"event_name":"Shining Light","floor":5,"gold_loss":0,"cards_upgraded":["Armaments","Strike_R"]},{"damage_healed":0,"gold_gain":0,"player_choice":"Fought Mushrooms","damage_taken":0,"max_hp_gain":0,"max_hp_loss":0,"event_name":"Mushrooms","floor":11,"gold_loss":0},{"damage_healed":0,"gold_gain":0,"player_choice":"Gave Idol","damage_taken":0,"relics_obtained":["Bloody Idol"],"max_hp_gain":0,"max_hp_loss":0,"event_name":"Forgotten Altar","floor":20,"relics_lost":["Golden Idol"],"gold_loss":0},{"damage_healed":0,"gold_gain":0,"player_choice":"Obtained Relic","damage_taken":0,"relics_obtained":["Pear"],"max_hp_gain":0,"max_hp_loss":0,"event_name":"Addict","floor":22,"gold_loss":85},{"damage_healed":0,"gold_gain":0,"player_choice":"Traded Relic","damage_taken":0,"relics_obtained":["Nloth\u0027s Gift"],"max_hp_gain":0,"max_hp_loss":0,"event_name":"N\u0027loth","floor":27,"relics_lost":["NeowsBlessing"],"gold_loss":0},{"damage_healed":0,"gold_gain":0,"player_choice":"0 cards matched","damage_taken":0,"max_hp_gain":0,"max_hp_loss":0,"event_name":"Match and Keep!","floor":39,"gold_loss":0,"cards_obtained":[]}],"is_beta":false,"boss_relics":[{"not_picked":["Busted Crown","Runic Pyramid"],"picked":"Mark of Pain"},{"not_picked":["Astrolabe","Black Star"],"picked":"Philosopher\u0027s Stone"}],"items_purged_floors":[19,38,45],"is_endless":false,"potions_floor_spawned":[1,3,11,18,24,29,31,33,37,41],"killed_by":"Time Eater","ascension_level":5}}