{"host":"bgyhjzqafgkxdxsh","time":1613655723,"event":{"mods":["BaseMod","Colored Map","Downfall","Minty Spire (QoL Compilation)","Relic Stats","StSLib","everything is the same but u backflip on backflip"],"gold_per_floor":[99,111,126,136,136,136,205,227,254,254,282,282,293,293,303,399,399,399,170,170,184,199,229,256,256,356,406,476,506,126,161,177,281,281,281,376,426,442,458,358,358,387,187,203,284,310,387,402,422,422,422,453,76,76,76,76,76,76],"floor_reached":56,"language":"ENG","playtime":4801,"items_purged":["downfall:Bewildered","Pain","hexamod:SixthSeal"],"score":910,"play_id":"2fb0e945-0df4-4734-96be-dede99877669","local_time":"20210218234203","is_ascension_mode":true,"campfire_choices":[{"data":"hexamod:Float","floor":1.0,"key":"SMITH"},{"data":"hexamod:FastForward","floor":6.0,"key":"SMITH"},{"floor":10.0,"key":"REST"},{"data":"hexamod:UnlimitedPower","floor":18.0,"key":"SMITH"},{"data":"hexamod:Rewind","floor":25.0,"key":"SMITH"},{"floor":35.0,"key":"RECALL"},{"data":"hexamod:FlameSwitch","floor":40.0,"key":"SMITH"},{"data":"hexamod:Sear","floor":43.0,"key":"SMITH"},{"floor":54.0,"key":"REST"}],"circlet_count":0,"master_deck":["hexamod:Strike+1","hexamod:Strike+1","hexamod:Defend+1","hexamod:Defend+1","hexamod:Defend+1","hexamod:Sear+1","hexamod:Float+1","hexamod:ShieldOfDarkness+1","hexamod:SwordOfDarkness+1","hexamod:FastForward+1","hexamod:FlameSwitch+1","hexamod:HeatCrush+1","PanicButton+1","hexamod:SkipABeat+1","hexamod:UnlimitedPower+1","Sadistic Nature+1","hexamod:GhostLash+1","hexamod:Rewind+1","hexamod:Hexaguard+1","hexamod:UnlimitedPower+1","hexamod:GhostflameInferno+1","hexamod:Again+1","hexamod:SwordOfDarkness+1","hexamod:Rewind+1"],"relics":["hexamod:SpiritBrand","Pocketwatch","Tiny Chest","Mercury Hourglass","Odd Mushroom","Blue Candle","HornCleat","Pear","hexamod:IceCube","sneckomod:BabySnecko","Anchor","Happy Flower","downfall:CloakOfManyFaces","CultistMask","FaceOfCleric","NlothsMask","GremlinMask","SsserpentHead","InkBottle","Strawberry","DollysMirror","Nunchaku","Astrolabe","Torii","downfall:HeartBlessingRed","FossilizedHelix","downfall:HeartBlessingGreen","downfall:HeartBlessingBlue","ClockworkSouvenir","Gremlin Horn","Akabeko","Bottled Tornado","hexamod:InflammatoryLetter"],"acts_visited":["Exordium","TheCity","TheBeyond","TheEnding"],"potions_floor_usage":[55,56,56],"damage_taken":[{"damage":0.0,"enemies":"2 Louse","floor":2.0,"turns":4.0},{"damage":6.0,"enemies":"Jaw Worm","floor":3.0,"turns":3.0},{"damage":0.0,"enemies":"Small Slimes","floor":4.0,"turns":3.0},{"damage":0.0,"enemies":"The Mushroom Lair","floor":8.0,"turns":3.0},{"damage":23.0,"enemies":"Gremlin Nob","floor":9.0,"turns":4.0},{"damage":14.0,"enemies":"Lagavulin","floor":11.0,"turns":6.0},{"damage":0.0,"enemies":"Exordium Thugs","floor":13.0,"turns":3.0},{"damage":0.0,"enemies":"2 Fungi Beasts","floor":15.0,"turns":3.0},{"damage":6.0,"enemies":"IC_STATUS_ARCHETYPE","floor":16.0,"turns":8.0},{"damage":0.0,"enemies":"downfall:FleeingMerchant","floor":19.0,"turns":4.0},{"damage":6.0,"enemies":"Shell Parasite","floor":21.0,"turns":3.0},{"damage":0.0,"enemies":"3 Byrds","floor":22.0,"turns":4.0},{"damage":16.0,"enemies":"Book of Stabbing","floor":23.0,"turns":4.0},{"damage":2.0,"enemies":"downfall:FaceTrader","floor":26.0,"turns":6.0},{"damage":1.0,"enemies":"Centurion and Healer","floor":28.0,"turns":4.0},{"damage":4.0,"enemies":"Gremlin Leader","floor":29.0,"turns":7.0},{"damage":0.0,"enemies":"downfall:FleeingMerchant","floor":30.0,"turns":4.0},{"damage":7.0,"enemies":"Slavers","floor":31.0,"turns":4.0},{"damage":3.0,"enemies":"Shelled Parasite and Fungi","floor":32.0,"turns":4.0},{"damage":10.0,"enemies":"SI_MIRROR_ARCHETYPE","floor":33.0,"turns":8.0},{"damage":14.0,"enemies":"2 Orb Walkers","floor":36.0,"turns":5.0},{"damage":1.0,"enemies":"Orb Walker","floor":38.0,"turns":3.0},{"damage":1.0,"enemies":"3 Darklings","floor":39.0,"turns":3.0},{"damage":8.0,"enemies":"Giant Head","floor":42.0,"turns":7.0},{"damage":0.0,"enemies":"Transient","floor":44.0,"turns":5.0},{"damage":0.0,"enemies":"downfall:FleeingMerchant","floor":45.0,"turns":3.0},{"damage":7.0,"enemies":"Nemesis","floor":46.0,"turns":7.0},{"damage":0.0,"enemies":"Spire Growth","floor":48.0,"turns":3.0},{"damage":0.0,"enemies":"3 Darklings","floor":49.0,"turns":3.0},{"damage":10.0,"enemies":"WA_ARCHETYPE_DIVINITY","floor":50.0,"turns":9.0},{"damage":23.0,"enemies":"downfall:CharBossMerchant","floor":52.0,"turns":6.0},{"damage":91,"enemies":"downfall:NeowBoss","floor":55,"turns":25},{"damage":17,"enemies":"downfall:NeowBossFinal","floor":56,"turns":6}],"seed_played":"506321882275429799","potions_obtained":[{"floor":9.0,"key":"SpeedPotion"},{"floor":11.0,"key":"SkillPotion"},{"floor":13.0,"key":"DuplicationPotion"},{"floor":22.0,"key":"SpeedPotion"},{"floor":28.0,"key":"Ancient Potion"},{"floor":39.0,"key":"PowerPotion"},{"floor":42.0,"key":"champ:CounterPotion"},{"floor":46.0,"key":"PowerPotion"},{"floor":52.0,"key":"Swift Potion"}],"is_trial":false,"path_per_floor":["R","M","M","M","?","R","T","?","E","R","E","?","M","T","M","B",null,"R","$","?","M","M","E","T","R","?","T","M","E","$","E","M","B",null,"R","?","?","M","M","R","T","E","R","M","$","E","T","M","M","B",null,"E","$","R","B","B"],"character_chosen":"THE_SPIRIT","items_purchased":["Sadistic Nature","hexamod:GhostLash","Strawberry","DollysMirror","ClockworkSouvenir","hexamod:InflammatoryLetter"],"campfire_rested":2,"item_purchase_floors":[19,19,30,30,45,53],"current_hp_per_floor":[63,63,57,57,39,39,39,39,16,34,20,20,20,30,30,24,73,73,73,73,67,67,51,51,51,49,49,49,46,54,48,46,37,86,86,73,73,73,73,73,73,66,76,77,78,72,72,73,74,65,106,84,84,107,17,0,0,0],"gold":76,"neow_bonus":"ONE_RARE_RELIC","is_daily":false,"chose_seed":false,"campfire_upgraded":6,"win_rate":0.0,"timestamp":1613655723,"path_taken":["R","M","M","M","?","R","T","?","E","R","E","?","?","?","M","BOSS","R","?","?","M","M","E","T","R","?","?","?","E","$","E","M","BOSS","R","?","?","M","M","R","T","E","R","M","$","E","?","M","M","BOSS","E","$","R","BOSS","BOSS"],"items_purchased_type":["Card","Card","Relic","Relic","Relic","Relic"],"build_version":"2020-12-22","purchased_purges":3,"victory":false,"max_hp_per_floor":[63,63,63,63,63,63,63,63,63,63,63,63,63,73,73,73,73,73,73,73,73,73,73,73,73,73,73,74,75,83,84,85,86,86,86,87,87,88,89,89,89,90,100,101,102,103,103,104,105,106,106,107,107,107,108,108,108,108],"relic_stats":{"Happy Flower":[40],"Torii":16,"Gremlin Horn":[5,5],"counters":[33,173],"Blue Candle":[16],"Astrolabe":["hexamod:Again","hexamod:SwordOfDarkness","hexamod:Rewind"],"Mercury Hourglass":[444],"SsserpentHead":250,"Nunchaku":[10],"FaceOfCleric":18,"Tiny Chest":3,"obtain_stats":[{"Torii":36,"Gremlin Horn":46,"GremlinMask":26,"downfall:HeartBlessingGreen":43,"Bottled Tornado":52,"ClockworkSouvenir":45,"SsserpentHead":26,"Nunchaku":31,"HornCleat":11,"FaceOfCleric":26,"DollysMirror":30,"downfall:HeartBlessingBlue":43,"Strawberry":30,"Tiny Chest":5,"downfall:CloakOfManyFaces":26,"hexamod:SpiritBrand":0,"InkBottle":29,"Pear":14,"Happy Flower":24,"downfall:HeartBlessingRed":40,"Blue Candle":9,"Astrolabe":34,"hexamod:InflammatoryLetter":53,"Odd Mushroom":8,"Akabeko":47,"Mercury Hourglass":7,"sneckomod:BabySnecko":20,"Anchor":23,"CultistMask":26,"hexamod:IceCube":17,"FossilizedHelix":42,"Pocketwatch":0,"NlothsMask":26},{"Torii":21,"Gremlin Horn":27,"GremlinMask":14,"downfall:HeartBlessingGreen":24,"Bottled Tornado":31,"ClockworkSouvenir":26,"SsserpentHead":14,"Nunchaku":18,"HornCleat":6,"FaceOfCleric":14,"DollysMirror":17,"downfall:HeartBlessingBlue":24,"Strawberry":17,"Tiny Chest":3,"downfall:CloakOfManyFaces":14,"hexamod:SpiritBrand":0,"InkBottle":16,"Pear":7,"Happy Flower":13,"downfall:HeartBlessingRed":23,"Blue Candle":5,"Astrolabe":20,"hexamod:InflammatoryLetter":31,"Odd Mushroom":4,"Akabeko":27,"Mercury Hourglass":3,"sneckomod:BabySnecko":10,"Anchor":13,"CultistMask":14,"hexamod:IceCube":9,"FossilizedHelix":24,"Pocketwatch":0,"NlothsMask":14},{"Torii":93,"Gremlin Horn":121,"GremlinMask":57,"downfall:HeartBlessingGreen":106,"Bottled Tornado":142,"ClockworkSouvenir":114,"SsserpentHead":57,"Nunchaku":76,"HornCleat":22,"FaceOfCleric":57,"DollysMirror":72,"downfall:HeartBlessingBlue":106,"Strawberry":72,"Tiny Chest":10,"downfall:CloakOfManyFaces":57,"hexamod:SpiritBrand":0,"InkBottle":68,"Pear":25,"Happy Flower":51,"downfall:HeartBlessingRed":99,"Blue Candle":16,"Astrolabe":88,"hexamod:InflammatoryLetter":142,"Odd Mushroom":13,"Akabeko":121,"Mercury Hourglass":10,"sneckomod:BabySnecko":40,"Anchor":51,"CultistMask":57,"hexamod:IceCube":36,"FossilizedHelix":106,"Pocketwatch":0,"NlothsMask":57}],"InkBottle":[43],"Pocketwatch":[194]},"card_choices":[{"not_picked":["hexamod:NightmareGuise","hexamod:CatchUp"],"picked":"hexamod:ShieldOfDarkness","floor":2.0},{"not_picked":["hexamod:ThermalTransfer","hexamod:InspiringFlames"],"picked":"hexamod:SwordOfDarkness","floor":3.0},{"not_picked":["hexamod:HauntingEcho","hexamod:InspiringFlames"],"picked":"hexamod:FastForward","floor":4.0},{"not_picked":["hexamod:GhostLash","hexamod:RecurringNightmare"],"picked":"hexamod:FlameSwitch","floor":9.0},{"not_picked":["hexamod:StepThrough","hexamod:SpectralSpark"],"picked":"hexamod:HeatCrush","floor":11.0},{"not_picked":["hexamod:Firestarter","hexamod:SuperheatedStrike"],"picked":"hexamod:SkipABeat","floor":13.0},{"not_picked":["hexamod:SecondSeal","hexamod:AdvancingGuard","hexamod:FastForward"],"picked":"SKIP","floor":15.0},{"not_picked":["hexamod:GiftsFromTheDead","hexamod:VolcanoVisage"],"picked":"hexamod:UnlimitedPower","floor":16.0},{"not_picked":["hexamod:FastForward","hexamod:BacktrackSmack","hexamod:AdvancingGuard+1"],"picked":"SKIP","floor":19.0},{"not_picked":["hexamod:Firestarter","hexamod:FastForward"],"picked":"hexamod:Rewind","floor":21.0},{"not_picked":["hexamod:SpectersWail+1","hexamod:Firestarter","hexamod:EmpoweredFlame"],"picked":"SKIP","floor":22.0},{"not_picked":["hexamod:RainOfEmbers+1","hexamod:NightmareGuise","hexamod:GhostOfSpireFuture"],"picked":"SKIP","floor":23.0},{"not_picked":["hexamod:GhostLash","hexamod:Firestarter"],"picked":"hexamod:Hexaguard+1","floor":26.0},{"not_picked":["hexamod:Again","hexamod:NecessarySacrifice","hexamod:FlamesFromBeyond"],"picked":"SKIP","floor":28.0},{"not_picked":["hexamod:HeatMetal+1","hexamod:SkipABeat","hexamod:GhostLash"],"picked":"SKIP","floor":29.0},{"not_picked":["hexamod:GhostShield","hexamod:RainOfEmbers"],"picked":"hexamod:SixthSeal","floor":30.0},{"not_picked":["hexamod:GhostOfSpirePast","hexamod:SecondSeal","hexamod:HauntingEcho"],"picked":"SKIP","floor":31.0},{"not_picked":["hexamod:FlamesFromBeyond","hexamod:Firestarter","hexamod:BurningTouch"],"picked":"SKIP","floor":32.0},{"not_picked":["hexamod:SixthSeal","hexamod:VolcanoVisage"],"picked":"hexamod:GhostflameInferno","floor":33.0},{"not_picked":["hexamod:StepThrough+1","hexamod:Hexaguard","hexamod:CatchUp"],"picked":"SKIP","floor":38.0},{"not_picked":["hexamod:GhostLash","hexamod:NightmareStrike+1","hexamod:PowerFromBeyond+1"],"picked":"SKIP","floor":39.0},{"not_picked":["hexamod:InspiringFlames+1","hexamod:PhantomFireball","hexamod:PowerFromBeyond+1"],"picked":"SKIP","floor":42.0},{"not_picked":["hexamod:PhantomFireball","hexamod:BurningTouch","hexamod:SuperheatedStrike"],"picked":"SKIP","floor":44.0},{"not_picked":["hexamod:BurningTouch","hexamod:FourthSeal","hexamod:Toasty"],"picked":"SKIP","floor":45.0},{"not_picked":["hexamod:NightmareStrike","hexamod:SwordOfDarkness","hexamod:Firestarter"],"picked":"SKIP","floor":46.0},{"not_picked":["hexamod:ChargedBarrage","hexamod:FourthSeal","hexamod:FastForward"],"picked":"SKIP","floor":48.0},{"not_picked":["hexamod:PowerFromBeyond","hexamod:GhostOfSpireFuture+1","hexamod:NightmareStrike"],"picked":"SKIP","floor":49.0},{"not_picked":["hexamod:StepThrough","hexamod:HauntingEcho","hexamod:BurningTouch+1"],"picked":"SKIP","floor":52.0}],"player_experience":590414,"relics_obtained":[{"floor":7.0,"key":"Mercury Hourglass"},{"floor":8.0,"key":"Odd Mushroom"},{"floor":9.0,"key":"Blue Candle"},{"floor":11.0,"key":"HornCleat"},{"floor":14.0,"key":"Pear"},{"floor":23.0,"key":"Anchor"},{"floor":24.0,"key":"Happy Flower"},{"floor":26.0,"key":"downfall:CloakOfManyFaces"},{"floor":29.0,"key":"InkBottle"},{"floor":31.0,"key":"Nunchaku"},{"floor":36.0,"key":"Torii"},{"floor":42.0,"key":"FossilizedHelix"},{"floor":46.0,"key":"Gremlin Horn"},{"floor":47.0,"key":"Akabeko"},{"floor":52.0,"key":"Bottled Tornado"}],"event_choices":[{"damage_healed":0.0,"max_hp_gain":0.0,"max_hp_loss":0.0,"gold_gain":0.0,"event_name":"Scrap Ooze","player_choice":"Success","floor":5.0,"gold_loss":0.0,"damage_taken":18.0,"relics_obtained":["Tiny Chest"]},{"damage_healed":0.0,"max_hp_gain":0.0,"max_hp_loss":0.0,"gold_gain":0.0,"event_name":"Mushrooms","player_choice":"Fought Mushrooms","floor":8.0,"gold_loss":0.0,"damage_taken":0.0},{"damage_healed":0.0,"max_hp_gain":0.0,"max_hp_loss":0.0,"gold_gain":0.0,"event_name":"Mysterious Sphere","player_choice":"Fight","floor":36.0,"gold_loss":0.0,"damage_taken":0.0}],"is_beta":false,"boss_relics":[{"not_picked":["Empty Cage","Fusion Hammer"],"picked":"hexamod:IceCube"},{"not_picked":["SacredBark","Tiny House"],"picked":"Astrolabe"}],"items_purged_floors":[30,45,53],"is_endless":false,"potions_floor_spawned":[9,11,13,22,26,28,29,32,33,38,39,42,46,52],"killed_by":"downfall:NeowBossFinal","ascension_level":1}}