{"host":"9ahx8fyo8ahtgkt3","time":1613639897,"event":{"mods":["BaseMod","Bestiary","Better Third Choice","BetterRewards","Colored Powertips","Conspire","Curses Come First","Downfall","Evolution","Hubris","Infinite Spire","Minty Spire (QoL Compilation)","Quick Restart","Replay The Spire","Shop Mod","Spicy Shops","StSLib","Synergy Search"],"gold_per_floor":[119,119,394,410,420,420,451,461,461,461,480,480,491,46,46,169,169,197,17,17,65,129,208,208,285,285,285,285,336,394,453,453,652,652,697,697,735,735,789,859,859,894,943,1010,1010,1066,1066,486,486,518],"floor_reached":51,"language":"DEU","playtime":35671,"items_purged":["Strike_G","Defend_G","Defend_G"],"score":1285,"play_id":"a163dad3-afe2-40c4-8d52-cad0aeb720ea","local_time":"20210218101817","is_ascension_mode":true,"campfire_choices":[{"data":"Regret","floor":6.0,"key":"PURGE"},{"data":"Regret","floor":10.0,"key":"PURGE"},{"data":"Strike_G","floor":15.0,"key":"PURGE"},{"data":"Calculated Gamble","floor":32.0,"key":"SMITH"},{"data":"Envenom","floor":41,"key":"SMITH"},{"floor":45,"key":"REST"},{"data":"Accuracy","floor":49,"key":"SMITH"}],"circlet_count":0,"master_deck":["Strike_G+1","Defend_G","Survivor","Acrobatics","Cloak And Dagger","Expertise","Accuracy+1","Calculated Gamble","Calculated Gamble+1","ReplayTheSpireMod:Scrap Shanks+1","Caltrops","ReplayTheSpireMod:Scrap Shanks","Acrobatics","ReplayTheSpireMod:The Works+1","ReplayTheSpireMod:Speed Training+1","Tactician","Acrobatics","Envenom+1","Prepared+1","conspire:DoublingDagger","Prepared","Prepared","hubris:SlightOfHand","Infinite Blades+1","Bandage Up","Bane"],"relics":["Ring of the Snake","EVO:Axolotl","Blue Doll","Ninja Scroll","Peace Pipe","ReplayTheSpireMod:Shallot","infinitespire:FocusingShard","TheAbacus","ReplayTheSpireMod:Lightbulb","Replay:Bandana","Replay:Bronze Core","Bag of Preparation","Nloth\u0027s Gift","Garlic","hubris:DeckOfHolding","conspire:Dentures","hubris:CrystalStatue","Replay:PocketPolymizer","Whetstone","WristBlade","Empty Cage","Matryoshka","hubris:Reverence","Gremlin Horn","Happy Flower","Shuriken","Strawberry","hubris:Towel","The Specimen","Vampiric Spirits","MealTicket"],"acts_visited":["Exordium","TheCity","TheBeyond"],"potions_floor_usage":[40,44,50],"damage_taken":[{"damage":0.0,"enemies":"2 Louse","floor":1.0,"turns":4.0},{"damage":4.0,"enemies":"Cultist","floor":4.0,"turns":4.0},{"damage":6.0,"enemies":"Small Slimes","floor":5.0,"turns":3.0},{"damage":11.0,"enemies":"Replay:BlueRogue","floor":7.0,"turns":11.0},{"damage":0.0,"enemies":"3 Louse","floor":8.0,"turns":3.0},{"damage":0.0,"enemies":"Looter","floor":11.0,"turns":2.0},{"damage":0.0,"enemies":"Gremlin Gang","floor":13.0,"turns":8.0},{"damage":0.0,"enemies":"Slime Boss","floor":16.0,"turns":4.0},{"damage":3.0,"enemies":"Shell Parasite","floor":18.0,"turns":9.0},{"damage":0.0,"enemies":"3 Byrds","floor":21.0,"turns":3.0},{"damage":4.0,"enemies":"Sentry and Sphere","floor":22.0,"turns":4.0},{"damage":0.0,"enemies":"Book of Stabbing","floor":23.0,"turns":1.0},{"damage":0.0,"enemies":"conspire:SneckoGhost","floor":25.0,"turns":4.0},{"damage":0.0,"enemies":"Snecko","floor":29.0,"turns":3.0},{"damage":0.0,"enemies":"conspire:HollyBat","floor":30.0,"turns":3.0},{"damage":1.0,"enemies":"Snake Plant","floor":31.0,"turns":4.0},{"damage":0.0,"enemies":"Champ","floor":33.0,"turns":3.0},{"damage":27.0,"enemies":"3 Shapes","floor":35.0,"turns":1.0},{"damage":0.0,"enemies":"3 Darklings","floor":37.0,"turns":1.0},{"damage":0.0,"enemies":"Spire Growth","floor":39.0,"turns":1.0},{"damage":12,"enemies":"Nemesis","floor":40,"turns":3},{"damage":0,"enemies":"4 Shapes","floor":42,"turns":1},{"damage":4,"enemies":"Giant Head","floor":44,"turns":2},{"damage":0,"enemies":"Reptomancer","floor":46,"turns":1},{"damage":38,"enemies":"Time Eater","floor":50,"turns":4}],"seed_played":"-1716198579600585633","potions_obtained":[{"floor":1.0,"key":"Block Potion"},{"floor":7.0,"key":"SkillPotion"},{"floor":8.0,"key":"GhostInAJar"},{"floor":11.0,"key":"EssenceOfSteel"},{"floor":13.0,"key":"Strength Potion"},{"floor":18.0,"key":"LiquidBronze"},{"floor":23.0,"key":"SkillPotion"},{"floor":37.0,"key":"Block Potion"},{"floor":46,"key":"SteroidPotion"}],"is_trial":false,"path_per_floor":["M","?","?","M","M","R","E","M","T","R","M","?","M","$","R","B",null,"M","$","?","M","M","E","T","E","T","?","AVR","M","M","M","R","B",null,"M","AVR","M","?","M","E","R","M","T","E","R","E","?","$","R","B",null],"character_chosen":"THE_SILENT","items_purchased":["Blue Doll","Ninja Scroll","TheAbacus","ReplayTheSpireMod:Scrap Shanks","ReplayTheSpireMod:Lightbulb","Replay:Bandana","ReplayTheSpireMod:Scrap Shanks","Bag of Preparation","Infinite Blades+1","Bandage Up","The Specimen","Vampiric Spirits","MealTicket"],"campfire_rested":1,"item_purchase_floors":[0,0,14,14,14,14,19,19,48,48,48,48,48],"current_hp_per_floor":[70,70,70,66,60,60,49,49,49,49,49,49,49,49,49,49,70,67,67,67,67,63,63,63,63,63,63,63,63,63,62,62,62,70,43,43,43,43,43,31,31,31,31,27,48,55,55,55,55,33],"gold":518,"neow_bonus":"","is_daily":false,"chose_seed":false,"campfire_upgraded":3,"win_rate":0.0,"timestamp":1613639897,"path_taken":["M","?","?","M","?","R","E","M","T","R","M","?","M","$","R","BOSS","M","?","?","?","M","E","?","E","T","?","AVR","M","M","M","R","BOSS","M","AVR","M","?","M","E","R","M","T","E","R","E","?","$","R","BOSS"],"items_purchased_type":["Relic","Relic","Relic","Card","Relic","Relic","Card","Relic","Card","Card","Relic","Relic","Relic"],"build_version":"2020-12-22","purchased_purges":3,"victory":true,"max_hp_per_floor":[70,70,70,70,70,70,70,70,70,70,70,70,70,70,70,70,70,70,70,70,70,70,70,70,70,70,70,70,70,70,70,70,70,70,70,70,70,70,70,70,70,70,70,70,70,77,77,77,77,77],"card_choices":[{"not_picked":["hubris:SlightOfHand","Sneak Up"],"picked":"Acrobatics","floor":1.0},{"not_picked":["Hidden Blade","Flying Knee"],"picked":"Cloak And Dagger","floor":4.0},{"not_picked":["Dodge and Roll","Deadly Poison","Underhanded Strike"],"picked":"SKIP","floor":5.0},{"not_picked":["Tactician","Underhanded Strike"],"picked":"Expertise","floor":7.0},{"not_picked":["Backflip","Poisoned Stab"],"picked":"Accuracy","floor":8.0},{"not_picked":["Outmaneuver","Flying Knee"],"picked":"Calculated Gamble","floor":11.0},{"not_picked":["Dagger Spray","Dagger Throw"],"picked":"Calculated Gamble","floor":13.0},{"not_picked":["Escape Plan","Dodge and Roll+1"],"picked":"Caltrops","floor":18.0},{"not_picked":["Quick Slash","Sneak Up"],"picked":"Acrobatics","floor":21.0},{"not_picked":["PiercingWail","All Out Attack"],"picked":"ReplayTheSpireMod:The Works+1","floor":22.0},{"not_picked":["Phantasmal Killer","Heel Hook"],"picked":"ReplayTheSpireMod:Speed Training+1","floor":23.0},{"not_picked":["Dagger Spray","PiercingWail","Fluid Movement"],"picked":"SKIP","floor":25.0},{"not_picked":["Flying Knee","ReplayTheSpireMod:Exploit Weakness+1","Finisher"],"picked":"SKIP","floor":29.0},{"not_picked":["PiercingWail","Dagger Spray+1"],"picked":"Tactician","floor":30.0},{"not_picked":["Sucker Punch+1","Poisoned Stab"],"picked":"Acrobatics","floor":31.0},{"not_picked":["Poison Darts","Venomology"],"picked":"Envenom","floor":33.0},{"not_picked":["Dagger Spray+1","Bouncing Flask"],"picked":"Prepared+1","floor":35.0},{"not_picked":["Deflect","Acrobatics+1"],"picked":"conspire:DoublingDagger","floor":37.0},{"not_picked":["Dagger Spray+1","Noxious Fumes","hubris:TrickCloak"],"picked":"SKIP","floor":39.0},{"not_picked":["Underhanded Strike","Corpse Explosion","Flying Knee+1"],"picked":"SKIP","floor":40},{"not_picked":["Crippling Poison","Dodge and Roll"],"picked":"Prepared","floor":42},{"not_picked":["hubris:Counter+1","Underhanded Strike"],"picked":"Prepared","floor":44},{"not_picked":["Backstab","ReplayTheSpireMod:From All Sides","Deflect+1"],"picked":"SKIP","floor":46}],"player_experience":152772,"relics_obtained":[{"floor":7.0,"key":"Sundial"},{"floor":9.0,"key":"infinitespire:FocusingShard"},{"floor":23.0,"key":"Garlic"},{"floor":24.0,"key":"hubris:DeckOfHolding"},{"floor":25.0,"key":"conspire:Dentures"},{"floor":26.0,"key":"hubris:CrystalStatue"},{"floor":40,"key":"hubris:Reverence"},{"floor":43,"key":"Gremlin Horn"},{"floor":43,"key":"Happy Flower"},{"floor":44,"key":"Shuriken"},{"floor":46,"key":"Strawberry"}],"event_choices":[{"damage_healed":0.0,"max_hp_gain":0.0,"max_hp_loss":0.0,"gold_gain":0.0,"event_name":"Big Fish","player_choice":"Box","floor":2.0,"gold_loss":0.0,"damage_taken":0.0,"relics_obtained":["ReplayTheSpireMod:Shallot"],"cards_obtained":["Regret"]},{"damage_healed":0.0,"max_hp_gain":0.0,"max_hp_loss":0.0,"gold_gain":275.0,"event_name":"Golden Shrine","player_choice":"Desecrate","floor":3.0,"gold_loss":0.0,"damage_taken":0.0,"cards_obtained":["Regret"]},{"cards_removed":["Neutralize"],"damage_healed":0.0,"max_hp_gain":0.0,"max_hp_loss":0.0,"gold_gain":0.0,"event_name":"Bonfire Elementals","player_choice":"Offered Basic","floor":12.0,"gold_loss":0.0,"damage_taken":0.0},{"damage_healed":0.0,"max_hp_gain":0.0,"max_hp_loss":0.0,"gold_gain":0.0,"event_name":"N\u0027loth","player_choice":"Traded Relic","floor":20.0,"relics_lost":["Sundial"],"gold_loss":0.0,"damage_taken":0.0,"relics_obtained":["Nloth\u0027s Gift"]},{"damage_healed":0.0,"max_hp_gain":0.0,"max_hp_loss":0.0,"gold_gain":0.0,"event_name":"The Mausoleum","player_choice":"Opened","floor":27.0,"gold_loss":0.0,"damage_taken":0.0,"relics_obtained":["Replay:PocketPolymizer"]}],"is_beta":false,"boss_relics":[{"not_picked":["conspire:RoyalGoblet","hubris:VirtuousBlindfold"],"picked":"Replay:Bronze Core"},{"not_picked":["Sozu","Velvet Choker"],"picked":"WristBlade"}],"items_purged_floors":[28,36,48],"is_endless":false,"potions_floor_spawned":[1,7,8,11,13,18,23,25,30,33,37,46],"ascension_level":1}}