{"host":"y4fuci1jk2rsxnep","time":1613670782,"event":{"mods":["AchievementEnabler","BaseMod","Colored Powertips","Custom Start","Defuse TimeMaze Blight","Dio Mod","Downfall","Hermit","Hero for Fun","Hubris","Hunter ??","Infinite Spire","Minty Spire (QoL Compilation)","Quick Restart","Reliquary","Remove Card Discount Mod","Replay The Spire","StSLib","The Blackbeard","The Bug Knight","The Mystic","The Runesmith"],"gold_per_floor":[115,115,37,37,56,90,90,133,158,175,205,257,257,257,257,378,378,414,458,493,493,493,493],"floor_reached":21,"language":"ENG","playtime":3403,"items_purged":["blackbeard:BlackbeardDefend"],"score":238,"play_id":"e99d8653-1255-4b2f-aa37-7398c287de43","local_time":"20210218185302","is_ascension_mode":true,"campfire_choices":[{"data":"blackbeard:Cutlass","floor":7,"key":"SMITH"},{"data":"blackbeard:Shrapnel","floor":13,"key":"SMITH"},{"floor":15,"key":"REST"}],"circlet_count":0,"master_deck":["blackbeard:BlackbeardStrike","blackbeard:BlackbeardStrike","blackbeard:BlackbeardStrike","blackbeard:BlackbeardStrike","blackbeard:IntimidatingStrike","blackbeard:BlackbeardDefend","blackbeard:BlackbeardDefend","blackbeard:BlackbeardDefend","blackbeard:Cutlass+1","blackbeard:FieryDefense","blackbeard:Bandana","blackbeard:GoldenRain","blackbeard:Spear","blackbeard:RemoveScurvy","blackbeard:Toast","blackbeard:Shrapnel+1","blackbeard:HumongousCannonball","blackbeard:Toast","blackbeard:TacticalRetreat+1","blackbeard:WoodenLeg"],"relics":["blackbeard:LoadTheCannons","NeowsBlessing","Lantern","reliquary:Knoch","Replay:Bronze Core"],"acts_visited":["Exordium","TheCity"],"potions_floor_usage":[16,20,20],"damage_taken":[{"damage":0,"enemies":"2 Louse","floor":1,"turns":1},{"damage":0,"enemies":"Small Slimes","floor":5,"turns":1},{"damage":0,"enemies":"Lagavulin","floor":6,"turns":1},{"damage":0,"enemies":"infinitespire:Voidling","floor":8,"turns":4},{"damage":0,"enemies":"3 Louse","floor":10,"turns":2},{"damage":3,"enemies":"Looter","floor":11,"turns":3},{"damage":46,"enemies":"HollowMod:MossKnight","floor":12,"turns":11},{"damage":33,"enemies":"Hexaghost","floor":16,"turns":13},{"damage":42,"enemies":"Shell Parasite","floor":18,"turns":7},{"damage":25,"enemies":"Chosen","floor":19,"turns":6},{"damage":24,"enemies":"Snecko","floor":20,"turns":7},{"damage":20,"enemies":"Shelled Parasite and Fungi","floor":21,"turns":2}],"seed_played":"2181362969718453984","potions_obtained":[{"floor":5,"key":"Strength Potion"},{"floor":8,"key":"Dexterity Potion"},{"floor":12,"key":"Guardian:BlockOnCardUsePotion"},{"floor":16,"key":"GamblersBrew"},{"floor":18,"key":"Regen Potion"}],"is_trial":false,"path_per_floor":["M","?","$","?","M","E","R","M","T","M","M","E","R","?","R","B",null,"M","M","M","M"],"character_chosen":"BLACKBEARD_CLASS","items_purchased":["blackbeard:Bandana"],"campfire_rested":1,"item_purchase_floors":[3],"current_hp_per_floor":[75,75,75,75,75,75,75,75,75,75,72,26,26,26,48,20,75,33,13,9,0,0,0],"gold":493,"neow_bonus":"THREE_ENEMY_KILL","is_daily":false,"chose_seed":false,"campfire_upgraded":2,"win_rate":0.0,"timestamp":1613670782,"path_taken":["M","?","$","?","M","E","R","M","T","M","M","E","R","?","R","BOSS","M","?","M","M"],"items_purchased_type":["Card"],"build_version":"2020-12-22","purchased_purges":1,"victory":false,"max_hp_per_floor":[75,75,75,75,75,75,75,75,75,75,75,75,75,75,75,75,75,75,75,75,75,75,75],"card_choices":[{"not_picked":["blackbeard:GhostInTheRum","blackbeard:Dagger"],"picked":"blackbeard:FieryDefense","floor":1},{"not_picked":["blackbeard:Sword","blackbeard:Revenge","blackbeard:Sharpening"],"picked":"SKIP","floor":5},{"not_picked":["blackbeard:BrownPants","blackbeard:Spear"],"picked":"blackbeard:GoldenRain","floor":6},{"not_picked":["blackbeard:BeatUp","blackbeard:Sword"],"picked":"blackbeard:Spear","floor":8},{"not_picked":["blackbeard:FieryDefense","blackbeard:Lifeboat"],"picked":"blackbeard:RemoveScurvy","floor":10},{"not_picked":["blackbeard:SwordDance","blackbeard:Eyepatch"],"picked":"blackbeard:Toast","floor":11},{"not_picked":["blackbeard:Sword","blackbeard:Anchor"],"picked":"blackbeard:Shrapnel","floor":12},{"not_picked":["blackbeard:TheDrunkenSailor","blackbeard:ReapersScythe"],"picked":"blackbeard:HumongousCannonball","floor":16},{"not_picked":["blackbeard:Sharpening","blackbeard:CannonBarrage"],"picked":"blackbeard:Toast","floor":18},{"not_picked":["blackbeard:Provisioning","blackbeard:PirateHook"],"picked":"blackbeard:TacticalRetreat+1","floor":19},{"not_picked":["blackbeard:PowerHungry","blackbeard:Anchor"],"picked":"blackbeard:WoodenLeg","floor":20}],"player_experience":651035,"relics_obtained":[{"floor":6,"key":"Lantern"},{"floor":12,"key":"reliquary:Knoch"}],"event_choices":[{"damage_healed":0,"gold_gain":0,"player_choice":"Leave","damage_taken":0,"max_hp_gain":0,"max_hp_loss":0,"event_name":"The Cleric","floor":2,"gold_loss":0},{"damage_healed":0,"gold_gain":0,"player_choice":"Ignored","damage_taken":0,"max_hp_gain":0,"max_hp_loss":0,"event_name":"blackbeard:GoldsmithEvent","floor":4,"gold_loss":0},{"damage_healed":0,"gold_gain":0,"player_choice":"Ignored","damage_taken":0,"max_hp_gain":0,"max_hp_loss":0,"event_name":"Purifier","floor":14,"gold_loss":0}],"is_beta":false,"boss_relics":[{"not_picked":["Tiny House","SlaversCollar"],"picked":"Replay:Bronze Core"}],"items_purged_floors":[3],"is_endless":false,"potions_floor_spawned":[5,8,12,16,18],"killed_by":"Shelled Parasite and Fungi","ascension_level":2}}