{"host":"8g24zuco0epbjwbo","time":1613629520,"event":{"mods":["Act Like it!","Aspiration","Bard","BaseMod","Beaked The Cultist","Hermit","Hubris","Infinite Spire","Minty Spire (QoL Compilation)","Relic Stats","Reliquary","Replay The Spire","Ruina","Small Relic Pack","Spire Arcade","StSLib","The Blue Laboratory","The Construct","The IronCluck","The Judge","The Jungle","The Runesmith","[IsaacMod]????"],"gold_per_floor":[119,119,133,58,58,101,164,207,207,240,264,279,292,331,331,462,462,487,585,585,181,206,250,263,299,299,299,299],"floor_reached":27,"language":"ENG","playtime":1370,"items_purged":["Injury","Strike_B"],"score":477,"play_id":"6fc65a24-f7c2-4946-9478-0238877ed7aa","local_time":"20210218012520","is_ascension_mode":true,"campfire_choices":[{"floor":15,"key":"DIG"}],"circlet_count":0,"master_deck":["Strike_B","Strike_B","Defend_B","Defend_B","Defend_B","Zap","Dualcast","Redo","Static Discharge","ElectricPowerLearning+1","ReplayTheSpireMod:Calculation Training","Compile Driver","Conserve Battery","Coolheaded","Ball Lightning","Creative AI","Consume","FTL","Echo Form","Leap+1","Creative AI+1","Sunder","Panic Button","Streamline"],"relics":["Cracked Core","HushsDoor","GuppysHead","Golden Idol","aspiration:EmptySkull","Void","infinitespire:Satchel","Replay:Baseball","Runesmith:AutoHammer","Runesmith:UraniumAnvil","reliquary:RoseTintedGlasses","Toolbox","reliquary:BoilingFlask","hubris:SlimyHat","Vajra"],"acts_visited":["Exordium","Exordium"],"potions_floor_usage":[7,14,27],"damage_taken":[{"damage":0,"enemies":"Small Slimes","floor":1,"turns":1},{"damage":0,"enemies":"Jaw Worm","floor":3,"turns":1},{"damage":0,"enemies":"3 Sentries","floor":6,"turns":1},{"damage":60,"enemies":"Hiden Room Battle","floor":7,"turns":2},{"damage":12,"enemies":"Lagavulin","floor":8,"turns":4},{"damage":0,"enemies":"Replay:BlueRogue","floor":10,"turns":4},{"damage":0,"enemies":"Cultist","floor":11,"turns":3},{"damage":0,"enemies":"3 Louse","floor":12,"turns":2},{"damage":1,"enemies":"2 Fungi Beasts","floor":13,"turns":3},{"damage":0,"enemies":"3 Sentries","floor":14,"turns":4},{"damage":0,"enemies":"Fading Forest","floor":16,"turns":11},{"damage":26,"enemies":"ruina:3_Bats","floor":18,"turns":4},{"damage":5,"enemies":"ruina:2_Scarecrows","floor":22,"turns":3},{"damage":23,"enemies":"ruina:RoadHome","floor":23,"turns":4},{"damage":10,"enemies":"ruina:KingOfGreed","floor":24,"turns":4},{"damage":0,"enemies":"ruina:ServantOfWrath","floor":25,"turns":1},{"damage":3,"enemies":"ruina:3_Scarecrows","floor":27,"turns":2}],"seed_played":"6514641300431992380","potions_obtained":[{"floor":6,"key":"SpeedPotion"},{"floor":12,"key":"blueLaboratory:StoneskinPotion"},{"floor":14,"key":"Elixir"},{"floor":16,"key":"Explosive Potion"},{"floor":18,"key":"construct:ShiftPotion"}],"is_trial":false,"path_per_floor":["M","?","M","$","?","E","?","E","T","E","M","M","M","E","R","B",null,"M","?","?","$","M","E","M","E","T","M"],"character_chosen":"DEFECT","items_purchased":["Echo Form","reliquary:RoseTintedGlasses","Toolbox"],"campfire_rested":0,"item_purchase_floors":[17,21,21],"current_hp_per_floor":[75,75,75,75,75,75,15,3,3,3,3,3,2,2,2,20,72,46,46,39,39,34,11,1,1,1,0,0],"gold":299,"neow_bonus":"THREE_ENEMY_KILL","is_daily":false,"chose_seed":false,"campfire_upgraded":0,"win_rate":0.0,"timestamp":1613629520,"path_taken":["M","?","M","$","?","E","?","E","T","E","M","M","M","E","R","BOSS","M","?","?","$","M","E","M","E","T","M"],"items_purchased_type":["Card","Relic","Relic"],"build_version":"2020-12-22","purchased_purges":2,"victory":false,"max_hp_per_floor":[75,75,75,75,75,75,75,75,75,75,75,75,75,75,75,75,72,72,72,72,72,72,72,72,72,72,72,72],"relic_stats":{"counters":[17,54],"Golden Idol":115,"obtain_stats":[{"KeepersGift":0,"reliquary:SilkGlove":8,"NeowsBlessing":0,"Golden Idol":2,"reliquary:BoilingFlask":23,"Vajra":26,"hubris:SlimyHat":25,"Frozen Eye":22,"Replay:Baseball":9,"aspiration:EmptySkull":6,"Shuriken":15,"infinitespire:Satchel":7,"Runesmith:UraniumAnvil":17,"Toolbox":21,"reliquary:RoseTintedGlasses":21,"GuppysHead":0,"Runesmith:AutoHammer":10,"Void":7,"Cracked Core":0,"HushsDoor":0,"Unceasing Top":14},{"KeepersGift":0,"reliquary:SilkGlove":5,"NeowsBlessing":0,"Golden Idol":1,"reliquary:BoilingFlask":14,"Vajra":16,"hubris:SlimyHat":16,"Frozen Eye":12,"Replay:Baseball":5,"aspiration:EmptySkull":3,"Shuriken":10,"infinitespire:Satchel":4,"Runesmith:UraniumAnvil":11,"Toolbox":12,"reliquary:RoseTintedGlasses":12,"GuppysHead":0,"Runesmith:AutoHammer":6,"Void":4,"Cracked Core":0,"HushsDoor":0,"Unceasing Top":10},{"KeepersGift":0,"reliquary:SilkGlove":9,"NeowsBlessing":0,"Golden Idol":1,"reliquary:BoilingFlask":47,"Vajra":52,"hubris:SlimyHat":52,"Frozen Eye":40,"Replay:Baseball":9,"aspiration:EmptySkull":3,"Shuriken":25,"infinitespire:Satchel":5,"Runesmith:UraniumAnvil":36,"Toolbox":40,"reliquary:RoseTintedGlasses":40,"GuppysHead":0,"Runesmith:AutoHammer":13,"Void":5,"Cracked Core":0,"HushsDoor":0,"Unceasing Top":25}]},"card_choices":[{"not_picked":[],"picked":"Bomb","floor":0},{"not_picked":["ReplaySort","Bomb"],"picked":"Redo","floor":1},{"not_picked":["Rebound","hubris:SpecializedCircuitry"],"picked":"Static Discharge","floor":3},{"not_picked":["Steam","White Noise"],"picked":"ReplayTheSpireMod:Calculation Training","floor":6},{"not_picked":["Beam Cell","Bomb"],"picked":"Compile Driver","floor":7},{"not_picked":["BasicCrystalCard","ReplayTheSpireMod:System Scan"],"picked":"Conserve Battery","floor":8},{"not_picked":["BasicCrystalCard","Melter"],"picked":"Coolheaded","floor":10},{"not_picked":["Coolheaded","Leap"],"picked":"Ball Lightning","floor":11},{"not_picked":["Sunder","Panic Button"],"picked":"Creative AI","floor":12},{"not_picked":["Hologram","Beam Cell"],"picked":"Consume","floor":13},{"not_picked":["Recycle","Compile Driver"],"picked":"FTL","floor":14},{"not_picked":["Genetic Algorithm","Sunder"],"picked":"Leap+1","floor":18},{"not_picked":["Leap","Go for the Eyes"],"picked":"Sunder","floor":22},{"not_picked":["Turbo","Steam"],"picked":"Panic Button","floor":23},{"not_picked":["Rebound","Doom and Gloom"],"picked":"Streamline","floor":24},{"not_picked":["hubris:DoWhile","Rip and Tear","Panic Button"],"picked":"SKIP","floor":25}],"player_experience":427357,"relics_obtained":[{"floor":6,"key":"aspiration:EmptySkull"},{"floor":7,"key":"Void"},{"floor":7,"key":"infinitespire:Satchel"},{"floor":8,"key":"reliquary:SilkGlove"},{"floor":9,"key":"Replay:Baseball"},{"floor":10,"key":"Runesmith:AutoHammer"},{"floor":14,"key":"Unceasing Top"},{"floor":15,"key":"Shuriken"},{"floor":23,"key":"reliquary:BoilingFlask"},{"floor":25,"key":"hubris:SlimyHat"},{"floor":26,"key":"Vajra"}],"event_choices":[{"damage_healed":0,"gold_gain":0,"player_choice":"Take Wound","damage_taken":0,"relics_obtained":["Golden Idol"],"max_hp_gain":0,"max_hp_loss":0,"event_name":"Golden Idol","floor":2,"gold_loss":0,"cards_obtained":["Injury"]},{"damage_healed":0,"gold_gain":0,"player_choice":"Fight","damage_taken":0,"max_hp_gain":0,"max_hp_loss":0,"event_name":"HidenRoomEvent","floor":7,"gold_loss":0}],"is_beta":false,"boss_relics":[{"not_picked":["aspiration:WatcherSkillbook","Honey Jar"],"picked":"Runesmith:UraniumAnvil"},{"not_picked":[]}],"items_purged_floors":[4,21],"is_endless":false,"potions_floor_spawned":[6,12,14,16,18,23,24],"killed_by":"ruina:3_Scarecrows","ascension_level":1}}