{"host":"igi9xpgoc000gxf5","time":1613680396,"event":{"mods":["BaseMod","Colored Powertips","Downfall","Googly Eyes","Minty Spire (QoL Compilation)","StSLib"],"gold_per_floor":[99,114,125,139,239,265,265,257,284,301,316,316,216,239,255,362,362,362,381,381,381,392,392,392,7,25,10,37,22,22,23,43,154,154,154,169,179,179,197,297,597,597,647,647,674,686,369,61,84,84],"floor_reached":51,"language":"ENG","playtime":4883,"items_purged":[],"score":803,"play_id":"19f8ebbb-5c8b-4328-ab3c-56337d6ba723","local_time":"20210218213316","is_ascension_mode":false,"campfire_choices":[{"data":"hexamod:Float","floor":1.0,"key":"SMITH"},{"floor":13.0,"key":"REST"},{"data":"hexamod:UnlimitedPower","floor":18.0,"key":"SMITH"},{"floor":23.0,"key":"REST"},{"floor":30.0,"key":"REST"},{"data":"hexamod:Rewind","floor":35.0,"key":"SMITH"},{"floor":44,"key":"REST"}],"circlet_count":0,"master_deck":["hexamod:Strike","hexamod:Strike","hexamod:Strike","hexamod:Strike","hexamod:Defend","hexamod:Defend","hexamod:Defend","hexamod:Defend","hexamod:Sear","hexamod:Float+1","hexamod:AdvancingGuard","hexamod:NightmareStrike","hexamod:StepThrough","hexamod:ThirdSeal","hexamod:Hexaguard","hexamod:SecondSeal","hexamod:FourthSeal","hexamod:BurningTouch","hexamod:ShieldOfDarkness","hexamod:Hexaguard","hexamod:RadiantFlame","hexamod:NecessarySacrifice","hexamod:InspiringFlames","hexamod:SwordOfDarkness","hexamod:UnlimitedPower+1","hexamod:Rewind+1","hexamod:HauntingEcho+1","hexamod:TimeWarp+1","hexamod:FlamesFromBeyond","hexamod:StepThrough","hexamod:SpectersWail+1","hexamod:BurningTouch+1","hexamod:BacktrackSmack","hexamod:EmpoweredFlame","hexamod:FirstSeal","hexamod:VolcanoVisage","hexamod:Rewind+1","hexamod:FourthSeal","hexamod:GhostOfSpireFuture","hexamod:ShieldOfDarkness","hexamod:Hexaguard","hexamod:ApocalypseNow","hexamod:RetreatToShadows+1","hexamod:NightmareGuise+1","hexamod:SwordOfDarkness","hexamod:Firestarter","Decay","hexamod:VolcanoVisage","Regret","Parasite","Doubt","Injury","hexamod:NecessarySacrifice+1","hexamod:RetreatToShadows+1","hexamod:AdvancingGuard+1","hexamod:HeatShield+1","hexamod:InspiringFlames","expansioncontent:DashGenerateEvil","expansioncontent:InvincibleStrength","hexamod:HauntingEcho","hexamod:EtherealExpedition","hexamod:HeatMetal+1"],"relics":["hexamod:SpiritBrand","Ginger","StrikeDummy","downfall:HeartBlessingGreen","Black Star","Nilry\u0027s Codex","Pantograph","Lantern","Vajra","Bronze Scales","hexamod:IceCube","downfall:ExtraCursedKey","Old Coin","hexamod:SoulConsumer","Sling","Bag of Preparation"],"acts_visited":["Exordium","TheCity","TheBeyond"],"potions_floor_usage":[39,43,49],"damage_taken":[{"damage":0.0,"enemies":"Cultist","floor":2.0,"turns":4.0},{"damage":0.0,"enemies":"2 Louse","floor":3.0,"turns":2.0},{"damage":3.0,"enemies":"Small Slimes","floor":4.0,"turns":4.0},{"damage":46.0,"enemies":"Gremlin Nob","floor":6.0,"turns":6.0},{"damage":4.0,"enemies":"Exordium Wildlife","floor":9.0,"turns":3.0},{"damage":2.0,"enemies":"Blue Slaver","floor":10.0,"turns":3.0},{"damage":1.0,"enemies":"Gremlin Gang","floor":11.0,"turns":5.0},{"damage":3.0,"enemies":"Large Slime","floor":14.0,"turns":3.0},{"damage":6.0,"enemies":"2 Fungi Beasts","floor":15.0,"turns":4.0},{"damage":19.0,"enemies":"IC_STATUS_ARCHETYPE","floor":16.0,"turns":7.0},{"damage":24.0,"enemies":"3 Byrds","floor":19.0,"turns":6.0},{"damage":15.0,"enemies":"Spheric Guardian","floor":22.0,"turns":4.0},{"damage":1.0,"enemies":"downfall:FleeingMerchant","floor":25.0,"turns":4.0},{"damage":5.0,"enemies":"Chosen and Byrds","floor":26.0,"turns":5.0},{"damage":0.0,"enemies":"downfall:FleeingMerchant","floor":27.0,"turns":4.0},{"damage":0.0,"enemies":"Snake Plant","floor":28.0,"turns":4.0},{"damage":3.0,"enemies":"downfall:FleeingMerchant","floor":29.0,"turns":4.0},{"damage":7.0,"enemies":"downfall:FleeingMerchant","floor":31.0,"turns":4.0},{"damage":10.0,"enemies":"Centurion and Healer","floor":32.0,"turns":6.0},{"damage":68.0,"enemies":"WA_ARCHETYPE_CALM","floor":33.0,"turns":10.0},{"damage":62,"enemies":"3 Darklings","floor":36,"turns":8},{"damage":3,"enemies":"3 Shapes","floor":37,"turns":3},{"damage":10,"enemies":"3 Darklings","floor":39,"turns":4},{"damage":12,"enemies":"3 Darklings","floor":43,"turns":4},{"damage":8,"enemies":"Maw","floor":45,"turns":6},{"damage":42,"enemies":"Sphere and 2 Shapes","floor":46,"turns":4},{"damage":3,"enemies":"Jaw Worm Horde","floor":49,"turns":6},{"damage":28,"enemies":"SI_POISON_ARCHETYPE","floor":50,"turns":13}],"seed_played":"-4998008516059009881","potions_obtained":[{"floor":3.0,"key":"SkillPotion"},{"floor":4.0,"key":"SneckoOil"},{"floor":10.0,"key":"DuplicationPotion"},{"floor":14.0,"key":"FearPotion"},{"floor":15.0,"key":"PowerPotion"},{"floor":16.0,"key":"hexamod:DoubleChargePotion"},{"floor":19.0,"key":"Dexterity Potion"},{"floor":19.0,"key":"SmokeBomb"},{"floor":22.0,"key":"champ:CounterPotion"},{"floor":28.0,"key":"hexamod:DoubleChargePotion"},{"floor":32.0,"key":"LiquidMemories"},{"floor":33.0,"key":"GamblersBrew"},{"floor":33.0,"key":"DuplicationPotion"},{"floor":36,"key":"BlessingOfTheForge"},{"floor":37,"key":"hexamod:InfernoChargePotion"},{"floor":39,"key":"FearPotion"},{"floor":43,"key":"Ancient Potion"},{"floor":43,"key":"Swift Potion"},{"floor":49,"key":"Guardian:BlockOnCardUsePotion"}],"is_trial":false,"path_per_floor":["R","M","M","M","?","E","T","?","M","M","M","?","R","M","M","B",null,"R","M","?","?","M","R","T","$","M","$","M","$","R","$","M","B",null,"R","M","M","?","M","?","T","?","?","R","M","M","$","$","M","B",null],"character_chosen":"THE_SPIRIT","items_purchased":["Lantern","Vajra","hexamod:FlamesFromBeyond","hexamod:StepThrough","Bronze Scales","FairyPotion","hexamod:GhostOfSpireFuture","hexamod:ShieldOfDarkness","expansioncontent:DashGenerateEvil","Sling","Bag of Preparation","expansioncontent:InvincibleStrength","hexamod:HauntingEcho","hexamod:EtherealExpedition"],"campfire_rested":4,"item_purchase_floors":[25,25,25,25,31,31,31,31,47,47,48,48,48,48],"current_hp_per_floor":[70,70,70,67,67,21,21,21,17,15,14,14,35,32,26,7,70,70,46,30,30,15,36,36,35,30,30,30,34,55,55,52,2,70,70,15,12,12,9,14,14,66,54,66,62,20,20,20,28,29],"gold":84,"neow_bonus":"THREE_CARDS","is_daily":false,"chose_seed":false,"campfire_upgraded":3,"win_rate":0.0,"timestamp":1613680396,"path_taken":["R","M","M","?","?","E","T","?","M","M","M","?","R","M","M","BOSS","R","M","?","?","M","R","T","$","M","$","M","?","R","$","M","BOSS","R","M","M","?","?","?","T","?","?","R","M","?","?","$","M","BOSS"],"items_purchased_type":["Relic","Relic","Card","Card","Relic","Potion","Card","Card","Card","Relic","Relic","Card","Card","Card"],"build_version":"2020-12-22","purchased_purges":0,"victory":true,"max_hp_per_floor":[70,70,70,70,70,70,70,70,70,70,70,70,70,70,70,70,70,70,70,70,70,70,70,70,70,70,70,70,70,70,70,70,70,70,70,70,70,70,70,75,75,66,66,66,66,66,66,66,66,66],"card_choices":[{"not_picked":["hexamod:FlamesFromBeyond","hexamod:NightmareGuise"],"picked":"hexamod:AdvancingGuard","floor":0.0},{"not_picked":["hexamod:DynamicBlow","hexamod:RetreatToShadows"],"picked":"hexamod:NightmareStrike","floor":2.0},{"not_picked":["hexamod:SpectralAdrenaline","hexamod:ThermalTransfer"],"picked":"hexamod:StepThrough","floor":3.0},{"not_picked":["hexamod:BacktrackSmack","hexamod:SwordOfDarkness"],"picked":"hexamod:ThirdSeal","floor":4.0},{"not_picked":["hexamod:BurningTouch","hexamod:SoulSteal"],"picked":"hexamod:Hexaguard","floor":6.0},{"not_picked":["hexamod:HauntingEcho","hexamod:RecurringNightmare"],"picked":"hexamod:BurningTouch","floor":9.0},{"not_picked":["hexamod:SpectralSpark","hexamod:HauntingEcho"],"picked":"hexamod:ShieldOfDarkness","floor":9.0},{"not_picked":["hexamod:ChargedBarrage","hexamod:SuperheatedStrike"],"picked":"hexamod:Hexaguard","floor":10.0},{"not_picked":["hexamod:SuperheatedStrike","hexamod:SwordOfDarkness"],"picked":"hexamod:RadiantFlame","floor":11.0},{"not_picked":["hexamod:GhostOfSpirePast","hexamod:FlamesFromBeyond"],"picked":"hexamod:NecessarySacrifice","floor":14.0},{"not_picked":["hexamod:BurningTouch","hexamod:RadiantFlame"],"picked":"hexamod:InspiringFlames","floor":15.0},{"not_picked":["hexamod:FlamesFromBeyond","hexamod:RadiantFlame"],"picked":"hexamod:SwordOfDarkness","floor":15.0},{"not_picked":["hexamod:Toasty","hexamod:ParanormalForm"],"picked":"hexamod:UnlimitedPower","floor":16.0},{"not_picked":["hexamod:StepThrough","hexamod:ThermalTransfer+1"],"picked":"hexamod:Rewind+1","floor":19.0},{"not_picked":["hexamod:BacktrackSmack","hexamod:FastForward"],"picked":"hexamod:HauntingEcho+1","floor":22.0},{"not_picked":["hexamod:SuperheatedStrike","hexamod:PhantomCloak"],"picked":"hexamod:TimeWarp","floor":25.0},{"not_picked":["hexamod:ThermalTransfer","hexamod:BurningTouch"],"picked":"hexamod:SpectersWail+1","floor":26.0},{"not_picked":["hexamod:SwordOfDarkness","hexamod:NightmareStrike"],"picked":"hexamod:BurningTouch+1","floor":26.0},{"not_picked":["hexamod:SuperheatedStrike","hexamod:ShieldOfDarkness"],"picked":"hexamod:BacktrackSmack","floor":27.0},{"not_picked":["hexamod:Hexaguard+1","hexamod:HeatMetal"],"picked":"hexamod:EmpoweredFlame","floor":27.0},{"not_picked":["hexamod:AdvancingGuard","hexamod:Incineration"],"picked":"hexamod:FirstSeal","floor":28.0},{"not_picked":["hexamod:NightmareGuise","hexamod:Incineration"],"picked":"hexamod:VolcanoVisage","floor":29.0},{"not_picked":["hexamod:GhostflameBarrier","hexamod:Firestarter+1"],"picked":"hexamod:Rewind","floor":31.0},{"not_picked":["hexamod:GhostLash","hexamod:FlamesFromBeyond"],"picked":"hexamod:FourthSeal","floor":31.0},{"not_picked":["hexamod:Incineration","hexamod:StepThrough"],"picked":"hexamod:Hexaguard","floor":32.0},{"not_picked":["hexamod:HexaLevel","hexamod:GhostOfSpirePresent"],"picked":"hexamod:ApocalypseNow","floor":33.0},{"not_picked":["hexamod:HeatMetal","hexamod:SpectersWail+1"],"picked":"hexamod:RetreatToShadows+1","floor":36},{"not_picked":["hexamod:CatchUp","hexamod:InspiringFlames+1"],"picked":"hexamod:NightmareGuise+1","floor":36},{"not_picked":["hexamod:FlamesFromBeyond","hexamod:HeatMetal"],"picked":"hexamod:SwordOfDarkness","floor":37},{"not_picked":["hexamod:SuperheatedStrike","hexamod:ShieldOfDarkness+1"],"picked":"hexamod:Firestarter","floor":39},{"not_picked":["hexamod:ThermalTransfer","hexamod:ShieldOfDarkness+1"],"picked":"hexamod:NecessarySacrifice+1","floor":43},{"not_picked":["hexamod:RadiantFlame+1","hexamod:Hexaguard"],"picked":"hexamod:RetreatToShadows+1","floor":43},{"not_picked":["hexamod:ShieldOfDarkness+1","hexamod:HeatMetal+1"],"picked":"hexamod:AdvancingGuard+1","floor":45},{"not_picked":["hexamod:WildfireWeapon","hexamod:FastForward+1"],"picked":"hexamod:HeatShield+1","floor":45},{"not_picked":["hexamod:SpectralAdrenaline+1","hexamod:ThermalTransfer"],"picked":"hexamod:InspiringFlames","floor":46},{"not_picked":["hexamod:FlamesFromBeyond+1","hexamod:ThermalTransfer"],"picked":"hexamod:HeatMetal+1","floor":49}],"player_experience":974371,"relics_obtained":[{"floor":6.0,"key":"Ginger"},{"floor":7.0,"key":"StrikeDummy"},{"floor":20.0,"key":"Nilry\u0027s Codex"},{"floor":24.0,"key":"Pantograph"},{"floor":41,"key":"Old Coin"},{"floor":43,"key":"hexamod:SoulConsumer"}],"event_choices":[],"is_beta":false,"boss_relics":[{"not_picked":["Velvet Choker","Coffee Dripper"],"picked":"Black Star"},{"not_picked":["SlaversCollar","Pandora\u0027s Box"],"picked":"hexamod:IceCube"}],"items_purged_floors":[],"is_endless":false,"potions_floor_spawned":[3,4,14,15,16,19,22,28,33,37,45,49],"ascension_level":0}}