{"host":"xsuxkwaivmtd234a","time":1613607567,"event":{"mods":["BaseMod","Bestiary","Colored Map","Filter the Spire","Minty Spire (QoL Compilation)","Relic Stats","StSLib"],"gold_per_floor":[13,288,308,327,339,339,364,382,382,382,402,435,435,464,464,562,562,578,129,142,153,172,172,202,202,202,233,233,265,277,294,294,392,392,402,402,417,367,380,411,411,445,445,445,477,477,506,524,524,524,524,524,75,107,107],"floor_reached":56,"language":"ENG","playtime":3811,"items_purged":["Strike_B"],"score":1658,"play_id":"d8d97c1b-a2e1-4b66-a48b-cb064ee4f6d4","local_time":"20210217191927","is_ascension_mode":true,"campfire_choices":[{"data":"Dualcast","floor":6,"key":"SMITH"},{"data":"Consume","floor":10,"key":"SMITH"},{"floor":15,"key":"REST"},{"data":"Seek","floor":23,"key":"SMITH"},{"data":"Capacitor","floor":25,"key":"SMITH"},{"data":"Biased Cognition","floor":32,"key":"SMITH"},{"floor":44,"key":"RECALL"},{"data":"Aggregate","floor":46,"key":"SMITH"},{"data":"Panacea","floor":49,"key":"SMITH"},{"data":"Panacea","floor":52,"key":"SMITH"}],"circlet_count":0,"master_deck":["Strike_B+1","Strike_B+1","Defend_B","Defend_B","Defend_B","Defend_B","Zap","Dualcast+1","Ball Lightning","Cold Snap","Lockon","BootSequence","Capacitor+1","Consume+1","Biased Cognition+1","Hologram","Aggregate+1","Electrodynamics","Echo Form","CurseOfTheBell","Conserve Battery","Compile Driver+1","White Noise","Seek+1","Turbo+1","Static Discharge+1","Glacier","BootSequence+1","Core Surge","Coolheaded+1","Core Surge","Machine Learning","Capacitor+1","Core Surge","Panacea+1","Panacea+1","Chrysalis","Barrage+1","Glacier","Coolheaded+1","Hologram+1"],"relics":["Cracked Core","Du-Vu Doll","Whetstone","TungstenRod","Ice Cream","Symbiotic Virus","Calling Bell","Anchor","Question Card","Prayer Wheel","Bird Faced Urn","Gambling Chip","Mercury Hourglass","Orichalcum","Spirit Poop","Darkstone Periapt","Snecko Eye","The Courier","Pantograph","Peace Pipe","Kunai","Lee\u0027s Waffle","Bronze Scales","Happy Flower","Cables"],"acts_visited":["Exordium","TheCity","TheBeyond","TheEnding"],"potions_floor_usage":[5,7,16,22,24,29,39,53,54,55,55],"damage_taken":[{"damage":0,"enemies":"Small Slimes","floor":1,"turns":2},{"damage":0,"enemies":"Cultist","floor":3,"turns":2},{"damage":4,"enemies":"2 Louse","floor":4,"turns":3},{"damage":3,"enemies":"Gremlin Gang","floor":5,"turns":3},{"damage":20,"enemies":"Gremlin Nob","floor":7,"turns":3},{"damage":11,"enemies":"Exordium Wildlife","floor":8,"turns":3},{"damage":11,"enemies":"Exordium Thugs","floor":11,"turns":3},{"damage":6,"enemies":"3 Sentries","floor":12,"turns":6},{"damage":4,"enemies":"Gremlin Nob","floor":14,"turns":3},{"damage":6,"enemies":"The Guardian","floor":16,"turns":7},{"damage":17,"enemies":"Shell Parasite","floor":18,"turns":4},{"damage":8,"enemies":"2 Thieves","floor":20,"turns":3},{"damage":0,"enemies":"Chosen and Byrds","floor":21,"turns":4},{"damage":4,"enemies":"Centurion and Healer","floor":22,"turns":3},{"damage":0,"enemies":"Gremlin Leader","floor":24,"turns":3},{"damage":20,"enemies":"Book of Stabbing","floor":27,"turns":4},{"damage":2,"enemies":"Slavers","floor":29,"turns":3},{"damage":2,"enemies":"Snecko","floor":30,"turns":5},{"damage":0,"enemies":"Snake Plant","floor":31,"turns":4},{"damage":23,"enemies":"Collector","floor":33,"turns":7},{"damage":0,"enemies":"3 Shapes","floor":35,"turns":4},{"damage":13,"enemies":"3 Darklings","floor":37,"turns":3},{"damage":0,"enemies":"Transient","floor":39,"turns":5},{"damage":20,"enemies":"Reptomancer","floor":40,"turns":4},{"damage":8,"enemies":"Nemesis","floor":42,"turns":9},{"damage":2,"enemies":"Giant Head","floor":45,"turns":8},{"damage":20,"enemies":"Reptomancer","floor":47,"turns":7},{"damage":0,"enemies":"4 Shapes","floor":48,"turns":4},{"damage":17,"enemies":"Awakened One","floor":50,"turns":14},{"damage":87,"enemies":"Shield and Spear","floor":54,"turns":6},{"damage":2,"enemies":"The Heart","floor":55,"turns":8}],"seed_played":"9045788037667705339","potions_obtained":[{"floor":3,"key":"FearPotion"},{"floor":4,"key":"DistilledChaos"},{"floor":12,"key":"Fire Potion"},{"floor":14,"key":"FocusPotion"},{"floor":16,"key":"Swift Potion"},{"floor":18,"key":"DistilledChaos"},{"floor":22,"key":"DistilledChaos"},{"floor":27,"key":"SteroidPotion"},{"floor":39,"key":"EssenceOfSteel"},{"floor":40,"key":"Dexterity Potion"},{"floor":47,"key":"Fruit Juice"}],"is_trial":false,"path_per_floor":["M","?","M","M","M","R","E","M","T","R","M","E","?","E","R","B",null,"M","$","M","M","M","R","E","R","T","E","?","E","M","M","R","B",null,"M","?","M","$","M","E","?","E","T","R","E","R","E","M","R","B",null,"R","$","E","B",null],"character_chosen":"DEFECT","items_purchased":["White Noise","Bird Faced Urn","FocusPotion","Lee\u0027s Waffle","Bronze Scales","Happy Flower","PowerPotion","FocusPotion"],"campfire_rested":1,"item_purchase_floors":[19,19,38,53,53,53,53,53],"current_hp_per_floor":[75,75,75,71,68,68,48,37,37,37,26,20,20,16,38,32,64,47,47,43,53,53,53,61,61,61,53,53,61,69,75,75,55,70,75,75,73,73,75,61,52,72,72,72,75,75,65,71,71,71,74,74,87,16,53],"gold":107,"neow_bonus":"ONE_RARE_RELIC","is_daily":false,"chose_seed":false,"campfire_upgraded":8,"win_rate":0.0,"timestamp":1613607567,"path_taken":["M","?","M","M","?","R","E","M","T","R","M","E","?","E","R","BOSS","M","$","M","?","M","R","E","R","T","E","?","E","M","M","R","BOSS","M","?","M","$","?","E","?","E","T","R","E","R","E","M","R","BOSS","R","$","E","BOSS"],"items_purchased_type":["Card","Relic","Potion","Relic","Relic","Relic","Potion","Potion"],"build_version":"2020-12-22","purchased_purges":1,"victory":true,"max_hp_per_floor":[75,75,75,75,75,75,75,75,75,75,75,75,75,75,75,75,75,75,75,75,75,75,75,75,75,75,75,75,75,75,75,75,75,75,75,75,75,75,75,75,75,75,75,75,75,75,75,75,75,75,75,75,87,87,87],"relic_stats":{"Darkstone Periapt":0,"Lee\u0027s Waffle":8,"Happy Flower":[4],"counters":[31,144],"Whetstone":["Strike_B","Strike_B"],"Orichalcum":[138],"Question Card":32,"Mercury Hourglass":[390],"Cables":[8,5,2,1,0],"Peace Pipe":0,"Bird Faced Urn":[183],"Gambling Chip":[73],"Pantograph":29,"Bronze Scales":[129],"Snecko Eye":[131,153,162,129],"Prayer Wheel":10,"Kunai":[3],"obtain_stats":[{"Ice Cream":12,"Darkstone Periapt":29,"Spirit Poop":28,"Whetstone":7,"Gambling Chip":24,"Pantograph":42,"Prayer Wheel":17,"Kunai":47,"Cracked Core":0,"Lee\u0027s Waffle":53,"Happy Flower":53,"The Courier":40,"Orichalcum":27,"Question Card":17,"Mercury Hourglass":26,"Cables":54,"Du-Vu Doll":0,"Calling Bell":17,"Peace Pipe":45,"Anchor":17,"Bird Faced Urn":19,"Bronze Scales":53,"Snecko Eye":34,"Symbiotic Virus":14,"TungstenRod":9},{"Ice Cream":8,"Darkstone Periapt":17,"Spirit Poop":16,"Whetstone":5,"Gambling Chip":15,"Pantograph":25,"Prayer Wheel":10,"Kunai":27,"Cracked Core":0,"Lee\u0027s Waffle":29,"Happy Flower":29,"The Courier":24,"Orichalcum":16,"Question Card":10,"Mercury Hourglass":15,"Cables":30,"Du-Vu Doll":0,"Calling Bell":10,"Peace Pipe":26,"Anchor":10,"Bird Faced Urn":11,"Bronze Scales":29,"Snecko Eye":20,"Symbiotic Virus":9,"TungstenRod":6},{"Ice Cream":25,"Darkstone Periapt":59,"Spirit Poop":56,"Whetstone":13,"Gambling Chip":52,"Pantograph":99,"Prayer Wheel":35,"Kunai":113,"Cracked Core":0,"Lee\u0027s Waffle":130,"Happy Flower":130,"The Courier":90,"Orichalcum":56,"Question Card":35,"Mercury Hourglass":52,"Cables":136,"Du-Vu Doll":0,"Calling Bell":35,"Peace Pipe":107,"Anchor":35,"Bird Faced Urn":39,"Bronze Scales":130,"Snecko Eye":74,"Symbiotic Virus":28,"TungstenRod":16}],"TungstenRod":62},"card_choices":[{"not_picked":["Aggregate","Storm"],"picked":"Ball Lightning","floor":1},{"not_picked":["Blizzard","Coolheaded"],"picked":"Cold Snap","floor":3},{"not_picked":["Reprogram","Turbo"],"picked":"Lockon","floor":4},{"not_picked":["Loop","Undo"],"picked":"BootSequence","floor":5},{"not_picked":["Turbo","Stack"],"picked":"Capacitor","floor":7},{"not_picked":["Compile Driver","Heatsinks"],"picked":"Consume","floor":8},{"not_picked":["Rebound","Lockon"],"picked":"Biased Cognition","floor":11},{"not_picked":["Leap","Steam Power"],"picked":"Hologram","floor":12},{"not_picked":["Undo","Reprogram"],"picked":"Electrodynamics","floor":14},{"not_picked":["Thunder Strike","Rainbow"],"picked":"Echo Form","floor":16},{"not_picked":["Beam Cell+1","Cold Snap","Hello World"],"picked":"Conserve Battery","floor":18},{"not_picked":["Rebound","Gash","Rip and Tear+1"],"picked":"Compile Driver+1","floor":18},{"not_picked":["Conserve Battery","Chill","Leap+1"],"picked":"Seek","floor":20},{"not_picked":["Melter","Cold Snap","Darkness","Ball Lightning"],"picked":"SKIP","floor":20},{"not_picked":["Fusion","Force Field+1","Leap"],"picked":"Turbo+1","floor":21},{"not_picked":["Gash","Go for the Eyes","Streamline","Cold Snap"],"picked":"SKIP","floor":21},{"not_picked":["Melter","Double Energy","Steam Power+1"],"picked":"Static Discharge+1","floor":22},{"not_picked":["Undo","Compile Driver+1","Auto Shields","Conserve Battery"],"picked":"SKIP","floor":22},{"not_picked":["Rip and Tear+1","Aggregate+1","Conserve Battery+1"],"picked":"Glacier","floor":24},{"not_picked":["Beam Cell+1","Conserve Battery","Hologram+1","Rip and Tear"],"picked":"SKIP","floor":27},{"not_picked":["Amplify","Barrage","Scrape","Tempest"],"picked":"SKIP","floor":29},{"not_picked":["Sunder+1","Reprogram","Rebound","Sweeping Beam"],"picked":"SKIP","floor":30},{"not_picked":["Sunder","Gash+1","Ball Lightning","Steam Power"],"picked":"SKIP","floor":30},{"not_picked":["Streamline","Meteor Strike","Gash"],"picked":"BootSequence+1","floor":31},{"not_picked":["Storm","Force Field","Streamline","Ball Lightning"],"picked":"SKIP","floor":31},{"not_picked":["Fission","Thunder Strike","Seek"],"picked":"Core Surge","floor":33},{"not_picked":["Storm","Gash+1","Hologram"],"picked":"Coolheaded+1","floor":35},{"not_picked":["Compile Driver","Redo+1","BootSequence","Undo+1"],"picked":"SKIP","floor":35},{"not_picked":["BootSequence+1","Gash+1","Sunder"],"picked":"Machine Learning","floor":37},{"not_picked":["Compile Driver","Chaos","Ball Lightning+1","Coolheaded"],"picked":"SKIP","floor":37},{"not_picked":["Gash","Compile Driver+1","Hello World+1"],"picked":"Capacitor+1","floor":39},{"not_picked":["Reinforced Body","Consume+1","Amplify","Go for the Eyes"],"picked":"SKIP","floor":39},{"not_picked":["Cold Snap+1","Turbo+1","Leap+1"],"picked":"Core Surge","floor":40},{"not_picked":["The Bomb","Chrysalis","Bandage Up"],"picked":"Panacea","floor":41},{"not_picked":["Mind Blast","Magnetism","Dark Shackles"],"picked":"Panacea","floor":41},{"not_picked":["Violence","Dramatic Entrance","HandOfGreed"],"picked":"Chrysalis","floor":41},{"not_picked":["Reinforced Body+1","Lockon+1","Beam Cell+1"],"picked":"Barrage+1","floor":42},{"not_picked":["Barrage","Blizzard","Coolheaded"],"picked":"Glacier","floor":45},{"not_picked":["Gash","Genetic Algorithm+1","Compile Driver+1"],"picked":"Coolheaded+1","floor":47},{"not_picked":["Capacitor","Recycle","Steam"],"picked":"Hologram+1","floor":48},{"not_picked":["Steam Power+1","Rebound+1","Streamline+1","Conserve Battery+1"],"picked":"SKIP","floor":48},{"not_picked":["Gash","Sweeping Beam","Static Discharge","Lockon"],"picked":"SKIP","floor":54}],"player_experience":1286247,"relics_obtained":[{"floor":7,"key":"Whetstone"},{"floor":9,"key":"TungstenRod"},{"floor":12,"key":"Ice Cream"},{"floor":14,"key":"Symbiotic Virus"},{"floor":17,"key":"Anchor"},{"floor":17,"key":"Question Card"},{"floor":17,"key":"Prayer Wheel"},{"floor":24,"key":"Gambling Chip"},{"floor":26,"key":"Mercury Hourglass"},{"floor":27,"key":"Orichalcum"},{"floor":29,"key":"Darkstone Periapt"},{"floor":40,"key":"The Courier"},{"floor":42,"key":"Pantograph"},{"floor":45,"key":"Peace Pipe"},{"floor":47,"key":"Kunai"},{"floor":54,"key":"Cables"}],"event_choices":[{"damage_healed":0,"gold_gain":275,"player_choice":"Desecrate","damage_taken":0,"max_hp_gain":0,"max_hp_loss":0,"event_name":"Golden Shrine","floor":2,"gold_loss":0,"cards_obtained":["Regret"]},{"damage_healed":0,"gold_gain":0,"cards_transformed":["Strike_B"],"player_choice":"Transformed","damage_taken":0,"max_hp_gain":0,"max_hp_loss":0,"event_name":"Transmorgrifier","floor":13,"gold_loss":0,"cards_obtained":["Aggregate"]},{"cards_removed":["Regret"],"damage_healed":0,"gold_gain":0,"player_choice":"Offered Curse","damage_taken":0,"relics_obtained":["Spirit Poop"],"max_hp_gain":0,"max_hp_loss":0,"event_name":"Bonfire Elementals","floor":28,"gold_loss":0},{"damage_healed":0,"gold_gain":0,"player_choice":"Copied","damage_taken":0,"max_hp_gain":0,"max_hp_loss":0,"event_name":"Duplicator","floor":36,"gold_loss":0,"cards_obtained":["Core Surge"]},{"damage_healed":0,"gold_gain":0,"player_choice":"Memory 3","damage_taken":10,"max_hp_gain":0,"max_hp_loss":0,"event_name":"SensoryStone","floor":41,"gold_loss":0}],"is_beta":false,"boss_relics":[{"not_picked":["Busted Crown","Runic Pyramid"],"picked":"Calling Bell"},{"not_picked":["Astrolabe","FrozenCore"],"picked":"Snecko Eye"}],"items_purged_floors":[19],"is_endless":false,"potions_floor_spawned":[3,4,12,14,16,18,20,22,27,39,40,47],"ascension_level":5}}