{"host":"g2yp6paluzgljz05","time":1613640974,"event":{"mods":["BaseMod","Bestiary","Colored Powertips","DeckTracker","Highlight Path","Minty Spire (QoL Compilation)","Quick Restart"],"gold_per_floor":[118,137,212,387,170,203,203,31,31,31,31,31],"floor_reached":11,"language":"ENG","playtime":481,"items_purged":["Doubt","Strike_P"],"score":94,"play_id":"ab993301-4d52-4d8b-89a1-65777668d33d","local_time":"20210218203614","is_ascension_mode":false,"campfire_choices":[{"data":"Study","floor":7,"key":"SMITH"}],"circlet_count":0,"master_deck":["Strike_P","Strike_P","Defend_P","Defend_P","Defend_P","Defend_P","Eruption","Vigilance","ThirdEye","Halt","SashWhip","PathToVictory","Study+1","Devotion","Adaptation"],"relics":["PureWater","NeowsBlessing","Unceasing Top","InkBottle"],"acts_visited":["Exordium"],"potions_floor_usage":[],"damage_taken":[{"damage":0,"enemies":"Small Slimes","floor":1,"turns":1},{"damage":0,"enemies":"Jaw Worm","floor":2,"turns":1},{"damage":0,"enemies":"3 Sentries","floor":6,"turns":2},{"damage":78,"enemies":"Gremlin Nob","floor":11,"turns":5}],"seed_played":"-1673462617123599922","potions_obtained":[],"is_trial":false,"path_per_floor":["M","M","?","?","$","E","R","$","T","?","E"],"character_chosen":"WATCHER","items_purchased":["SashWhip","PathToVictory","Study","Adaptation"],"campfire_rested":0,"item_purchase_floors":[5,5,5,8],"current_hp_per_floor":[72,72,61,61,61,61,61,61,61,54,0,0],"gold":31,"neow_bonus":"THREE_ENEMY_KILL","is_daily":false,"chose_seed":false,"campfire_upgraded":1,"win_rate":0.0,"timestamp":1613640974,"path_taken":["M","M","?","?","$","E","R","$","T","?","E"],"items_purchased_type":["Card","Card","Card","Card"],"build_version":"2020-12-22","purchased_purges":2,"victory":false,"max_hp_per_floor":[72,72,72,72,72,72,72,72,72,72,72,72],"card_choices":[{"not_picked":["FlyingSleeves","JustLucky"],"picked":"ThirdEye","floor":1},{"not_picked":["Collect","Crescendo"],"picked":"Halt","floor":2},{"not_picked":["SandsOfTime","ClearTheMind"],"picked":"Devotion","floor":6}],"player_experience":386262,"relics_obtained":[{"floor":6,"key":"Unceasing Top"},{"floor":9,"key":"InkBottle"}],"event_choices":[{"damage_healed":0,"gold_gain":75,"player_choice":"Gather Gold","damage_taken":11,"max_hp_gain":0,"max_hp_loss":0,"event_name":"World of Goop","floor":3,"gold_loss":0},{"damage_healed":0,"gold_gain":175,"player_choice":"AGREE","damage_taken":0,"max_hp_gain":0,"max_hp_loss":0,"event_name":"Liars Game","floor":4,"gold_loss":0,"cards_obtained":["Doubt"]},{"cards_removed":["Strike_P"],"damage_healed":0,"gold_gain":0,"player_choice":"Card Removal","damage_taken":7,"max_hp_gain":0,"max_hp_loss":0,"event_name":"Golden Wing","floor":10,"gold_loss":0}],"is_beta":false,"boss_relics":[],"items_purged_floors":[5,8],"is_endless":false,"potions_floor_spawned":[],"killed_by":"Gremlin Nob","ascension_level":0}}