{"host":"vyiqbz5w606ur92t","time":1613621359,"event":{"mods":["BaseMod","Downfall","Minty Spire (QoL Compilation)","Relic Stats","StSLib"],"gold_per_floor":[99,110,410,410,29,43,70,130,161,191,191,191,218,229,241,345,345,245,261,261,272,282,282,351,351,379,96,96,96,96,81,94,189,189,189,209,226,237,256,156,156,183,83,14,14,59,59,74,91,91,91,91,91,91],"floor_reached":52,"language":"ENG","playtime":4809,"items_purged":["downfall:Malfunctioning","downfall:Haunted","Parasite"],"score":1006,"play_id":"9afc4100-ffaa-4dd1-99c3-a9781068e158","local_time":"20210218040919","is_ascension_mode":true,"campfire_choices":[{"data":"hexamod:SearingWound","floor":1,"key":"SMITH"},{"floor":12,"key":"REST"},{"data":"hexamod:Float","floor":18,"key":"SMITH"},{"floor":23,"key":"REST"},{"floor":30,"key":"REST"},{"floor":35,"key":"RECALL"},{"floor":40,"key":"REST"},{"floor":43,"key":"REST"}],"circlet_count":0,"master_deck":["hexamod:Strike","hexamod:Strike","hexamod:Strike+1","hexamod:Defend","hexamod:Defend","hexamod:Defend+1","hexamod:Defend+1","hexamod:Sear","hexamod:Float+1","hexamod:SearingWound+1","hexamod:FirstSeal","hexamod:BurningTouch","hexamod:SpectralSpark+1","hexamod:SoulSteal+1","hexamod:FastForward+1","hexamod:Rewind+1","Good Instincts+1","hexamod:ExtraCrispy","hexamod:BurningTouch+1","hexamod:SpectralAdrenaline+1","hexamod:SpectersWail","hexamod:VolcanoVisage","Clumsy","hexamod:Incineration+1","hexamod:Rewind+1","hexamod:Hexaguard+1","hexamod:VolcanoVisage","hexamod:Firestarter+1","hexamod:FourthSeal","hexamod:TimeOfNeed+1","hexamod:ThermalTransfer+1","hexamod:HeatShield+1","hexamod:GhostOfSpirePast+1"],"relics":["hexamod:SpiritBrand","Toxic Egg 2","Bronze Scales","StrikeDummy","Kunai","Odd Mushroom","Ornamental Fan","Astrolabe","downfall:HeartBlessingGreen","Mercury Hourglass","Shuriken","sneckomod:SneckoTalon","downfall:HeartBlessingRed","Art of War","downfall:HeartBlessingBlue","OrangePellets","Potion Belt","CaptainsWheel","Question Card"],"acts_visited":["Exordium","TheCity","TheBeyond","TheEnding"],"potions_floor_usage":[8,8,9,21,21,26,26,32,33,38,39,39,39,46,48,49,49,50,50],"damage_taken":[{"damage":2,"enemies":"2 Louse","floor":2,"turns":3},{"damage":2,"enemies":"downfall:FleeingMerchant","floor":5,"turns":4},{"damage":0,"enemies":"Jaw Worm","floor":6,"turns":3},{"damage":34,"enemies":"Gremlin Nob","floor":8,"turns":5},{"damage":17,"enemies":"3 Sentries","floor":9,"turns":4},{"damage":11,"enemies":"The Mushroom Lair","floor":10,"turns":4},{"damage":8,"enemies":"Lagavulin","floor":13,"turns":5},{"damage":9,"enemies":"Small Slimes","floor":14,"turns":3},{"damage":11,"enemies":"2 Fungi Beasts","floor":15,"turns":4},{"damage":19,"enemies":"DF_ARCHETYPE_STREAMLINE","floor":16,"turns":6},{"damage":12,"enemies":"3 Byrds","floor":19,"turns":3},{"damage":33,"enemies":"downfall:LooterAlt2","floor":21,"turns":3},{"damage":0,"enemies":"Snake Plant","floor":22,"turns":2},{"damage":27,"enemies":"Slavers","floor":26,"turns":3},{"damage":1,"enemies":"downfall:FleeingMerchant","floor":27,"turns":4},{"damage":9,"enemies":"downfall:FleeingMerchant","floor":31,"turns":4},{"damage":7,"enemies":"Chosen and Byrds","floor":32,"turns":3},{"damage":25,"enemies":"IC_MUSHROOM_ARCHETYPE","floor":33,"turns":6},{"damage":30,"enemies":"3 Shapes","floor":36,"turns":3},{"damage":10,"enemies":"Orb Walker","floor":37,"turns":3},{"damage":16,"enemies":"3 Darklings","floor":38,"turns":3},{"damage":0,"enemies":"Writhing Mass","floor":39,"turns":4},{"damage":102,"enemies":"Reptomancer","floor":42,"turns":6},{"damage":2,"enemies":"downfall:FleeingMerchant","floor":44,"turns":3},{"damage":42,"enemies":"2 Orb Walkers","floor":46,"turns":4},{"damage":0,"enemies":"Maw","floor":48,"turns":6},{"damage":7,"enemies":"Spire Growth","floor":49,"turns":4},{"damage":1,"enemies":"SI_POISON_ARCHETYPE","floor":50,"turns":7},{"damage":67,"enemies":"downfall:CharBossMerchant","floor":52,"turns":5}],"seed_played":"-6770675813874230217","potions_obtained":[{"floor":2,"key":"SpeedPotion"},{"floor":8,"key":"Weak Potion"},{"floor":14,"key":"Dexterity Potion"},{"floor":15,"key":"sneckomod:MuddlingPotion"},{"floor":19,"key":"BlessingOfTheForge"},{"floor":22,"key":"hexamod:DoubleChargePotion"},{"floor":26,"key":"sneckomod:MuddlingPotion"},{"floor":31,"key":"Energy Potion"},{"floor":33,"key":"EntropicBrew"},{"floor":36,"key":"Ancient Potion"},{"floor":37,"key":"Swift Potion"},{"floor":38,"key":"Swift Potion"},{"floor":39,"key":"Energy Potion"},{"floor":42,"key":"GamblersBrew"},{"floor":42,"key":"sneckomod:MuddlingPotion"},{"floor":46,"key":"LiquidMemories"},{"floor":46,"key":"SpeedPotion"},{"floor":48,"key":"Strength Potion"},{"floor":49,"key":"Regen Potion"}],"is_trial":false,"path_per_floor":["R","M","?","?","$","M","T","?","E","?","?","R","E","M","M","B",null,"R","M","?","M","M","R","T","?","E","$","?","?","R","$","M","B",null,"R","M","M","M","M","R","T","E","R","$","?","?","T","M","M","B",null,"E"],"character_chosen":"THE_SPIRIT","items_purchased":["Toxic Egg 2","Energy Potion","Regen Potion","FairyPotion","OrangePellets","Potion Belt"],"campfire_rested":5,"item_purchase_floors":[5,5,27,27,44,44],"current_hp_per_floor":[63,61,61,61,66,70,70,43,33,29,29,50,49,40,36,24,59,59,54,54,21,21,42,42,42,15,21,21,21,42,40,40,37,62,62,32,29,13,20,41,41,10,44,49,49,7,7,14,7,27,65,0,0,0],"gold":91,"neow_bonus":"TRANSFORM_CARD","is_daily":false,"chose_seed":false,"campfire_upgraded":2,"win_rate":0.0,"timestamp":1613621359,"path_taken":["R","M","?","?","$","M","T","?","E","?","?","R","E","?","M","BOSS","R","M","?","M","?","R","T","?","E","$","?","?","R","$","M","BOSS","R","M","M","M","M","R","T","E","R","$","?","?","?","?","M","BOSS","E"],"items_purchased_type":["Relic","Potion","Potion","Potion","Relic","Relic"],"build_version":"2020-12-22","purchased_purges":3,"victory":false,"max_hp_per_floor":[70,70,70,70,70,70,70,70,70,70,70,70,70,70,70,70,70,70,70,70,70,70,70,70,70,70,70,70,70,70,70,70,70,70,70,70,70,70,70,70,70,70,80,77,77,77,77,77,77,77,77,77,77,77],"relic_stats":{"OrangePellets":[10],"counters":[29,117],"Ornamental Fan":[12],"Shuriken":[3],"Bronze Scales":[339],"Astrolabe":["downfall:Haunted","Parasite","Clumsy"],"Art of War":[3],"Kunai":[3],"Question Card":2,"obtain_stats":[{"Potion Belt":44,"downfall:HeartBlessingRed":40,"Astrolabe":17,"downfall:HeartBlessingGreen":18,"Odd Mushroom":10,"sneckomod:SneckoTalon":34,"Question Card":47,"Mercury Hourglass":24,"OrangePellets":44,"CaptainsWheel":46,"Ornamental Fan":13,"Shuriken":26,"downfall:HeartBlessingBlue":43,"Bronze Scales":7,"Art of War":42,"Kunai":9,"Toxic Egg 2":5,"StrikeDummy":8,"hexamod:SpiritBrand":0},{"Potion Belt":24,"downfall:HeartBlessingRed":22,"Astrolabe":10,"downfall:HeartBlessingGreen":10,"Odd Mushroom":6,"sneckomod:SneckoTalon":18,"Question Card":25,"Mercury Hourglass":13,"OrangePellets":24,"CaptainsWheel":25,"Ornamental Fan":7,"Shuriken":14,"downfall:HeartBlessingBlue":23,"Bronze Scales":3,"Art of War":23,"Kunai":5,"Toxic Egg 2":2,"StrikeDummy":4,"hexamod:SpiritBrand":0},{"Potion Belt":91,"downfall:HeartBlessingRed":82,"Astrolabe":41,"downfall:HeartBlessingGreen":41,"Odd Mushroom":23,"sneckomod:SneckoTalon":69,"Question Card":95,"Mercury Hourglass":49,"OrangePellets":91,"CaptainsWheel":95,"Ornamental Fan":28,"Shuriken":52,"downfall:HeartBlessingBlue":88,"Bronze Scales":10,"Art of War":88,"Kunai":19,"Toxic Egg 2":7,"StrikeDummy":15,"hexamod:SpiritBrand":0}],"Mercury Hourglass":[255]},"card_choices":[{"not_picked":["hexamod:SkipABeat","hexamod:HauntingEcho"],"picked":"hexamod:FirstSeal","floor":2},{"not_picked":["hexamod:HauntingEcho","hexamod:FourthSeal"],"picked":"hexamod:BurningTouch","floor":5},{"not_picked":["hexamod:SuperheatedStrike","hexamod:NightmareStrike"],"picked":"hexamod:SpectralSpark+1","floor":6},{"not_picked":["hexamod:BacktrackSmack","hexamod:SpectersWail"],"picked":"hexamod:SoulSteal+1","floor":8},{"not_picked":["hexamod:Haunt+1","hexamod:DynamicBlow"],"picked":"hexamod:FastForward+1","floor":9},{"not_picked":["hexamod:PhantomCloak","hexamod:Toasty"],"picked":"hexamod:Rewind+1","floor":10},{"not_picked":["hexamod:FastForward+1","hexamod:DynamicBlow"],"picked":"hexamod:BurningTouch+1","floor":13},{"not_picked":["hexamod:Firestarter","hexamod:HeatMetal"],"picked":"hexamod:SpectralAdrenaline+1","floor":14},{"not_picked":["hexamod:NightmareGuise+1","hexamod:BurningTouch+1"],"picked":"hexamod:SpectersWail","floor":15},{"not_picked":["hexamod:Toasty","hexamod:TimeWarp"],"picked":"hexamod:VolcanoVisage","floor":16},{"not_picked":["hexamod:SwordOfDarkness","hexamod:NightmareStrike+1"],"picked":"hexamod:Incineration+1","floor":19},{"not_picked":["hexamod:Firestarter","hexamod:Again+1"],"picked":"hexamod:Hexaguard+1","floor":21},{"not_picked":["hexamod:BurningTouch+1","hexamod:SuperheatedStrike","hexamod:AdvancingGuard+1"],"picked":"SKIP","floor":22},{"not_picked":["hexamod:GhostOfSpireFuture","hexamod:NightmareGuise+1"],"picked":"hexamod:VolcanoVisage","floor":26},{"not_picked":["hexamod:GhostShield+1","hexamod:NightmareGuise+1"],"picked":"hexamod:Firestarter+1","floor":27},{"not_picked":["hexamod:FlamesFromBeyond+1","hexamod:TurnItUp+1","hexamod:BurningTouch+1"],"picked":"SKIP","floor":31},{"not_picked":["hexamod:AdvancingGuard+1","hexamod:PowerFromBeyond+1","hexamod:HeatMetal+1"],"picked":"SKIP","floor":32},{"not_picked":["hexamod:UnlimitedPower+1","hexamod:FlameSwitch+1"],"picked":"hexamod:TimeOfNeed+1","floor":33},{"not_picked":["hexamod:HauntingEcho","hexamod:NecessarySacrifice+1"],"picked":"hexamod:ThermalTransfer+1","floor":36},{"not_picked":["hexamod:HauntingEcho+1","hexamod:FastForward+1","hexamod:ExtraCrispy"],"picked":"SKIP","floor":37},{"not_picked":["hexamod:SwordOfDarkness+1","hexamod:NightmareGuise+1","hexamod:HeatCrush+1"],"picked":"SKIP","floor":38},{"not_picked":["hexamod:SkipABeat+1","hexamod:FourthSeal","hexamod:HeatMetal+1"],"picked":"SKIP","floor":39},{"not_picked":["hexamod:NightmareGuise+1","hexamod:HexaLevel","hexamod:BurningTouch+1"],"picked":"SKIP","floor":42},{"not_picked":["hexamod:PowerFromBeyond+1","hexamod:ThirdSeal"],"picked":"hexamod:HeatShield+1","floor":44},{"not_picked":["hexamod:ThermalTransfer","hexamod:BurningTouch+1","hexamod:FlamesFromBeyond+1","hexamod:SpectralAdrenaline+1"],"picked":"SKIP","floor":48},{"not_picked":["hexamod:BurningTouch+1","hexamod:NightmareGuise+1","hexamod:ShieldOfDarkness+1"],"picked":"hexamod:GhostOfSpirePast+1","floor":49}],"player_experience":1845672,"relics_obtained":[{"floor":7,"key":"Bronze Scales"},{"floor":8,"key":"StrikeDummy"},{"floor":9,"key":"Kunai"},{"floor":10,"key":"Odd Mushroom"},{"floor":13,"key":"Ornamental Fan"},{"floor":24,"key":"Mercury Hourglass"},{"floor":26,"key":"Shuriken"},{"floor":42,"key":"Art of War"},{"floor":46,"key":"CaptainsWheel"},{"floor":47,"key":"Question Card"}],"event_choices":[{"damage_healed":0,"gold_gain":0,"player_choice":"Fought Mushrooms","damage_taken":0,"max_hp_gain":0,"max_hp_loss":0,"event_name":"Mushrooms","floor":10,"gold_loss":0},{"damage_healed":0,"gold_gain":0,"player_choice":"Fight","damage_taken":0,"max_hp_gain":0,"max_hp_loss":0,"event_name":"Mysterious Sphere","floor":46,"gold_loss":0}],"is_beta":false,"boss_relics":[{"not_picked":["Sozu","SlaversCollar"],"picked":"Astrolabe"},{"not_picked":["Black Star","Velvet Choker"],"picked":"sneckomod:SneckoTalon"}],"items_purged_floors":[5,27,44],"is_endless":false,"potions_floor_spawned":[2,8,14,15,19,22,26,38,39,42,46],"killed_by":"downfall:CharBossMerchant","ascension_level":8}}