{"host":"0mhttqdumuceah7q","time":1613658591,"event":{"mods":["AchievementEnabler","BaseMod","Colored Map","DeckTracker","Minty Spire (QoL Compilation)","Permanent Neow"],"gold_per_floor":[110,123,123,123,141,176,196,212,265,39,48,80,114,148,148,285,285,309,498,527,552,240,281,281,281,281],"floor_reached":25,"language":"KOR","playtime":1040,"items_purged":["Strike_R","Strike_R"],"score":261,"play_id":"cac797b3-543c-47ae-afc1-ef2c02766cb6","local_time":"20210218232951","is_ascension_mode":true,"campfire_choices":[{"floor":11.0,"key":"REST"},{"data":"Warcry","floor":15.0,"key":"SMITH"},{"data":"Master of Strategy","floor":24.0,"key":"SMITH"}],"circlet_count":0,"master_deck":["Strike_R","Strike_R","Defend_R","Defend_R","Defend_R","Defend_R","Bash","Hemokinesis","Cleave","Dropkick","Uppercut","Clash","Seeing Red","Dropkick","Warcry","Warcry+1","Flex","Demon Form","Discovery","Pommel Strike+1","Headbutt","Master of Strategy+1","Uppercut"],"relics":["Black Blood","Dream Catcher","Golden Idol","Centennial Puzzle","CeramicFish","HandDrill","Paper Frog"],"acts_visited":["Exordium","TheCity"],"potions_floor_usage":[],"damage_taken":[{"damage":0.0,"enemies":"2 Louse","floor":1.0,"turns":3.0},{"damage":14.0,"enemies":"Jaw Worm","floor":2.0,"turns":2.0},{"damage":0.0,"enemies":"Small Slimes","floor":5.0,"turns":3.0},{"damage":39.0,"enemies":"3 Sentries","floor":6.0,"turns":10.0},{"damage":13.0,"enemies":"Gremlin Gang","floor":7.0,"turns":2.0},{"damage":10.0,"enemies":"3 Louse","floor":8.0,"turns":2.0},{"damage":13.0,"enemies":"Large Slime","floor":12.0,"turns":6.0},{"damage":0.0,"enemies":"Exordium Wildlife","floor":13.0,"turns":4.0},{"damage":14.0,"enemies":"3 Louse","floor":14.0,"turns":2.0},{"damage":18.0,"enemies":"Hexaghost","floor":16.0,"turns":7.0},{"damage":32.0,"enemies":"Spheric Guardian","floor":18.0,"turns":5.0},{"damage":22.0,"enemies":"Shell Parasite","floor":20.0,"turns":5.0},{"damage":12.0,"enemies":"Centurion and Healer","floor":21.0,"turns":8.0},{"damage":15.0,"enemies":"Slavers","floor":23.0,"turns":4.0},{"damage":28,"enemies":"3 Cultists","floor":25,"turns":3}],"seed_played":"3730721117777505738","potions_obtained":[{"floor":2.0,"key":"Block Potion"},{"floor":6.0,"key":"Regen Potion"},{"floor":12.0,"key":"DuplicationPotion"},{"floor":16.0,"key":"DuplicationPotion"},{"floor":20.0,"key":"Block Potion"},{"floor":21.0,"key":"PowerPotion"}],"is_trial":false,"path_per_floor":["M","M","?","?","M","E","M","M","T","$","R","M","M","M","R","B",null,"M","?","M","M","$","E","R","M"],"character_chosen":"IRONCLAD","items_purchased":["HandDrill","Master of Strategy","Uppercut"],"campfire_rested":1,"item_purchase_floors":[10,22,22],"current_hp_per_floor":[80,72,52,45,51,18,16,12,12,12,36,29,35,27,27,15,80,60,35,25,25,25,22,22,0,0],"gold":281,"neow_bonus":"RANDOM_COMMON_RELIC","is_daily":false,"chose_seed":false,"campfire_upgraded":2,"win_rate":0.0,"timestamp":1613658591,"path_taken":["M","M","?","?","M","E","M","?","T","$","R","M","M","M","R","BOSS","M","?","?","?","$","E","R","M"],"items_purchased_type":["Relic","Card","Card"],"build_version":"2020-12-22","purchased_purges":2,"victory":false,"max_hp_per_floor":[80,80,80,80,80,80,80,80,80,80,80,80,80,80,80,80,80,80,80,80,80,80,80,80,80,80],"card_choices":[{"not_picked":["True Grit","Anger"],"picked":"Hemokinesis","floor":1.0},{"not_picked":["Shrug It Off","Uppercut"],"picked":"Cleave","floor":2.0},{"not_picked":["Wild Strike","Twin Strike"],"picked":"Dropkick","floor":5.0},{"not_picked":["Clothesline","Barricade"],"picked":"Uppercut","floor":6.0},{"not_picked":["Sword Boomerang","Armaments"],"picked":"Clash","floor":7.0},{"not_picked":["Rampage","Feel No Pain"],"picked":"Seeing Red","floor":8.0},{"not_picked":["Feed","Warcry"],"picked":"Dropkick","floor":11.0},{"not_picked":["Evolve","Heavy Blade"],"picked":"Warcry","floor":12.0},{"not_picked":["Iron Wave","Clash"],"picked":"Warcry","floor":13.0},{"not_picked":["Metallicize","Iron Wave"],"picked":"Flex","floor":14.0},{"not_picked":["Immolate","Barricade"],"picked":"Demon Form","floor":16.0},{"not_picked":["Perfected Strike","Cleave+1","Flame Barrier"],"picked":"SKIP","floor":18.0},{"not_picked":["Thunderclap","Twin Strike"],"picked":"Pommel Strike+1","floor":20.0},{"not_picked":["Burning Pact","Armaments"],"picked":"Headbutt","floor":21.0},{"not_picked":["Wild Strike","Twin Strike","Evolve"],"picked":"SKIP","floor":23.0}],"player_experience":124407,"relics_obtained":[{"floor":6.0,"key":"Centennial Puzzle"},{"floor":9.0,"key":"CeramicFish"},{"floor":23.0,"key":"Paper Frog"}],"event_choices":[{"damage_healed":0.0,"max_hp_gain":0.0,"max_hp_loss":0.0,"gold_gain":0.0,"event_name":"Golden Idol","player_choice":"Take Damage","floor":3.0,"gold_loss":0.0,"damage_taken":20.0,"relics_obtained":["Golden Idol"]},{"cards_removed":["Strike_R"],"damage_healed":0.0,"max_hp_gain":0.0,"max_hp_loss":0.0,"gold_gain":0.0,"event_name":"Golden Wing","player_choice":"Card Removal","floor":4.0,"gold_loss":0.0,"damage_taken":7.0},{"damage_healed":0.0,"max_hp_gain":0.0,"max_hp_loss":0.0,"gold_gain":180.0,"event_name":"Knowing Skull","player_choice":"CARD GOLD GOLD ","floor":19.0,"potions_obtained":[],"gold_loss":0.0,"damage_taken":25.0,"cards_obtained":["Discovery"]}],"is_beta":false,"boss_relics":[{"not_picked":["Runic Dome","Calling Bell"],"picked":"Black Blood"}],"items_purged_floors":[10,22],"is_endless":false,"potions_floor_spawned":[2,6,12,16,20,21],"killed_by":"3 Cultists","ascension_level":3}}