{"host":"eaiphzh066bwqdh7","time":1613681622,"event":{"mods":["AchievementEnabler","Aspiration","BaseMod","Better Note","Colored Powertips","Halation","Highlight Path","Hubris","Infinite Spire","Minty Spire (QoL Compilation)","Quick Restart","Reliquary","Replay The Spire","StSLib"],"gold_per_floor":[114,43,54,71,86,86,60,60,60,60,60,75,75,121,121,225,225,236,249,249,249],"floor_reached":20,"language":"ENG","playtime":609,"items_purged":[],"score":197,"play_id":"994b3850-a781-4e25-9abf-c75d5d6d0109","local_time":"20210218155342","is_ascension_mode":true,"campfire_choices":[{"data":"Worship","floor":6,"key":"SMITH"},{"data":"Protect","floor":8,"key":"SMITH"},{"data":"Perseverance","floor":10,"key":"SMITH"},{"data":"Venomology","floor":13,"key":"SMITH"},{"floor":15,"key":"REST"}],"circlet_count":0,"master_deck":["Strike_P","Strike_P","Defend_P","Defend_P","Defend_P","Eruption","Vigilance","Perseverance+1","Worship+1","Protect+1","Prostrate","All Out Attack","Riddle With Holes","Venomology+1","Devotion","Prostrate"],"relics":["PureWater","NeowsBlessing","reliquary:RedPaperclip"],"acts_visited":["Exordium","TheCity"],"potions_floor_usage":[5,16,16,16,18,18,19,19,20],"damage_taken":[{"damage":0,"enemies":"2 Louse","floor":1,"turns":1},{"damage":0,"enemies":"Cultist","floor":3,"turns":1},{"damage":0,"enemies":"Small Slimes","floor":4,"turns":1},{"damage":6,"enemies":"3 Louse","floor":5,"turns":2},{"damage":3,"enemies":"Red Slaver","floor":12,"turns":5},{"damage":42,"enemies":"Fading Forest","floor":16,"turns":11},{"damage":0,"enemies":"Spheric Guardian","floor":18,"turns":5},{"damage":13,"enemies":"Chosen","floor":19,"turns":8},{"damage":65,"enemies":"Masked Bandits","floor":20,"turns":4}],"seed_played":"-4755653932846925231","potions_obtained":[{"floor":3,"key":"LiquidMemories"},{"floor":5,"key":"SkillPotion"},{"floor":12,"key":"DistilledChaos"},{"floor":18,"key":"SkillPotion"},{"floor":19,"key":"Explosive Potion"}],"is_trial":false,"path_per_floor":["M","$","M","M","M","R","$","R","T","R","?","M","R","T","R","B",null,"M","M","?"],"character_chosen":"WATCHER","items_purchased":["Worship","Prostrate"],"campfire_rested":1,"item_purchase_floors":[2,7],"current_hp_per_floor":[72,72,72,72,66,66,66,66,66,66,66,63,63,63,72,30,72,72,59,0,0],"gold":249,"neow_bonus":"THREE_ENEMY_KILL","is_daily":false,"chose_seed":false,"campfire_upgraded":4,"win_rate":0.0,"timestamp":1613681622,"path_taken":["M","$","M","M","M","R","$","R","T","R","?","?","R","?","R","BOSS","M","M","?"],"items_purchased_type":["Card","Card"],"build_version":"2020-12-22","purchased_purges":0,"victory":false,"max_hp_per_floor":[72,72,72,72,72,72,72,72,72,72,72,72,72,72,72,72,72,72,72,72,72],"card_choices":[{"not_picked":["ClearTheMind","JustLucky"],"picked":"Perseverance","floor":1},{"not_picked":["JustLucky","Fasting2","FlurryOfBlows"],"picked":"SKIP","floor":3},{"not_picked":["JustLucky","ThirdEye"],"picked":"Protect","floor":4},{"not_picked":["JustLucky","Wish","BowlingBash"],"picked":"SKIP","floor":5},{"not_picked":["Replay:AtTheReady","Halt","FlyingSleeves"],"picked":"SKIP","floor":12},{"not_picked":["Alpha","Scrawl"],"picked":"Devotion","floor":16},{"not_picked":["Halt+1","Swivel","JustLucky+1"],"picked":"SKIP","floor":18},{"not_picked":["Indignation","WreathOfFlame"],"picked":"Prostrate","floor":19}],"player_experience":324048,"relics_obtained":[{"floor":9,"key":"infinitespire:Broken Mirror"},{"floor":14,"key":"reliquary:SilkGlove"}],"event_choices":[{"damage_healed":0,"gold_gain":0,"player_choice":"Fought Bandits","damage_taken":0,"max_hp_gain":0,"max_hp_loss":0,"event_name":"Masked Bandits","floor":20,"gold_loss":0}],"is_beta":false,"boss_relics":[{"not_picked":["Cursed Key","Sozu"],"picked":"reliquary:RedPaperclip"}],"items_purged_floors":[],"is_endless":false,"potions_floor_spawned":[3,5,12,18,19],"killed_by":"Masked Bandits","ascension_level":4}}