{"host":"v0xbo920qxoewo3e","time":1613659174,"event":{"mods":["Act Like it!","Aspiration","Astrologer","BaseMod","Conspire","Downfall","Friendly Minions","GifTheSpireLib","Halation","Hermit","Hubris","Infinite Spire","Jedi Mod","Jorbs\u0027s Wanderer Trilogy","Koishi","Marisa????????","Minty Spire (QoL Compilation)","Potionbrewer","Rare Cards Sparkle","Reimu??????","Remilia??????","Replay The Spire","StSLib","Stuff the Spire","The Animator","The Blackbeard","The Bladedancer","The Bug Knight","The Construct","The Cursed","The Disciple","The Gatherer","The Jungle","The Problem Sleuth","The Runesmith","The Servant 0.9.4","TheBandit","Unceasing Turn Reminder"],"gold_per_floor":[99,112,112,125,136,168,168,168,181,181,213,313,313,333,348,445,445,445,463,210,260,334,352,352,378,406,306,335,355,355,405,421,522,522,522,537,555,572,582,594,646,663,674,674,689,125,275,303,319,319],"floor_reached":51,"language":"ENG","playtime":4939,"items_purged":["hexamod:Strike","hexamod:Strike+1"],"score":980,"play_id":"58f7bc5c-ba10-453e-b9e8-bb214c02c833","local_time":"20210218163934","is_ascension_mode":true,"campfire_choices":[{"data":"hexamod:Sear","floor":1,"key":"SMITH"},{"data":"hexamod:ForkedFlame","floor":8,"key":"SMITH"},{"data":"hexamod:VolcanoVisage","floor":13,"key":"SMITH"},{"data":"hexamod:BurningTouch","floor":18,"key":"SMITH"},{"data":"hexamod:PhantomCloak","floor":27,"key":"SMITH"},{"data":"jedi:forcepush","floor":30,"key":"SMITH"},{"data":"hexamod:TurnItUp","floor":35,"key":"SMITH"},{"data":"hexamod:SearingWound","floor":44,"key":"SMITH"}],"circlet_count":0,"master_deck":["hexamod:Defend+1","hexamod:Defend+1","hexamod:Defend+1","hexamod:Defend+1","hexamod:Sear+1","hexamod:Float+1","hexamod:BurningTouch+1","hexamod:NightmareGuise","hexamod:ForkedFlame+1","hexamod:VolcanoVisage+1","hexamod:SoulSteal","hexamod:PhantomCloak+1","hexamod:SearingWound+1","hexamod:PhantomCloak+1","hexamod:StepThrough","jedi:forcepush+1","hexamod:ShieldOfDarkness+1","hexamod:HeatMetal+1","hexamod:TurnItUp+1","hexamod:SearingWound+1","ReplayTheSpireMod:Black Plague","hexamod:ExtraCrispy","hexamod:RadiantFlame+1"],"relics":["hexamod:SpiritBrand","hubris:ToyBattleship","conspire:DecoderRing","hubris:MysteriousPyramids","Gremlin Horn","downfall:CloakOfManyFaces","CultistMask","FaceOfCleric","NlothsMask","GremlinMask","SsserpentHead","Busted Crown","hexamod:TheBrokenSeal","Juzu Bracelet","downfall:HeartBlessingGreen","halation:PromiseList","Philosopher\u0027s Stone","halation:AfternoonTea","conspire:InfiniteJournal","halation:Komachan","Torii","Toxic Egg 2"],"acts_visited":["Exordium","TheCity","TheBeyond"],"potions_floor_usage":[11,33,50,50,50],"damage_taken":[{"damage":6,"enemies":"Jaw Worm","floor":2,"turns":3},{"damage":0,"enemies":"Cultist","floor":4,"turns":3},{"damage":0,"enemies":"2 Louse","floor":5,"turns":4},{"damage":0,"enemies":"Replay:BlueRogue","floor":6,"turns":7},{"damage":0,"enemies":"Large Slime","floor":9,"turns":3},{"damage":0,"enemies":"Gremlin Nob","floor":11,"turns":3},{"damage":0,"enemies":"downfall:FaceTrader","floor":12,"turns":7},{"damage":0,"enemies":"Red Slaver","floor":14,"turns":4},{"damage":0,"enemies":"Lots of Slimes","floor":15,"turns":4},{"damage":35,"enemies":"DF_ARCHETYPE_STREAMLINE","floor":16,"turns":8},{"damage":0,"enemies":"Chosen","floor":19,"turns":4},{"damage":0,"enemies":"downfall:FleeingMerchant","floor":20,"turns":4},{"damage":19,"enemies":"Spheric Guardian","floor":22,"turns":4},{"damage":0,"enemies":"conspire:HollyBat","floor":23,"turns":8},{"damage":8,"enemies":"Chosen and Byrds","floor":25,"turns":8},{"damage":8,"enemies":"Slavers","floor":26,"turns":6},{"damage":0,"enemies":"conspire:Head Lice","floor":28,"turns":4},{"damage":0,"enemies":"Shelled Parasite and Fungi","floor":29,"turns":4},{"damage":0,"enemies":"Snecko","floor":32,"turns":3},{"damage":0,"enemies":"SI_MIRROR_ARCHETYPE","floor":33,"turns":7},{"damage":0,"enemies":"3 Darklings","floor":36,"turns":3},{"damage":0,"enemies":"3 Shapes","floor":37,"turns":4},{"damage":0,"enemies":"Sphere and 2 Shapes","floor":38,"turns":5},{"damage":0,"enemies":"Spire Growth","floor":39,"turns":5},{"damage":4,"enemies":"Maw","floor":40,"turns":6},{"damage":0,"enemies":"4 Shapes","floor":42,"turns":3},{"damage":0,"enemies":"Jaw Worm Horde","floor":43,"turns":3},{"damage":6,"enemies":"3 Darklings","floor":45,"turns":3},{"damage":0,"enemies":"downfall:FleeingMerchant","floor":46,"turns":4},{"damage":4,"enemies":"infinitespire:Three Voidlings","floor":47,"turns":4},{"damage":32,"enemies":"Nightmare_Alpha","floor":47,"turns":8},{"damage":0,"enemies":"HollowMod:StalkingDevout","floor":48,"turns":4},{"damage":0,"enemies":"Maw","floor":49,"turns":5},{"damage":21,"enemies":"IC_BLOCK_ARCHETYPE","floor":50,"turns":6}],"seed_played":"-2303773226425000479","potions_obtained":[{"floor":2,"key":"sneckomod:MuddlingPotion"},{"floor":6,"key":"LiquidBronze"},{"floor":9,"key":"hexamod:DoubleChargePotion"},{"floor":12,"key":"potionbrewer:HastePotion"},{"floor":33,"key":"Ancient Potion"}],"is_trial":false,"path_per_floor":["R","M","?","M","M","E","T","R","M","?","E","?","R","M","M","B",null,"R","M","$","?","M","M","T","M","E","R","E","M","R","?","M","B",null,"R","M","M","M","M","M","T","M","M","R","M","$","?","E","M","B",null],"character_chosen":"THE_SPIRIT","items_purchased":["hexamod:StepThrough","jedi:forcepush","conspire:InfiniteJournal","halation:Komachan"],"campfire_rested":0,"item_purchase_floors":[20,20,46,46],"current_hp_per_floor":[70,64,64,64,64,64,64,64,64,64,64,64,64,65,66,32,73,73,74,75,75,57,65,65,88,81,81,82,83,83,83,84,85,93,93,94,95,96,97,94,94,95,96,96,91,92,62,63,64,44],"gold":319,"neow_bonus":"RANDOM_COMMON_RELIC","is_daily":false,"chose_seed":false,"campfire_upgraded":8,"win_rate":0.0,"timestamp":1613659174,"path_taken":["R","M","?","M","?","E","T","R","?","?","E","?","R","M","M","BOSS","R","M","$","?","?","M","T","M","E","R","E","M","R","?","M","BOSS","R","M","M","M","M","M","T","M","M","R","M","$","?","E","M","BOSS"],"items_purchased_type":["Card","Card","Relic","Relic"],"build_version":"2020-12-22","purchased_purges":2,"victory":true,"max_hp_per_floor":[70,70,70,70,70,70,70,70,70,70,70,70,70,71,72,73,73,73,74,75,75,76,77,77,88,89,89,90,91,91,91,92,93,93,93,94,95,96,97,98,98,99,100,100,101,102,104,105,106,107],"card_choices":[{"not_picked":["hexamod:EtherealExpedition","hexamod:Firestarter"],"picked":"hexamod:BurningTouch","floor":2},{"not_picked":["hexamod:NecessarySacrifice","hexamod:SpectralAdrenaline"],"picked":"hexamod:NightmareGuise","floor":4},{"not_picked":["hexamod:Hexaguard","hexamod:SpectersWail"],"picked":"hexamod:ForkedFlame","floor":5},{"not_picked":["hexamod:EtherealExpedition","hexamod:Rewind"],"picked":"hexamod:ThirdSeal","floor":6},{"not_picked":["hexamod:InspiringFlames","hexamod:FastForward"],"picked":"hexamod:VolcanoVisage","floor":9},{"not_picked":["hexamod:HeatShield","hexamod:GhostLash","hexamod:NightmareStrike"],"picked":"SKIP","floor":9},{"not_picked":["hexamod:ThirdSeal","hexamod:HeatMetal"],"picked":"hexamod:SoulSteal","floor":11},{"not_picked":["hexamod:RetreatToShadows","hexamod:DynamicBlow","hexamod:HeatMetal"],"picked":"SKIP","floor":11},{"not_picked":["hexamod:GhostShield","hexamod:GhostLash"],"picked":"hexamod:PhantomCloak","floor":12},{"not_picked":["hexamod:DynamicBlow","hexamod:NightmareStrike","hexamod:InspiringFlames"],"picked":"SKIP","floor":14},{"not_picked":["hexamod:NightmareStrike","hexamod:NightmareGuise","hexamod:HeatMetal"],"picked":"SKIP","floor":14},{"not_picked":["hexamod:GhostflameBarrier","hexamod:FastForward","hexamod:NecessarySacrifice"],"picked":"SKIP","floor":15},{"not_picked":["hexamod:GhostflameBarrier","hexamod:TimeWarp","hexamod:RetreatToShadows"],"picked":"SKIP","floor":15},{"not_picked":["hexamod:TurnItUp","hexamod:SearingWound"],"picked":"hexamod:FifthSeal","floor":16},{"not_picked":["hexamod:FifthSeal","hexamod:GhostflameInferno"],"picked":"hexamod:SearingWound","floor":16},{"not_picked":["hexamod:ThirdSeal","hexamod:FirstSeal"],"picked":"hexamod:SecondSeal","floor":19},{"not_picked":[],"picked":"hexamod:PhantomCloak+1","floor":19},{"not_picked":["hexamod:NecessarySacrifice+1"],"picked":"SKIP","floor":19},{"not_picked":["hexamod:FirstSeal","hexamod:SecondSeal"],"picked":"hexamod:SixthSeal","floor":20},{"not_picked":["hexamod:Firestarter"],"picked":"SKIP","floor":20},{"not_picked":["hexamod:Rewind"],"picked":"SKIP","floor":20},{"not_picked":["hexamod:SixthSeal","hexamod:ThirdSeal"],"picked":"hexamod:FirstSeal","floor":22},{"not_picked":[],"picked":"hexamod:ShieldOfDarkness+1","floor":22},{"not_picked":["hexamod:FastForward"],"picked":"SKIP","floor":22},{"not_picked":["hexamod:SecondSeal","hexamod:SixthSeal"],"picked":"hexamod:FourthSeal","floor":23},{"not_picked":["hexamod:BacktrackSmack"],"picked":"SKIP","floor":23},{"not_picked":["hexamod:GhostShield"],"picked":"SKIP","floor":23},{"not_picked":["hexamod:FlamesFromBeyond"],"picked":"SKIP","floor":25},{"not_picked":["hexamod:SpectralAdrenaline+1"],"picked":"SKIP","floor":26},{"not_picked":["hexamod:ThermalTransfer"],"picked":"SKIP","floor":28},{"not_picked":["hexamod:NightmareStrike"],"picked":"SKIP","floor":29},{"not_picked":[],"picked":"hexamod:HeatMetal+1","floor":32},{"not_picked":[],"picked":"hexamod:TurnItUp","floor":33},{"not_picked":["hexamod:FirstSeal"],"picked":"SKIP","floor":36},{"not_picked":["hexamod:GhostOfSpirePast"],"picked":"SKIP","floor":37},{"not_picked":["hexamod:InspiringFlames"],"picked":"SKIP","floor":38},{"not_picked":["hexamod:HauntingEcho"],"picked":"SKIP","floor":39},{"not_picked":["hexamod:GhostLash"],"picked":"SKIP","floor":40},{"not_picked":["hexamod:GhostLash+1"],"picked":"SKIP","floor":42},{"not_picked":[],"picked":"hexamod:SearingWound","floor":43},{"not_picked":["hexamod:PhantomFireball"],"picked":"SKIP","floor":45},{"not_picked":["hexamod:NightmareStrike"],"picked":"SKIP","floor":46},{"not_picked":["infinitespire:SevenWalls","infinitespire:DeathsTouch"],"picked":"ReplayTheSpireMod:Black Plague","floor":47},{"not_picked":[],"picked":"hexamod:ExtraCrispy","floor":48},{"not_picked":[],"picked":"hexamod:RadiantFlame+1","floor":49}],"player_experience":1535834,"relics_obtained":[{"floor":6,"key":"conspire:DecoderRing"},{"floor":7,"key":"hubris:MysteriousPyramids"},{"floor":11,"key":"Gremlin Horn"},{"floor":12,"key":"downfall:CloakOfManyFaces"},{"floor":26,"key":"Juzu Bracelet"},{"floor":28,"key":"halation:PromiseList"},{"floor":41,"key":"halation:AfternoonTea"},{"floor":47,"key":"Torii"},{"floor":48,"key":"Toxic Egg 2"}],"event_choices":[],"is_beta":false,"boss_relics":[{"not_picked":["halation:HeavySnake","Kintsugi"],"picked":"Busted Crown"},{"not_picked":["hubris:Backtick","Abe\u0027s Treasure"],"picked":"Philosopher\u0027s Stone"}],"items_purged_floors":[20,46],"is_endless":false,"potions_floor_spawned":[2,6,9,12,23,26,28,32,33,36,37,39,40,42,48],"ascension_level":1}}