{"host":"4xh8v5undae39mue","time":1613670821,"event":{"mods":["AchievementEnabler","BaseMod","Minty Spire (QoL Compilation)"],"gold_per_floor":[110,125,137,157,176,176,176,196,196,196,196,208,218,218,218,316,316,316,271,271,123,123,123,123,123,123,123,123,123,123,123,123,123,123,123,123,123,123,123,123,123,123,123,123,123,123,123,123,123,123,123,123,49,49,49,49],"floor_reached":55,"language":"ENG","playtime":2755,"items_purged":[],"score":1122,"play_id":"c83575ab-af7c-436a-91d8-3c1364810ed7","local_time":"20210218125341","is_ascension_mode":true,"campfire_choices":[{"floor":6,"key":"REST"},{"floor":11,"key":"REST"},{"data":"Echo Form","floor":15,"key":"SMITH"},{"floor":28,"key":"REST"},{"floor":30,"key":"REST"},{"floor":32,"key":"RECALL"},{"data":"Chaos","floor":41,"key":"SMITH"},{"floor":49,"key":"REST"},{"floor":52,"key":"REST"}],"circlet_count":0,"master_deck":["Dualcast","Cold Snap","Sunder","Ball Lightning","Echo Form+1","Compile Driver+1","Rebound+1","Meteor Strike+1","Capacitor","Fusion","Sweeping Beam+1","Skim","Chaos+1","Hyperbeam+1","Meteor Strike+1","Doom and Gloom+1","Go for the Eyes+1","Beam Cell+1","Steam","Scrape+1","Undo","Conserve Battery","Conserve Battery","Auto Shields+1","Doom and Gloom+1","Magnetism","Tempest+1","Stack","Redo","Defragment+1"],"relics":["Snecko Eye","Toy Ornithopter","Molten Egg 2","Ectoplasm","PreservedInsect","White Beast Statue","Calipers","Boot","Bottled Flame","Pandora\u0027s Box","Orichalcum","Letter Opener","Regal Pillow","Du-Vu Doll","Emotion Chip"],"acts_visited":["Exordium","TheCity","TheBeyond","TheEnding"],"potions_floor_usage":[8,16,22,24,33,33,40,50,50,50,54,55],"damage_taken":[{"damage":1,"enemies":"Cultist","floor":1,"turns":3},{"damage":15,"enemies":"2 Louse","floor":2,"turns":2},{"damage":1,"enemies":"Jaw Worm","floor":3,"turns":4},{"damage":50,"enemies":"Lots of Slimes","floor":4,"turns":7},{"damage":0,"enemies":"Large Slime","floor":5,"turns":3},{"damage":1,"enemies":"Looter","floor":8,"turns":2},{"damage":0,"enemies":"Exordium Wildlife","floor":12,"turns":2},{"damage":0,"enemies":"3 Louse","floor":13,"turns":2},{"damage":22,"enemies":"The Guardian","floor":16,"turns":6},{"damage":6,"enemies":"3 Byrds","floor":18,"turns":2},{"damage":18,"enemies":"2 Thieves","floor":19,"turns":3},{"damage":10,"enemies":"3 Cultists","floor":20,"turns":3},{"damage":6,"enemies":"Sentry and Sphere","floor":22,"turns":3},{"damage":19,"enemies":"Snake Plant","floor":23,"turns":2},{"damage":11,"enemies":"Slavers","floor":24,"turns":3},{"damage":29,"enemies":"Centurion and Healer","floor":27,"turns":3},{"damage":0,"enemies":"Gremlin Leader","floor":29,"turns":3},{"damage":0,"enemies":"Book of Stabbing","floor":31,"turns":3},{"damage":13,"enemies":"Collector","floor":33,"turns":6},{"damage":12,"enemies":"3 Shapes","floor":35,"turns":1},{"damage":0,"enemies":"Orb Walker","floor":37,"turns":1},{"damage":10,"enemies":"Jaw Worm Horde","floor":38,"turns":2},{"damage":6,"enemies":"Reptomancer","floor":40,"turns":3},{"damage":0,"enemies":"Giant Head","floor":42,"turns":3},{"damage":0,"enemies":"Reptomancer","floor":44,"turns":3},{"damage":0,"enemies":"Mind Bloom Boss Battle","floor":46,"turns":4},{"damage":0,"enemies":"3 Darklings","floor":47,"turns":2},{"damage":25,"enemies":"Writhing Mass","floor":48,"turns":4},{"damage":36,"enemies":"Donu and Deca","floor":50,"turns":4},{"damage":26,"enemies":"Shield and Spear","floor":54,"turns":3},{"damage":55,"enemies":"The Heart","floor":55,"turns":3}],"seed_played":"2719973660593514230","potions_obtained":[{"floor":4,"key":"ColorlessPotion"},{"floor":5,"key":"SpeedPotion"},{"floor":8,"key":"FairyPotion"},{"floor":12,"key":"CultistPotion"},{"floor":16,"key":"GamblersBrew"},{"floor":18,"key":"FearPotion"},{"floor":27,"key":"EssenceOfSteel"},{"floor":29,"key":"Explosive Potion"},{"floor":31,"key":"FearPotion"},{"floor":33,"key":"SkillPotion"},{"floor":35,"key":"FearPotion"},{"floor":38,"key":"Block Potion"},{"floor":40,"key":"FocusPotion"},{"floor":44,"key":"Weak Potion"},{"floor":46,"key":"LiquidMemories"},{"floor":54,"key":"Weak Potion"}],"is_trial":false,"path_per_floor":["M","M","M","M","M","R","?","M","T","T","R","M","M","?","R","B",null,"M","M","M","$","M","M","E","?","T","M","R","E","R","E","R","B",null,"M","$","M","M","?","E","R","E","T","E","?","?","M","M","R","B",null,"R","$","E","B"],"character_chosen":"DEFECT","items_purchased":["PreservedInsect","ColorlessPotion","Redo"],"campfire_rested":6,"item_purchase_floors":[21,53,53],"current_hp_per_floor":[67,52,51,1,1,23,23,22,22,22,44,44,44,44,44,27,63,57,39,29,29,28,9,3,3,3,7,29,29,51,51,51,48,68,56,56,56,46,46,45,45,45,45,45,45,45,45,20,57,36,65,75,75,49,0,0],"gold":49,"neow_bonus":"BOSS_RELIC","is_daily":false,"chose_seed":false,"campfire_upgraded":2,"win_rate":0.0,"timestamp":1613670821,"path_taken":["M","M","M","M","?","R","?","M","T","?","R","?","M","?","R","BOSS","M","M","M","$","M","M","E","?","T","M","R","E","R","E","R","BOSS","M","$","M","M","?","E","R","E","T","E","?","?","M","?","R","BOSS","R","$","E","BOSS"],"items_purchased_type":["Relic","Potion","Card"],"build_version":"2020-12-22","purchased_purges":0,"victory":false,"max_hp_per_floor":[75,75,75,75,75,75,75,75,75,75,75,75,75,75,75,75,75,75,75,75,75,75,75,75,75,75,75,75,75,75,75,75,75,75,75,75,75,75,75,75,75,75,75,75,75,75,75,75,75,75,75,75,75,75,75,75],"card_choices":[{"not_picked":["Leap","Barrage","Gash"],"picked":"SKIP","floor":1},{"not_picked":["Ball Lightning","Gash"],"picked":"Cold Snap","floor":2},{"not_picked":["Redo","Gash","Beam Cell"],"picked":"SKIP","floor":3},{"not_picked":["Coolheaded","Hologram"],"picked":"Sunder","floor":4},{"not_picked":["Compile Driver","Melter","Stack"],"picked":"SKIP","floor":5},{"not_picked":["Sweeping Beam","Stack"],"picked":"Ball Lightning","floor":8},{"not_picked":["Streamline+1","Reprogram"],"picked":"Echo Form","floor":12},{"not_picked":["Steam","Hologram"],"picked":"Compile Driver+1","floor":13},{"not_picked":["Reboot","Rainbow"],"picked":"Meteor Strike+1","floor":16},{"not_picked":["Stack","Barrage+1"],"picked":"Capacitor","floor":18},{"not_picked":["Steam+1","Force Field+1"],"picked":"Fusion","floor":19},{"not_picked":["Leap","Reinforced Body"],"picked":"Sweeping Beam+1","floor":20},{"not_picked":["Reprogram","Hologram","Turbo+1"],"picked":"SKIP","floor":22},{"not_picked":["Hologram","Rebound+1"],"picked":"Skim","floor":23},{"not_picked":["Lockon+1","Tempest","Seek"],"picked":"SKIP","floor":24},{"not_picked":["Melter+1","Storm","Fusion"],"picked":"SKIP","floor":27},{"not_picked":["Barrage+1","Compile Driver+1","Hello World"],"picked":"SKIP","floor":29},{"not_picked":["Gash+1","Static Discharge"],"picked":"Chaos","floor":31},{"not_picked":["Buffer","Core Surge+1"],"picked":"Hyperbeam+1","floor":33},{"not_picked":["Beam Cell+1","Gash+1","Cold Snap+1"],"picked":"SKIP","floor":35},{"not_picked":["Stack+1","Beam Cell+1"],"picked":"Conserve Battery","floor":37},{"not_picked":["Sweeping Beam+1","Go for the Eyes+1"],"picked":"Conserve Battery","floor":38},{"not_picked":["Beam Cell+1","Barrage+1"],"picked":"Auto Shields+1","floor":40},{"not_picked":["Reboot","Gash+1"],"picked":"Doom and Gloom+1","floor":42},{"not_picked":["Heatsinks+1","Redo+1","Lockon+1"],"picked":"SKIP","floor":44},{"not_picked":["Discovery","Good Instincts"],"picked":"Magnetism","floor":45},{"not_picked":["Ball Lightning+1","Go for the Eyes+1"],"picked":"Tempest+1","floor":46},{"not_picked":["Reinforced Body+1","Steam+1"],"picked":"Stack","floor":47},{"not_picked":["Ball Lightning+1","Go for the Eyes+1","Rebound+1"],"picked":"SKIP","floor":48},{"not_picked":["Hologram+1","Streamline+1"],"picked":"Defragment+1","floor":54}],"player_experience":229629,"relics_obtained":[{"floor":9,"key":"Toy Ornithopter"},{"floor":10,"key":"Molten Egg 2"},{"floor":24,"key":"White Beast Statue"},{"floor":26,"key":"Calipers"},{"floor":29,"key":"Boot"},{"floor":31,"key":"Bottled Flame"},{"floor":40,"key":"Orichalcum"},{"floor":42,"key":"Letter Opener"},{"floor":44,"key":"Regal Pillow"},{"floor":46,"key":"Du-Vu Doll"},{"floor":54,"key":"Emotion Chip"}],"event_choices":[{"damage_healed":0,"gold_gain":0,"player_choice":"Ignored","damage_taken":0,"max_hp_gain":0,"max_hp_loss":0,"event_name":"Shining Light","floor":7,"gold_loss":0},{"damage_healed":0,"gold_gain":0,"cards_transformed":["Strike_B"],"player_choice":"Change","damage_taken":0,"max_hp_gain":0,"max_hp_loss":0,"event_name":"Living Wall","floor":14,"gold_loss":0,"cards_obtained":["Rebound"]},{"damage_healed":0,"gold_gain":0,"player_choice":"Simplicity","damage_taken":0,"max_hp_gain":0,"max_hp_loss":0,"event_name":"Back to Basics","floor":25,"gold_loss":0,"cards_upgraded":["Strike_B","Strike_B","Strike_B","Defend_B","Defend_B","Defend_B","Defend_B"]},{"cards_removed":["Zap"],"damage_healed":0,"gold_gain":0,"player_choice":"Removed Skill","damage_taken":0,"max_hp_gain":0,"max_hp_loss":0,"event_name":"Falling","floor":39,"gold_loss":0},{"damage_healed":0,"gold_gain":0,"player_choice":"Memory 1","damage_taken":0,"max_hp_gain":0,"max_hp_loss":0,"event_name":"SensoryStone","floor":45,"gold_loss":0},{"damage_healed":0,"gold_gain":0,"player_choice":"Fight","damage_taken":0,"max_hp_gain":0,"max_hp_loss":0,"event_name":"MindBloom","floor":46,"gold_loss":0}],"is_beta":false,"boss_relics":[{"not_picked":["Runic Pyramid","Velvet Choker"],"picked":"Ectoplasm"},{"not_picked":["SlaversCollar","Fusion Hammer"],"picked":"Pandora\u0027s Box"}],"items_purged_floors":[],"is_endless":false,"potions_floor_spawned":[4,5,8,12,16,18,27,29,31,33,35,37,38,40,42,44,46,47,48,54],"killed_by":"The Heart","ascension_level":6}}