{"host":"bgyhjzqafgkxdxsh","time":1613649406,"event":{"mods":["BaseMod","Colored Map","Downfall","Minty Spire (QoL Compilation)","Relic Stats","StSLib","everything is the same but u backflip on backflip"],"gold_per_floor":[99,117,134,144,162,162,162,173,7,22,54,66,66,66,76,177,177,77,94,94,105,29,29,77,24,24,24,41,59,85,185,204,309,309,309,323,300,312,328,339,416,431,464,479,379,379,279,279,291,291,291,291,291,291],"floor_reached":52,"language":"ENG","playtime":3551,"items_purged":["downfall:Bewildered"],"score":785,"play_id":"084fa549-76dc-4a67-8fa8-ef5384940032","local_time":"20210218215646","is_ascension_mode":false,"campfire_choices":[{"data":"hexamod:Float","floor":1,"key":"SMITH"},{"data":"hexamod:SpectralSpark","floor":6,"key":"SMITH"},{"data":"hexamod:CatchUp","floor":13,"key":"SMITH"},{"data":"hexamod:Haunt","floor":18,"key":"SMITH"},{"data":"hexamod:EtherealExpedition","floor":35,"key":"SMITH"},{"floor":45,"key":"RECALL"},{"data":"hexamod:ParanormalForm","floor":47,"key":"SMITH"}],"circlet_count":0,"master_deck":["hexamod:Float+1","hexamod:ShieldOfDarkness","hexamod:SwordOfDarkness","hexamod:SpectralSpark+1","hexamod:Haunt+1","hexamod:CatchUp+1","hexamod:ParanormalForm+1","hexamod:SpectersWail","hexamod:FastForward+1","hexamod:FastForward","hexamod:EtherealExpedition+1","hexamod:GhostLash","Ghostly","Ghostly","Ghostly","hexamod:CouncilsJustice","hexamod:CouncilsJustice","hexamod:ThermalTransfer","hexamod:TimeOfNeed","hexamod:TurnItUp+1","Secret Weapon+1","hexamod:SpectralSpark+1","hexamod:EmpoweredFlame","hexamod:SwordOfDarkness+1","hexamod:GhostOfSpirePresent+1"],"relics":["hexamod:SpiritBrand","Kunai","Membership Card","Thread and Needle","Runic Pyramid","downfall:HeartBlessingGreen","Enchiridion","sneckomod:BabySnecko","MealTicket","Lantern","Astrolabe","TheAbacus","Mercury Hourglass","Gambling Chip","Bottled Lightning","downfall:HeartBlessingBlue","downfall:HeartBlessingRed"],"acts_visited":["Exordium","TheCity","TheBeyond","TheEnding"],"potions_floor_usage":[11,15,16,22,39,50,52],"damage_taken":[{"damage":0,"enemies":"Small Slimes","floor":2,"turns":4},{"damage":1,"enemies":"Cultist","floor":3,"turns":3},{"damage":4,"enemies":"2 Louse","floor":4,"turns":3},{"damage":2,"enemies":"2 Fungi Beasts","floor":5,"turns":3},{"damage":0,"enemies":"Large Slime","floor":8,"turns":3},{"damage":0,"enemies":"downfall:FleeingMerchant","floor":9,"turns":4},{"damage":0,"enemies":"3 Louse","floor":10,"turns":3},{"damage":4,"enemies":"3 Sentries","floor":11,"turns":6},{"damage":0,"enemies":"2 Fungi Beasts","floor":12,"turns":3},{"damage":0,"enemies":"Gremlin Gang","floor":15,"turns":2},{"damage":24,"enemies":"IC_STATUS_ARCHETYPE","floor":16,"turns":5},{"damage":0,"enemies":"Chosen","floor":19,"turns":4},{"damage":0,"enemies":"Spheric Guardian","floor":21,"turns":3},{"damage":0,"enemies":"downfall:FleeingMerchant","floor":22,"turns":4},{"damage":3,"enemies":"downfall:FleeingMerchant","floor":25,"turns":4},{"damage":0,"enemies":"Shelled Parasite and Fungi","floor":28,"turns":4},{"damage":0,"enemies":"Sentry and Sphere","floor":29,"turns":5},{"damage":0,"enemies":"Book of Stabbing","floor":30,"turns":5},{"damage":6,"enemies":"Snecko","floor":32,"turns":4},{"damage":0,"enemies":"WA_ARCHETYPE_CALM","floor":33,"turns":8},{"damage":0,"enemies":"Orb Walker","floor":36,"turns":3},{"damage":0,"enemies":"downfall:FleeingMerchant","floor":37,"turns":3},{"damage":0,"enemies":"3 Darklings","floor":38,"turns":5},{"damage":5,"enemies":"Transient","floor":39,"turns":5},{"damage":0,"enemies":"Spire Growth","floor":40,"turns":4},{"damage":13,"enemies":"Writhing Mass","floor":42,"turns":4},{"damage":5,"enemies":"Nemesis","floor":43,"turns":5},{"damage":6,"enemies":"Jaw Worm Horde","floor":44,"turns":5},{"damage":0,"enemies":"Transient","floor":49,"turns":5},{"damage":31,"enemies":"DF_ARCHETYPE_ORBS","floor":50,"turns":9},{"damage":65,"enemies":"downfall:CharBossMerchant","floor":52,"turns":6}],"seed_played":"-4626453096532831503","potions_obtained":[{"floor":4,"key":"Fire Potion"},{"floor":5,"key":"DuplicationPotion"},{"floor":11,"key":"Fire Potion"},{"floor":12,"key":"Explosive Potion"},{"floor":15,"key":"champ:CounterPotion"},{"floor":19,"key":"Strength Potion"},{"floor":21,"key":"Regen Potion"},{"floor":30,"key":"SmokeBomb"},{"floor":33,"key":"Fire Potion"},{"floor":36,"key":"FairyPotion"},{"floor":40,"key":"champ:CounterPotion"}],"is_trial":false,"path_per_floor":["R","M","M","M","M","R","T","M","$","M","E","M","R","?","M","B",null,"R","M","?","M","$","?","T","$","?","?","M","M","E","?","M","B",null,"R","M","$","M","M","M","T","M","E","M","R","?","R","?","M","B",null,"E"],"character_chosen":"THE_SPIRIT","items_purchased":["Membership Card","hexamod:EtherealExpedition","hexamod:GhostLash","TheAbacus","Mercury Hourglass","Gambling Chip","hexamod:EmpoweredFlame"],"campfire_rested":0,"item_purchase_floors":[9,22,22,37,37,37,37],"current_hp_per_floor":[70,70,69,65,63,63,63,63,63,63,59,59,59,59,59,35,70,70,70,54,54,54,54,54,66,66,35,35,35,35,35,29,29,35,35,35,35,35,30,30,30,17,12,6,16,16,16,16,16,15,45,0,0,0],"gold":291,"neow_bonus":"THREE_CARDS","is_daily":false,"chose_seed":false,"campfire_upgraded":6,"win_rate":0.0,"timestamp":1613649406,"path_taken":["R","M","M","M","M","R","T","M","$","M","E","M","R","?","M","BOSS","R","M","?","M","$","?","T","$","?","?","M","M","E","?","M","BOSS","R","M","$","M","M","M","T","M","E","M","R","?","R","?","M","BOSS","E"],"items_purchased_type":["Relic","Card","Card","Relic","Relic","Relic","Card"],"build_version":"2020-12-22","purchased_purges":1,"victory":false,"max_hp_per_floor":[70,70,70,70,70,70,70,70,70,70,70,70,70,70,70,70,70,70,70,70,70,70,70,70,70,70,35,35,35,35,35,35,35,35,35,35,35,35,35,35,35,35,35,35,45,45,45,45,45,45,45,45,45,45],"relic_stats":{"TheAbacus":[84],"counters":[31,134],"Astrolabe":["hexamod:TurnItUp","Secret Weapon","hexamod:SpectralSpark"],"Gambling Chip":[29],"MealTicket":15,"Kunai":[9],"obtain_stats":[{"Lantern":30,"downfall:HeartBlessingRed":47,"Astrolabe":34,"Enchiridion":20,"Thread and Needle":11,"downfall:HeartBlessingGreen":18,"Mercury Hourglass":37,"sneckomod:BabySnecko":23,"TheAbacus":37,"downfall:HeartBlessingBlue":45,"Gambling Chip":37,"MealTicket":24,"Kunai":7,"Membership Card":9,"Bottled Lightning":43,"hexamod:SpiritBrand":0,"Runic Pyramid":17},{"Lantern":18,"downfall:HeartBlessingRed":28,"Astrolabe":20,"Enchiridion":12,"Thread and Needle":8,"downfall:HeartBlessingGreen":11,"Mercury Hourglass":22,"sneckomod:BabySnecko":14,"TheAbacus":22,"downfall:HeartBlessingBlue":28,"Gambling Chip":22,"MealTicket":14,"Kunai":4,"Membership Card":6,"Bottled Lightning":27,"hexamod:SpiritBrand":0,"Runic Pyramid":11},{"Lantern":68,"downfall:HeartBlessingRed":114,"Astrolabe":80,"Enchiridion":43,"Thread and Needle":29,"downfall:HeartBlessingGreen":39,"Mercury Hourglass":86,"sneckomod:BabySnecko":50,"TheAbacus":86,"downfall:HeartBlessingBlue":114,"Gambling Chip":86,"MealTicket":50,"Kunai":13,"Membership Card":20,"Bottled Lightning":109,"hexamod:SpiritBrand":0,"Runic Pyramid":39}],"Mercury Hourglass":[94]},"card_choices":[{"not_picked":["hexamod:BurningTouch","hexamod:NightmareStrike"],"picked":"hexamod:ShieldOfDarkness","floor":0},{"not_picked":["hexamod:ExtraCrispy","hexamod:SoulSteal"],"picked":"hexamod:SwordOfDarkness","floor":2},{"not_picked":["hexamod:Firestarter","hexamod:SuperheatedStrike"],"picked":"hexamod:SpectralSpark","floor":3},{"not_picked":["hexamod:ChargedBarrage","hexamod:SwordOfDarkness","hexamod:GhostOfSpireFuture"],"picked":"SKIP","floor":4},{"not_picked":["hexamod:InspiringFlames","hexamod:SecondSeal","hexamod:Again"],"picked":"SKIP","floor":5},{"not_picked":["hexamod:GhostShield","hexamod:ShieldOfDarkness"],"picked":"hexamod:Haunt","floor":8},{"not_picked":["hexamod:RainOfEmbers","hexamod:EmpoweredFlame","hexamod:SkipABeat"],"picked":"SKIP","floor":9},{"not_picked":["hexamod:SwordOfDarkness","hexamod:SkipABeat"],"picked":"hexamod:CatchUp","floor":10},{"not_picked":["hexamod:SpectralSpark","hexamod:GhostLash"],"picked":"hexamod:ParanormalForm","floor":11},{"not_picked":["hexamod:GhostShield","hexamod:Hexaguard"],"picked":"hexamod:SpectersWail","floor":12},{"not_picked":["hexamod:GhostLash","hexamod:Again","hexamod:Firestarter"],"picked":"SKIP","floor":15},{"not_picked":["hexamod:HauntingEcho","hexamod:SpectersWail"],"picked":"hexamod:FastForward+1","floor":19},{"not_picked":["hexamod:Incineration","hexamod:BurningTouch"],"picked":"hexamod:FastForward","floor":21},{"not_picked":["hexamod:FlamesFromBeyond+1","hexamod:NightmareStrike","hexamod:Firestarter"],"picked":"SKIP","floor":22},{"not_picked":["hexamod:ThermalTransfer","hexamod:FourthSeal","hexamod:GhostflameBarrier"],"picked":"SKIP","floor":25},{"not_picked":["hexamod:HauntingEcho","hexamod:InspiringFlames"],"picked":"hexamod:ThermalTransfer","floor":28},{"not_picked":["hexamod:PhantomCloak","hexamod:NightmareGuise","hexamod:ThirdSeal"],"picked":"SKIP","floor":29},{"not_picked":["hexamod:FirstSeal","hexamod:Firestarter","hexamod:ParanormalForm"],"picked":"SKIP","floor":30},{"not_picked":["hexamod:FlamesFromBeyond+1","hexamod:BurningTouch","hexamod:ChargedBarrage+1"],"picked":"SKIP","floor":32},{"not_picked":["hexamod:ParanormalForm","hexamod:SixthSeal"],"picked":"hexamod:TimeOfNeed","floor":33},{"not_picked":["hexamod:PowerFromBeyond","hexamod:SpectersWail","hexamod:FlamesFromBeyond+1"],"picked":"SKIP","floor":36},{"not_picked":["hexamod:GhostOfSpirePast+1","hexamod:RadiantFlame","hexamod:SwordOfDarkness"],"picked":"SKIP","floor":37},{"not_picked":["hexamod:NightmareStrike+1","hexamod:HeatMetal+1"],"picked":"hexamod:SwordOfDarkness+1","floor":38},{"not_picked":["hexamod:AdvancingGuard+1","hexamod:NightmareStrike+1"],"picked":"hexamod:GhostOfSpirePresent","floor":39},{"not_picked":["hexamod:HeatMetal","hexamod:ShieldOfDarkness+1","hexamod:SpectersWail"],"picked":"SKIP","floor":40},{"not_picked":["hexamod:SuperheatedStrike","hexamod:DynamicBlow+1","hexamod:InspiringFlames"],"picked":"SKIP","floor":42},{"not_picked":["hexamod:GhostOfSpirePast","hexamod:SwordOfDarkness","hexamod:PowerFromBeyond+1"],"picked":"SKIP","floor":43},{"not_picked":["hexamod:SuperheatedStrike","hexamod:BurningTouch+1","hexamod:ExtraCrispy"],"picked":"SKIP","floor":44},{"not_picked":["hexamod:PhantomFireball","hexamod:AdvancingGuard","hexamod:ThermalTransfer"],"picked":"SKIP","floor":49}],"player_experience":586040,"relics_obtained":[{"floor":7,"key":"Kunai"},{"floor":11,"key":"Thread and Needle"},{"floor":20,"key":"Enchiridion"},{"floor":24,"key":"MealTicket"},{"floor":30,"key":"Lantern"},{"floor":43,"key":"Bottled Lightning"}],"event_choices":[{"damage_healed":0,"gold_gain":0,"player_choice":"Forge","damage_taken":0,"max_hp_gain":0,"max_hp_loss":0,"event_name":"Accursed Blacksmith","floor":48,"gold_loss":0,"cards_upgraded":["hexamod:GhostOfSpirePresent"]}],"is_beta":false,"boss_relics":[{"not_picked":["bronze:MakeshiftBattery","Philosopher\u0027s Stone"],"picked":"Runic Pyramid"},{"not_picked":["Tiny House","SacredBark"],"picked":"Astrolabe"}],"items_purged_floors":[25],"is_endless":false,"potions_floor_spawned":[4,5,11,12,15,19,21,30,33,36,38,40,43],"killed_by":"downfall:CharBossMerchant","ascension_level":0}}