{"host":"72n3jwtrlpjobydj","time":1613643832,"event":{"mods":["AchievementEnabler","BaseMod","CapriCore","DeckTracker","Hermit","Koishi","KomeijiMod","Lobotomy","Marisa£¨Ùöéë¡¡Øª×âÞÞ£©","Minty Spire (QoL Compilation)","Permanent Neow","StSLib","SuperFastMode","The Cursed","The Hierophant","The Immortal"],"gold_per_floor":[113,125,99,113,124,153,153,153,153,169,169,169,169,185,185,281,281,293,69,35,35,54,54,91,98,98],"floor_reached":25,"language":"KOR","playtime":1042,"items_purged":[],"score":220,"play_id":"ec3d1dec-6b05-4d32-8746-54aea93be453","local_time":"20210218192352","is_ascension_mode":false,"campfire_choices":[{"floor":8.0,"key":"REST"},{"floor":13.0,"key":"REST"},{"floor":15.0,"key":"REST"},{"floor":23,"key":"REST"}],"circlet_count":0,"master_deck":["hermit:Strike_Hermit","hermit:Strike_Hermit","hermit:Strike_Hermit","hermit:Defend_Hermit","hermit:Defend_Hermit","hermit:Defend_Hermit","hermit:Defend_Hermit","hermit:Snapshot","hermit:Covet","hermit:ItchyTrigger","hermit:Dive","hermit:Ricochet","hermit:Headshot","hermit:Vantage","hermit:Roughhouse","hermit:TrackingShot","hermit:Scavenge","hermit:Scavenge","hermit:Quickdraw+1"],"relics":["hermit:Momento","NeowsBlessing","Gremlin Horn","InkBottle","Ornamental Fan","SlaversCollar","Lee\u0027s Waffle","Spirit Poop","Happy Flower"],"acts_visited":["Exordium","TheCity"],"potions_floor_usage":[],"damage_taken":[{"damage":0.0,"enemies":"Cultist","floor":1.0,"turns":1.0},{"damage":0.0,"enemies":"Jaw Worm","floor":2.0,"turns":1.0},{"damage":0.0,"enemies":"Small Slimes","floor":4.0,"turns":1.0},{"damage":0.0,"enemies":"3 Louse","floor":5.0,"turns":2.0},{"damage":23.0,"enemies":"3 Sentries","floor":6.0,"turns":10.0},{"damage":4.0,"enemies":"Large Slime","floor":10.0,"turns":6.0},{"damage":2.0,"enemies":"Looter","floor":14.0,"turns":4.0},{"damage":58.0,"enemies":"The Guardian","floor":16.0,"turns":13.0},{"damage":36.0,"enemies":"Chosen","floor":18.0,"turns":8.0},{"damage":33.0,"enemies":"Spheric Guardian","floor":22.0,"turns":6.0},{"damage":3,"enemies":"Book of Stabbing","floor":24,"turns":5},{"damage":81,"enemies":"3 Cultists","floor":25,"turns":6}],"seed_played":"2875760209837759994","potions_obtained":[{"floor":1.0,"key":"hermit:BlackBile"},{"floor":10.0,"key":"SkillPotion"},{"floor":14.0,"key":"hermit:BlackBile"},{"floor":16.0,"key":"SneckoOil"},{"floor":22.0,"key":"Ancient Potion"}],"is_trial":false,"path_per_floor":["M","M","$","M","M","E","?","R","T","M","?","?","R","M","R","B",null,"M","$","?","?","M","R","E","M"],"character_chosen":"HERMIT","items_purchased":["hermit:Dive","hermit:Scavenge","Lee\u0027s Waffle"],"campfire_rested":4,"item_purchase_floors":[3,19,19],"current_hp_per_floor":[75,75,75,75,75,52,19,41,41,37,37,55,75,73,75,17,75,39,82,82,79,46,69,66,0,0],"gold":98,"neow_bonus":"THREE_ENEMY_KILL","is_daily":false,"chose_seed":false,"campfire_upgraded":0,"win_rate":0.0,"timestamp":1613643832,"path_taken":["M","M","$","?","M","E","?","R","T","M","?","?","R","M","R","BOSS","M","$","?","?","?","R","E","M"],"items_purchased_type":["Card","Card","Relic"],"build_version":"2020-12-22","purchased_purges":0,"victory":false,"max_hp_per_floor":[75,75,75,75,75,75,75,75,75,75,75,75,75,75,75,75,75,75,82,82,79,79,79,79,79,79],"card_choices":[{"not_picked":["hermit:BodyArmor","hermit:Misfire","hermit:Feint"],"picked":"SKIP","floor":1.0},{"not_picked":["hermit:Horror","hermit:CalledShot"],"picked":"hermit:ItchyTrigger","floor":2.0},{"not_picked":["hermit:HoleUp","hermit:BodyArmor"],"picked":"hermit:Ricochet","floor":4.0},{"not_picked":["hermit:Scavenge","hermit:HoleUp"],"picked":"hermit:Headshot","floor":5.0},{"not_picked":["hermit:Gambit","hermit:Ricochet"],"picked":"hermit:Vantage","floor":6.0},{"not_picked":["hermit:HighCaliber","hermit:Feint","hermit:Spite"],"picked":"SKIP","floor":10.0},{"not_picked":["hermit:SprayPray","hermit:Coalescence","hermit:HoleUp"],"picked":"SKIP","floor":14.0},{"not_picked":["hermit:Dissolve","hermit:BlackWind"],"picked":"hermit:Roughhouse","floor":16.0},{"not_picked":["hermit:Misfire","hermit:Dive"],"picked":"hermit:TrackingShot","floor":18.0},{"not_picked":["hermit:DeadMansHand+1","hermit:Cheat"],"picked":"hermit:Scavenge","floor":22.0},{"not_picked":["hermit:Vantage","hermit:Desperado"],"picked":"hermit:Quickdraw+1","floor":24}],"player_experience":69311,"relics_obtained":[{"floor":6.0,"key":"Gremlin Horn"},{"floor":9.0,"key":"Ornamental Fan"},{"floor":24,"key":"Happy Flower"}],"event_choices":[{"damage_healed":0.0,"max_hp_gain":0.0,"max_hp_loss":0.0,"gold_gain":0.0,"event_name":"Scrap Ooze","player_choice":"Success","floor":7.0,"gold_loss":0.0,"damage_taken":33.0,"relics_obtained":["InkBottle"]},{"cards_removed":["hermit:Strike_Hermit"],"damage_healed":0.0,"max_hp_gain":0.0,"max_hp_loss":0.0,"gold_gain":0.0,"event_name":"Living Wall","player_choice":"Forget","floor":11.0,"gold_loss":0.0,"damage_taken":0.0},{"damage_healed":18.0,"max_hp_gain":0.0,"max_hp_loss":0.0,"gold_gain":0.0,"event_name":"Mushrooms","player_choice":"Healed and dodged fight","floor":12.0,"gold_loss":0.0,"damage_taken":0.0,"cards_obtained":["Parasite"]},{"cards_removed":["Parasite"],"damage_healed":0.0,"max_hp_gain":0.0,"max_hp_loss":0.0,"gold_gain":0.0,"event_name":"Bonfire Elementals","player_choice":"Offered Curse","floor":21.0,"gold_loss":0.0,"damage_taken":0.0,"relics_obtained":["Spirit Poop"]}],"is_beta":false,"boss_relics":[{"not_picked":["Black Star","Runic Pyramid"],"picked":"SlaversCollar"}],"items_purged_floors":[],"is_endless":false,"potions_floor_spawned":[1,10,14,16,22],"killed_by":"3 Cultists","ascension_level":0}}