{"host":"dfw4wnb2uxt7qm1t","time":1613685897,"event":{"mods":["BaseMod","Infinite Spire","Minty Spire (QoL Compilation)","StSLib","Treasure Hunter"],"gold_per_floor":[217,230,230,59,59,399,412,412,438,452,468,487,487,505,505,635,635,660,680,5,19,32,32,76,76,76,76,101,121,121,220,220,220,220],"floor_reached":33,"language":"DEU","playtime":2691,"items_purged":[],"score":312,"play_id":"670c25ff-5c61-464c-af5d-900768b0ffa8","local_time":"20210218230457","is_ascension_mode":true,"campfire_choices":[{"floor":8,"key":"REST"},{"floor":13,"key":"REST"},{"floor":15,"key":"REST"},{"floor":23,"key":"REST"},{"floor":25,"key":"REST"},{"floor":27,"key":"REST"},{"floor":30,"key":"REST"},{"floor":32,"key":"REST"}],"circlet_count":0,"master_deck":["Strike_G","Strike_G","Strike_G","Strike_G","Strike_G","Defend_G","Defend_G","Defend_G","Defend_G","Defend_G","Survivor","Neutralize","Flying Knee","Finisher","Discovery","Backflip","Concentrate","Dagger Spray","Crippling Poison","Noxious Fumes","PiercingWail","Noxious Fumes","Poisoned Stab","Burst","Blade Dance+1","Distraction","Catalyst","Poisoned Stab","Slice+1","Bane+1","Poisoned Stab+1","Dagger Spray"],"relics":["Ring of the Snake","Golden Idol","Smiling Mask","Old Coin","Strawberry","Velvet Choker","Sling","Anchor","infinitespire:Joker Card","Potion Belt","Bag of Marbles"],"acts_visited":["Exordium","TheCity"],"potions_floor_usage":[16,16,22,22,22,24],"damage_taken":[{"damage":2,"enemies":"2 Louse","floor":1,"turns":4},{"damage":2,"enemies":"Jaw Worm","floor":2,"turns":5},{"damage":32,"enemies":"Gremlin Nob","floor":6,"turns":5},{"damage":0,"enemies":"Cultist","floor":7,"turns":2},{"damage":15,"enemies":"Lots of Slimes","floor":10,"turns":3},{"damage":10,"enemies":"2 Fungi Beasts","floor":11,"turns":3},{"damage":6,"enemies":"Large Slime","floor":12,"turns":7},{"damage":6,"enemies":"Blue Slaver","floor":14,"turns":4},{"damage":19,"enemies":"The Guardian","floor":16,"turns":10},{"damage":22,"enemies":"Spheric Guardian","floor":18,"turns":4},{"damage":23,"enemies":"3 Byrds","floor":19,"turns":5},{"damage":21,"enemies":"Snake Plant","floor":21,"turns":4},{"damage":3,"enemies":"Centurion and Healer","floor":22,"turns":6},{"damage":18,"enemies":"Slavers","floor":24,"turns":5},{"damage":12,"enemies":"3 Cultists","floor":28,"turns":4},{"damage":29,"enemies":"Snecko","floor":29,"turns":5},{"damage":87,"enemies":"Automaton","floor":33,"turns":6}],"seed_played":"5189781773790775765","potions_obtained":[{"floor":7,"key":"GamblersBrew"},{"floor":11,"key":"LiquidMemories"},{"floor":12,"key":"Fire Potion"},{"floor":16,"key":"FearPotion"},{"floor":18,"key":"Strength Potion"},{"floor":22,"key":"PowerPotion"}],"is_trial":false,"path_per_floor":["M","M","?","$","?","E","M","R","T","M","M","M","R","M","R","B",null,"M","M","$","M","M","R","E","R","T","R","M","M","R","?","R","B"],"character_chosen":"THE_SILENT","items_purchased":["Discovery","Backflip","Concentrate","Sling","Anchor","Catalyst","infinitespire:Joker Card"],"campfire_rested":8,"item_purchase_floors":[4,4,4,20,20,20,20],"current_hp_per_floor":[68,66,65,65,65,33,33,52,59,44,34,28,49,43,64,45,72,50,27,27,6,3,24,6,27,27,48,36,7,28,28,49,0,0],"gold":220,"neow_bonus":"HUNDRED_GOLD","is_daily":false,"chose_seed":false,"campfire_upgraded":0,"win_rate":0.0,"timestamp":1613685897,"path_taken":["M","M","?","$","?","E","M","R","T","M","M","?","R","M","R","BOSS","M","M","$","M","M","R","E","R","T","R","?","M","R","?","R","BOSS"],"items_purchased_type":["Card","Card","Card","Relic","Relic","Card","Relic"],"build_version":"2020-12-22","purchased_purges":0,"victory":false,"max_hp_per_floor":[70,70,65,65,65,65,65,65,72,72,72,72,72,72,72,72,72,72,72,72,72,72,72,72,72,72,72,72,72,72,72,72,72,72],"card_choices":[{"not_picked":["Backstab","Slice"],"picked":"Flying Knee","floor":1},{"not_picked":["Dagger Throw","Blur"],"picked":"Finisher","floor":2},{"not_picked":["Bane","Eviscerate"],"picked":"Dagger Spray","floor":6},{"not_picked":["TH:EnergyPotion","TH:PixieDust"],"picked":"SKIP","floor":6},{"not_picked":["Dodge and Roll","Sucker Punch"],"picked":"Crippling Poison","floor":7},{"not_picked":["TH:CopperCoins","TH:TreasureMap"],"picked":"SKIP","floor":9},{"not_picked":["Escape Plan","Prepared"],"picked":"Noxious Fumes","floor":10},{"not_picked":["Flechettes","Underhanded Strike"],"picked":"PiercingWail","floor":11},{"not_picked":["Eviscerate","Prepared"],"picked":"Noxious Fumes","floor":12},{"not_picked":["Escape Plan","Burst"],"picked":"Poisoned Stab","floor":14},{"not_picked":["Tools of the Trade","A Thousand Cuts"],"picked":"Burst","floor":16},{"not_picked":["Skewer","Dagger Throw"],"picked":"Blade Dance+1","floor":18},{"not_picked":["Noxious Fumes+1","Underhanded Strike"],"picked":"Distraction","floor":19},{"not_picked":["Predator","Backflip"],"picked":"Poisoned Stab","floor":21},{"not_picked":["PiercingWail","Choke"],"picked":"Slice+1","floor":22},{"not_picked":["Quick Slash","Caltrops"],"picked":"Bane+1","floor":24},{"not_picked":["TH:TreasureMap","TH:CursedSword"],"picked":"SKIP","floor":24},{"not_picked":["TH:BikiniMail","TH:CursedSword"],"picked":"SKIP","floor":26},{"not_picked":["Prepared","Distraction"],"picked":"Poisoned Stab+1","floor":28},{"not_picked":["Malaise","PiercingWail"],"picked":"Dagger Spray","floor":29}],"player_experience":83559,"relics_obtained":[{"floor":5,"key":"Smiling Mask"},{"floor":6,"key":"Old Coin"},{"floor":9,"key":"Strawberry"},{"floor":24,"key":"Potion Belt"},{"floor":26,"key":"Bag of Marbles"}],"event_choices":[{"damage_healed":0,"gold_gain":0,"player_choice":"Lose Max HP","damage_taken":0,"relics_obtained":["Golden Idol"],"max_hp_gain":0,"max_hp_loss":5,"event_name":"Golden Idol","floor":3,"gold_loss":0},{"damage_healed":0,"gold_gain":0,"player_choice":"Relic","damage_taken":0,"max_hp_gain":0,"max_hp_loss":0,"event_name":"Wheel of Change","floor":5,"gold_loss":0},{"damage_healed":0,"gold_gain":99,"player_choice":"Stole From Cult","damage_taken":0,"max_hp_gain":0,"max_hp_loss":0,"event_name":"Nest","floor":31,"gold_loss":0}],"is_beta":false,"boss_relics":[{"not_picked":["Astrolabe","infinitespire:Cupcake"],"picked":"Velvet Choker"}],"items_purged_floors":[],"is_endless":false,"potions_floor_spawned":[7,11,12,16,18,21,22],"killed_by":"Automaton","ascension_level":3}}