{"host":"xp5rvh2jwe2ejyfm","time":1613657162,"event":{"mods":["2.2 Compatiblity","Aspiration","BaseMod","Better Altar","Better Match","Better Note","Better Sensory Stone","Better Skull","BetterRewards","Colored Powertips","Conspire","Downfall","GifTheSpireLib","Gremlin Mod","GungeonMod","Hermit","Hubris","Jorbs\u0027s Wanderer Trilogy","Minty Spire (QoL Compilation)","Potionbrewer","Quick Restart","Replay The Spire","Robot Space Explorer","Shade Mod","Somnambulant","StSLib","The Bug Knight","The Clintock","The Construct","The Cursed","The Disciple","The Forsaken","The Hierophant","The Marked","The Necromancer","The Runesmith","The Servant 0.9.4","The Valiant","The Witch","TheFirefly","thorton"],"gold_per_floor":[115,115,127,138,158,189,189,201,256,266,276,246,246,246,246,345,345,362,362,377,377,389,389,389,389],"floor_reached":24,"language":"ENG","playtime":3212,"items_purged":[],"score":200,"play_id":"3cdc3e41-a3d3-452a-9af0-6a156372dc8e","local_time":"20210218090602","is_ascension_mode":false,"campfire_choices":[{"floor":7,"key":"REST"},{"floor":13,"key":"REST"},{"floor":15,"key":"REST"},{"floor":23,"key":"RECALL"}],"circlet_count":0,"master_deck":["RobotSpaceExplorer:Strike","RobotSpaceExplorer:Strike","RobotSpaceExplorer:Strike","RobotSpaceExplorer:Strike","RobotSpaceExplorer:Defend","RobotSpaceExplorer:Defend","RobotSpaceExplorer:Defend","RobotSpaceExplorer:Defend","RobotSpaceExplorer:Scan","RobotSpaceExplorer:MiniLasers","RobotSpaceExplorer:SurgingShield","RobotSpaceExplorer:TurboDodge","RobotSpaceExplorer:ToxicBomb","RobotSpaceExplorer:Ammunition","RobotSpaceExplorer:MiniBoosters","RobotSpaceExplorer:StunGrenade","RobotSpaceExplorer:SurgingStrike","RobotSpaceExplorer:GlueShot","RobotSpaceExplorer:MiniDrones","RobotSpaceExplorer:Accelerator","RobotSpaceExplorer:Ammunition+1","RobotSpaceExplorer:TurboDodge","ReplayUltimateDefense","Good Instincts","RobotSpaceExplorer:ScrapShield+1"],"relics":["RobotSpaceExplorer:RoboCore","hubris:MedicalManual","HornCleat","CultistMask","RobotSpaceExplorer:Reprocessor"],"acts_visited":["Exordium","TheCity"],"potions_floor_usage":[6,10,16],"damage_taken":[{"damage":0,"enemies":"Cultist","floor":1,"turns":3},{"damage":1,"enemies":"2 Louse","floor":3,"turns":3},{"damage":8,"enemies":"Jaw Worm","floor":4,"turns":8},{"damage":5,"enemies":"3 Louse","floor":5,"turns":4},{"damage":29,"enemies":"Lagavulin","floor":6,"turns":8},{"damage":2,"enemies":"Looter","floor":8,"turns":4},{"damage":2,"enemies":"Red Slaver","floor":10,"turns":4},{"damage":17,"enemies":"Exordium Thugs","floor":11,"turns":5},{"damage":0,"enemies":"Looter","floor":12,"turns":4},{"damage":35,"enemies":"Slime Boss","floor":16,"turns":13},{"damage":37,"enemies":"Spheric Guardian","floor":18,"turns":9},{"damage":4,"enemies":"Chosen","floor":20,"turns":7},{"damage":3,"enemies":"conspire:HollyBat","floor":22,"turns":12},{"damage":26,"enemies":"Centurion and Healer","floor":24,"turns":9}],"seed_played":"8319578519246475224","potions_obtained":[{"floor":5,"key":"Fire Potion"},{"floor":8,"key":"DistilledChaos"},{"floor":11,"key":"potionbrewer:ToxicPotion"},{"floor":16,"key":"potionbrewer:ToxicPotion"},{"floor":18,"key":"Energy Potion"}],"is_trial":false,"path_per_floor":["M","?","M","M","M","E","R","M","T","M","M","M","R","?","R","B",null,"M","?","M","?","M","R","M"],"character_chosen":"RobotSpaceExplorer","items_purchased":[],"campfire_rested":3,"item_purchase_floors":[],"current_hp_per_floor":[54,54,53,45,40,11,33,31,31,29,12,12,34,34,56,21,75,38,38,34,34,31,31,5,5],"gold":389,"neow_bonus":"ONE_RARE_RELIC","is_daily":false,"chose_seed":false,"campfire_upgraded":0,"win_rate":0.0,"timestamp":1613657162,"path_taken":["M","?","M","M","M","E","R","M","T","M","M","M","R","?","R","BOSS","M","?","M","?","M","R","M"],"items_purchased_type":[],"build_version":"2020-12-22","purchased_purges":0,"victory":false,"max_hp_per_floor":[75,75,75,75,75,75,75,75,75,75,75,75,75,75,75,75,75,75,75,75,75,75,75,75,75],"card_choices":[{"not_picked":["RobotSpaceExplorer:FranticSearch","RobotSpaceExplorer:Fix"],"picked":"RobotSpaceExplorer:SurgingShield","floor":1},{"not_picked":["RobotSpaceExplorer:SlimeMissile","RobotSpaceExplorer:ShockKick"],"picked":"RobotSpaceExplorer:TurboDodge","floor":3},{"not_picked":["RobotSpaceExplorer:DoubleFind","RobotSpaceExplorer:PowerCollector"],"picked":"RobotSpaceExplorer:ToxicBomb","floor":4},{"not_picked":["RobotSpaceExplorer:GlueSpray","RobotSpaceExplorer:ShovelStrike"],"picked":"RobotSpaceExplorer:Ammunition","floor":5},{"not_picked":["RobotSpaceExplorer:Jetpack","RobotSpaceExplorer:Comet"],"picked":"RobotSpaceExplorer:MiniBoosters","floor":6},{"not_picked":["RobotSpaceExplorer:DoubleBlock","RobotSpaceExplorer:LuckyStrike"],"picked":"RobotSpaceExplorer:StunGrenade","floor":8},{"not_picked":["RobotSpaceExplorer:SwiftStep","RobotSpaceExplorer:RigExplosive"],"picked":"RobotSpaceExplorer:SurgingStrike","floor":10},{"not_picked":["RobotSpaceExplorer:ScrapMissile","RobotSpaceExplorer:Probe"],"picked":"RobotSpaceExplorer:GlueShot","floor":11},{"not_picked":["RobotSpaceExplorer:FreezingShield","RobotSpaceExplorer:RigExplosive"],"picked":"RobotSpaceExplorer:MiniDrones","floor":12},{"not_picked":["RobotSpaceExplorer:Explosion","RobotSpaceExplorer:Arsenal"],"picked":"RobotSpaceExplorer:Accelerator","floor":16},{"not_picked":["RobotSpaceExplorer:SelfCleaning","RobotSpaceExplorer:Electropulse"],"picked":"RobotSpaceExplorer:Ammunition+1","floor":18},{"not_picked":["RobotSpaceExplorer:GearShield","RobotSpaceExplorer:SwiftStep+1"],"picked":"RobotSpaceExplorer:TurboDodge","floor":20},{"not_picked":["ReplayTheSpireMod:Trickstab","Replay:Sssssssssshield"],"picked":"ReplayUltimateDefense","floor":21},{"not_picked":["hubris:Ssssneak","PanicButton"],"picked":"Good Instincts","floor":21},{"not_picked":["RobotSpaceExplorer:SwiftStep","RobotSpaceExplorer:PowerCollector"],"picked":"RobotSpaceExplorer:ScrapShield+1","floor":22}],"player_experience":523652,"relics_obtained":[{"floor":6,"key":"HornCleat"}],"event_choices":[{"damage_healed":0,"gold_gain":0,"player_choice":"Trade","damage_taken":0,"relics_obtained":["CultistMask"],"max_hp_gain":0,"max_hp_loss":0,"event_name":"FaceTrader","floor":14,"gold_loss":0},{"damage_healed":0,"gold_gain":0,"player_choice":"Ignored","damage_taken":0,"max_hp_gain":0,"max_hp_loss":0,"event_name":"betterNote:BetterNote","floor":19,"gold_loss":0,"cards_obtained":["hermit:Headshot"]},{"damage_healed":0,"gold_gain":2,"player_choice":"1","damage_taken":0,"max_hp_gain":0,"max_hp_loss":0,"event_name":"betterStone:BetterStone","floor":21,"gold_loss":0}],"is_beta":false,"boss_relics":[{"not_picked":["hubris:BlackHole","aspiration:DefectSkillbook"],"picked":"RobotSpaceExplorer:Reprocessor"}],"items_purged_floors":[],"is_endless":false,"potions_floor_spawned":[5,8,11,16,18],"killed_by":"Centurion and Healer","ascension_level":0}}