{"host":"jx3f6ezc0g3s9edc","time":1613617053,"event":{"mods":["AchievementEnabler","BaseMod","Bestiary","Colored Map","Highlight Path","Minty Spire (QoL Compilation)","StSLib"],"gold_per_floor":[116,39,49,49,49,77,90,190,190,204,204,234,250,262,262,339,339,352,94,109,123,123,123],"floor_reached":22,"language":"ENG","playtime":1207,"items_purged":["Strike_R"],"score":379,"play_id":"ce0d7135-f48a-4a53-9681-b6d78efff068","local_time":"20210217215733","is_ascension_mode":true,"campfire_choices":[{"data":"Armaments","floor":11.0,"key":"SMITH"},{"data":"Hemokinesis","floor":15.0,"key":"SMITH"}],"circlet_count":0,"master_deck":["AscendersBane","Strike_R","Strike_R","Strike_R","Defend_R","Defend_R","Defend_R","Defend_R","Bash+1","Headbutt","Hemokinesis+1","Spot Weakness","Intimidate","Armaments+1","Bloodletting","Evolve","Ghostly Armor","Twin Strike","Heavy Blade","Rupture"],"relics":["Burning Blood","NeowsBlessing","Mercury Hourglass","Bottled Lightning","Unceasing Top","Velvet Choker","Membership Card","PreservedInsect"],"acts_visited":["Exordium","TheCity"],"potions_floor_usage":[],"damage_taken":[{"damage":0.0,"enemies":"2 Louse","floor":1.0,"turns":1.0},{"damage":0.0,"enemies":"Small Slimes","floor":3.0,"turns":1.0},{"damage":0.0,"enemies":"Lagavulin","floor":6.0,"turns":1.0},{"damage":2.0,"enemies":"Cultist","floor":7.0,"turns":3.0},{"damage":12.0,"enemies":"Exordium Thugs","floor":10.0,"turns":4.0},{"damage":12.0,"enemies":"3 Sentries","floor":12.0,"turns":6.0},{"damage":0.0,"enemies":"3 Louse","floor":13.0,"turns":2.0},{"damage":11.0,"enemies":"Blue Slaver","floor":14.0,"turns":4.0},{"damage":57.0,"enemies":"The Guardian","floor":16.0,"turns":13.0},{"damage":32.0,"enemies":"Spheric Guardian","floor":18.0,"turns":5.0},{"damage":5.0,"enemies":"3 Byrds","floor":20.0,"turns":6.0},{"damage":29,"enemies":"Shelled Parasite and Fungi","floor":21,"turns":5},{"damage":33,"enemies":"Sentry and Sphere","floor":22,"turns":3}],"seed_played":"-1552943491214607248","potions_obtained":[{"floor":3.0,"key":"Block Potion"},{"floor":6.0,"key":"Fire Potion"},{"floor":12.0,"key":"GamblersBrew"},{"floor":13.0,"key":"BloodPotion"}],"is_trial":false,"path_per_floor":["M","$","M","?","?","E","M","?","T","M","R","E","M","M","R","B",null,"M","$","M","M","M"],"character_chosen":"IRONCLAD","items_purchased":["Hemokinesis","Membership Card","PreservedInsect"],"campfire_rested":0,"item_purchase_floors":[2,19,19],"current_hp_per_floor":[74,74,75,68,68,74,75,75,75,69,69,63,69,64,64,13,60,49,49,50,27,0,0],"gold":123,"neow_bonus":"THREE_ENEMY_KILL","is_daily":false,"chose_seed":false,"campfire_upgraded":2,"win_rate":0.0,"timestamp":1613617053,"path_taken":["M","$","M","?","?","E","M","?","T","M","R","E","M","M","R","BOSS","M","$","M","?","M"],"items_purchased_type":["Card","Relic","Relic"],"build_version":"2020-12-22","purchased_purges":1,"victory":false,"max_hp_per_floor":[75,75,75,75,75,75,75,75,75,75,75,75,75,75,75,75,75,75,75,75,75,75,75],"card_choices":[{"not_picked":["Flex","Thunderclap"],"picked":"Headbutt","floor":1.0},{"not_picked":["Sever Soul","Iron Wave"],"picked":"Spot Weakness","floor":3.0},{"not_picked":["Uppercut","Entrench"],"picked":"Intimidate","floor":6.0},{"not_picked":["Searing Blow","Perfected Strike"],"picked":"Armaments","floor":7.0},{"not_picked":["Havoc","Perfected Strike","Rampage"],"picked":"SKIP","floor":10.0},{"not_picked":["Demon Form","Wild Strike"],"picked":"Bloodletting","floor":12.0},{"not_picked":["Searing Blow","Battle Trance"],"picked":"Evolve","floor":13.0},{"not_picked":["Perfected Strike","Warcry"],"picked":"Ghostly Armor","floor":14.0},{"not_picked":["Spot Weakness","Sentinel"],"picked":"Twin Strike","floor":18.0},{"not_picked":["Intimidate","Perfected Strike"],"picked":"Heavy Blade","floor":20.0},{"not_picked":["Armaments","Warcry"],"picked":"Rupture","floor":21}],"player_experience":883103,"relics_obtained":[{"floor":6.0,"key":"Mercury Hourglass"},{"floor":9.0,"key":"Bottled Lightning"},{"floor":12.0,"key":"Unceasing Top"}],"event_choices":[{"cards_removed":["Strike_R"],"damage_healed":0.0,"max_hp_gain":0.0,"max_hp_loss":0.0,"gold_gain":0.0,"event_name":"Golden Wing","player_choice":"Card Removal","floor":4.0,"gold_loss":0.0,"damage_taken":7.0},{"damage_healed":0.0,"max_hp_gain":0.0,"max_hp_loss":0.0,"gold_gain":0.0,"event_name":"Living Wall","player_choice":"Grow","floor":5.0,"gold_loss":0.0,"damage_taken":0.0,"cards_upgraded":["Bash"]},{"damage_healed":0.0,"max_hp_gain":0.0,"max_hp_loss":0.0,"gold_gain":100.0,"event_name":"Golden Shrine","player_choice":"Pray","floor":8.0,"gold_loss":0.0,"damage_taken":0.0}],"is_beta":false,"boss_relics":[{"not_picked":["Coffee Dripper","Runic Cube"],"picked":"Velvet Choker"}],"items_purged_floors":[19],"is_endless":false,"potions_floor_spawned":[3,6,12,13],"killed_by":"Sentry and Sphere","ascension_level":14}}