{"host":"4xh8v5undae39mue","time":1613668050,"event":{"mods":["AchievementEnabler","BaseMod","Minty Spire (QoL Compilation)"],"gold_per_floor":[114,114,289,71,84,111,121,121,145,145,145,158,171,197,197,197,197],"floor_reached":16,"language":"ENG","playtime":574,"items_purged":[],"score":130,"play_id":"ab319ef2-bb6c-4d1a-8d28-ce152b5b0757","local_time":"20210218120730","is_ascension_mode":true,"campfire_choices":[{"floor":8,"key":"REST"},{"floor":10,"key":"REST"},{"floor":15,"key":"REST"}],"circlet_count":0,"master_deck":["Strike_B","Strike_B","Strike_B","Defend_B","Defend_B","Defend_B","Defend_B","Zap+1","Dualcast","Melter+1","Doubt","Meteor Strike","Chill","Cold Snap","Turbo","Chaos"],"relics":["Cracked Core","Tiny Chest","Smiling Mask","Toy Ornithopter","Odd Mushroom"],"acts_visited":["Exordium"],"potions_floor_usage":[7,13,16],"damage_taken":[{"damage":7,"enemies":"Jaw Worm","floor":1,"turns":3},{"damage":9,"enemies":"2 Louse","floor":5,"turns":2},{"damage":35,"enemies":"Lagavulin","floor":6,"turns":6},{"damage":4,"enemies":"Small Slimes","floor":7,"turns":2},{"damage":9,"enemies":"2 Fungi Beasts","floor":12,"turns":2},{"damage":3,"enemies":"Blue Slaver","floor":13,"turns":3},{"damage":12,"enemies":"The Mushroom Lair","floor":14,"turns":6},{"damage":62,"enemies":"Hexaghost","floor":16,"turns":11}],"seed_played":"1273370466318760320","potions_obtained":[{"floor":1,"key":"FocusPotion"},{"floor":5,"key":"EssenceOfDarkness"},{"floor":13,"key":"SteroidPotion"},{"floor":14,"key":"FearPotion"}],"is_trial":false,"path_per_floor":["M","?","?","$","M","E","M","R","T","R","?","M","M","?","R","B"],"character_chosen":"DEFECT","items_purchased":["Meteor Strike","Tiny Chest"],"campfire_rested":3,"item_purchase_floors":[4,4],"current_hp_per_floor":[68,52,52,52,43,8,4,28,28,52,45,36,38,26,50,0,0],"gold":197,"neow_bonus":"TEN_PERCENT_HP_BONUS","is_daily":false,"chose_seed":false,"campfire_upgraded":0,"win_rate":0.0,"timestamp":1613668050,"path_taken":["M","?","?","?","?","E","M","R","T","R","?","M","M","?","R","BOSS"],"items_purchased_type":["Card","Relic"],"build_version":"2020-12-22","purchased_purges":0,"victory":false,"max_hp_per_floor":[82,82,82,82,82,82,82,82,82,82,82,82,82,82,82,82,82],"card_choices":[{"not_picked":["Blizzard","Hologram"],"picked":"Melter","floor":1},{"not_picked":["Self Repair","Lockon"],"picked":"Chill","floor":5},{"not_picked":["Steam","Barrage","Force Field"],"picked":"SKIP","floor":6},{"not_picked":["BootSequence","Steam"],"picked":"Cold Snap","floor":7},{"not_picked":["Sunder","Steam","Blizzard"],"picked":"SKIP","floor":12},{"not_picked":["Streamline","Leap"],"picked":"Turbo","floor":13},{"not_picked":["Sweeping Beam","Steam"],"picked":"Chaos","floor":14}],"player_experience":229055,"relics_obtained":[{"floor":6,"key":"Smiling Mask"},{"floor":9,"key":"Toy Ornithopter"},{"floor":14,"key":"Odd Mushroom"}],"event_choices":[{"damage_healed":0,"gold_gain":0,"player_choice":"Entered Light","damage_taken":16,"max_hp_gain":0,"max_hp_loss":0,"event_name":"Shining Light","floor":2,"gold_loss":0,"cards_upgraded":["Zap","Melter"]},{"damage_healed":0,"gold_gain":175,"player_choice":"AGREE","damage_taken":0,"max_hp_gain":0,"max_hp_loss":0,"event_name":"Liars Game","floor":3,"gold_loss":0,"cards_obtained":["Doubt"]},{"cards_removed":["Strike_B"],"damage_healed":0,"gold_gain":0,"player_choice":"Card Removal","damage_taken":7,"max_hp_gain":0,"max_hp_loss":0,"event_name":"Golden Wing","floor":11,"gold_loss":0},{"damage_healed":0,"gold_gain":0,"player_choice":"Fought Mushrooms","damage_taken":0,"max_hp_gain":0,"max_hp_loss":0,"event_name":"Mushrooms","floor":14,"gold_loss":0}],"is_beta":false,"boss_relics":[],"items_purged_floors":[],"is_endless":false,"potions_floor_spawned":[1,5,13,14],"killed_by":"Hexaghost","ascension_level":6}}