{"host":"urzvr6030gsf1sd7","time":1613669663,"event":{"mods":["AchievementEnabler","BaseMod","Block Reminder","Colored Powertips","Minty Spire (QoL Compilation)","Permanent Neow","StSLib"],"gold_per_floor":[112,123,3,19,30,56,56,56,79,91,91,102,137,152,152,247,247,258,258,29,46,64,91,101,101,101],"floor_reached":25,"language":"ENG","playtime":2121,"items_purged":["Strike_R"],"score":286,"play_id":"af17ed9b-ebd5-4095-a339-ae170fa1114f","local_time":"20210218123423","is_ascension_mode":true,"campfire_choices":[{"data":"True Grit","floor":7,"key":"SMITH"},{"data":"Blood for Blood","floor":11,"key":"SMITH"},{"floor":15,"key":"REST"}],"circlet_count":0,"master_deck":["Defend_R","Defend_R","Defend_R","Defend_R","Bash","Sentinel","Burning Pact","Blood for Blood+1","Cleave","Clothesline","True Grit+1","Shrug It Off","Power Through","Brutality","True Grit","Bite","Bite","Bite","Bite","Bite","Feel No Pain","Offering","Headbutt","Evolve"],"relics":["Burning Blood","Art of War","FaceOfCleric","Bag of Marbles","Lantern","SlaversCollar","MealTicket"],"acts_visited":["Exordium","TheCity"],"potions_floor_usage":[16,16,23,25],"damage_taken":[{"damage":12.0,"enemies":"Jaw Worm","floor":1.0,"turns":3.0},{"damage":7.0,"enemies":"Cultist","floor":2.0,"turns":4.0},{"damage":3,"enemies":"Small Slimes","floor":4,"turns":3},{"damage":1,"enemies":"2 Fungi Beasts","floor":5,"turns":3},{"damage":53,"enemies":"Lagavulin","floor":6,"turns":9},{"damage":14,"enemies":"Exordium Wildlife","floor":10,"turns":5},{"damage":4,"enemies":"Red Slaver","floor":12,"turns":3},{"damage":21,"enemies":"3 Sentries","floor":13,"turns":10},{"damage":1,"enemies":"Large Slime","floor":14,"turns":7},{"damage":27,"enemies":"Slime Boss","floor":16,"turns":12},{"damage":29,"enemies":"Shell Parasite","floor":18,"turns":5},{"damage":17,"enemies":"Chosen","floor":21,"turns":5},{"damage":36,"enemies":"3 Cultists","floor":22,"turns":5},{"damage":17,"enemies":"Slavers","floor":23,"turns":4},{"damage":11,"enemies":"Snecko","floor":24,"turns":6},{"damage":63,"enemies":"Gremlin Leader","floor":25,"turns":8}],"seed_played":"-6350092665828381147","potions_obtained":[{"floor":1.0,"key":"EssenceOfSteel"},{"floor":4,"key":"CultistPotion"},{"floor":12,"key":"LiquidBronze"},{"floor":16,"key":"Fruit Juice"},{"floor":18,"key":"SteroidPotion"}],"is_trial":false,"path_per_floor":["M","M","$","M","M","E","R","?","T","M","R","M","E","M","R","B",null,"M","?","$","M","M","E","M","E"],"character_chosen":"IRONCLAD","items_purchased":["Cleave","Feel No Pain","Offering"],"campfire_rested":1,"item_purchase_floors":[3,20,20],"current_hp_per_floor":[74,73,73,76,80,33,33,33,33,26,26,29,15,21,46,31,90,68,63,63,64,39,41,45,0,0],"gold":101,"neow_bonus":"TRANSFORM_CARD","is_daily":false,"chose_seed":false,"campfire_upgraded":2,"win_rate":0.0,"timestamp":1613669663,"path_taken":["M","M","$","M","M","E","R","?","T","M","R","M","E","?","R","BOSS","M","?","$","M","M","E","M","E"],"items_purchased_type":["Card","Card","Card"],"build_version":"2020-12-22","purchased_purges":1,"victory":false,"max_hp_per_floor":[80,80,80,80,80,80,80,80,80,81,81,82,83,84,84,90,90,91,63,63,64,65,66,67,67,67],"card_choices":[{"not_picked":["Sentinel","Sword Boomerang"],"picked":"Burning Pact","floor":1.0},{"not_picked":["Pommel Strike","Second Wind"],"picked":"Blood for Blood","floor":2.0},{"not_picked":["Warcry","Twin Strike","Seeing Red"],"picked":"SKIP","floor":4},{"not_picked":["Iron Wave","Sword Boomerang"],"picked":"Clothesline","floor":5},{"not_picked":["Disarm","Twin Strike"],"picked":"True Grit","floor":6},{"not_picked":["Iron Wave","Body Slam"],"picked":"Shrug It Off","floor":10},{"not_picked":["Hemokinesis","Sword Boomerang","Brutality"],"picked":"SKIP","floor":12},{"not_picked":["Thunderclap","Clash"],"picked":"Power Through","floor":13},{"not_picked":["Heavy Blade","Body Slam","Reckless Charge"],"picked":"SKIP","floor":14},{"not_picked":["Feed","Double Tap"],"picked":"Brutality","floor":16},{"not_picked":["Anger","Twin Strike"],"picked":"True Grit","floor":18},{"not_picked":["Clothesline+1","Seeing Red"],"picked":"Headbutt","floor":21},{"not_picked":["Iron Wave","Cleave","Clash"],"picked":"SKIP","floor":22},{"not_picked":["Limit Break","Sword Boomerang","Seeing Red"],"picked":"SKIP","floor":23},{"not_picked":["Blood for Blood","Havoc"],"picked":"Evolve","floor":24}],"player_experience":321018,"relics_obtained":[{"floor":6,"key":"Art of War"},{"floor":9,"key":"Bag of Marbles"},{"floor":13,"key":"Lantern"},{"floor":23,"key":"MealTicket"}],"event_choices":[{"damage_healed":0,"gold_gain":0,"player_choice":"Trade","damage_taken":0,"relics_obtained":["FaceOfCleric"],"max_hp_gain":0,"max_hp_loss":0,"event_name":"FaceTrader","floor":8,"gold_loss":0},{"damage_healed":0,"gold_gain":0,"player_choice":"Became a vampire","damage_taken":0,"max_hp_gain":0,"max_hp_loss":28,"event_name":"Vampires","floor":19,"gold_loss":0,"cards_obtained":["Bite","Bite","Bite","Bite","Bite"]}],"is_beta":false,"boss_relics":[{"not_picked":["Runic Dome","Snecko Eye"],"picked":"SlaversCollar"}],"items_purged_floors":[3],"is_endless":false,"potions_floor_spawned":[1,4,12,16,18],"killed_by":"Gremlin Leader","ascension_level":2}}