{"host":"t1puqh5lxz8sp6fn","time":1613610843,"event":{"mods":["AchievementEnabler","BaseMod","Colored Powertips","Minty Spire (QoL Compilation)","Rare Cards Sparkle","Relic Stats","StSLib"],"gold_per_floor":[16,36,50,68,33,33,52,81,81,92,92,125,142,152,152,229,229,242,260,275,275,275,275,275],"floor_reached":23,"playtime":1166,"items_purged":[],"score":362,"play_id":"3fbbdb53-4bf8-457d-bdca-38f42501969b","local_time":"20210217221403","is_ascension_mode":true,"campfire_choices":[{"data":"Streamline","floor":6,"key":"SMITH"},{"data":"Sweeping Beam","floor":11,"key":"SMITH"},{"floor":15,"key":"REST"}],"circlet_count":0,"master_deck":["AscendersBane","Strike_B","Defend_B","Defend_B","Defend_B","Defend_B","Zap","Dualcast","Sweeping Beam+1","Streamline+1","Go for the Eyes","Genetic Algorithm","Self Repair","Lockon","Glacier","Chill","Cold Snap","Beam Cell","Rainbow","Fission+1","Multi-Cast+1","Blizzard+1","Undo+1","Aggregate","RitualDagger"],"relics":["Cracked Core","Emotion Chip","Bag of Preparation","MealTicket","Blood Vial","Astrolabe"],"acts_visited":["Exordium","TheCity"],"potions_floor_usage":[8,14,16,16,19,23],"damage_taken":[{"damage":6,"enemies":"2 Louse","floor":1,"turns":2},{"damage":7,"enemies":"Small Slimes","floor":2,"turns":3},{"damage":2,"enemies":"Jaw Worm","floor":3,"turns":2},{"damage":0,"enemies":"Exordium Wildlife","floor":4,"turns":2},{"damage":13,"enemies":"Looter","floor":7,"turns":3},{"damage":22,"enemies":"Gremlin Nob","floor":8,"turns":4},{"damage":4,"enemies":"3 Louse","floor":10,"turns":3},{"damage":25,"enemies":"Lagavulin","floor":12,"turns":5},{"damage":20,"enemies":"Exordium Thugs","floor":13,"turns":5},{"damage":11,"enemies":"Exordium Wildlife","floor":14,"turns":7},{"damage":23,"enemies":"Hexaghost","floor":16,"turns":13},{"damage":20,"enemies":"2 Thieves","floor":18,"turns":3},{"damage":0,"enemies":"Spheric Guardian","floor":19,"turns":3},{"damage":0,"enemies":"Snecko","floor":20,"turns":5},{"damage":67,"enemies":"Gremlin Leader","floor":23,"turns":12}],"seed_played":"587858654832784008","potions_obtained":[{"floor":1,"key":"Ancient Potion"},{"floor":2,"key":"Strength Potion"},{"floor":7,"key":"Fruit Juice"},{"floor":10,"key":"Swift Potion"},{"floor":14,"key":"Block Potion"},{"floor":18,"key":"Fire Potion"},{"floor":20,"key":"Energy Potion"}],"is_trial":false,"path_per_floor":["M","M","M","M","?","R","M","E","T","M","R","E","M","M","R","B",null,"M","M","M","?","?","E"],"character_chosen":"DEFECT","items_purchased":[],"campfire_rested":1,"item_purchase_floors":[],"current_hp_per_floor":[58,51,49,49,66,66,53,38,38,41,41,23,12,15,37,23,63,45,47,56,50,50,0,0],"gold":275,"neow_bonus":"ONE_RARE_RELIC","is_daily":false,"chose_seed":false,"campfire_upgraded":2,"win_rate":0.0,"timestamp":1613610843,"path_taken":["M","M","M","M","?","R","M","E","T","M","R","E","M","M","R","BOSS","M","M","M","?","?","E"],"items_purchased_type":[],"build_version":"2020-12-13","purchased_purges":0,"victory":false,"max_hp_per_floor":[71,71,71,71,71,71,71,71,71,71,71,71,71,76,76,76,76,76,76,76,76,76,76,76],"relic_stats":{"Blood Vial":14,"Emotion Chip":[26,15,11,0,0],"counters":[15,72],"Astrolabe":["Fission","Multi-Cast","Blizzard"],"MealTicket":0,"Bag of Preparation":[18],"obtain_stats":[{"Blood Vial":12,"Emotion Chip":0,"Astrolabe":17,"MealTicket":9,"Bag of Preparation":8,"Cracked Core":0},{"Blood Vial":8,"Emotion Chip":0,"Astrolabe":11,"MealTicket":6,"Bag of Preparation":6,"Cracked Core":0},{"Blood Vial":24,"Emotion Chip":0,"Astrolabe":49,"MealTicket":16,"Bag of Preparation":16,"Cracked Core":0}]},"card_choices":[{"not_picked":["Reinforced Body","White Noise"],"picked":"Sweeping Beam","floor":1},{"not_picked":["Storm","Turbo"],"picked":"Streamline","floor":2},{"not_picked":["White Noise","Tempest"],"picked":"Go for the Eyes","floor":3},{"not_picked":["Amplify","Hologram"],"picked":"Genetic Algorithm","floor":4},{"not_picked":["Force Field","Blizzard"],"picked":"Self Repair","floor":7},{"not_picked":["Beam Cell","Hologram"],"picked":"Lockon","floor":8},{"not_picked":["Redo","Doom and Gloom"],"picked":"Glacier","floor":10},{"not_picked":["Multi-Cast","Reprogram"],"picked":"Chill","floor":12},{"not_picked":["Steam","Hologram"],"picked":"Cold Snap","floor":13},{"not_picked":["Redo","Leap"],"picked":"Beam Cell","floor":14},{"not_picked":["Seek","All For One"],"picked":"Rainbow","floor":16},{"not_picked":["Beam Cell","Leap","Sunder"],"picked":"SKIP","floor":18},{"not_picked":["Cold Snap","Streamline"],"picked":"Undo+1","floor":19},{"not_picked":["Sweeping Beam+1","FTL"],"picked":"Aggregate","floor":20}],"player_experience":542956,"relics_obtained":[{"floor":8,"key":"Bag of Preparation"},{"floor":9,"key":"MealTicket"},{"floor":12,"key":"Blood Vial"}],"event_choices":[{"damage_healed":17,"gold_gain":0,"player_choice":"Healed","damage_taken":0,"max_hp_gain":0,"max_hp_loss":0,"event_name":"The Cleric","floor":5,"gold_loss":35},{"damage_healed":0,"gold_gain":0,"player_choice":"Joined the Cult","damage_taken":6,"max_hp_gain":0,"max_hp_loss":0,"event_name":"Nest","floor":21,"gold_loss":0,"cards_obtained":["RitualDagger"]},{"damage_healed":0,"gold_gain":0,"player_choice":"Ignored","damage_taken":0,"max_hp_gain":0,"max_hp_loss":0,"event_name":"The Mausoleum","floor":22,"gold_loss":0}],"is_beta":false,"boss_relics":[{"not_picked":["Runic Pyramid","Empty Cage"],"picked":"Astrolabe"}],"items_purged_floors":[],"is_endless":false,"potions_floor_spawned":[1,2,7,10,13,14,18,20],"killed_by":"Gremlin Leader","ascension_level":15}}