{"host":"wmojtwekh6s3tor5","time":1613668001,"event":{"mods":["BaseMod","Colored Map","Colored Powertips","DeckTracker","Highlight Path","Minty Spire (QoL Compilation)","Quick Restart","StSLib"],"gold_per_floor":[12,22,22,22,39,39,54,54,54,54,69,84,110,130,130,228,228,244,277,43,63,63,63,79,79,79,111,123,123,141,153,153,255,255,268,22,39,57,70,70,70,88,88,88,88,88,88],"floor_reached":46,"language":"ZHS","playtime":2413,"items_purged":["Strike_P"],"score":580,"play_id":"f001c5d7-e68c-426b-ad60-f45518a4a356","local_time":"20210219010641","is_ascension_mode":true,"campfire_choices":[{"data":"BowlingBash","floor":6.0,"key":"SMITH"},{"data":"WheelKick","floor":8.0,"key":"SMITH"},{"data":"Brilliance","floor":15.0,"key":"SMITH"},{"data":"Judgement","floor":23.0,"key":"SMITH"},{"data":"Vigilance","floor":25.0,"key":"SMITH"},{"data":"FollowUp","floor":29.0,"key":"SMITH"},{"data":"Prostrate","floor":32.0,"key":"SMITH"},{"floor":40.0,"key":"REST"},{"floor":44,"key":"REST"}],"circlet_count":0,"master_deck":["Strike_P","Defend_P","Defend_P","Defend_P","BowlingBash+1","Brilliance+1","WheelKick+1","FollowUp","FollowUp+1","Judgement+1","Finesse","Prostrate+1","Devotion","PathToVictory+1","LessonLearned+1","WreathOfFlame+1","Mayhem+1","CutThroughFate+1"],"relics":["PureWater","Kunai","Eternal Feather","Cursed Key","Red Mask","TheAbacus","FaceOfCleric","Ginger","Astrolabe"],"acts_visited":["Exordium","TheCity","TheBeyond"],"potions_floor_usage":[],"damage_taken":[{"damage":2.0,"enemies":"Jaw Worm","floor":1.0,"turns":4.0},{"damage":3.0,"enemies":"2 Louse","floor":2.0,"turns":2.0},{"damage":1.0,"enemies":"Cultist","floor":5.0,"turns":3.0},{"damage":5.0,"enemies":"Lots of Slimes","floor":7.0,"turns":3.0},{"damage":0.0,"enemies":"Exordium Wildlife","floor":11.0,"turns":2.0},{"damage":8.0,"enemies":"Blue Slaver","floor":12.0,"turns":3.0},{"damage":10.0,"enemies":"Lagavulin","floor":13.0,"turns":5.0},{"damage":0.0,"enemies":"Lots of Slimes","floor":14.0,"turns":3.0},{"damage":16.0,"enemies":"Hexaghost","floor":16.0,"turns":4.0},{"damage":0.0,"enemies":"Chosen","floor":18.0,"turns":3.0},{"damage":12.0,"enemies":"Masked Bandits","floor":19.0,"turns":4.0},{"damage":0.0,"enemies":"Spheric Guardian","floor":21.0,"turns":2.0},{"damage":0.0,"enemies":"3 Cultists","floor":24.0,"turns":4.0},{"damage":22.0,"enemies":"Gremlin Leader","floor":27.0,"turns":6.0},{"damage":0.0,"enemies":"Sentry and Sphere","floor":28.0,"turns":2.0},{"damage":12.0,"enemies":"Snake Plant","floor":30.0,"turns":3.0},{"damage":0.0,"enemies":"Cultist and Chosen","floor":31.0,"turns":4.0},{"damage":36.0,"enemies":"Collector","floor":33.0,"turns":9.0},{"damage":17.0,"enemies":"Orb Walker","floor":35.0,"turns":3.0},{"damage":6.0,"enemies":"3 Shapes","floor":37.0,"turns":3.0},{"damage":18.0,"enemies":"Spire Growth","floor":38.0,"turns":4.0},{"damage":24.0,"enemies":"Maw","floor":39.0,"turns":5.0},{"damage":31.0,"enemies":"3 Darklings","floor":42.0,"turns":4.0},{"damage":48,"enemies":"Spire Growth","floor":46,"turns":4}],"seed_played":"-4734235734846401964","potions_obtained":[{"floor":1.0,"key":"BlessingOfTheForge"},{"floor":5.0,"key":"LiquidBronze"},{"floor":12.0,"key":"PowerPotion"},{"floor":13.0,"key":"LiquidBronze"},{"floor":19.0,"key":"Strength Potion"},{"floor":24.0,"key":"GamblersBrew"},{"floor":30.0,"key":"Explosive Potion"},{"floor":31.0,"key":"Weak Potion"},{"floor":37.0,"key":"Energy Potion"},{"floor":39.0,"key":"SpeedPotion"}],"is_trial":false,"path_per_floor":["M","M","?","?","M","R","M","R","T","$","M","M","E","M","R","B",null,"M","?","$","M","?","R","M","R","T","E","M","R","M","M","R","B",null,"M","$","M","M","M","R","?","M","T","R","$","M"],"character_chosen":"WATCHER","items_purchased":["Finesse","TheAbacus","Mayhem"],"campfire_rested":2,"item_purchase_floors":[20,20,36],"current_hp_per_floor":[63,60,60,60,59,59,54,54,54,54,54,46,36,36,42,26,61,61,49,49,49,49,58,59,68,68,47,48,57,46,47,56,21,64,48,48,43,26,3,36,36,6,6,39,39,0,0],"gold":88,"neow_bonus":"TRANSFORM_TWO_CARDS","is_daily":false,"chose_seed":false,"campfire_upgraded":7,"win_rate":0.0,"timestamp":1613668001,"path_taken":["M","M","?","?","M","R","M","R","T","?","?","?","E","M","R","BOSS","M","?","$","M","?","R","M","R","T","E","M","R","M","M","R","BOSS","M","$","M","M","?","R","?","M","T","R","$","?"],"items_purchased_type":["Card","Relic","Card"],"build_version":"2020-12-22","purchased_purges":1,"victory":false,"max_hp_per_floor":[72,72,72,72,72,72,72,72,72,72,72,72,72,72,72,72,72,72,72,72,72,72,72,73,73,73,74,75,75,76,77,77,78,78,79,79,80,81,82,82,82,83,83,83,83,83,83],"card_choices":[{"not_picked":["Evaluate","Fasting2"],"picked":"WheelKick","floor":1.0},{"not_picked":["Consecrate","FlurryOfBlows","ThirdEye"],"picked":"SKIP","floor":2.0},{"not_picked":["FlyingSleeves","ThirdEye","Indignation"],"picked":"SKIP","floor":5.0},{"not_picked":["Meditate","TalkToTheHand"],"picked":"FollowUp","floor":7.0},{"not_picked":["WreathOfFlame","FlyingSleeves","Tantrum"],"picked":"SKIP","floor":11.0},{"not_picked":["Evaluate","Wish","Consecrate"],"picked":"SKIP","floor":12.0},{"not_picked":["Crescendo","Nirvana","CrushJoints"],"picked":"SKIP","floor":13.0},{"not_picked":["EmptyMind","Consecrate"],"picked":"FollowUp","floor":14.0},{"not_picked":["ConjureBlade","Scrawl"],"picked":"Judgement","floor":16.0},{"not_picked":["Evaluate","FlurryOfBlows+1","FollowUp+1"],"picked":"SKIP","floor":18.0},{"not_picked":["Adaptation","Vengeance","Pray"],"picked":"SKIP","floor":21.0},{"not_picked":["Protect","DeceiveReality+1","Wallop"],"picked":"SKIP","floor":24.0},{"not_picked":["FollowUp+1","Tantrum","Consecrate"],"picked":"SKIP","floor":27.0},{"not_picked":["ClearTheMind+1","Adaptation","Wireheading"],"picked":"SKIP","floor":28.0},{"not_picked":["MentalFortress+1","PathToVictory"],"picked":"Prostrate","floor":30.0},{"not_picked":["Fasting2+1","Halt","Ragnarok"],"picked":"SKIP","floor":31.0},{"not_picked":["SpiritShield","DevaForm"],"picked":"Devotion","floor":33.0},{"not_picked":["CrushJoints","PathToVictory+1","SashWhip"],"picked":"SKIP","floor":35.0},{"not_picked":["WaveOfTheHand","EmptyFist","Evaluate+1"],"picked":"SKIP","floor":37.0},{"not_picked":["DeceiveReality","CarveReality","Protect"],"picked":"SKIP","floor":38.0},{"not_picked":["Indignation+1","Fasting2","CutThroughFate"],"picked":"SKIP","floor":39.0},{"not_picked":["Vault","WindmillStrike+1"],"picked":"CutThroughFate+1","floor":42.0}],"player_experience":674977,"relics_obtained":[{"floor":9.0,"key":"Kunai"},{"floor":13.0,"key":"Eternal Feather"},{"floor":19.0,"key":"Red Mask"},{"floor":27.0,"key":"Ginger"}],"event_choices":[{"damage_healed":0.0,"max_hp_gain":0.0,"max_hp_loss":0.0,"gold_gain":0.0,"event_name":"Golden Idol","player_choice":"Ignored","floor":3.0,"gold_loss":0.0,"damage_taken":0.0},{"damage_healed":0.0,"max_hp_gain":0.0,"max_hp_loss":0.0,"gold_gain":0.0,"event_name":"Living Wall","player_choice":"Grow","floor":4.0,"gold_loss":0.0,"damage_taken":0.0,"cards_upgraded":["Eruption"]},{"damage_healed":0.0,"max_hp_gain":0.0,"max_hp_loss":0.0,"gold_gain":0.0,"event_name":"Masked Bandits","player_choice":"Fought Bandits","floor":19.0,"gold_loss":0.0,"damage_taken":0.0},{"damage_healed":0.0,"max_hp_gain":0.0,"max_hp_loss":0.0,"gold_gain":0.0,"event_name":"FaceTrader","player_choice":"Trade","floor":22.0,"gold_loss":0.0,"damage_taken":0.0,"relics_obtained":["FaceOfCleric"]},{"damage_healed":0.0,"max_hp_gain":0.0,"max_hp_loss":0.0,"gold_gain":0.0,"event_name":"Upgrade Shrine","player_choice":"Upgraded","floor":41.0,"gold_loss":0.0,"damage_taken":0.0,"cards_upgraded":["Mayhem"]}],"is_beta":false,"boss_relics":[{"not_picked":["Pandora\u0027s Box","Runic Dome"],"picked":"Cursed Key"},{"not_picked":["Tiny House","Busted Crown"],"picked":"Astrolabe"}],"items_purged_floors":[36],"is_endless":false,"potions_floor_spawned":[1,5,12,13,19,24,30,31,37,39],"killed_by":"Spire Growth","ascension_level":6}}