{"host":"z37g2hkgkh2zjyzk","time":1613609554,"event":{"mods":["2.2 Compatiblity","AchievementEnabler","BaseMod","Bestiary","Colored Map","Colored Powertips","Curses Come First","Keyboard Shortcuts","Minty Spire (QoL Compilation)","Relic Stats","StSLib","SuperFastMode"],"gold_per_floor":[116,127,141,151,49,49,60,89,89,121,121,121,134,144,144,246,246,263,263,263,246,70,70,98,98,147,172,188,213,213,213,213,314,314,333,349,349,134,0,27,27,52,78,78,78,89,89,103,103,103],"floor_reached":51,"language":"ENG","playtime":4953,"items_purged":["Strike_G","Cloak And Dagger"],"score":929,"play_id":"1e41c1f2-f8ad-46f3-8810-631fc4d7c4b3","local_time":"20210218015234","is_ascension_mode":true,"campfire_choices":[{"data":"Neutralize","floor":6,"key":"SMITH"},{"data":"Noxious Fumes","floor":11,"key":"SMITH"},{"floor":15,"key":"REST"},{"data":"Adrenaline","floor":23,"key":"SMITH"},{"data":"Endless Agony","floor":25,"key":"SMITH"},{"data":"Crippling Poison","floor":30,"key":"SMITH"},{"floor":32,"key":"REST"},{"floor":41,"key":"REST"},{"data":"Burst","floor":45,"key":"SMITH"},{"data":"Well Laid Plans","floor":47,"key":"SMITH"},{"floor":49,"key":"REST"}],"circlet_count":0,"master_deck":["Defend_G+1","Defend_G+1","Defend_G+1","Defend_G+1","Defend_G+1","Survivor","Neutralize+1","Glass Knife","Heel Hook","Heel Hook","Noxious Fumes+1","Deadly Poison","Deadly Poison+1","Adrenaline+1","Tactician+1","Deflect+1","Endless Agony+1","Dagger Spray+1","Acrobatics","Well Laid Plans+1","Crippling Poison+1","Acrobatics+1","Burst+1","Calculated Gamble","Footwork","Expertise"],"relics":["Ring of the Snake","Happy Flower","Bottled Tornado","Singing Bowl","HoveringKite","War Paint","Bottled Flame","Ancient Tea Set","Molten Egg 2","TungstenRod","Juzu Bracelet","Busted Crown","Spirit Poop","Red Mask","Snake Skull","Torii","Regal Pillow"],"acts_visited":["Exordium","TheCity","TheBeyond"],"potions_floor_usage":[16,24,27,29,29,33,42,50,50],"damage_taken":[{"damage":0,"enemies":"2 Louse","floor":1,"turns":2},{"damage":1,"enemies":"Small Slimes","floor":2,"turns":3},{"damage":0,"enemies":"Jaw Worm","floor":3,"turns":2},{"damage":8,"enemies":"Blue Slaver","floor":4,"turns":3},{"damage":8,"enemies":"3 Louse","floor":7,"turns":3},{"damage":9,"enemies":"3 Sentries","floor":8,"turns":8},{"damage":8,"enemies":"Lagavulin","floor":10,"turns":5},{"damage":0,"enemies":"Gremlin Gang","floor":13,"turns":4},{"damage":5,"enemies":"Exordium Thugs","floor":14,"turns":4},{"damage":4,"enemies":"Hexaghost","floor":16,"turns":8},{"damage":9,"enemies":"Shell Parasite","floor":18,"turns":5},{"damage":10,"enemies":"2 Thieves","floor":21,"turns":4},{"damage":3,"enemies":"Book of Stabbing","floor":24,"turns":5},{"damage":7,"enemies":"Gremlin Leader","floor":27,"turns":5},{"damage":6,"enemies":"Shelled Parasite and Fungi","floor":28,"turns":4},{"damage":11,"enemies":"Book of Stabbing","floor":29,"turns":6},{"damage":0,"enemies":"Collector","floor":33,"turns":6},{"damage":0,"enemies":"Orb Walker","floor":35,"turns":4},{"damage":28,"enemies":"3 Darklings","floor":36,"turns":4},{"damage":18,"enemies":"Reptomancer","floor":40,"turns":6},{"damage":14,"enemies":"Nemesis","floor":42,"turns":7},{"damage":0,"enemies":"4 Shapes","floor":46,"turns":3},{"damage":0,"enemies":"Transient","floor":48,"turns":5},{"damage":0,"enemies":"Donu and Deca","floor":50,"turns":9}],"seed_played":"1106769567295299269","potions_obtained":[{"floor":1,"key":"Dexterity Potion"},{"floor":8,"key":"GamblersBrew"},{"floor":13,"key":"Ancient Potion"},{"floor":16,"key":"SpeedPotion"},{"floor":21,"key":"ColorlessPotion"},{"floor":24,"key":"Poison Potion"},{"floor":29,"key":"GhostInAJar"},{"floor":36,"key":"DuplicationPotion"},{"floor":46,"key":"LiquidMemories"},{"floor":48,"key":"ColorlessPotion"}],"is_trial":false,"path_per_floor":["M","M","M","M","$","R","M","E","T","E","R","?","M","M","R","B",null,"M","?","?","M","$","R","E","R","T","E","M","E","R","?","R","B",null,"M","M","?","$","?","E","R","E","T","?","R","M","R","M","R","B",null],"character_chosen":"THE_SILENT","items_purchased":["Deadly Poison","Acrobatics","War Paint","Calculated Gamble","Footwork"],"campfire_rested":4,"item_purchase_floors":[5,22,22,38,38],"current_hp_per_floor":[70,69,69,61,61,61,53,44,44,38,38,31,33,30,52,48,76,67,67,67,57,57,57,54,54,54,47,43,32,32,32,55,55,78,80,54,54,54,54,38,63,51,51,51,51,53,53,55,90,90],"gold":103,"neow_bonus":"ONE_RANDOM_RARE_CARD","is_daily":false,"chose_seed":false,"campfire_upgraded":7,"win_rate":0.0,"timestamp":1613609554,"path_taken":["M","M","M","M","$","R","M","E","T","E","R","?","M","M","R","BOSS","M","?","?","?","$","R","E","R","T","E","M","E","R","?","R","BOSS","M","M","?","$","?","E","R","E","T","?","R","M","R","M","R","BOSS"],"items_purchased_type":["Card","Card","Relic","Card","Card"],"build_version":"2020-12-22","purchased_purges":2,"victory":true,"max_hp_per_floor":[70,70,70,70,70,70,70,70,70,72,72,72,74,76,76,76,76,76,76,76,76,76,76,76,76,76,76,78,78,78,78,78,78,78,80,82,82,82,82,84,84,86,86,86,86,88,88,90,90,90],"relic_stats":{"Regal Pillow":8,"Happy Flower":[31],"Singing Bowl":20,"Torii":0,"counters":[24,115],"HoveringKite":[45],"Snake Skull":[73],"Juzu Bracelet":1,"War Paint":["Deflect","Deadly Poison"],"Busted Crown":12,"obtain_stats":[{"Regal Pillow":43,"Happy Flower":8,"Singing Bowl":10,"Torii":42,"HoveringKite":17,"Spirit Poop":37,"Snake Skull":40,"Juzu Bracelet":31,"Bottled Tornado":9,"War Paint":22,"Ancient Tea Set":26,"Bottled Flame":24,"Busted Crown":34,"Molten Egg 2":27,"Red Mask":39,"TungstenRod":29,"Ring of the Snake":0},{"Regal Pillow":21,"Happy Flower":6,"Singing Bowl":7,"Torii":21,"HoveringKite":10,"Spirit Poop":19,"Snake Skull":20,"Juzu Bracelet":16,"Bottled Tornado":6,"War Paint":12,"Ancient Tea Set":13,"Bottled Flame":13,"Busted Crown":17,"Molten Egg 2":14,"Red Mask":19,"TungstenRod":16,"Ring of the Snake":0},{"Regal Pillow":98,"Happy Flower":21,"Singing Bowl":26,"Torii":98,"HoveringKite":42,"Spirit Poop":85,"Snake Skull":91,"Juzu Bracelet":71,"Bottled Tornado":21,"War Paint":51,"Ancient Tea Set":56,"Bottled Flame":56,"Busted Crown":77,"Molten Egg 2":61,"Red Mask":85,"TungstenRod":71,"Ring of the Snake":0}],"TungstenRod":10,"Ring of the Snake":[49]},"card_choices":[{"not_picked":["Dagger Throw","Poisoned Stab"],"picked":"Heel Hook","floor":1},{"not_picked":["Sucker Punch","Catalyst"],"picked":"Heel Hook","floor":2},{"not_picked":["Predator","Flying Knee"],"picked":"Cloak And Dagger","floor":3},{"not_picked":["PiercingWail","Outmaneuver"],"picked":"Noxious Fumes","floor":4},{"not_picked":["Sucker Punch","Underhanded Strike"],"picked":"Deadly Poison","floor":7},{"not_picked":["Dagger Throw","Quick Slash","Heel Hook"],"picked":"SKIP","floor":8},{"not_picked":["Distraction","Deadly Poison","Dodge and Roll"],"picked":"Singing Bowl","floor":10},{"not_picked":["Deadly Poison","Quick Slash","Flying Knee"],"picked":"Singing Bowl","floor":13},{"not_picked":["Quick Slash","Underhanded Strike","Dagger Throw"],"picked":"Singing Bowl","floor":14},{"not_picked":["Die Die Die","Bullet Time"],"picked":"Adrenaline","floor":16},{"not_picked":["Predator+1","Deadly Poison"],"picked":"Tactician+1","floor":18},{"not_picked":["Terror","Deflect"],"picked":"Dagger Spray+1","floor":21},{"not_picked":["Deflect","Blade Dance"],"picked":"Well Laid Plans","floor":24},{"not_picked":["Predator+1","Noxious Fumes"],"picked":"Crippling Poison","floor":27},{"not_picked":["All Out Attack+1","Deflect","Blade Dance"],"picked":"Singing Bowl","floor":28},{"not_picked":["Distraction","Night Terror"],"picked":"Acrobatics+1","floor":29},{"not_picked":["Venomology","Phantasmal Killer"],"picked":"Burst","floor":33},{"not_picked":["Poisoned Stab+1"],"picked":"Singing Bowl","floor":35},{"not_picked":["Cloak And Dagger"],"picked":"Singing Bowl","floor":36},{"not_picked":["Skewer+1"],"picked":"Singing Bowl","floor":40},{"not_picked":["Distraction"],"picked":"Singing Bowl","floor":42},{"not_picked":["Backflip"],"picked":"Singing Bowl","floor":46},{"not_picked":["Acrobatics+1"],"picked":"Singing Bowl","floor":48}],"player_experience":82100,"relics_obtained":[{"floor":8,"key":"Happy Flower"},{"floor":9,"key":"Bottled Tornado"},{"floor":10,"key":"Singing Bowl"},{"floor":24,"key":"Bottled Flame"},{"floor":26,"key":"Ancient Tea Set"},{"floor":27,"key":"Molten Egg 2"},{"floor":29,"key":"TungstenRod"},{"floor":40,"key":"Snake Skull"},{"floor":42,"key":"Torii"},{"floor":43,"key":"Regal Pillow"}],"event_choices":[{"cards_removed":["Strike_G"],"damage_healed":0,"gold_gain":0,"player_choice":"Card Removal","damage_taken":7,"max_hp_gain":0,"max_hp_loss":0,"event_name":"Golden Wing","floor":12,"gold_loss":0},{"damage_healed":0,"gold_gain":0,"cards_transformed":["Strike_G","Strike_G"],"player_choice":"Became Test Subject","damage_taken":0,"max_hp_gain":0,"max_hp_loss":0,"event_name":"Drug Dealer","floor":19,"gold_loss":0,"cards_obtained":["Deflect","Endless Agony"]},{"damage_healed":0,"gold_gain":0,"player_choice":"Simplicity","damage_taken":0,"max_hp_gain":0,"max_hp_loss":0,"event_name":"Back to Basics","floor":20,"gold_loss":0,"cards_upgraded":["Strike_G","Defend_G","Defend_G","Defend_G","Defend_G","Defend_G"]},{"damage_healed":0,"gold_gain":0,"player_choice":"Opened","damage_taken":0,"relics_obtained":["Juzu Bracelet"],"max_hp_gain":0,"max_hp_loss":0,"event_name":"The Mausoleum","floor":31,"gold_loss":0,"cards_obtained":["Writhe"]},{"cards_removed":["Writhe"],"damage_healed":0,"gold_gain":0,"player_choice":"Offered Curse","damage_taken":0,"relics_obtained":["Spirit Poop"],"max_hp_gain":0,"max_hp_loss":0,"event_name":"Bonfire Elementals","floor":37,"gold_loss":0},{"damage_healed":0,"gold_gain":0,"player_choice":"Paid","damage_taken":0,"relics_obtained":["Red Mask"],"max_hp_gain":0,"max_hp_loss":0,"event_name":"Tomb of Lord Red Mask","floor":39,"gold_loss":134},{"damage_healed":0,"gold_gain":0,"cards_transformed":["Strike_G"],"player_choice":"Transformed","damage_taken":0,"max_hp_gain":0,"max_hp_loss":0,"event_name":"Transmorgrifier","floor":44,"gold_loss":0,"cards_obtained":["Expertise"]}],"is_beta":false,"boss_relics":[{"not_picked":["WristBlade","Coffee Dripper"],"picked":"HoveringKite"},{"not_picked":["Black Star","Astrolabe"],"picked":"Busted Crown"}],"items_purged_floors":[5,38],"is_endless":false,"potions_floor_spawned":[1,8,13,16,21,24,29,36,46,48],"ascension_level":2}}