{"host":"08yfhu6uhosdn245","time":1613659754,"event":{"mods":["2.2 Compatiblity","AchievementEnabler","BaseMod","Bestiary","Colored Map","Colored Powertips","Curses Come First","Highlight Path","Minty Spire (QoL Compilation)","Quick Restart","Relic Stats","StSLib"],"gold_per_floor":[114,41,216,141,154,154,169,139,139,155,167,198,211,244,256,364,376,449,187,187,201,279,279,189,189,189],"floor_reached":25,"language":"ENG","playtime":1582,"items_purged":["Doubt","Strike_P"],"score":345,"play_id":"b0f200fd-94b3-4820-b091-5d9934241406","local_time":"20210218094914","is_ascension_mode":true,"campfire_choices":[{"data":"Vault","floor":6.0,"key":"SMITH"},{"data":"Omniscience","floor":15.0,"key":"SMITH"},{"floor":23,"key":"REST"}],"circlet_count":0,"master_deck":["Strike_P","Defend_P","Defend_P","Defend_P","Defend_P","Eruption","Vigilance","Sanctity","FlyingSleeves","Vault+1","SashWhip","FollowUp","Omniscience+1","FlurryOfBlows","EmptyBody","ThirdEye","FlurryOfBlows","Wish","EmptyFist+1","Apotheosis","WheelKick"],"relics":["PureWater","CaptainsWheel","Bag of Preparation","Snecko Eye","Nloth\u0027s Gift"],"acts_visited":["Exordium","TheCity"],"potions_floor_usage":[],"damage_taken":[{"damage":2.0,"enemies":"Cultist","floor":1.0,"turns":3.0},{"damage":1.0,"enemies":"Jaw Worm","floor":5.0,"turns":3.0},{"damage":2.0,"enemies":"Small Slimes","floor":7.0,"turns":3.0},{"damage":4.0,"enemies":"Gremlin Gang","floor":10.0,"turns":5.0},{"damage":0.0,"enemies":"2 Fungi Beasts","floor":11.0,"turns":3.0},{"damage":0.0,"enemies":"Gremlin Nob","floor":12.0,"turns":2.0},{"damage":2.0,"enemies":"Blue Slaver","floor":13.0,"turns":5.0},{"damage":20.0,"enemies":"3 Sentries","floor":14.0,"turns":7.0},{"damage":45.0,"enemies":"The Guardian","floor":16.0,"turns":13.0},{"damage":31.0,"enemies":"Chosen","floor":18.0,"turns":7.0},{"damage":11.0,"enemies":"Shell Parasite","floor":21.0,"turns":3.0},{"damage":0,"enemies":"Cultist and Chosen","floor":22,"turns":6},{"damage":34,"enemies":"Slavers","floor":25,"turns":4}],"seed_played":"-6374135314198450662","potions_obtained":[{"floor":1.0,"key":"CultistPotion"},{"floor":7.0,"key":"LiquidMemories"},{"floor":8.0,"key":"FairyPotion"},{"floor":10.0,"key":"SteroidPotion"},{"floor":14.0,"key":"ColorlessPotion"},{"floor":16.0,"key":"ColorlessPotion"}],"is_trial":false,"path_per_floor":["M","$","?","$","M","R","M","?","T","M","M","E","M","E","R","B",null,"M","$","?","M","M","R","?","E"],"character_chosen":"WATCHER","items_purchased":["Vault","Apotheosis"],"campfire_rested":1,"item_purchase_floors":[2,19],"current_hp_per_floor":[63,63,63,63,62,62,60,60,60,56,56,56,54,34,34,14,58,27,27,27,16,16,37,37,3,3],"gold":189,"neow_bonus":"TRANSFORM_CARD","is_daily":false,"chose_seed":false,"campfire_upgraded":2,"win_rate":0.0,"timestamp":1613659754,"path_taken":["M","$","?","$","M","R","M","?","T","M","M","E","?","E","R","BOSS","M","$","?","M","M","R","?","E"],"items_purchased_type":["Card","Card"],"build_version":"2020-12-22","purchased_purges":2,"victory":false,"max_hp_per_floor":[72,72,72,72,72,72,72,72,72,72,72,72,72,72,72,72,72,72,72,72,72,72,72,72,72,72],"relic_stats":{"counters":[13,64],"Snecko Eye":[29,49,45,28],"Bag of Preparation":[14],"Nloth\u0027s Gift":0,"obtain_stats":[{"CaptainsWheel":9,"Snecko Eye":17,"Bag of Preparation":12,"Nloth\u0027s Gift":20,"PureWater":0,"MawBank":14},{"CaptainsWheel":3,"Snecko Eye":9,"Bag of Preparation":6,"Nloth\u0027s Gift":10,"PureWater":0,"MawBank":8},{"CaptainsWheel":9,"Snecko Eye":44,"Bag of Preparation":19,"Nloth\u0027s Gift":51,"PureWater":0,"MawBank":31}]},"card_choices":[{"not_picked":["Perseverance","Halt"],"picked":"FlyingSleeves","floor":1.0},{"not_picked":["BowlingBash","ClearTheMind"],"picked":"SashWhip","floor":5.0},{"not_picked":["Protect","ClearTheMind"],"picked":"FollowUp","floor":7.0},{"not_picked":["CutThroughFate","FearNoEvil"],"picked":"Omniscience","floor":10.0},{"not_picked":["SashWhip","BattleHymn"],"picked":"FlurryOfBlows","floor":11.0},{"not_picked":["Collect","ForeignInfluence"],"picked":"EmptyBody","floor":12.0},{"not_picked":["Protect","EmptyBody"],"picked":"ThirdEye","floor":13.0},{"not_picked":["BattleHymn","Swivel"],"picked":"FlurryOfBlows","floor":14.0},{"not_picked":["SpiritShield","DevaForm"],"picked":"Wish","floor":16.0},{"not_picked":["SandsOfTime+1","BowlingBash"],"picked":"EmptyFist","floor":18.0},{"not_picked":["EmptyBody","Meditate","Consecrate"],"picked":"SKIP","floor":21},{"not_picked":["PathToVictory","Consecrate"],"picked":"WheelKick","floor":22}],"player_experience":405897,"relics_obtained":[{"floor":9.0,"key":"CaptainsWheel"},{"floor":12.0,"key":"Bag of Preparation"},{"floor":14.0,"key":"MawBank"}],"event_choices":[{"damage_healed":0.0,"max_hp_gain":0.0,"max_hp_loss":0.0,"gold_gain":175.0,"event_name":"Liars Game","player_choice":"AGREE","floor":3.0,"gold_loss":0.0,"damage_taken":0.0,"cards_obtained":["Doubt"]},{"damage_healed":0.0,"max_hp_gain":0.0,"max_hp_loss":0.0,"gold_gain":0.0,"event_name":"The Woman in Blue","player_choice":"Bought 2 Potions","floor":8.0,"gold_loss":0.0,"damage_taken":0.0},{"damage_healed":0.0,"max_hp_gain":0.0,"max_hp_loss":0.0,"gold_gain":0.0,"event_name":"N\u0027loth","player_choice":"Traded Relic","floor":20.0,"relics_lost":["MawBank"],"gold_loss":0.0,"damage_taken":0.0,"relics_obtained":["Nloth\u0027s Gift"]},{"cards_removed":["Strike_P"],"damage_healed":0,"gold_gain":0,"player_choice":"Upgrade and Remove","damage_taken":0,"max_hp_gain":0,"max_hp_loss":0,"event_name":"Designer","floor":24,"gold_loss":90,"cards_upgraded":["EmptyFist"]}],"is_beta":false,"boss_relics":[{"not_picked":["Runic Dome","SlaversCollar"],"picked":"Snecko Eye"}],"items_purged_floors":[4,19],"is_endless":false,"potions_floor_spawned":[1,7,10,14,16],"killed_by":"Slavers","ascension_level":9}}