{"host":"tlbbab9afexrkdtf","time":1613611156,"event":{"mods":["2.2 Compatiblity","AchievementEnabler","BaseMod","Colored Map","Colored Powertips","Minty Spire (QoL Compilation)","Rare Cards Sparkle","StSLib"],"gold_per_floor":[18,37,47,64,16,16,43,58,58,58,133,159,159,33,33,33,33],"floor_reached":16,"language":"ENG","playtime":444,"items_purged":[],"score":138,"play_id":"63fa6c81-02fa-46a3-957e-97aaba3c199e","local_time":"20210217201916","is_ascension_mode":true,"campfire_choices":[{"floor":6,"key":"RECALL"},{"floor":15,"key":"REST"}],"circlet_count":0,"master_deck":["Strike_R","Strike_R","Strike_R","Strike_R","Strike_R","Defend_R","Defend_R","Defend_R","Defend_R","Bash","Feed","Clash","Evolve","Armaments","Cleave","Flex","Anger","Thunderclap","Rage"],"relics":["Burning Blood","InkBottle","Self Forming Clay","Frozen Egg 2","The Courier","Toxic Egg 2","Tiny Chest"],"acts_visited":["Exordium"],"potions_floor_usage":[7,12,16],"damage_taken":[{"damage":10,"enemies":"Cultist","floor":1,"turns":5},{"damage":2,"enemies":"Jaw Worm","floor":2,"turns":3},{"damage":6,"enemies":"2 Louse","floor":3,"turns":2},{"damage":6,"enemies":"Looter","floor":4,"turns":4},{"damage":17,"enemies":"3 Sentries","floor":7,"turns":6},{"damage":8,"enemies":"Lots of Slimes","floor":8,"turns":3},{"damage":37,"enemies":"Lagavulin","floor":12,"turns":5},{"damage":68,"enemies":"Hexaghost","floor":16,"turns":9}],"seed_played":"-6615339229643300414","potions_obtained":[{"floor":2,"key":"BlessingOfTheForge"},{"floor":8,"key":"FearPotion"},{"floor":12,"key":"BlessingOfTheForge"}],"is_trial":false,"path_per_floor":["M","M","M","M","$","R","E","M","T","T","?","E","T","$","R","B"],"character_chosen":"IRONCLAD","items_purchased":["Flex","Tiny Chest"],"campfire_rested":1,"item_purchase_floors":[5,14],"current_hp_per_floor":[76,83,86,86,86,86,78,79,79,79,68,37,37,37,64,0,0],"gold":33,"neow_bonus":"THREE_RARE_CARDS","is_daily":false,"chose_seed":false,"campfire_upgraded":0,"win_rate":0.0,"timestamp":1613611156,"path_taken":["M","M","M","?","?","R","E","M","T","?","?","E","?","?","R","BOSS"],"items_purchased_type":["Card","Relic"],"build_version":"2020-12-22","purchased_purges":0,"victory":false,"max_hp_per_floor":[80,83,86,86,86,86,89,92,92,92,92,92,92,92,92,92,92],"card_choices":[{"not_picked":["Reaper","Fiend Fire"],"picked":"Feed","floor":0},{"not_picked":["Heavy Blade","Sword Boomerang"],"picked":"Clash","floor":1},{"not_picked":["Shrug It Off","Iron Wave"],"picked":"Evolve","floor":2},{"not_picked":["Shrug It Off","Dark Embrace"],"picked":"Armaments","floor":3},{"not_picked":["Headbutt","Sword Boomerang"],"picked":"Cleave","floor":4},{"not_picked":["Armaments","Offering"],"picked":"Anger","floor":7},{"not_picked":["Dark Embrace","Whirlwind"],"picked":"Thunderclap","floor":8},{"not_picked":["Cleave","Offering"],"picked":"Rage","floor":12}],"player_experience":327663,"relics_obtained":[{"floor":7,"key":"InkBottle"},{"floor":9,"key":"Self Forming Clay"},{"floor":10,"key":"Frozen Egg 2"},{"floor":12,"key":"The Courier"},{"floor":13,"key":"Toxic Egg 2"}],"event_choices":[{"damage_healed":0,"gold_gain":75,"player_choice":"Gather Gold","damage_taken":11,"max_hp_gain":0,"max_hp_loss":0,"event_name":"World of Goop","floor":11,"gold_loss":0}],"is_beta":false,"boss_relics":[],"items_purged_floors":[],"is_endless":false,"potions_floor_spawned":[2,8,12],"killed_by":"Hexaghost","ascension_level":5}}