{"host":"vumwfieg2b2mnrfl","time":1613687042,"event":{"mods":["AchievementEnabler","BaseMod","Minty Spire (QoL Compilation)","Rare Cards Sparkle","Relic Stats"],"gold_per_floor":[110,110,127,140,156,181,181,214,240,253,253,271,271,300,300,375,375,395,126,126,126],"floor_reached":20,"language":"ENG","playtime":744,"items_purged":["Strike_G"],"score":638,"play_id":"5b57a0d5-2828-44e4-ac2b-88db2fc13548","local_time":"20210218162402","is_ascension_mode":true,"campfire_choices":[{"floor":7,"key":"REST"},{"floor":11,"key":"REST"},{"data":"Catalyst","floor":15,"key":"SMITH"}],"circlet_count":0,"master_deck":["AscendersBane","Strike_G","Strike_G","Strike_G","Defend_G","Defend_G","Defend_G","Defend_G","Defend_G","Survivor","Neutralize+1","A Thousand Cuts","Deadly Poison","Flechettes","Predator","Catalyst+1","Quick Slash+1","Masterful Stab","A Thousand Cuts","PiercingWail","Bullet Time","Well Laid Plans","Night Terror","Deflect","Apotheosis"],"relics":["Ring of the Snake","Oddly Smooth Stone","Lantern","Snake Skull","Whetstone","Black Star"],"acts_visited":["Exordium","TheCity"],"potions_floor_usage":[6,14,14,18],"damage_taken":[{"damage":8,"enemies":"Cultist","floor":1,"turns":5},{"damage":1,"enemies":"Jaw Worm","floor":3,"turns":3},{"damage":0,"enemies":"2 Louse","floor":4,"turns":2},{"damage":9,"enemies":"Looter","floor":5,"turns":3},{"damage":12,"enemies":"Lagavulin","floor":6,"turns":7},{"damage":36,"enemies":"3 Sentries","floor":8,"turns":12},{"damage":0,"enemies":"2 Fungi Beasts","floor":10,"turns":3},{"damage":1,"enemies":"Blue Slaver","floor":12,"turns":4},{"damage":14,"enemies":"Gremlin Nob","floor":14,"turns":3},{"damage":5,"enemies":"Hexaghost","floor":16,"turns":10},{"damage":30,"enemies":"2 Thieves","floor":18,"turns":3},{"damage":30,"enemies":"3 Byrds","floor":20,"turns":3}],"seed_played":"8622855224793185461","potions_obtained":[{"floor":3,"key":"FearPotion"},{"floor":4,"key":"Strength Potion"},{"floor":5,"key":"Poison Potion"},{"floor":12,"key":"Explosive Potion"},{"floor":14,"key":"ColorlessPotion"}],"is_trial":false,"path_per_floor":["M","?","M","M","M","E","R","E","T","M","R","M","?","E","R","B",null,"M","$","M"],"character_chosen":"THE_SILENT","items_purchased":["Apotheosis"],"campfire_rested":2,"item_purchase_floors":[19],"current_hp_per_floor":[51,51,50,50,41,29,48,12,12,12,31,30,30,16,16,11,52,22,22,0,0],"gold":126,"neow_bonus":"ONE_RANDOM_RARE_CARD","is_daily":false,"chose_seed":false,"campfire_upgraded":1,"win_rate":0.0,"timestamp":1613687042,"path_taken":["M","?","M","M","?","E","R","E","T","M","R","M","?","E","R","BOSS","M","$","M"],"items_purchased_type":["Card"],"build_version":"2020-12-22","purchased_purges":1,"victory":false,"max_hp_per_floor":[66,66,66,66,66,66,66,66,66,66,66,66,66,66,66,66,66,66,66,66,66],"relic_stats":{"counters":[12,58],"Snake Skull":[12],"Black Star":0,"Whetstone":["Quick Slash","Neutralize"],"obtain_stats":[{"Lantern":8,"Oddly Smooth Stone":6,"Snake Skull":9,"Black Star":17,"Whetstone":14,"Ring of the Snake":0},{"Lantern":6,"Oddly Smooth Stone":5,"Snake Skull":6,"Black Star":10,"Whetstone":9,"Ring of the Snake":0},{"Lantern":32,"Oddly Smooth Stone":20,"Snake Skull":32,"Black Star":52,"Whetstone":42,"Ring of the Snake":0}],"Ring of the Snake":[24]},"card_choices":[{"not_picked":["Outmaneuver","Underhanded Strike"],"picked":"Deadly Poison","floor":1},{"not_picked":["Setup","Underhanded Strike"],"picked":"Predator","floor":3},{"not_picked":["Underhanded Strike","Distraction"],"picked":"Catalyst","floor":4},{"not_picked":["Acrobatics","Endless Agony"],"picked":"Quick Slash","floor":5},{"not_picked":["Infinite Blades","Backflip"],"picked":"Masterful Stab","floor":6},{"not_picked":["Caltrops","Underhanded Strike"],"picked":"A Thousand Cuts","floor":8},{"not_picked":["Underhanded Strike","Tactician"],"picked":"PiercingWail","floor":10},{"not_picked":["Underhanded Strike","Eviscerate","All Out Attack"],"picked":"SKIP","floor":12},{"not_picked":["Sucker Punch","Slice"],"picked":"Well Laid Plans","floor":14},{"not_picked":["A Thousand Cuts","Adrenaline"],"picked":"Night Terror","floor":16},{"not_picked":["Endless Agony","Accuracy"],"picked":"Deflect","floor":18}],"player_experience":569258,"relics_obtained":[{"floor":6,"key":"Oddly Smooth Stone"},{"floor":8,"key":"Lantern"},{"floor":9,"key":"Snake Skull"},{"floor":14,"key":"Whetstone"}],"event_choices":[{"damage_healed":0,"gold_gain":0,"cards_transformed":["Strike_G"],"player_choice":"Transformed","damage_taken":0,"max_hp_gain":0,"max_hp_loss":0,"event_name":"Transmorgrifier","floor":2,"gold_loss":0,"cards_obtained":["Flechettes"]},{"damage_healed":0,"gold_gain":0,"player_choice":"1 cards matched","damage_taken":0,"max_hp_gain":0,"max_hp_loss":0,"event_name":"Match and Keep!","floor":13,"gold_loss":0,"cards_obtained":["Bullet Time"]}],"is_beta":false,"boss_relics":[{"not_picked":["WristBlade","Runic Dome"],"picked":"Black Star"}],"items_purged_floors":[19],"is_endless":false,"potions_floor_spawned":[3,4,5,12,14],"killed_by":"3 Byrds","ascension_level":20}}