{"host":"5dk97cf2ubw2v967","time":1613685121,"event":{"mods":["AlwaysNeverKeys","BaseMod","Better Altar","Better Vampires","Block Reminder","Card Filter","Colored Powertips","Downfall","Googly Eyes","Highlight Path","Minty Spire (QoL Compilation)","Permanent Neow","Potion Indicator Mod","Quick Restart","Relic Filter","Relic Stats","Say the Spire","Spicy Shops","StSLib","Waifu the Spire","everything is the same but u backflip on backflip"],"gold_per_floor":[119,131,131,147,158,158,189,189,212,230,265,280,280,298,298,370,370,310,310,310,69,69,69,69,69,69],"floor_reached":25,"language":"ENG","playtime":1149,"items_purged":["downfall:Haunted"],"score":466,"play_id":"e0f89cb3-959a-410c-bb36-afb53cbd7a77","local_time":"20210218215201","is_ascension_mode":true,"campfire_choices":[{"data":"Swift Strike","floor":6,"key":"SMITH"},{"data":"Pommel Strike","floor":8,"key":"SMITH"},{"floor":13,"key":"REST"},{"data":"Disarm","floor":15,"key":"SMITH"}],"circlet_count":0,"master_deck":["AscendersBane","Strike_R","Strike_R","Strike_R","Strike_R","Strike_R","Defend_R","Defend_R","Defend_R","Defend_R","Bash","Swift Strike+1","Ghostly Armor","Carnage","downfall:Haunted","Disarm+1","Feel No Pain","Pommel Strike+1","Shrug It Off","Sentinel","Havoc","Battle Trance","Demon Form","Flame Barrier","Pummel"],"relics":["Burning Blood","Darkstone Periapt","Dream Catcher","Ancient Tea Set","Akabeko","Ectoplasm","Blood Vial","Bag of Preparation","Sundial"],"acts_visited":["Exordium","TheCity"],"potions_floor_usage":[5,10,11,18,13022,22,23,23,25],"damage_taken":[{"damage":4,"enemies":"Jaw Worm","floor":1,"turns":4},{"damage":8,"enemies":"2 Louse","floor":2,"turns":3},{"damage":1,"enemies":"Cultist","floor":4,"turns":3},{"damage":10,"enemies":"Large Slime","floor":5,"turns":6},{"damage":25,"enemies":"Lagavulin","floor":7,"turns":6},{"damage":10,"enemies":"Gremlin Gang","floor":10,"turns":2},{"damage":35,"enemies":"Gremlin Nob","floor":11,"turns":5},{"damage":26,"enemies":"Exordium Thugs","floor":12,"turns":5},{"damage":10,"enemies":"Exordium Wildlife","floor":14,"turns":5},{"damage":23,"enemies":"The Guardian","floor":16,"turns":18},{"damage":1,"enemies":"2 Thieves","floor":18,"turns":4},{"damage":18,"enemies":"Spheric Guardian","floor":22,"turns":6},{"damage":39,"enemies":"Gremlin Leader","floor":23,"turns":8},{"damage":41,"enemies":"Chosen and Byrds","floor":25,"turns":3}],"seed_played":"2325485969402239199","potions_obtained":[{"floor":1,"key":"DuplicationPotion"},{"floor":5,"key":"ElixirPotion"},{"floor":7,"key":"AttackPotion"},{"floor":12,"key":"ElixirPotion"},{"floor":16,"key":"Guardian:BlockOnCardUsePotion"},{"floor":22,"key":"ColorlessPotion"},{"floor":23,"key":"sneckomod:MuddlingPotion"}],"is_trial":false,"path_per_floor":["M","M","?","M","M","R","E","R","T","M","E","M","R","M","R","B",null,"M","?","?","$","M","E","?","M"],"character_chosen":"IRONCLAD","items_purchased":["Bag of Preparation"],"campfire_rested":1,"item_purchase_floors":[21],"current_hp_per_floor":[70,68,80,85,81,81,62,62,62,58,29,9,35,31,31,14,69,74,22,39,39,57,26,26,0,0],"gold":69,"neow_bonus":"RANDOM_COLORLESS","is_daily":false,"chose_seed":false,"campfire_upgraded":3,"win_rate":0.0,"timestamp":1613685121,"path_taken":["M","M","?","M","M","R","E","R","T","M","E","M","R","M","R","BOSS","M","?","?","$","M","E","?","M"],"items_purchased_type":["Relic"],"build_version":"2020-12-22","purchased_purges":1,"victory":false,"max_hp_per_floor":[75,75,87,87,87,87,87,87,87,87,87,87,87,87,87,87,87,87,87,87,87,87,87,87,87,87],"relic_stats":{"Darkstone Periapt":12,"Blood Vial":6,"Dream Catcher":1,"counters":[14,78],"Sundial":[0],"Ectoplasm":106,"Bag of Preparation":[6],"obtain_stats":[{"Darkstone Periapt":3,"Blood Vial":19,"Dream Catcher":7,"Sundial":23,"Ectoplasm":17,"Bag of Preparation":21,"Ancient Tea Set":9,"Burning Blood":0,"Akabeko":11},{"Darkstone Periapt":2,"Blood Vial":11,"Dream Catcher":5,"Sundial":13,"Ectoplasm":10,"Bag of Preparation":11,"Ancient Tea Set":5,"Burning Blood":0,"Akabeko":7},{"Darkstone Periapt":7,"Blood Vial":61,"Dream Catcher":22,"Sundial":75,"Ectoplasm":57,"Bag of Preparation":61,"Ancient Tea Set":22,"Burning Blood":0,"Akabeko":29}],"Burning Blood":78},"card_choices":[{"not_picked":["Purity","PanicButton"],"picked":"Swift Strike","floor":0},{"not_picked":["Anger","Body Slam"],"picked":"Ghostly Armor","floor":1},{"not_picked":["Iron Wave","Warcry"],"picked":"Carnage","floor":2},{"not_picked":["Heavy Blade","Power Through"],"picked":"Disarm","floor":4},{"not_picked":["Clash","Combust"],"picked":"Feel No Pain","floor":5},{"not_picked":["Perfected Strike","Limit Break"],"picked":"Pommel Strike","floor":7},{"not_picked":["Body Slam","Blood for Blood"],"picked":"Shrug It Off","floor":10},{"not_picked":["Reaper","Twin Strike","Wild Strike"],"picked":"SKIP","floor":11},{"not_picked":["Body Slam","Wild Strike"],"picked":"Sentinel","floor":12},{"not_picked":["Pommel Strike","Flex"],"picked":"Havoc","floor":13},{"not_picked":["Reckless Charge","Heavy Blade"],"picked":"Battle Trance","floor":14},{"not_picked":["Offering","Impervious"],"picked":"Demon Form","floor":16},{"not_picked":["Thunderclap","Cleave+1"],"picked":"Flame Barrier","floor":18},{"not_picked":["Warcry","Dual Wield","Clothesline"],"picked":"SKIP","floor":22},{"not_picked":["Cleave","Dark Embrace"],"picked":"Pummel","floor":23}],"player_experience":1336102,"relics_obtained":[{"floor":7,"key":"Dream Catcher"},{"floor":9,"key":"Ancient Tea Set"},{"floor":11,"key":"Akabeko"},{"floor":23,"key":"Sundial"}],"event_choices":[{"damage_healed":0,"gold_gain":0,"player_choice":" Vial Potion ","damage_taken":52,"relics_obtained":["Blood Vial"],"max_hp_gain":74,"max_hp_loss":22,"event_name":"betterAltar:BetterAltar","floor":19,"potions_obtained":["betterAltar:AltarPotion"],"relics_lost":[],"gold_loss":0},{"damage_healed":17,"gold_gain":0,"player_choice":"Heal","damage_taken":0,"max_hp_gain":0,"max_hp_loss":0,"event_name":"The Library","floor":20,"gold_loss":0},{"damage_healed":0,"gold_gain":0,"player_choice":"Ignored","damage_taken":0,"max_hp_gain":0,"max_hp_loss":0,"event_name":"Cursed Tome","floor":24,"gold_loss":0}],"is_beta":false,"boss_relics":[{"not_picked":["Coffee Dripper","bronze:MakeshiftBattery"],"picked":"Ectoplasm"}],"items_purged_floors":[21],"is_endless":false,"potions_floor_spawned":[1,5,7,12,16,22,23],"killed_by":"Chosen and Byrds","ascension_level":20}}