{"host":"6bsan6hkua32tfq7","time":1613691674,"event":{"mods":["BaseMod","Better Third Choice","Colored Map","Highlight Path","Minty Spire (QoL Compilation)","StSLib"],"gold_per_floor":[119,132,32,32,32,32,50,84,84,84,117,117,132,162,174,257,269,297,309,403,427,492,504,530,542,629,641,681,705,750,777,789,878,890,918,985,1012,1044,1056,1068,1130,1142,1154,1166,1223,1235,1277,1289,1301,1313,1313],"floor_reached":50,"language":"ENG","playtime":1383,"items_purged":["Defend_P"],"score":1377,"play_id":"b5f4e03f-765b-42b6-94c2-25934f304cf1","local_time":"20210219004114","is_ascension_mode":true,"campfire_choices":[{"data":"Conclude","floor":6,"key":"SMITH"},{"floor":10,"key":"REST"},{"data":"SignatureMove","floor":12,"key":"SMITH"},{"data":"WaveOfTheHand","floor":15,"key":"SMITH"},{"floor":23,"key":"REST"},{"floor":25,"key":"REST"},{"data":"TalkToTheHand","floor":27,"key":"SMITH"},{"data":"Perseverance","floor":32,"key":"SMITH"},{"floor":40,"key":"REST"},{"floor":42,"key":"REST"},{"data":"Discovery","floor":44,"key":"SMITH"},{"floor":46,"key":"RECALL"},{"data":"Wish","floor":49,"key":"SMITH"}],"circlet_count":0,"master_deck":["AscendersBane","Strike_P","Strike_P+1","Strike_P","Defend_P","Defend_P","Defend_P","Eruption+1","Vigilance","FollowUp","Conclude+1","FlurryOfBlows","SignatureMove+1","WaveOfTheHand+1","TalkToTheHand+1","Judgement","Consecrate+1","Perseverance+1","Wish+1","Discovery+1","Study"],"relics":["PureWater","Art of War","Bag of Marbles","White Beast Statue","Ice Cream","MawBank","SlaversCollar","Mercury Hourglass","Happy Flower","Matryoshka","Akabeko","Letter Opener","Black Star","Bird Faced Urn","Ginger","Eternal Feather","Juzu Bracelet","Unceasing Top"],"acts_visited":["Exordium","TheCity","TheBeyond"],"potions_floor_usage":[16,18,28,29,30,33,36,38,41,50],"damage_taken":[{"damage":0,"enemies":"Cultist","floor":1,"turns":3},{"damage":5,"enemies":"2 Louse","floor":2,"turns":3},{"damage":0,"enemies":"Small Slimes","floor":7,"turns":2},{"damage":17,"enemies":"Lagavulin","floor":8,"turns":6},{"damage":0,"enemies":"Gremlin Nob","floor":11,"turns":1},{"damage":0,"enemies":"Exordium Wildlife","floor":13,"turns":2},{"damage":0,"enemies":"Lagavulin","floor":14,"turns":2},{"damage":0,"enemies":"Slime Boss","floor":16,"turns":4},{"damage":14,"enemies":"2 Thieves","floor":18,"turns":3},{"damage":6,"enemies":"Chosen","floor":21,"turns":4},{"damage":0,"enemies":"Centurion and Healer","floor":24,"turns":2},{"damage":1,"enemies":"Slavers","floor":28,"turns":2},{"damage":0,"enemies":"Snake Plant","floor":29,"turns":1},{"damage":0,"enemies":"Gremlin Leader","floor":30,"turns":2},{"damage":0,"enemies":"Cultist and Chosen","floor":31,"turns":3},{"damage":136,"enemies":"Automaton","floor":33,"turns":8},{"damage":0,"enemies":"Orb Walker","floor":35,"turns":1},{"damage":83,"enemies":"2 Orb Walkers","floor":36,"turns":7},{"damage":0,"enemies":"3 Darklings","floor":37,"turns":2},{"damage":12,"enemies":"Jaw Worm Horde","floor":38,"turns":2},{"damage":1,"enemies":"Mind Bloom Boss Battle","floor":41,"turns":5},{"damage":17,"enemies":"4 Shapes","floor":45,"turns":6},{"damage":47,"enemies":"Reptomancer","floor":47,"turns":6},{"damage":69,"enemies":"Time Eater","floor":50,"turns":12}],"seed_played":"8201156154409119059","potions_obtained":[{"floor":1,"key":"Strength Potion"},{"floor":7,"key":"CultistPotion"},{"floor":13,"key":"FairyPotion"},{"floor":16,"key":"BottledMiracle"},{"floor":18,"key":"Fruit Juice"},{"floor":21,"key":"Swift Potion"},{"floor":28,"key":"SteroidPotion"},{"floor":29,"key":"Swift Potion"},{"floor":30,"key":"ColorlessPotion"},{"floor":33,"key":"FairyPotion"},{"floor":35,"key":"SpeedPotion"},{"floor":36,"key":"Ambrosia"},{"floor":37,"key":"Block Potion"},{"floor":38,"key":"Dexterity Potion"},{"floor":41,"key":"StancePotion"}],"is_trial":false,"path_per_floor":["M","M","$","?","?","R","M","E","T","R","E","R","M","E","R","B",null,"M","?","T","M","T","R","M","R","T","R","E","M","E","M","R","B",null,"M","?","M","M","?","R","?","R","T","R","M","R","E","?","R","B"],"character_chosen":"WATCHER","items_purchased":["FlurryOfBlows"],"campfire_rested":5,"item_purchase_floors":[3],"current_hp_per_floor":[61,56,56,49,29,29,29,12,12,32,32,32,32,32,32,32,59,50,29,29,23,23,46,46,69,69,69,68,68,68,68,68,23,64,64,23,23,11,11,34,33,56,56,68,53,65,20,64,64,0,0],"gold":1313,"neow_bonus":"RANDOM_COMMON_RELIC","is_daily":false,"chose_seed":false,"campfire_upgraded":7,"win_rate":0.0,"timestamp":1613691674,"path_taken":["M","M","$","?","?","R","M","E","T","R","E","R","M","E","R","BOSS","M","?","?","?","?","R","M","R","T","R","E","M","E","M","R","BOSS","M","?","M","M","?","R","?","R","T","R","M","R","E","?","R","BOSS"],"items_purchased_type":["Card"],"build_version":"2020-12-22","purchased_purges":1,"victory":false,"max_hp_per_floor":[68,68,68,68,68,68,68,68,68,68,68,68,68,68,68,68,68,73,78,78,78,78,78,78,78,78,78,78,78,78,78,78,78,78,78,78,78,78,78,78,78,78,78,78,78,78,78,64,64,64,64],"card_choices":[{"not_picked":["Vengeance","Worship"],"picked":"FollowUp","floor":1},{"not_picked":["JustLucky","FollowUp"],"picked":"Conclude","floor":2},{"not_picked":["Worship","FlyingSleeves"],"picked":"SignatureMove","floor":7},{"not_picked":["Adaptation","ForeignInfluence"],"picked":"WaveOfTheHand","floor":8},{"not_picked":["WaveOfTheHand","CutThroughFate","Prostrate"],"picked":"SKIP","floor":11},{"not_picked":["Protect","WheelKick"],"picked":"TalkToTheHand","floor":13},{"not_picked":["Halt","CrushJoints","Prostrate"],"picked":"SKIP","floor":14},{"not_picked":["Omniscience","SpiritShield"],"picked":"Judgement","floor":16},{"not_picked":["JustLucky","WreathOfFlame"],"picked":"Consecrate+1","floor":18},{"not_picked":["CrushJoints","PathToVictory","JustLucky"],"picked":"SKIP","floor":21},{"not_picked":["Adaptation","Weave","Crescendo"],"picked":"SKIP","floor":24},{"not_picked":["CutThroughFate","ClearTheMind","SandsOfTime"],"picked":"SKIP","floor":28},{"not_picked":["FlyingSleeves","JustLucky"],"picked":"Perseverance","floor":29},{"not_picked":["Wireheading","Weave","SignatureMove"],"picked":"SKIP","floor":30},{"not_picked":["ForeignInfluence+1","JustLucky+1","FearNoEvil"],"picked":"SKIP","floor":31},{"not_picked":["Scrawl","DeusExMachina"],"picked":"Wish","floor":33},{"not_picked":["Protect","CutThroughFate","Prostrate"],"picked":"SKIP","floor":35},{"not_picked":["EmptyFist","ClearTheMind","BowlingBash"],"picked":"SKIP","floor":37},{"not_picked":["Fasting2","Consecrate+1","Adaptation"],"picked":"SKIP","floor":38},{"not_picked":["Dramatic Entrance","Purity"],"picked":"Discovery","floor":39},{"not_picked":["Crescendo+1","JustLucky"],"picked":"Study","floor":45},{"not_picked":["PathToVictory","EmptyMind","JustLucky+1"],"picked":"SKIP","floor":47},{"not_picked":["PathToVictory","EmptyMind","JustLucky+1"],"picked":"SKIP","floor":47}],"player_experience":5442004,"relics_obtained":[{"floor":8,"key":"Bag of Marbles"},{"floor":9,"key":"White Beast Statue"},{"floor":11,"key":"Ice Cream"},{"floor":14,"key":"MawBank"},{"floor":20,"key":"Mercury Hourglass"},{"floor":22,"key":"Happy Flower"},{"floor":26,"key":"Matryoshka"},{"floor":28,"key":"Akabeko"},{"floor":30,"key":"Letter Opener"},{"floor":36,"key":"Bird Faced Urn"},{"floor":41,"key":"Ginger"},{"floor":43,"key":"Eternal Feather"},{"floor":47,"key":"Juzu Bracelet"},{"floor":47,"key":"Unceasing Top"}],"event_choices":[{"cards_removed":["Strike_P"],"damage_healed":0,"gold_gain":0,"player_choice":"Card Removal","damage_taken":7,"max_hp_gain":0,"max_hp_loss":0,"event_name":"Golden Wing","floor":4,"gold_loss":0},{"damage_healed":49,"gold_gain":0,"player_choice":"Upgrade","damage_taken":20,"max_hp_gain":0,"max_hp_loss":68,"event_name":"betterThird:BetterShining","floor":5,"gold_loss":0,"cards_upgraded":["Eruption","Strike_P"]},{"damage_healed":0,"gold_gain":0,"player_choice":"Shed Blood","damage_taken":26,"max_hp_gain":5,"max_hp_loss":0,"event_name":"Forgotten Altar","floor":19,"gold_loss":0},{"damage_healed":0,"gold_gain":0,"player_choice":"Fight","damage_taken":0,"max_hp_gain":0,"max_hp_loss":0,"event_name":"Mysterious Sphere","floor":36,"gold_loss":0},{"damage_healed":0,"gold_gain":0,"player_choice":"Memory 1","damage_taken":0,"max_hp_gain":0,"max_hp_loss":0,"event_name":"SensoryStone","floor":39,"gold_loss":0},{"damage_healed":0,"gold_gain":0,"player_choice":"Fight","damage_taken":0,"max_hp_gain":0,"max_hp_loss":0,"event_name":"MindBloom","floor":41,"gold_loss":0},{"damage_healed":64,"gold_gain":0,"player_choice":"Heal","damage_taken":0,"max_hp_gain":0,"max_hp_loss":14,"event_name":"The Moai Head","floor":48,"gold_loss":0}],"is_beta":false,"boss_relics":[{"not_picked":["Snecko Eye","Coffee Dripper"],"picked":"SlaversCollar"},{"not_picked":["Philosopher\u0027s Stone","Tiny House"],"picked":"Black Star"}],"items_purged_floors":[3],"is_endless":false,"potions_floor_spawned":[1,7,8,11,13,14,16,18,21,24,28,29,30,31,33,35,36,37,38,41,45,47],"killed_by":"Time Eater","ascension_level":20}}