{"host":"6vtgmkkqqeew181q","time":1613628811,"event":{"mods":["BaseMod","Better Skull","Better Third Choice","BetterRewards","Colored Powertips","Downfall","Faster Ascension Climbing","Highlight Path","Minty Spire (QoL Compilation)","Reliquary","Replay The Spire","Spire Birthday Party","StSLib","The IronCluck","The Jungle"],"gold_per_floor":[119,119,44,59,84,84,127,127,127,146,160,184,184,259,259,380,380,400,418,80,80,80,118,131,131,131,31,49,74,74,88,88,217,217,241,257,107,146,479,536,536,536,536,5,5,94,94,125,125,153],"floor_reached":51,"language":"ENG","playtime":2336,"items_purged":["Injury","Shame","Strike_G"],"score":1027,"play_id":"1ed5a45f-1218-4019-92c1-2e15489113ec","local_time":"20210217221331","is_ascension_mode":false,"campfire_choices":[{"data":"Terror","floor":6,"key":"SMITH"},{"data":"Deadly Poison","floor":8,"key":"SMITH"},{"data":"ReplayTheSpireMod:From All Sides","floor":13,"key":"SMITH"},{"data":"Neutralize","floor":15,"key":"SMITH"},{"data":"Noxious Fumes","floor":25,"key":"SMITH"},{"data":"Survivor","floor":30,"key":"SMITH"},{"data":"Glass Knife","floor":32,"key":"SMITH"},{"floor":42,"key":"REST"},{"data":"PiercingWail","floor":45,"key":"SMITH"},{"floor":47,"key":"REST"},{"floor":49,"key":"REST"}],"circlet_count":0,"master_deck":["Strike_G","Strike_G","Strike_G","Strike_G","Defend_G","Defend_G","Defend_G","Defend_G","Defend_G","Survivor+1","Neutralize+1","Skewer+1","PiercingWail+1","Deadly Poison+1","Terror+1","Deflect+1","ReplayTheSpireMod:From All Sides+1","Glass Knife+1","Backflip+1","Malaise+1","Noxious Fumes+1","Catalyst+1","Deadly Poison+1","Deadly Poison+1","PiercingWail+1","ReplayTheSpireMod:Necrosis+1","Replay:Bag of Tricks+1"],"relics":["Ring of the Snake","Sling","Torii","Pocketwatch","Toxic Egg 2","SlaversCollar","Turnip","reliquary:SilkGlove","Replay:Ringing Soul","Singing Bowl","expansioncontent:StudyCardRelic","Replay:Bandana","Vajra","Snack Pack","Shuriken","TwistedFunnel","hexamod:BolsterEngine"],"acts_visited":["Exordium","TheCity","TheBeyond"],"potions_floor_usage":[16,23,28,33,33,50,50],"damage_taken":[{"damage":0,"enemies":"Jaw Worm","floor":1,"turns":2},{"damage":0,"enemies":"2 Louse","floor":4,"turns":3},{"damage":0,"enemies":"Cultist","floor":5,"turns":2},{"damage":20,"enemies":"3 Sentries","floor":7,"turns":6},{"damage":1,"enemies":"Exordium Thugs","floor":10,"turns":4},{"damage":1,"enemies":"Large Slime","floor":11,"turns":4},{"damage":1,"enemies":"Looter","floor":12,"turns":2},{"damage":2,"enemies":"Hexaghost","floor":16,"turns":7},{"damage":1,"enemies":"2 Thieves","floor":18,"turns":4},{"damage":0,"enemies":"3 Byrds","floor":19,"turns":4},{"damage":5,"enemies":"Slavers","floor":23,"turns":6},{"damage":2,"enemies":"Cultist and Chosen","floor":24,"turns":4},{"damage":0,"enemies":"Centurion and Healer","floor":28,"turns":5},{"damage":2,"enemies":"Snecko","floor":29,"turns":4},{"damage":9,"enemies":"Snake Plant","floor":31,"turns":3},{"damage":31,"enemies":"Collector","floor":33,"turns":9},{"damage":1,"enemies":"Orb Walker","floor":35,"turns":3},{"damage":16,"enemies":"3 Shapes","floor":36,"turns":5},{"damage":15,"enemies":"3 Darklings","floor":38,"turns":5},{"damage":12,"enemies":"Giant Head","floor":40,"turns":6},{"damage":1,"enemies":"R_Hoarder","floor":46,"turns":5},{"damage":20,"enemies":"Writhing Mass","floor":48,"turns":4},{"damage":10,"enemies":"Donu and Deca","floor":50,"turns":8}],"seed_played":"-4652859769672520811","potions_obtained":[{"floor":1,"key":"Swift Potion"},{"floor":7,"key":"FearPotion"},{"floor":12,"key":"Fruit Juice"},{"floor":16,"key":"SpeedPotion"},{"floor":23,"key":"FearPotion"},{"floor":28,"key":"Languid Potion"},{"floor":31,"key":"Languid Potion"},{"floor":33,"key":"PowerPotion"},{"floor":38,"key":"SpeedPotion"},{"floor":46,"key":"champ:CounterPotion"}],"is_trial":false,"path_per_floor":["M","?","$","M","M","R","E","R","T","M","M","M","R","?","R","B",null,"M","M","$","?","?","E","M","R","T","$","M","M","R","M","R","B",null,"M","M","$","M","?","E","?","R","T","$","R","E","R","M","R","B",null],"character_chosen":"THE_SILENT","items_purchased":["Skewer+1","Sling","Turnip","Noxious Fumes","Replay:Bandana","Shuriken","TwistedFunnel"],"campfire_rested":3,"item_purchase_floors":[0,0,20,20,37,44,44],"current_hp_per_floor":[63,63,63,63,63,63,43,43,43,42,41,40,40,33,33,31,70,69,69,69,69,69,67,65,65,65,65,73,73,73,67,67,39,89,90,76,76,63,63,54,54,83,83,83,83,84,100,83,102,98],"gold":153,"neow_bonus":"","is_daily":false,"chose_seed":false,"campfire_upgraded":8,"win_rate":0.0,"timestamp":1613628811,"path_taken":["M","?","$","M","M","R","E","R","T","M","M","M","R","?","R","BOSS","M","?","$","?","?","E","M","R","T","$","M","M","R","M","R","BOSS","M","M","$","M","?","E","?","R","T","?","R","E","R","M","R","BOSS"],"items_purchased_type":["Card","Relic","Relic","Card","Relic","Relic","Relic"],"build_version":"2020-12-22","purchased_purges":3,"victory":true,"max_hp_per_floor":[70,70,70,70,70,70,70,70,70,70,70,70,70,70,70,70,70,70,70,70,70,70,73,73,73,73,73,81,83,83,86,86,89,89,91,93,93,95,95,98,98,98,98,98,98,100,100,102,102,102],"card_choices":[{"not_picked":["Flying Knee","Dagger Throw"],"picked":"PiercingWail","floor":1},{"not_picked":["PiercingWail","Quick Slash"],"picked":"Deadly Poison","floor":4},{"not_picked":["Well Laid Plans","Riddle With Holes"],"picked":"Terror","floor":5},{"not_picked":["Flying Knee","Expertise","Doppelganger"],"picked":"SKIP","floor":7},{"not_picked":["Flying Knee","Distraction+1"],"picked":"Deflect+1","floor":10},{"not_picked":["Slice","Hidden Blade+1","Flechettes"],"picked":"SKIP","floor":11},{"not_picked":["Dagger Spray","Hidden Blade+1"],"picked":"ReplayTheSpireMod:From All Sides","floor":12},{"not_picked":["A Thousand Cuts","After Image"],"picked":"Glass Knife","floor":16},{"not_picked":["Dagger Throw","Prepared+1"],"picked":"Backflip+1","floor":18},{"not_picked":["Blade Dance+1","Quick Slash"],"picked":"Malaise+1","floor":19},{"not_picked":["Hidden Blade+1","Die Die Die"],"picked":"Deadly Poison+1","floor":23},{"not_picked":["Hidden Blade+1","Slice+1","Backstab"],"picked":"SKIP","floor":24},{"not_picked":["Reflex+1","Blade Dance+1"],"picked":"Deadly Poison+1","floor":28},{"not_picked":["Prepared+1","Quick Slash","Finisher"],"picked":"Singing Bowl","floor":29},{"not_picked":["Hidden Blade+1","Sucker Punch"],"picked":"PiercingWail+1","floor":31},{"not_picked":["After Image","ReplayTheSpireMod:From All Sides"],"picked":"ReplayTheSpireMod:Necrosis+1","floor":33},{"not_picked":["Riddle With Holes","Flying Knee+1","Poisoned Stab"],"picked":"Singing Bowl","floor":35},{"not_picked":["Prepared+1","Poisoned Stab","Sucker Punch+1"],"picked":"Singing Bowl","floor":36},{"not_picked":["Expertise+1","ReplayTheSpireMod:Scrap Shanks","Fluid Movement+1"],"picked":"Singing Bowl","floor":38},{"not_picked":["Outmaneuver+1","Blade Dance+1"],"picked":"Replay:Bag of Tricks+1","floor":40},{"not_picked":["ReplayTheSpireMod:Scrap Shanks+1","Prepared+1","Masterful Stab+1"],"picked":"Singing Bowl","floor":46},{"not_picked":["Quick Slash","Underhanded Strike+1","Blade Dance+1"],"picked":"Singing Bowl","floor":48}],"player_experience":651878,"relics_obtained":[{"floor":7,"key":"Pocketwatch"},{"floor":9,"key":"Toxic Egg 2"},{"floor":23,"key":"Replay:Ringing Soul"},{"floor":26,"key":"Singing Bowl"},{"floor":40,"key":"Vajra"},{"floor":43,"key":"Snack Pack"},{"floor":46,"key":"hexamod:BolsterEngine"}],"event_choices":[{"damage_healed":0,"gold_gain":0,"player_choice":"Take Wound","damage_taken":0,"relics_obtained":["Golden Idol"],"max_hp_gain":0,"max_hp_loss":0,"event_name":"Golden Idol","floor":2,"gold_loss":0,"cards_obtained":["Injury"]},{"damage_healed":0,"gold_gain":75,"player_choice":"Touch","damage_taken":7,"max_hp_gain":0,"max_hp_loss":0,"event_name":"FaceTrader","floor":14,"gold_loss":0},{"damage_healed":0,"gold_gain":0,"player_choice":"Stole Relic","damage_taken":0,"relics_obtained":["reliquary:SilkGlove"],"max_hp_gain":0,"max_hp_loss":0,"event_name":"Addict","floor":21,"gold_loss":0,"cards_obtained":["Shame"]},{"damage_healed":0,"gold_gain":0,"player_choice":"Read","damage_taken":0,"max_hp_gain":0,"max_hp_loss":0,"event_name":"The Library","floor":22,"gold_loss":0,"cards_obtained":["Catalyst"]},{"damage_healed":0,"gold_gain":333,"player_choice":"Gave Idol","damage_taken":0,"max_hp_gain":0,"max_hp_loss":0,"event_name":"The Moai Head","floor":39,"relics_lost":["Golden Idol"],"gold_loss":0}],"is_beta":false,"boss_relics":[{"not_picked":["Replay:Fungal Core","Astrolabe"],"picked":"SlaversCollar"},{"not_picked":["Ring of the Serpent","Sozu"],"picked":"expansioncontent:StudyCardRelic"}],"items_purged_floors":[3,27,44],"is_endless":false,"potions_floor_spawned":[1,7,12,16,23,28,31,33,38,46],"ascension_level":0}}