{"host":"oehe2dxjvdgux73m","time":1613662501,"event":{"mods":["AchievementEnabler","BaseMod","Colored Map","Colored Powertips","DeckTracker","Keyboard Shortcuts","Minty Spire (QoL Compilation)","Permanent Neow","Quick Restart","StSLib","SuperFastMode"],"gold_per_floor":[113,38,57,69,69,69,81,112,138,172,188,188,199,209,209,281,281,297,183,183,26,26,26,38,70,70,70,96,116,116,148,148,221,221,232,280,298,313,313,313,363,363,363,363,363],"floor_reached":44,"language":"KOR","playtime":1083,"items_purged":["Strike_R","Strike_R"],"score":881,"play_id":"79c89304-0548-45b7-95c3-8ca00c101c7a","local_time":"20210219003501","is_ascension_mode":true,"campfire_choices":[{"data":"Immolate","floor":6.0,"key":"SMITH"},{"data":"Armaments","floor":15.0,"key":"SMITH"},{"data":"Corruption","floor":23.0,"key":"SMITH"},{"floor":30.0,"key":"REST"},{"data":"True Grit","floor":32,"key":"SMITH"},{"data":"Burning Pact","floor":40,"key":"SMITH"},{"floor":42,"key":"REST"}],"circlet_count":0,"master_deck":["AscendersBane","Defend_R","Defend_R","Defend_R","Defend_R","Bash","Corruption+1","Clothesline","Immolate+1","Headbutt","Feel No Pain","Disarm","Shrug It Off","Armaments+1","Wild Strike","Sever Soul","Shrug It Off","Burning Pact+1","Body Slam+1","Entrench","Pommel Strike+1","True Grit+1","Anger+1"],"relics":["Burning Blood","Tiny Chest","Omamori","Happy Flower","Mark of Pain","Enchiridion","Molten Egg 2","Strawberry","Torii","Dream Catcher","Bronze Scales","Runic Cube","Incense Burner","Mummified Hand"],"acts_visited":["Exordium","TheCity","TheBeyond"],"potions_floor_usage":[31],"damage_taken":[{"damage":14.0,"enemies":"Jaw Worm","floor":1.0,"turns":4.0},{"damage":5.0,"enemies":"Small Slimes","floor":3.0,"turns":3.0},{"damage":1.0,"enemies":"Cultist","floor":4.0,"turns":3.0},{"damage":17.0,"enemies":"Large Slime","floor":7.0,"turns":5.0},{"damage":10.0,"enemies":"3 Sentries","floor":8.0,"turns":3.0},{"damage":2.0,"enemies":"Gremlin Nob","floor":10.0,"turns":3.0},{"damage":8.0,"enemies":"Blue Slaver","floor":11.0,"turns":2.0},{"damage":17.0,"enemies":"Gremlin Gang","floor":13.0,"turns":4.0},{"damage":0.0,"enemies":"Exordium Wildlife","floor":14.0,"turns":2.0},{"damage":26.0,"enemies":"Slime Boss","floor":16.0,"turns":8.0},{"damage":13.0,"enemies":"Spheric Guardian","floor":18.0,"turns":4.0},{"damage":0.0,"enemies":"2 Thieves","floor":24.0,"turns":3.0},{"damage":21.0,"enemies":"Book of Stabbing","floor":25.0,"turns":6.0},{"damage":22.0,"enemies":"Gremlin Leader","floor":28.0,"turns":8.0},{"damage":15.0,"enemies":"Centurion and Healer","floor":29.0,"turns":7.0},{"damage":29,"enemies":"Slavers","floor":31,"turns":6},{"damage":22,"enemies":"Collector","floor":33,"turns":8},{"damage":1,"enemies":"3 Shapes","floor":35,"turns":5},{"damage":12,"enemies":"2 Orb Walkers","floor":36,"turns":4},{"damage":17,"enemies":"3 Darklings","floor":37,"turns":3},{"damage":16,"enemies":"4 Shapes","floor":38,"turns":4},{"damage":95,"enemies":"Giant Head","floor":44,"turns":8}],"seed_played":"2735676400698450409","potions_obtained":[{"floor":4.0,"key":"DistilledChaos"},{"floor":7.0,"key":"AttackPotion"},{"floor":10.0,"key":"EssenceOfSteel"},{"floor":11.0,"key":"AttackPotion"},{"floor":24.0,"key":"Fire Potion"},{"floor":28.0,"key":"BloodPotion"},{"floor":37,"key":"LiquidMemories"}],"is_trial":false,"path_per_floor":["M","?","M","M","?","R","M","E","T","E","M","?","M","M","R","B",null,"M","$","?","$","?","R","M","E","T","T","E","M","R","E","R","B",null,"M","?","M","M","?","R","?","R","T","E"],"character_chosen":"IRONCLAD","items_purchased":["Sever Soul","Shrug It Off"],"campfire_rested":2,"item_purchase_floors":[19,21],"current_hp_per_floor":[60,60,61,66,66,66,55,51,51,55,53,58,47,53,53,33,68,61,61,61,61,40,40,46,31,38,38,22,30,56,33,33,17,70,75,69,58,48,48,48,48,74,74,0,0],"gold":363,"neow_bonus":"TRANSFORM_CARD","is_daily":false,"chose_seed":false,"campfire_upgraded":5,"win_rate":0.0,"timestamp":1613662501,"path_taken":["M","?","M","M","?","R","M","E","T","E","M","?","M","M","R","BOSS","M","$","?","$","?","R","M","E","T","?","E","M","R","E","R","BOSS","M","?","M","M","?","R","?","R","T","E"],"items_purchased_type":["Card","Card"],"build_version":"2020-12-22","purchased_purges":2,"victory":false,"max_hp_per_floor":[75,75,75,75,75,75,75,75,75,75,75,80,80,80,80,80,80,80,80,80,80,80,80,80,80,87,87,87,87,87,87,87,87,87,87,87,87,87,87,87,87,87,87,87,87],"card_choices":[{"not_picked":["Heavy Blade","Thunderclap"],"picked":"Clothesline","floor":1.0},{"not_picked":["Cleave","Anger"],"picked":"Immolate","floor":3.0},{"not_picked":["Anger","Reckless Charge"],"picked":"Headbutt","floor":4.0},{"not_picked":["Warcry","Body Slam"],"picked":"Feel No Pain","floor":7.0},{"not_picked":["Thunderclap","Flex"],"picked":"Disarm","floor":8.0},{"not_picked":["Brutality","Inflame","Iron Wave"],"picked":"SKIP","floor":10.0},{"not_picked":["Wild Strike","Cleave"],"picked":"Shrug It Off","floor":11.0},{"not_picked":["Entrench","Iron Wave"],"picked":"Armaments","floor":13.0},{"not_picked":["Exhume","Twin Strike"],"picked":"Wild Strike","floor":14.0},{"not_picked":["Double Tap","Impervious"],"picked":"Fiend Fire","floor":16.0},{"not_picked":["Cleave","Clothesline","Spot Weakness"],"picked":"SKIP","floor":18.0},{"not_picked":["Flex","Pommel Strike"],"picked":"Burning Pact","floor":24.0},{"not_picked":["Clash+1","Juggernaut"],"picked":"Body Slam+1","floor":25.0},{"not_picked":["Havoc","Cleave+1"],"picked":"Entrench","floor":28.0},{"not_picked":["Pummel+1","Clothesline+1","Body Slam+1"],"picked":"SKIP","floor":29.0},{"not_picked":["Anger+1","Inflame"],"picked":"Pommel Strike+1","floor":30.0},{"not_picked":["Heavy Blade+1","Blood for Blood+1"],"picked":"True Grit","floor":31},{"not_picked":["Pommel Strike+1","Headbutt+1","Inflame"],"picked":"SKIP","floor":35},{"not_picked":["Armaments","Clothesline+1"],"picked":"Anger+1","floor":36},{"not_picked":["Armaments","Wild Strike+1","Sword Boomerang+1"],"picked":"SKIP","floor":37},{"not_picked":["Flex","Armaments","Juggernaut"],"picked":"SKIP","floor":38}],"player_experience":479420,"relics_obtained":[{"floor":8.0,"key":"Tiny Chest"},{"floor":9.0,"key":"Omamori"},{"floor":10.0,"key":"Happy Flower"},{"floor":22.0,"key":"Enchiridion"},{"floor":25.0,"key":"Molten Egg 2"},{"floor":26.0,"key":"Strawberry"},{"floor":27.0,"key":"Torii"},{"floor":28.0,"key":"Dream Catcher"},{"floor":31,"key":"Bronze Scales"},{"floor":36,"key":"Incense Burner"},{"floor":43,"key":"Mummified Hand"}],"event_choices":[{"cards_removed":["Strike_R"],"damage_healed":0.0,"max_hp_gain":0.0,"max_hp_loss":0.0,"gold_gain":0.0,"event_name":"The Cleric","player_choice":"Card Removal","floor":2.0,"gold_loss":75.0,"damage_taken":0.0},{"damage_healed":0.0,"max_hp_gain":0.0,"max_hp_loss":0.0,"gold_gain":0.0,"event_name":"Liars Game","player_choice":"Ignored","floor":5.0,"gold_loss":0.0,"damage_taken":0.0},{"damage_healed":0.0,"max_hp_gain":5.0,"max_hp_loss":0.0,"gold_gain":0.0,"event_name":"Big Fish","player_choice":"Donut","floor":12.0,"gold_loss":0.0,"damage_taken":0.0},{"cards_removed":["Strike_R"],"damage_healed":0.0,"max_hp_gain":0.0,"max_hp_loss":0.0,"gold_gain":0.0,"event_name":"Back to Basics","player_choice":"Elegance","floor":20.0,"gold_loss":0.0,"damage_taken":0.0},{"damage_healed":0.0,"max_hp_gain":0.0,"max_hp_loss":0.0,"gold_gain":0.0,"event_name":"Cursed Tome","player_choice":"Obtained Book","floor":22.0,"gold_loss":0.0,"damage_taken":21.0},{"damage_healed":0,"gold_gain":0,"player_choice":"Fight","damage_taken":0,"max_hp_gain":0,"max_hp_loss":0,"event_name":"Mysterious Sphere","floor":36,"gold_loss":0},{"cards_removed":["Fiend Fire"],"damage_healed":0,"gold_gain":0,"player_choice":"Removed Attack","damage_taken":0,"max_hp_gain":0,"max_hp_loss":0,"event_name":"Falling","floor":39,"gold_loss":0},{"damage_healed":0,"gold_gain":50,"player_choice":"Pray","damage_taken":0,"max_hp_gain":0,"max_hp_loss":0,"event_name":"Golden Shrine","floor":41,"gold_loss":0}],"is_beta":false,"boss_relics":[{"not_picked":["Tiny House","Empty Cage"],"picked":"Mark of Pain"},{"not_picked":["Coffee Dripper","Busted Crown"],"picked":"Runic Cube"}],"items_purged_floors":[19,21],"is_endless":false,"potions_floor_spawned":[4,7,10,11,13,24,28,37],"killed_by":"Giant Head","ascension_level":17}}