{"host":"43gh4c2f6tt319we","time":1613670888,"event":{"mods":["ATMod(∞¢Ë™Mod)","Act Like it!","Arknights","BaseMod","Gensokyo","Hallownest","KinomotoSakuraMod(ƒæ÷Æ±æ”£)","Lobotomy","Minty Spire (QoL Compilation)","Pale of the Ancients","Reimu£®≤©¿ˆ¡È√Œ£©","Remilia£®¿Ÿ√◊¿Ú—«£©","StSLib","The Alterego","The Bug Knight","Yakumo Yukari mod","Youmu£®ªÍ∆«—˝√Œ£©"],"gold_per_floor":[109,119,132,132,148,179,193,206,230,0,0,17,28,45,45,150,150,166,179,90,108,166,201,141,141,141,10,25,45,45,63,63,163,163,183,197,147,37,37,37],"floor_reached":39,"language":"ZHS","playtime":6653,"items_purged":["Hallownest:curseDreamersLament","HollowMod:SoulEater","HollowMod:QuickDashStart","Hallownest:curseDreamersLament"],"score":411,"play_id":"7c884680-fc93-434b-8941-ca0b88e0d810","local_time":"20210219025448","is_ascension_mode":false,"campfire_choices":[{"data":"HollowMod:CycloneSlash","floor":15,"key":"SMITH"},{"data":"HollowMod:Weaversong","floor":25,"key":"SMITH"},{"data":"HollowMod:VengefulVoid","floor":32,"key":"SMITH"}],"circlet_count":0,"master_deck":["HollowMod:NailStrikeStart","HollowMod:NailStrikeStart","HollowMod:NailStrikeStart","HollowMod:NailStrikeStart","HollowMod:QuickDashStart","HollowMod:QuickDashStart","HollowMod:QuickDashStart","HollowMod:FocusHealStart","HollowMod:PogoStrike","AT_Dispersion","HollowMod:DashSlash","HollowMod:CloakDash","HollowMod:DoubleDash","HollowMod:ElderbugsWisdom","HollowMod:HuntersJournal","HollowMod:DashSlash","HollowMod:CycloneSlash+1","HollowMod:HowlingWraiths","HollowMod:CrystalDash","HollowMod:WhiteLadysBlessing","HollowMod:CornifersMapStart","HollowMod:DescendingDark","HollowMod:ShapeofUnn+1","HollowMod:Weaversong+1","HollowMod:WraithStrike","HollowMod:VengefulVoid+1","HollowMod:DescendingDark+1","HollowMod:DescendingDark","HollowMod:VoidDash","HollowMod:SiblingsSouls+1"],"relics":["HollowMod:VoidIdolRelic","AT_ATBox","Happy Flower","Hallownest:TeacherSealRelic","Letter Opener","AT_ArchangelStaff","Hallownest:BankAccountRelic","Kunai","Strawberry","AT_ImmortalShieldbow","Hallownest:WatcherSealRelic","Philosopher\u0027s Stone"],"acts_visited":["Exordium","Hallownest:Greenpath","Hallownest:CityofTears"],"potions_floor_usage":[6,16,33,33,36,36],"damage_taken":[{"damage":0,"enemies":"2_ Uuma","floor":1,"turns":6},{"damage":0,"enemies":"Hallownest:2_MossCreeps","floor":2,"turns":6},{"damage":0,"enemies":"Hallownest:2_Baldur","floor":3,"turns":4},{"damage":11,"enemies":"Hallownest:2_Tiktiks_1_Baldur_1_Crawlid","floor":5,"turns":5},{"damage":8,"enemies":"Hallownest:eliteVengeflyKing","floor":6,"turns":11},{"damage":1,"enemies":"Hallownest:1_Baldur_1_Crawlid_1_Warrior","floor":7,"turns":6},{"damage":6,"enemies":"Hallownest:MossCreep_and_Mosskin","floor":8,"turns":6},{"damage":3,"enemies":"Hallownest:monsterMossCharger","floor":12,"turns":5},{"damage":1,"enemies":"Hallownest:monsterFoolEater","floor":13,"turns":5},{"damage":19,"enemies":"Hallownest:Guard_and_Warrior","floor":14,"turns":6},{"damage":29,"enemies":"Hallownest:BossBrokenVessel","floor":16,"turns":13},{"damage":0,"enemies":"Hallownest:3_Youths","floor":18,"turns":6},{"damage":1,"enemies":"Hallownest:Flukemon_and_Top","floor":19,"turns":4},{"damage":5,"enemies":"Hallownest:Master_and_Novice","floor":21,"turns":4},{"damage":19,"enemies":"Hallownest:Glutton_and_Coward","floor":22,"turns":5},{"damage":2,"enemies":"Hallownest:Nosk","floor":23,"turns":15},{"damage":2,"enemies":"Hallownest:monsterShrumalOgre","floor":28,"turns":5},{"damage":8,"enemies":"Hallownest:Warrior_and_Youth","floor":29,"turns":5},{"damage":2,"enemies":"Hallownest:monsterMisterMushroom","floor":31,"turns":5},{"damage":52,"enemies":"Hallownest:BossGrimm","floor":33,"turns":11},{"damage":22,"enemies":"Hallownest:Shield_Heavy","floor":35,"turns":4},{"damage":20,"enemies":"Hallownest:3_Siblings","floor":36,"turns":8},{"damage":60,"enemies":"Hallownest:2_Primals","floor":39,"turns":1}],"seed_played":"7987932254306597671","potions_obtained":[{"floor":2,"key":"AttackPotion"},{"floor":5,"key":"ZuzhouPotion:ReiMu"},{"floor":6,"key":"Regen Potion"},{"floor":12,"key":"Energy Potion"},{"floor":14,"key":"EssenceOfSteel"},{"floor":19,"key":"BlessingOfTheForge"},{"floor":22,"key":"PowerPotion"},{"floor":33,"key":"LiquidMemories"},{"floor":35,"key":"Dexterity Potion"}],"is_trial":false,"path_per_floor":["M","M","M","?","M","E","M","M","T","?","T","M","M","M","R","B",null,"M","M","$","M","M","E","$","R","T","$","M","M","?","M","R","B",null,"M","M","?","$","?"],"character_chosen":"THE_BUGKNIGHT","items_purchased":["HollowMod:DescendingDark","HollowMod:WraithStrike"],"campfire_rested":0,"item_purchase_floors":[20,27],"current_hp_per_floor":[75,75,75,75,74,72,75,72,72,72,72,69,68,55,55,36,75,75,74,74,69,60,75,75,75,75,75,73,65,65,63,63,26,82,60,46,56,56,0,0],"gold":37,"neow_bonus":"RANDOM_COMMON_RELIC","is_daily":false,"chose_seed":false,"campfire_upgraded":3,"win_rate":0.0,"timestamp":1613670888,"path_taken":["M","M","M","?","M","E","M","M","T","?","?","?","M","M","R","BOSS","M","M","$","M","M","E","$","R","T","$","?","M","?","M","R","BOSS","M","M","?","$","?"],"items_purchased_type":["Card","Card"],"build_version":"2020-12-22","purchased_purges":4,"victory":false,"max_hp_per_floor":[75,75,75,75,75,75,75,75,75,75,75,75,75,75,75,75,75,75,75,75,75,75,82,82,82,82,82,82,82,82,82,82,82,82,82,82,82,82,82,82],"card_choices":[{"not_picked":["HollowMod:InfectedAttack","HollowMod:TaintedHusks"],"picked":"HollowMod:DashSlash","floor":1},{"not_picked":["HollowMod:GoodIntentions","HollowMod:RadiancesLament"],"picked":"HollowMod:CloakDash","floor":2},{"not_picked":["HollowMod:CloakDash","HollowMod:ShadowDash"],"picked":"HollowMod:SoulEater","floor":3},{"not_picked":["HollowMod:SoulVessel","HollowMod:TaintedHusks"],"picked":"HollowMod:DoubleDash","floor":5},{"not_picked":["HollowMod:InfectedAttack","HollowMod:InfectedCysts"],"picked":"HollowMod:ElderbugsWisdom","floor":6},{"not_picked":["HollowMod:NewJinnsSoul","HollowMod:TaintedHusks"],"picked":"HollowMod:HuntersJournal","floor":7},{"not_picked":["HollowMod:GoodIntentions","HollowMod:SoulVessel"],"picked":"HollowMod:DashSlash","floor":8},{"not_picked":["HollowMod:DreamGate","HollowMod:InfectedAttack"],"picked":"HollowMod:CycloneSlash","floor":12},{"not_picked":["HollowMod:NewJinnsSoul","HollowMod:GoodIntentions"],"picked":"HollowMod:HowlingWraiths","floor":13},{"not_picked":["HollowMod:RecoilStrike","HollowMod:HornetsHelp"],"picked":"HollowMod:CrystalDash","floor":14},{"not_picked":["HollowMod:NewInfectedGuardian","HollowMod:Hiveblood"],"picked":"HollowMod:WhiteLadysBlessing","floor":16},{"not_picked":["HollowMod:SoulSplash","HollowMod:DashSlash"],"picked":"HollowMod:CornifersMapStart","floor":18},{"not_picked":["HollowMod:BaldurShell","HollowMod:LifebloodCocoon","HollowMod:HeavyBlow"],"picked":"SKIP","floor":19},{"not_picked":["HollowMod:AbyssShriek","HollowMod:HowlingWraiths"],"picked":"HollowMod:ShapeofUnn+1","floor":21},{"not_picked":["HollowMod:InfectedAttack+1","HollowMod:AbyssShriek","HollowMod:GoodIntentions"],"picked":"SKIP","floor":22},{"not_picked":["HollowMod:RecoilStrike","HollowMod:HowlingWraiths+1"],"picked":"HollowMod:Weaversong","floor":23},{"not_picked":["HollowMod:MawleksShell","HollowMod:ChannelNail+1"],"picked":"HollowMod:VengefulVoid","floor":28},{"not_picked":["HollowMod:GoodIntentions","HollowMod:CloakDash"],"picked":"HollowMod:DescendingDark+1","floor":29},{"not_picked":["HollowMod:InfectedAttack","HollowMod:WraithStrike"],"picked":"HollowMod:DescendingDark","floor":31},{"not_picked":["HollowMod:HornetsHelp","HollowMod:AwokenDreamNail"],"picked":"HollowMod:VoidDash","floor":33},{"not_picked":["HollowMod:DescendingDark+1","HollowMod:SoulSplash+1","HollowMod:TaintedHusks+1"],"picked":"SKIP","floor":35},{"not_picked":["HollowMod:MonomonsArchive","HollowMod:CycloneSlash+1"],"picked":"HollowMod:SiblingsSouls+1","floor":36}],"player_experience":480436,"relics_obtained":[{"floor":6,"key":"Letter Opener"},{"floor":9,"key":"AT_ArchangelStaff"},{"floor":11,"key":"Kunai"},{"floor":23,"key":"Strawberry"},{"floor":26,"key":"AT_ImmortalShieldbow"}],"event_choices":[],"is_beta":false,"boss_relics":[{"not_picked":["Ectoplasm","Fusion Hammer"],"picked":"HollowMod:VoidIdolRelic"},{"not_picked":["Tiny House","HollowMod:KingsSoulRelic"],"picked":"Philosopher\u0027s Stone"}],"items_purged_floors":[20,24,27,38],"is_endless":false,"potions_floor_spawned":[2,5,6,12,14,19,22,28,33,35],"killed_by":"Hallownest:2_Primals","ascension_level":0}}