{"host":"zomvc55eewbqxhwb","time":1613635365,"event":{"mods":["ATMod(阿瑾Mod)","Act Like it!","BaseMod","Conspire","Minty Spire (QoL Compilation)","MostiFishMod","Pale of the Ancients","Relic Stats","Replay The Spire","RumiaBox-露米娅的神秘盒子","Shop Mod","StSLib","TestMod","[IsaacMod]以撒尖塔","【功能Mod】混沌之环修复补丁","【遗物卡牌】REMEMod"],"gold_per_floor":[110,110,129,129,139,38,97,97,97,131,208,278,312,312,312,237,237,237,237,310,310,327,227,227,227,240,259,285,310,322,357,426,133,171,210,210,254,495,580,580,706,706,727,727,727,577,85,172,227,277,365,365,427,460,472,551,351,351,351,381,421,376,438,489,178,178,347,347,8,8,86],"floor_reached":72,"language":"ZHS","playtime":5114,"items_purged":["Strike_G","Strike_G","Strike_G","Defend_G","Defend_G","Defend_G","Defend_G","Strike_G+1","Eviscerate+1"],"score":4089,"play_id":"0ca356bc-69d7-4c43-8003-bbd753a0ad4f","local_time":"20210218160245","daily_mods":["Heirloom","Flight"],"is_ascension_mode":true,"campfire_choices":[{"data":"MostiFishMod:SephirahHod","floor":8.0,"key":"SMITH"},{"data":"Strike_G","floor":18.0,"key":"PURGE"},{"floor":19.0,"key":"RECALL"},{"data":"MostiFishMod:Opportunism","floor":36.0,"key":"SMITH"},{"data":"Defend_G","floor":40.0,"key":"PURGE"},{"floor":66.0,"key":"REST"},{"floor":68.0,"key":"REST"}],"circlet_count":0,"master_deck":["AscendersBane","AT_ThistleTea+1","MostiFishMod:SephirahHod+1","AT_WindFlip+1","MostiFishMod:HiddenBlade+1","MostiFishMod:HiddenBlade+1","Backflip+1","MostiFishMod:Opportunism+1","MostiFishMod:Opportunism+1","Prepared+1","Acrobatics+1","MostiFishMod:PerfectParry+1","Acrobatics+1","MostiFishMod:Dislodge+1","Escape Plan+1","AT_ShadowStep+1","MostiFishMod:AdrenalineArouse+1","AT_EssenceShift+1","Escape Plan+1"],"relics":["Ring of the Snake","DaveBox","HushsDoor","AT_ATBox","testmod-TestBox","REME_ComplimentaryCards","SecretRecord","testmod-SaigiyounoYou","GuppysTail","MostiFishMod:Hod","SynthV:TestCard","testmod-IndustrialRevolution","Baka2","Akabeko","AT_ChloranthyRing","AT_SilvercatRing","Onion Ring","BookOfRevelations","Pet Ghost","GodSword5","HornCleat","Black Star","DeathBook","Oddly Smooth Stone","Paper Crane","Torii","REME_ComplimentaryCards","Anchor","ReplayTheSpireMod:TigerMarble","AT_ForceNature","SatanicBible","Replay:Bandana","testmod-RandomTest","Mirror","Strawberry","GodSword4","Whetstone","ChiXiaoBlade","LastBattle","Ice Cream","Frozen Egg 2","BionicSphere","GodSword6","Bottled Lightning","Mummified Hand","Gremlin Horn","ChaoDraw","Replay:Mystery Machine","D6","AT_RedTearstoneRing","SalivaCoin","InkBottle","Replay:Bottled Snecko","paleoftheancients:Timepiece","paleoftheancients:KeyRelic","CultistMask","paleoftheancients:SoulOfTheBard","AT_BladeRuinedKing","Lizard Tail"],"acts_visited":["Exordium","TheCity","TheBeyond","paleoftheancients:PaleOfTheAncients"],"potions_floor_usage":[],"damage_taken":[{"damage":0.0,"enemies":"conspire:RoseBush","floor":1.0,"turns":3.0},{"damage":0.0,"enemies":"Cultist","floor":3.0,"turns":2.0},{"damage":0.0,"enemies":"2 Louse","floor":5.0,"turns":1.0},{"damage":54.0,"enemies":"Gremlin Nob","floor":7.0,"turns":6.0},{"damage":0.0,"enemies":"3 Sentries","floor":10.0,"turns":1.0},{"damage":0.0,"enemies":"Gremlin Nob","floor":13.0,"turns":2.0},{"damage":50.0,"enemies":"3 Sentries","floor":14.0,"turns":5.0},{"damage":0.0,"enemies":"Gremlin Nob","floor":17.0,"turns":2.0},{"damage":24.0,"enemies":"Fading Forest","floor":20.0,"turns":13.0},{"damage":0.0,"enemies":"2 Thieves","floor":22.0,"turns":2.0},{"damage":0.0,"enemies":"Chosen","floor":26.0,"turns":2.0},{"damage":0.0,"enemies":"3 Cultists","floor":27.0,"turns":1.0},{"damage":0.0,"enemies":"conspire:SneckoGhost","floor":28.0,"turns":1.0},{"damage":0.0,"enemies":"Slavers","floor":29.0,"turns":1.0},{"damage":0.0,"enemies":"Snake Plant","floor":30.0,"turns":1.0},{"damage":3.0,"enemies":"conspire:SneckoGhost","floor":31.0,"turns":1.0},{"damage":0.0,"enemies":"conspire:Head Lice","floor":34.0,"turns":1.0},{"damage":0.0,"enemies":"Centurion and Healer","floor":35.0,"turns":2.0},{"damage":0.0,"enemies":"Book of Stabbing","floor":37.0,"turns":1.0},{"damage":0.0,"enemies":"Shelled Parasite and Fungi","floor":38.0,"turns":1.0},{"damage":0.0,"enemies":"Snake Plant","floor":39.0,"turns":1.0},{"damage":0.0,"enemies":"Pondfish","floor":41.0,"turns":1.0},{"damage":0.0,"enemies":"Orb Walker","floor":43.0,"turns":1.0},{"damage":0.0,"enemies":"R_Hoarder","floor":48.0,"turns":3.0},{"damage":0.0,"enemies":"Reptomancer","floor":49.0,"turns":2.0},{"damage":0.0,"enemies":"Giant Head","floor":50.0,"turns":1.0},{"damage":0.0,"enemies":"R_Hoarder","floor":51.0,"turns":2.0},{"damage":0.0,"enemies":"Nemesis","floor":53.0,"turns":1.0},{"damage":0.0,"enemies":"3 Shapes","floor":54.0,"turns":1.0},{"damage":0.0,"enemies":"Spire Growth","floor":55.0,"turns":1.0},{"damage":0.0,"enemies":"R_Hoarder","floor":56.0,"turns":1.0},{"damage":0.0,"enemies":"conspire:OrnateMirror","floor":60.0,"turns":1.0},{"damage":0.0,"enemies":"Replay:Hell Engine","floor":61.0,"turns":2.0},{"damage":0.0,"enemies":"Replay:Hell Engine","floor":62.0,"turns":1.0},{"damage":8.0,"enemies":"Replay:Hell Engine","floor":63.0,"turns":2.0},{"damage":0.0,"enemies":"conspire:MimicChest","floor":64.0,"turns":1.0},{"damage":4.0,"enemies":"conspire:MimicChest","floor":67.0,"turns":1.0},{"damage":0,"enemies":"paleoftheancients:N","floor":71,"turns":2}],"seed_played":"9034007133747933686","potions_obtained":[{"floor":1.0,"key":"REME_GoldPotion"},{"floor":3.0,"key":"Block Potion"},{"floor":14.0,"key":"Strength Potion"},{"floor":26.0,"key":"GamblersBrew"},{"floor":38.0,"key":"Swift Potion"},{"floor":41.0,"key":"Elixir"},{"floor":53.0,"key":"Adrenaline Potion"},{"floor":64.0,"key":"Doom Potion"}],"is_trial":true,"path_per_floor":["M","?","M","?","M","$","E","R","?","E","T","T","E","E","T","$","E","R","R","B",null,"M","$","?","?","M","M","E","E","M","E","T","$","E","M","R","E","M","M","R","B",null,"M","?","T","$","$","E","E","E","E","T","E","M","M","E","$","?","R","B","B","M","M","?","$","R","M","R","$","?","B",null],"character_chosen":"THE_SILENT","items_purchased":["testmod-BackupPower","MostiFishMod:GrandStart","MostiFishMod:Opportunism","DeathBook","Replay:Bandana","Ice Cream","testmod-SpacePotion","Lizard Tail"],"campfire_rested":2,"item_purchase_floors":[6,21,21,21,33,47,65,69],"current_hp_per_floor":[65,50,59,52,59,59,59,59,59,66,66,66,66,45,45,45,58,58,58,55,41,41,41,26,26,38,53,53,53,53,53,53,53,53,61,61,68,68,68,68,68,59,59,59,59,59,59,59,61,61,61,61,61,61,61,61,61,46,46,46,46,46,43,46,46,46,46,46,46,46,46],"gold":86,"neow_bonus":"","is_daily":false,"chose_seed":false,"campfire_upgraded":2,"win_rate":0.0,"timestamp":1613635365,"path_taken":["M","?","M","?","?","$","E","R","?","E","T","T","E","E","?","$","E","R","R","BOSS","M","$","?","?","M","M","E","E","M","E","T","$","E","M","R","E","M","M","R","BOSS","M","?","?","$","$","E","E","E","E","T","E","?","M","E","$","?","R","BOSS","BOSS","M","M","?","$","R","M","R","$","?","BOSS"],"items_purchased_type":["Card","Card","Card","Relic","Relic","Relic","Potion","Relic"],"build_version":"2020-12-22","purchased_purges":9,"victory":true,"max_hp_per_floor":[66,66,66,66,66,66,66,66,66,66,66,66,66,66,66,66,66,66,66,66,41,41,41,41,41,41,53,53,53,53,53,53,53,53,61,61,68,68,68,68,68,59,59,59,59,59,59,59,61,61,61,61,61,61,61,61,61,46,46,46,46,46,46,46,46,46,46,46,46,46,46],"relic_stats":{"Lizard Tail":0,"Torii":0,"Gremlin Horn":[5,9],"counters":[38,73],"Mummified Hand":[22],"Black Star":11,"Whetstone":["Strike_G","Neutralize"],"obtain_stats":[{"Ice Cream":47,"AT_ATBox":0,"Gremlin Horn":50,"Whetstone":37,"SatanicBible":31,"Baka2":3,"Lizard Tail":69,"HornCleat":17,"Strawberry":37,"KeepersGift":0,"MostiFishMod:Hod":0,"AT_RedTearstoneRing":53,"paleoftheancients:KeyRelic":61,"testmod-TestBox":0,"BookOfRevelations":13,"Oddly Smooth Stone":24,"AT_SilvercatRing":11,"Paper Crane":28,"testmod-SaigiyounoYou":0,"Akabeko":7,"paleoftheancients:Timepiece":61,"BionicSphere":48,"ChiXiaoBlade":42,"Onion Ring":12,"CultistMask":61,"Black Star":21,"ReplayTheSpireMod:TigerMarble":29,"GodSword6":49,"GodSword5":15,"GodSword4":37,"HushsDoor":0,"Mirror":34,"GuppysTail":0,"DaveBox":0,"Torii":28,"SecretRecord":0,"paleoftheancients:SoulOfTheBard":62,"testmod-RandomTest":34,"Replay:Mystery Machine":51,"Pet Ghost":14,"DeathBook":21,"Replay:Bandana":33,"Mummified Hand":50,"Replay:Bottled Snecko":56,"Replay:Drink Me":58,"InkBottle":56,"Ring of the Snake":0,"AT_ChloranthyRing":10,"AT_ForceNature":31,"AT_BladeRuinedKing":64,"Baka":1,"LastBattle":45,"Frozen Egg 2":48,"testmod-IndustrialRevolution":2,"ChaoDraw":51,"Anchor":29,"D6":52,"SynthV:TestCard":1,"SalivaCoin":53,"Bottled Lightning":49,"REME_ComplimentaryCards":0},{"Ice Cream":23,"AT_ATBox":0,"Gremlin Horn":26,"Whetstone":19,"SatanicBible":16,"Baka2":2,"Lizard Tail":37,"HornCleat":8,"Strawberry":19,"KeepersGift":0,"MostiFishMod:Hod":0,"AT_RedTearstoneRing":28,"paleoftheancients:KeyRelic":33,"testmod-TestBox":0,"BookOfRevelations":6,"Oddly Smooth Stone":10,"AT_SilvercatRing":5,"Paper Crane":13,"testmod-SaigiyounoYou":0,"Akabeko":4,"paleoftheancients:Timepiece":33,"BionicSphere":24,"ChiXiaoBlade":22,"Onion Ring":5,"CultistMask":33,"Black Star":9,"ReplayTheSpireMod:TigerMarble":14,"GodSword6":25,"GodSword5":7,"GodSword4":19,"HushsDoor":0,"Mirror":17,"GuppysTail":0,"DaveBox":0,"Torii":13,"SecretRecord":0,"paleoftheancients:SoulOfTheBard":34,"testmod-RandomTest":17,"Replay:Mystery Machine":27,"Pet Ghost":7,"DeathBook":9,"Replay:Bandana":16,"Mummified Hand":26,"Replay:Bottled Snecko":31,"Replay:Drink Me":31,"InkBottle":31,"Ring of the Snake":0,"AT_ChloranthyRing":5,"AT_ForceNature":16,"AT_BladeRuinedKing":36,"Baka":1,"LastBattle":23,"Frozen Egg 2":24,"testmod-IndustrialRevolution":1,"ChaoDraw":27,"Anchor":14,"D6":27,"SynthV:TestCard":1,"SalivaCoin":28,"Bottled Lightning":25,"REME_ComplimentaryCards":0},{"Ice Cream":51,"AT_ATBox":0,"Gremlin Horn":57,"Whetstone":47,"SatanicBible":43,"Baka2":5,"Lizard Tail":71,"HornCleat":21,"Strawberry":47,"KeepersGift":0,"MostiFishMod:Hod":0,"AT_RedTearstoneRing":60,"paleoftheancients:KeyRelic":66,"testmod-TestBox":0,"BookOfRevelations":14,"Oddly Smooth Stone":36,"AT_SilvercatRing":13,"Paper Crane":40,"testmod-SaigiyounoYou":0,"Akabeko":12,"paleoftheancients:Timepiece":66,"BionicSphere":54,"ChiXiaoBlade":50,"Onion Ring":13,"CultistMask":66,"Black Star":34,"ReplayTheSpireMod:TigerMarble":41,"GodSword6":56,"GodSword5":19,"GodSword4":47,"HushsDoor":0,"Mirror":44,"GuppysTail":0,"DaveBox":0,"Torii":40,"SecretRecord":0,"paleoftheancients:SoulOfTheBard":67,"testmod-RandomTest":44,"Replay:Mystery Machine":59,"Pet Ghost":19,"DeathBook":34,"Replay:Bandana":43,"Mummified Hand":57,"Replay:Bottled Snecko":63,"Replay:Drink Me":63,"InkBottle":63,"Ring of the Snake":0,"AT_ChloranthyRing":13,"AT_ForceNature":43,"AT_BladeRuinedKing":70,"Baka":3,"LastBattle":51,"Frozen Egg 2":54,"testmod-IndustrialRevolution":3,"ChaoDraw":59,"Anchor":41,"D6":59,"SynthV:TestCard":3,"SalivaCoin":60,"Bottled Lightning":56,"REME_ComplimentaryCards":0}],"InkBottle":[17],"Ring of the Snake":[70]},"card_choices":[{"not_picked":["Flying Knee","Bomb"],"picked":"AT_WindFlip","floor":1.0},{"not_picked":["PiercingWail","AT_TwilightShroud","Blur","Outmaneuver","Dagger Spray"],"picked":"SKIP","floor":3.0},{"not_picked":["Deflect","conspire:DoublingDagger","Deadly Poison","Blade Dance"],"picked":"Eviscerate","floor":5.0},{"not_picked":["AT_KneejerkReflex","Skewer","Dash","Backflip","Poisoned Stab"],"picked":"SKIP","floor":7.0},{"not_picked":["Deadly Poison","Flying Knee","Draining Mist","MostiFishMod:FrostNova"],"picked":"MostiFishMod:HiddenBlade","floor":10.0},{"not_picked":["Flying Knee","MostiFishMod:InvigoratingSolution","AT_KneejerkReflex","Bomb","Poisoned Stab"],"picked":"SKIP","floor":13.0},{"not_picked":["Cloak And Dagger","REME_GreenPollution","Blade Dance","Corpse Explosion"],"picked":"Backflip","floor":14.0},{"not_picked":["AT_TwilightShroud","REME_GreenPollution","Backflip","Endless Agony","AT_KneejerkReflex"],"picked":"SKIP","floor":17.0},{"not_picked":["AT_EssenceShift","Bullet Time","Wraith Form v2","MostiFishMod:Listen"],"picked":"MostiFishMod:Opportunism","floor":20.0},{"not_picked":["MostiFishMod:PreservedThorns","Escape Plan","Slice","Endless Agony"],"picked":"Prepared","floor":22.0},{"not_picked":["Bane","Blade Dance","conspire:DoublingDagger","Deflect","Concentrate"],"picked":"SKIP","floor":26.0},{"not_picked":["ReplayTheSpireMod:Speed Training","AT_Desolate","AT_MyraUnstableElement","MostiFishMod:PreservedThorns+1"],"picked":"MostiFishMod:PerfectParry","floor":27.0},{"not_picked":["Dagger Throw","Expertise","MostiFishMod:PerfectParry","ReplayTheSpireMod:Exploit Weakness","Blade Dance"],"picked":"SKIP","floor":28.0},{"not_picked":["Dagger Throw","Expertise","MostiFishMod:PerfectParry","ReplayTheSpireMod:Exploit Weakness","Blade Dance"],"picked":"SKIP","floor":28.0},{"not_picked":["Quick Slash","Catalyst","Prepared","Setup"],"picked":"Acrobatics","floor":29.0},{"not_picked":["ReplayTheSpireMod:Speed Training","Deadly Poison","PiercingWail","Escape Plan","Infinite Blades"],"picked":"SKIP","floor":30.0},{"not_picked":["Replay:Poison Smokescreen","Flying Knee","Deadly Poison","Concentrate"],"picked":"MostiFishMod:Dislodge","floor":31.0},{"not_picked":["MostiFishMod:SpreadingSpore","AT_TwilightShroud","Riddle With Holes","All Out Attack"],"picked":"Escape Plan","floor":34.0},{"not_picked":["AT_ArcaneSupremacy","Heel Hook","Dagger Spray+1","Flying Knee","Escape Plan"],"picked":"SKIP","floor":35.0},{"not_picked":["Blade Dance","MostiFishMod:InvigoratingSolution","Acrobatics","Outmaneuver"],"picked":"AT_ShadowStep","floor":37.0},{"not_picked":["Flying Knee","Slice","Dagger Spray","Deadly Poison","Bane"],"picked":"SKIP","floor":38.0},{"not_picked":["Bane","AT_TinkerSharpsword","Underhanded Strike","ReplayTheSpireMod:Exploit Weakness","Hidden Blade"],"picked":"SKIP","floor":39.0},{"not_picked":["Glass Knife","REME_CopyPotion","MostiFishMod:HiddenBlade","AT_MyraUnstableElement"],"picked":"MostiFishMod:AdrenalineArouse","floor":41.0},{"not_picked":["Flying Knee+1","AT_ArcaneSupremacy","Poisoned Stab","PiercingWail","Slice+1"],"picked":"SKIP","floor":43.0},{"not_picked":["AT_TwilightShroud+1","Quick Slash","Bane","Flechettes","AT_ArcaneSupremacy+1"],"picked":"SKIP","floor":48.0},{"not_picked":["MostiFishMod:InvigoratingSolution","Blur","ReplayTheSpireMod:The Works+1","Quick Slash","Noxious Fumes+1"],"picked":"SKIP","floor":49.0},{"not_picked":["Outmaneuver","PiercingWail","conspire:PoisonWeapons","Poisoned Stab+1"],"picked":"AT_EssenceShift+1","floor":50.0},{"not_picked":["Prepared","Outmaneuver+1","Slice","Underhanded Strike","AT_WindFlip"],"picked":"SKIP","floor":51.0},{"not_picked":["AT_FocusSwordFire","Predator","MostiFishMod:PerfectParry+1","Sucker Punch","Flying Knee"],"picked":"SKIP","floor":53.0},{"not_picked":["Bane","Die Die Die","Prepared","Hidden Blade","Deadly Poison+1"],"picked":"SKIP","floor":54.0},{"not_picked":["Dodge and Roll","Replay:Bag of Tricks","Blade Dance+1","ReplayTheSpireMod:The Works","Concentrate"],"picked":"SKIP","floor":55.0},{"not_picked":["Accuracy+1","Bane","MostiFishMod:PerfectParry","MostiFishMod:FrostNova","AT_WindFlip+1"],"picked":"SKIP","floor":56.0},{"not_picked":["Blade Dance+1","Endless Agony","Quick Slash","AT_WindFlip","Poisoned Stab"],"picked":"SKIP","floor":62.0},{"not_picked":["Outmaneuver+1","Dagger Throw","Footwork+1","Crippling Poison"],"picked":"MostiFishMod:FullyArmed","floor":63.0},{"not_picked":["Poisoned Stab","Deflect","ReplayTheSpireMod:Scrap Shanks+1","Predator","Cloak And Dagger"],"picked":"SKIP","floor":67.0}],"player_experience":2613537,"relics_obtained":[{"floor":1.0,"key":"SynthV:TestCard"},{"floor":1.0,"key":"Baka"},{"floor":3.0,"key":"Baka2"},{"floor":7.0,"key":"Akabeko"},{"floor":10.0,"key":"AT_ChloranthyRing"},{"floor":11.0,"key":"AT_SilvercatRing"},{"floor":12.0,"key":"Onion Ring"},{"floor":13.0,"key":"BookOfRevelations"},{"floor":14.0,"key":"Pet Ghost"},{"floor":15.0,"key":"GodSword5"},{"floor":17.0,"key":"HornCleat"},{"floor":28.0,"key":"Paper Crane"},{"floor":28.0,"key":"Torii"},{"floor":28.0,"key":"REME_ComplimentaryCards"},{"floor":29.0,"key":"Anchor"},{"floor":29.0,"key":"ReplayTheSpireMod:TigerMarble"},{"floor":31.0,"key":"AT_ForceNature"},{"floor":31.0,"key":"SatanicBible"},{"floor":34.0,"key":"testmod-RandomTest"},{"floor":34.0,"key":"Mirror"},{"floor":37.0,"key":"Strawberry"},{"floor":37.0,"key":"GodSword4"},{"floor":37.0,"key":"Whetstone"},{"floor":45.0,"key":"LastBattle"},{"floor":48.0,"key":"Frozen Egg 2"},{"floor":48.0,"key":"BionicSphere"},{"floor":49.0,"key":"GodSword6"},{"floor":49.0,"key":"Bottled Lightning"},{"floor":50.0,"key":"Mummified Hand"},{"floor":50.0,"key":"Gremlin Horn"},{"floor":51.0,"key":"ChaoDraw"},{"floor":51.0,"key":"Replay:Mystery Machine"},{"floor":52.0,"key":"D6"},{"floor":53.0,"key":"AT_RedTearstoneRing"},{"floor":53.0,"key":"SalivaCoin"},{"floor":56.0,"key":"InkBottle"},{"floor":56.0,"key":"Replay:Bottled Snecko"},{"floor":62.0,"key":"paleoftheancients:SoulOfTheBard"},{"floor":63.0,"key":"paleoftheancients:SoulOfTheWokeBloke"},{"floor":64.0,"key":"AT_BladeRuinedKing"},{"floor":67.0,"key":"paleoftheancients:SoulOfTheVixen"}],"event_choices":[{"damage_healed":0.0,"max_hp_gain":0.0,"max_hp_loss":0.0,"gold_gain":0.0,"event_name":"Liars Game","player_choice":"Ignored","floor":9.0,"gold_loss":0.0,"damage_taken":0.0},{"damage_healed":0.0,"max_hp_gain":0.0,"max_hp_loss":0.0,"gold_gain":0.0,"event_name":"The Library","player_choice":"Read","floor":25.0,"gold_loss":0.0,"damage_taken":0.0,"cards_obtained":["Acrobatics"]},{"damage_healed":0.0,"max_hp_gain":0.0,"max_hp_loss":0.0,"gold_gain":0.0,"event_name":"Tomb of Lord Red Mask","player_choice":"Ignored","floor":44.0,"gold_loss":0.0,"damage_taken":0.0},{"damage_healed":0.0,"max_hp_gain":0.0,"max_hp_loss":0.0,"gold_gain":0.0,"event_name":"给自己的盒子","player_choice":"Swap Relic","floor":58.0,"relics_lost":["Replay:Drink Me"],"gold_loss":0.0,"damage_taken":0.0,"relics_obtained":["Replay:Drink Me"]}],"is_beta":false,"boss_relics":[{"not_picked":["ExusiaiGun","Snecko Heart"],"picked":"Black Star"},{"not_picked":[]},{"not_picked":["Runic Dome","Replay:Bronze Core"],"picked":"ChiXiaoBlade"},{"not_picked":[]}],"items_purged_floors":[16,21,23,33,42,46,47,57,65],"is_endless":false,"potions_floor_spawned":[1,3,14,26,28,30,38,41,51,53,54,55,62,64],"ascension_level":20}}