{"host":"04x9isxu4s2lvye3","time":1613611773,"event":{"mods":["BaseMod","Colored Powertips","Highlight Path","Minty Spire (QoL Compilation)"],"gold_per_floor":[110,110,110,185,202,202,235,255,279,314,378,391,391,445,457,567,579,601,613,625,324,423,423,423,423,423,451,366,366,401,401,401],"floor_reached":31,"language":"ENG","playtime":1094,"items_purged":["Strike_R"],"score":445,"play_id":"2061d473-2f28-4eda-b962-3540dc4ce8c9","local_time":"20210217202933","is_ascension_mode":true,"campfire_choices":[{"data":"Shrug It Off","floor":6,"key":"SMITH"},{"data":"Pommel Strike","floor":13,"key":"SMITH"},{"data":"Clothesline","floor":15,"key":"SMITH"},{"data":"Secret Weapon","floor":25,"key":"SMITH"},{"floor":29,"key":"REST"}],"circlet_count":0,"master_deck":["Defend_R","Defend_R","Defend_R","Defend_R","Bash","Twin Strike","Blood for Blood","Shrug It Off+1","Clothesline+1","Pommel Strike+1","Dropkick+1","Berserk+1","Hemokinesis+1","True Grit","Rampage","Secret Weapon+1","Bite","Bite","Bite","Bite","Bite","True Grit+1"],"relics":["Burning Blood","NeowsBlessing","Bag of Marbles","Juzu Bracelet","Sundial","PreservedInsect","MawBank","Astrolabe","Enchiridion","Bottled Tornado","Regal Pillow","Blue Candle","Boot"],"acts_visited":["Exordium","TheCity"],"potions_floor_usage":[16,18,27,27,30],"damage_taken":[{"damage":0,"enemies":"2 Louse","floor":1,"turns":1},{"damage":0,"enemies":"Small Slimes","floor":5,"turns":1},{"damage":0,"enemies":"Gremlin Nob","floor":7,"turns":1},{"damage":7,"enemies":"Jaw Worm","floor":8,"turns":4},{"damage":32,"enemies":"Lagavulin","floor":10,"turns":8},{"damage":12,"enemies":"Gremlin Nob","floor":11,"turns":3},{"damage":2,"enemies":"Exordium Thugs","floor":12,"turns":4},{"damage":27,"enemies":"Hexaghost","floor":16,"turns":9},{"damage":11,"enemies":"Spheric Guardian","floor":18,"turns":3},{"damage":20,"enemies":"Gremlin Leader","floor":27,"turns":4},{"damage":60,"enemies":"Slavers","floor":30,"turns":6},{"damage":24,"enemies":"Chosen","floor":31,"turns":6}],"seed_played":"-1416005991122598282","potions_obtained":[{"floor":8,"key":"Energy Potion"},{"floor":10,"key":"PowerPotion"},{"floor":11,"key":"SmokeBomb"},{"floor":16,"key":"DistilledChaos"},{"floor":18,"key":"GamblersBrew"},{"floor":19,"key":"DistilledChaos"},{"floor":30,"key":"BlessingOfTheForge"}],"is_trial":false,"path_per_floor":["M","?","?","?","M","R","E","M","T","E","?","M","R","T","R","B",null,"M","?","$","$","?","?","?","R","T","E","?","R","E","M"],"character_chosen":"IRONCLAD","items_purchased":["Rampage","Secret Weapon"],"campfire_rested":1,"item_purchase_floors":[21,21],"current_hp_per_floor":[78,71,71,60,66,66,72,71,71,45,39,43,43,43,43,22,66,61,61,61,61,61,45,45,45,45,37,37,56,12,0,0],"gold":401,"neow_bonus":"THREE_ENEMY_KILL","is_daily":false,"chose_seed":false,"campfire_upgraded":4,"win_rate":0.0,"timestamp":1613611773,"path_taken":["M","?","?","?","M","R","E","M","T","E","?","M","R","?","R","BOSS","M","?","?","$","?","?","?","R","T","E","?","R","E","M"],"items_purchased_type":["Card","Card"],"build_version":"2020-12-22","purchased_purges":1,"victory":false,"max_hp_per_floor":[80,80,80,80,80,80,80,80,80,80,80,80,80,80,80,80,80,80,80,80,80,80,80,56,56,56,56,56,56,56,56,56],"card_choices":[{"not_picked":["Body Slam","Warcry"],"picked":"Twin Strike","floor":1},{"not_picked":["Cleave","Anger"],"picked":"Shrug It Off","floor":5},{"not_picked":["Blood for Blood","Thunderclap"],"picked":"Clothesline","floor":7},{"not_picked":["Sword Boomerang","Searing Blow"],"picked":"Pommel Strike","floor":8},{"not_picked":["Thunderclap","Bludgeon","Havoc"],"picked":"SKIP","floor":10},{"not_picked":["Cleave","Armaments"],"picked":"Perfected Strike","floor":12},{"not_picked":["Intimidate","Flex"],"picked":"True Grit","floor":18},{"not_picked":["Clothesline+1","Anger"],"picked":"True Grit+1","floor":27},{"not_picked":["Flex","Searing Blow","Double Tap"],"picked":"SKIP","floor":30}],"player_experience":311875,"relics_obtained":[{"floor":7,"key":"Bag of Marbles"},{"floor":9,"key":"Juzu Bracelet"},{"floor":10,"key":"Sundial"},{"floor":14,"key":"MawBank"},{"floor":23,"key":"Enchiridion"},{"floor":26,"key":"Bottled Tornado"},{"floor":27,"key":"Regal Pillow"},{"floor":30,"key":"Boot"}],"event_choices":[{"cards_removed":["Strike_R"],"damage_healed":0,"gold_gain":0,"player_choice":"Card Removal","damage_taken":7,"max_hp_gain":0,"max_hp_loss":0,"event_name":"Golden Wing","floor":2,"gold_loss":0},{"damage_healed":0,"gold_gain":0,"cards_transformed":["Strike_R"],"player_choice":"Change","damage_taken":0,"max_hp_gain":0,"max_hp_loss":0,"event_name":"Living Wall","floor":3,"gold_loss":0,"cards_obtained":["Blood for Blood"]},{"damage_healed":0,"gold_gain":75,"player_choice":"Gather Gold","damage_taken":11,"max_hp_gain":0,"max_hp_loss":0,"event_name":"World of Goop","floor":4,"gold_loss":0},{"damage_healed":0,"gold_gain":30,"player_choice":"Searched \u00273\u0027 times","damage_taken":0,"relics_obtained":["PreservedInsect"],"max_hp_gain":0,"max_hp_loss":0,"event_name":"Dead Adventurer","floor":11,"gold_loss":0},{"damage_healed":0,"gold_gain":0,"player_choice":"Got Potions","damage_taken":0,"max_hp_gain":0,"max_hp_loss":0,"event_name":"Lab","floor":19,"gold_loss":0},{"damage_healed":0,"gold_gain":99,"player_choice":"Stole From Cult","damage_taken":0,"max_hp_gain":0,"max_hp_loss":0,"event_name":"Nest","floor":22,"gold_loss":0},{"damage_healed":0,"gold_gain":0,"player_choice":"Obtained Book","damage_taken":16,"max_hp_gain":0,"max_hp_loss":0,"event_name":"Cursed Tome","floor":23,"gold_loss":0},{"damage_healed":0,"gold_gain":0,"player_choice":"Became a vampire","damage_taken":0,"max_hp_gain":0,"max_hp_loss":24,"event_name":"Vampires","floor":24,"gold_loss":0,"cards_obtained":["Bite","Bite","Bite","Bite","Bite"]},{"damage_healed":0,"gold_gain":0,"player_choice":"Obtained Relic","damage_taken":0,"relics_obtained":["Blue Candle"],"max_hp_gain":0,"max_hp_loss":0,"event_name":"Addict","floor":28,"gold_loss":85}],"is_beta":false,"boss_relics":[{"not_picked":["Black Star","Black Blood"],"picked":"Astrolabe"}],"items_purged_floors":[21],"is_endless":false,"potions_floor_spawned":[8,10,11,16,18,30],"killed_by":"Chosen","ascension_level":8}}