{"host":"rm0ctv8qd8mnbkg1","time":1613658512,"event":{"mods":["BaseMod","Beaked The Cultist","BetterRewards","Colored Map","DNKmod","Dark Map","Defuse TimeMaze Blight","Downfall","Friendly Minions","Hubris","Marisa????????","Minty Spire (QoL Compilation)","MostiFishMod","Permanent Neow","Rare Cards Sparkle","Relic Sorter","Reliquary","Replay The Spire","RumiaBox-????????","Shade Mod","Shop Mod","Spicy Shops","Spire Arcade","StSLib","The Construct","The Servant 0.9.4","TheVacant","Wandering Minibosses","??????REMEMod"],"gold_per_floor":[10000,10019,10036,10036,10055,8481,8508,8555,8085,8113,8113,8113,8154,8209,8231,8339,8339,8339,8339],"floor_reached":17,"language":"ENG","playtime":522,"items_purged":[],"score":284,"play_id":"111ae2a2-e981-4f8e-afe2-aef6ecc0ec4f","local_time":"20210218142832","is_ascension_mode":false,"campfire_choices":[{"data":"champ:Taunt","floor":1,"key":"SMITH"},{"data":"champ:EndlessRage","floor":12,"key":"SMITH"}],"circlet_count":0,"master_deck":["champ:Strike","champ:Strike","champ:Strike","champ:Defend","champ:Defend","champ:Defend","champ:Defend","champ:Execute","champ:Taunt+1","Swift Strike+1","champ:ShieldSigil","champ:EndlessRage","champ:StanceDance","champ:EnragedBash","champ:EndlessRage+1","champ:AdrenalArmor","Replay:Sssssssssstrike","champ:ShieldSlam","champ:StanceDance","champ:IronFortress","champ:Lariat","champ:TripleStrike"],"relics":["champ:ChampionCrown","REME_ComplimentaryCards","DaveBox","FeatherPendant","Replay:Wax Seal","Replay:Bandana","Replay:Rubber Ducky","sneckomod:BlankCard","BirthdayGift-Tetrahedron","champ:DefensiveTrainingManual","hexamod:BolsterEngine","HandDrill","reliquary:Stiletto","REME_HourglassOfDeath","Smiling Mask"],"acts_visited":["Exordium","TheCity"],"potions_floor_usage":[13],"damage_taken":[{"damage":0,"enemies":"Jaw Worm","floor":2,"turns":2},{"damage":10,"enemies":"Small Slimes","floor":3,"turns":1},{"damage":35,"enemies":"2 Louse","floor":5,"turns":3},{"damage":75,"enemies":"downfall:FleeingMerchant","floor":6,"turns":4},{"damage":0,"enemies":"downfall:LooterAlt","floor":8,"turns":1},{"damage":27,"enemies":"downfall:FleeingMerchant","floor":9,"turns":2},{"damage":97,"enemies":"2 Fungi Beasts","floor":10,"turns":2},{"damage":7,"enemies":"Lagavulin","floor":13,"turns":2},{"damage":57,"enemies":"Gremlin Gang","floor":14,"turns":2},{"damage":105,"enemies":"Blue Slaver","floor":15,"turns":1},{"damage":127,"enemies":"SI_SHIV_ARCHETYPE","floor":16,"turns":2}],"seed_played":"8410011542898717461","potions_obtained":[{"floor":8,"key":"CultistPotion"},{"floor":13,"key":"Explosive Potion"},{"floor":15,"key":"Strength Potion"},{"floor":16,"key":"DistilledChaos"}],"is_trial":false,"path_per_floor":["R","M","M","?","M","$","T","M","$","M","?","R","E","M","M","B",null],"character_chosen":"THE_CHAMP","items_purchased":["Replay:Wax Seal","champ:EndlessRage","Replay:Bandana","Replay:Rubber Ducky","sneckomod:BlankCard","BirthdayGift-Tetrahedron","champ:AdrenalArmor","Replay:Sssssssssstrike","hexamod:BolsterEngine","HandDrill","reliquary:Stiletto","champ:IronFortress","champ:Lariat","REME_HourglassOfDeath"],"campfire_rested":0,"item_purchase_floors":[6,6,6,6,6,6,6,6,9,9,9,9,9,9],"current_hp_per_floor":[1100,1100,1100,1100,1100,1100,1100,1100,1098,1096,1096,1096,1094,1092,1092,1090,1100,1100,1100],"gold":8339,"neow_bonus":"TEN_PERCENT_HP_BONUS","is_daily":false,"chose_seed":false,"campfire_upgraded":2,"win_rate":0.0,"timestamp":1613658512,"path_taken":["R","M","M","?","M","$","T","M","$","M","?","R","E","M","M","BOSS"],"items_purchased_type":["Relic","Card","Relic","Relic","Relic","Relic","Card","Card","Relic","Relic","Relic","Card","Card","Relic"],"build_version":"2020-12-22","purchased_purges":0,"victory":false,"max_hp_per_floor":[1100,1100,1100,1100,1100,1100,1100,1100,1100,1100,1100,1100,1100,1100,1100,1100,1100,1100,1100],"card_choices":[{"not_picked":["champ:EnGarde","champ:DefensiveShout"],"picked":"champ:ShieldSigil","floor":2},{"not_picked":["champ:ShieldSigil","champ:FaceSlap"],"picked":"champ:EndlessRage","floor":3},{"not_picked":["champ:PerfectedStrike","champ:GladiatorStyle"],"picked":"champ:StanceDance","floor":5},{"not_picked":["champ:Shatter","champ:ArenaPreparation"],"picked":"champ:EnragedBash","floor":6},{"not_picked":["champ:BladeFlurry","champ:PreciseThrust"],"picked":"champ:ShieldSlam","floor":8},{"not_picked":["champ:TornadoPunch","champ:BringItOn"],"picked":"champ:StanceDance","floor":9},{"not_picked":["champ:ShieldThrow","champ:FocusedBerserking","champ:GladiatorStyle"],"picked":"SKIP","floor":10},{"not_picked":["champ:GladiatorStyle","champ:FlashCut","champ:DefensiveShout"],"picked":"SKIP","floor":13},{"not_picked":["champ:FlashCut","champ:Backstep","champ:PreciseThrust"],"picked":"SKIP","floor":14},{"not_picked":["champ:Backstep","champ:BerserkersShout","champ:FalseCounter"],"picked":"SKIP","floor":15},{"not_picked":["champ:SteelEdge","champ:HeavySlash"],"picked":"champ:TripleStrike","floor":16}],"player_experience":375369,"relics_obtained":[{"floor":7,"key":"champ:DefensiveTrainingManual"},{"floor":13,"key":"Smiling Mask"}],"event_choices":[],"is_beta":false,"boss_relics":[{"not_picked":["Snecko Eye","EasyGame_NEW","REME_DemonsWealth"]}],"items_purged_floors":[],"is_endless":false,"potions_floor_spawned":[8,13,14,15,16],"ascension_level":0}}