{"host":"Sylvester","time":1613638372,"event":{"mods":["AchievementEnabler","BaseMod","Filter the Spire","Lobotomy","Minty Spire (QoL Compilation)","Replay The Spire","StSLib"],"gold_per_floor":[116,132,142,326,326,351,4,4,4,20,53,53,72,72,72,72,145,145,159,159,59,79,79,111,121,140,140,140,156,188,203,41,41,119,219,239,239,239,253,266,293,293,293],"floor_reached":42,"language":"ENG","playtime":2185,"items_purged":["Delirium","Amnesia"],"score":1031,"play_id":"6cac3a56-5943-40cc-bd48-5f7daf084413","local_time":"20210218005252","is_ascension_mode":true,"campfire_choices":[{"data":"Bash","floor":8.0,"key":"SMITH"},{"data":"Replay:Undeath\u0027s Touch","floor":12.0,"key":"SMITH"},{"floor":15.0,"key":"REST"},{"data":"Demonic Infusion","floor":16.0,"key":"SMITH"},{"data":"Limit Break","floor":28.0,"key":"SMITH"},{"data":"ReplayTheSpireMod:Faulty Equipment","floor":33,"key":"SMITH"}],"circlet_count":0,"master_deck":["AscendersBane","Strike_R","Strike_R","Strike_R","Strike_R","Strike_R","Defend_R","Defend_R","Defend_R","Defend_R","Bash+1","Cleave","Run Through","Replay:Undeath\u0027s Touch+1","Headbutt","Sword Boomerang","Hemogenesis+1","Thunderclap","Demonic Infusion+1","Limit Break+1","Flex+1","Massacre+1","Shockwave","Shrug It Off+1","ReplayTheSpireMod:Stacked","Seeing Red","Bloodletting","Battle Trance","Entrench+1","Barricade","Flex"],"relics":["Cursed Key","MawBank","Bag of Preparation","White Beast Statue","Replay:Bottled Steam","Runic Pyramid","Singing Bowl","Chameleon Ring","HornCleat","Orrery","Replay:Wanted Poster","Meat on the Bone"],"acts_visited":["Exordium","TheCity","TheBeyond"],"potions_floor_usage":[29,30,31,36,39,39,41,41,42],"damage_taken":[{"damage":10.0,"enemies":"Small Slimes","floor":1.0,"turns":4.0},{"damage":2.0,"enemies":"Jaw Worm","floor":2.0,"turns":3.0},{"damage":1.0,"enemies":"Cultist","floor":3.0,"turns":3.0},{"damage":32.0,"enemies":"Gremlin Nob","floor":6.0,"turns":4.0},{"damage":0.0,"enemies":"3 Louse","floor":10.0,"turns":4.0},{"damage":5.0,"enemies":"3 Sentries","floor":11.0,"turns":3.0},{"damage":4.0,"enemies":"2 Fungi Beasts","floor":13.0,"turns":4.0},{"damage":20.0,"enemies":"Slime Boss","floor":17.0,"turns":7.0},{"damage":32.0,"enemies":"Shell Parasite","floor":19.0,"turns":3.0},{"damage":25.0,"enemies":"3 Byrds","floor":22.0,"turns":4.0},{"damage":35.0,"enemies":"Slavers","floor":24.0,"turns":4.0},{"damage":32.0,"enemies":"Snecko","floor":25.0,"turns":6.0},{"damage":6.0,"enemies":"Sentry and Sphere","floor":26.0,"turns":4.0},{"damage":9,"enemies":"Cultist and Chosen","floor":29,"turns":3},{"damage":18,"enemies":"Gremlin Leader","floor":30,"turns":4},{"damage":4,"enemies":"Centurion and Healer","floor":31,"turns":5},{"damage":13,"enemies":"Champ","floor":34,"turns":6},{"damage":5,"enemies":"3 Darklings","floor":36,"turns":4},{"damage":13,"enemies":"3 Shapes","floor":39,"turns":3},{"damage":28,"enemies":"Writhing Mass","floor":40,"turns":6},{"damage":72,"enemies":"Giant Head","floor":41,"turns":6},{"damage":81,"enemies":"Transient","floor":42,"turns":5}],"seed_played":"5949472231942870199","potions_obtained":[{"floor":3.0,"key":"Explosive Potion"},{"floor":6.0,"key":"LifebloodPotion"},{"floor":10.0,"key":"LiquidMemories"},{"floor":11.0,"key":"BlessingOfTheForge"},{"floor":13.0,"key":"Swift Potion"},{"floor":19.0,"key":"SpeedPotion"},{"floor":22.0,"key":"LiquidMemories"},{"floor":24.0,"key":"BlessingOfTheForge"},{"floor":25.0,"key":"Venom Potion"},{"floor":26.0,"key":"BloodPotion"},{"floor":29,"key":"Explosive Potion"},{"floor":30,"key":"Death Potion"},{"floor":31,"key":"Swift Potion"},{"floor":36,"key":"Block Potion"},{"floor":39,"key":"Fruit Juice"},{"floor":40,"key":"SkillPotion"},{"floor":41,"key":"Dexterity Potion"}],"is_trial":false,"path_per_floor":["M","M","M","?","?","E","$","R","T","M","E","R","M","?","R","R","B",null,"M","?","$","M","T","E","M","M","T","R","M","E","M","$","R","B",null,"M","?","?","M","M","E","M"],"character_chosen":"IRONCLAD","items_purchased":["Bag of Preparation","Hemogenesis+1","Orrery"],"campfire_rested":1,"item_purchase_floors":[7,7,32],"current_hp_per_floor":[58,56,55,55,60,28,28,28,28,36,31,31,35,35,59,59,47,72,40,40,40,80,80,55,51,74,74,74,67,57,86,86,86,73,83,88,84,84,84,78,44,0,0],"gold":293,"neow_bonus":"BOSS_RELIC","is_daily":false,"chose_seed":false,"campfire_upgraded":5,"win_rate":0.0,"timestamp":1613638372,"path_taken":["M","M","M","?","?","E","$","R","T","M","E","R","M","?","R","R","BOSS","BOSS","M","?","$","M","?","E","M","M","T","R","M","E","?","$","R","BOSS","M","?","?","M","M","E","M"],"items_purchased_type":["Relic","Card","Relic"],"build_version":"2020-11-17","purchased_purges":2,"victory":false,"max_hp_per_floor":[75,75,75,75,80,80,80,80,80,80,80,80,80,80,80,80,80,80,80,80,80,80,80,82,84,84,84,84,86,86,86,86,86,86,86,88,84,84,84,86,95,95,95],"card_choices":[{"not_picked":["Spot Weakness","Body Slam"],"picked":"Cleave","floor":1.0},{"not_picked":["Sword Boomerang","Warcry"],"picked":"Run Through","floor":2.0},{"not_picked":["Anger","Intimidate"],"picked":"Replay:Undeath\u0027s Touch","floor":3.0},{"not_picked":["Havoc","ReplayTheSpireMod:Strike From Hell"],"picked":"Headbutt","floor":4.0},{"not_picked":["ReplayReversal","Wild Strike"],"picked":"Sword Boomerang","floor":6.0},{"not_picked":["Havoc","Wild Strike"],"picked":"Thunderclap","floor":10.0},{"not_picked":["ReplayTheSpireMod:Strike From Hell","Replay:Undeath\u0027s Touch"],"picked":"Dropkick","floor":11.0},{"not_picked":["Headbutt","Iron Wave"],"picked":"Demonic Infusion","floor":13.0},{"not_picked":["Bludgeon","Reaper"],"picked":"Limit Break","floor":17.0},{"not_picked":["Entrench","Clothesline+1"],"picked":"Flex+1","floor":19.0},{"not_picked":["Searing Blow","Twin Strike"],"picked":"Massacre+1","floor":22.0},{"not_picked":["Sword Boomerang+1","Havoc","Run Through"],"picked":"Singing Bowl","floor":24.0},{"not_picked":["Entrench","Run Through","Clothesline"],"picked":"Singing Bowl","floor":25.0},{"not_picked":["Flex","Clothesline"],"picked":"Shockwave","floor":26.0},{"not_picked":["Rampage","Clothesline","Sentinel"],"picked":"Singing Bowl","floor":29},{"not_picked":["Havoc","Reckless Charge"],"picked":"Shrug It Off+1","floor":30},{"not_picked":["Sentinel","Battle Trance"],"picked":"ReplayTheSpireMod:Stacked","floor":31},{"not_picked":["Shockwave","Pommel Strike"],"picked":"Seeing Red","floor":32},{"not_picked":["Rupture","Iron Wave"],"picked":"Bloodletting","floor":32},{"not_picked":["Flex+1","ReplayTheSpireMod:Strike From Hell"],"picked":"Battle Trance","floor":32},{"not_picked":["Flex","Shrug It Off+1"],"picked":"Entrench+1","floor":32},{"not_picked":["Brutality","Immolate"],"picked":"Barricade","floor":34},{"not_picked":["Intimidate","Combust+1","Perfected Strike"],"picked":"Singing Bowl","floor":36},{"not_picked":["Clothesline","Dual Wield"],"picked":"Flex","floor":39},{"not_picked":["Berserk","Clothesline","Replay:Undeath\u0027s Touch"],"picked":"Singing Bowl","floor":40},{"not_picked":["Clash","Second Wind","Spot Weakness+1"],"picked":"Singing Bowl","floor":41}],"player_experience":277930,"relics_obtained":[{"floor":6.0,"key":"MawBank"},{"floor":9.0,"key":"White Beast Statue"},{"floor":11.0,"key":"Replay:Bottled Steam"},{"floor":24.0,"key":"Singing Bowl"},{"floor":27.0,"key":"Chameleon Ring"},{"floor":30,"key":"HornCleat"},{"floor":41,"key":"Meat on the Bone"}],"event_choices":[{"damage_healed":0.0,"max_hp_gain":5.0,"max_hp_loss":0.0,"gold_gain":0.0,"event_name":"Big Fish","player_choice":"Donut","floor":5.0,"gold_loss":0.0,"damage_taken":0.0},{"damage_healed":0.0,"max_hp_gain":0.0,"max_hp_loss":0.0,"gold_gain":0.0,"event_name":"Liars Game","player_choice":"Ignored","floor":14.0,"gold_loss":0.0,"damage_taken":0.0},{"damage_healed":0,"gold_gain":0,"player_choice":"Max HP","damage_taken":0,"max_hp_gain":0,"max_hp_loss":4,"event_name":"Winding Halls","floor":37,"gold_loss":0},{"cards_removed":["Dropkick"],"damage_healed":0,"gold_gain":0,"player_choice":"Removed Attack","damage_taken":0,"max_hp_gain":0,"max_hp_loss":0,"event_name":"Falling","floor":38,"gold_loss":0}],"is_beta":true,"boss_relics":[{"not_picked":["Painkiller Herb","Coffee Dripper"],"picked":"Runic Pyramid"},{"not_picked":["ReplayTheSpireMod:DimensionalGlitch","Astrolabe"],"picked":"Replay:Wanted Poster"}],"items_purged_floors":[7,21],"is_endless":false,"potions_floor_spawned":[3,6,10,11,13,17,19,22,24,25,26,29,30,31,34,36,39,40,41],"killed_by":"Transient","ascension_level":20}}