{"host":"test","time":1613665708,"event":{"mods":["BaseMod","Colored Map","Colored Powertips","Minty Spire (QoL Compilation)","Relic Stats","SpireBot","StSLib","Twitch Utils","ojb\u0027s Better Paths Mod","ojb\u0027s Info Mod"],"gold_per_floor":[116,116,135,22,32,65,65,95,95,120,36,71,87,97,97,170,170,187,187,199,144,170,170,211,211,211,211,236,236,274,301,301,387,387,416,441,441,140,159,193,214,214,264,298,91,117,117,139,139,139,139,139,139,10,35,35],"floor_reached":57,"language":"JPN","playtime":3348,"items_purged":["Strike_G","Strike_G","Strike_G"],"score":3014,"play_id":"11716b4e-f39a-4ac8-bd1f-c0dc51cbdce4","local_time":"20210219012828","is_ascension_mode":true,"campfire_choices":[{"data":"Catalyst","floor":7.0,"key":"SMITH"},{"data":"Catalyst","floor":15.0,"key":"SMITH"},{"floor":23.0,"key":"REST"},{"floor":25.0,"key":"REST"},{"floor":29.0,"key":"REST"},{"floor":32.0,"key":"REST"},{"floor":42.0,"key":"REST"},{"floor":47.0,"key":"RECALL"},{"floor":49.0,"key":"REST"},{"floor":53.0,"key":"REST"}],"circlet_count":0,"master_deck":["AscendersBane","Strike_G","Strike_G","Defend_G","Defend_G","Defend_G","Defend_G","Defend_G","Survivor","Neutralize","Slice","Corpse Explosion","Catalyst+1","Flying Knee","Dash","Tools of the Trade","PiercingWail","Quick Slash","Footwork","Deadly Poison","Catalyst+1","Die Die Die","Wraith Form v2","Poisoned Stab+1","Crippling Poison","Infinite Blades+1","Backflip","Calculated Gamble","Escape Plan","Blade Dance","Night Terror","Crippling Poison","Backflip+1","Catalyst","Blade Dance","Dash","Noxious Fumes+1","Blur","Well Laid Plans","Leg Sweep","Underhanded Strike"],"relics":["Ring of the Snake","Thread and Needle","PreservedInsect","StrikeDummy","Pen Nib","Kunai","Strawberry","Fusion Hammer","Enchiridion","CeramicFish","Happy Flower","Gremlin Horn","Ice Cream","Toy Ornithopter","Snecko Eye","Medical Kit","Shuriken","Oddly Smooth Stone","Membership Card","Anchor"],"acts_visited":["Exordium","TheCity","TheBeyond","TheEnding"],"potions_floor_usage":[56,56],"damage_taken":[{"damage":0.0,"enemies":"Small Slimes","floor":1.0,"turns":4.0},{"damage":0.0,"enemies":"Cultist","floor":3.0,"turns":3.0},{"damage":0.0,"enemies":"2 Louse","floor":5.0,"turns":3.0},{"damage":7.0,"enemies":"Lagavulin","floor":6.0,"turns":8.0},{"damage":4.0,"enemies":"Gremlin Nob","floor":8.0,"turns":3.0},{"damage":12.0,"enemies":"Lagavulin","floor":10.0,"turns":4.0},{"damage":0.0,"enemies":"Gremlin Nob","floor":12.0,"turns":2.0},{"damage":10.0,"enemies":"Exordium Thugs","floor":13.0,"turns":3.0},{"damage":0.0,"enemies":"Lots of Slimes","floor":14.0,"turns":4.0},{"damage":0.0,"enemies":"The Guardian","floor":16.0,"turns":5.0},{"damage":13.0,"enemies":"2 Thieves","floor":18.0,"turns":3.0},{"damage":6.0,"enemies":"Spheric Guardian","floor":20.0,"turns":5.0},{"damage":4.0,"enemies":"Shelled Parasite and Fungi","floor":22.0,"turns":4.0},{"damage":0.0,"enemies":"Slavers","floor":24.0,"turns":3.0},{"damage":3.0,"enemies":"Snecko","floor":28.0,"turns":3.0},{"damage":9.0,"enemies":"Gremlin Leader","floor":30.0,"turns":5.0},{"damage":7.0,"enemies":"Centurion and Healer","floor":31.0,"turns":2.0},{"damage":5.0,"enemies":"Automaton","floor":33.0,"turns":7.0},{"damage":0.0,"enemies":"Orb Walker","floor":35.0,"turns":3.0},{"damage":0.0,"enemies":"3 Darklings","floor":36.0,"turns":4.0},{"damage":5.0,"enemies":"Writhing Mass","floor":39.0,"turns":5.0},{"damage":0.0,"enemies":"Giant Head","floor":40.0,"turns":6.0},{"damage":15.0,"enemies":"Spire Growth","floor":41.0,"turns":4.0},{"damage":1.0,"enemies":"Nemesis","floor":44.0,"turns":10.0},{"damage":0.0,"enemies":"3 Darklings","floor":46.0,"turns":3.0},{"damage":0.0,"enemies":"Writhing Mass","floor":48.0,"turns":6.0},{"damage":22.0,"enemies":"Time Eater","floor":50.0,"turns":6.0},{"damage":11.0,"enemies":"Awakened One","floor":51.0,"turns":15.0},{"damage":34.0,"enemies":"Shield and Spear","floor":55.0,"turns":5.0},{"damage":24,"enemies":"The Heart","floor":56,"turns":7}],"seed_played":"1079060694635658283","potions_obtained":[{"floor":5.0,"key":"GamblersBrew"},{"floor":6.0,"key":"GamblersBrew"},{"floor":8.0,"key":"FearPotion"},{"floor":10.0,"key":"SpeedPotion"},{"floor":13.0,"key":"LiquidMemories"},{"floor":18.0,"key":"AttackPotion"},{"floor":20.0,"key":"Strength Potion"},{"floor":24.0,"key":"DistilledChaos"},{"floor":33.0,"key":"LiquidMemories"},{"floor":44.0,"key":"Ancient Potion"},{"floor":55.0,"key":"DuplicationPotion"}],"is_trial":false,"path_per_floor":["M","?","M","$","M","E","R","E","T","E","$","E","M","M","R","B",null,"M","?","M","?","M","R","E","R","T","T","M","R","E","M","R","B",null,"M","M","?","$","M","E","M","R","T","E","$","M","R","M","R","B","B",null,"R","$","E","B",null],"character_chosen":"THE_SILENT","items_purchased":["Flying Knee","Poison Potion","Footwork","Medical Kit","Swift Potion","Membership Card","Well Laid Plans","Leg Sweep","Underhanded Strike"],"campfire_rested":7,"item_purchase_floors":[4,4,11,38,38,45,54,54,54],"current_hp_per_floor":[59,59,59,59,59,52,52,48,48,36,36,43,33,33,33,33,59,46,25,19,19,15,35,35,55,55,55,52,67,58,51,67,62,66,66,66,66,66,61,61,46,66,66,65,65,65,65,65,67,45,34,59,67,67,38,24],"gold":35,"neow_bonus":"ONE_RARE_RELIC","is_daily":false,"chose_seed":true,"campfire_upgraded":2,"win_rate":0.0,"timestamp":1613665708,"path_taken":["M","?","M","?","M","E","R","E","T","E","$","E","M","M","R","BOSS","M","?","M","?","?","R","E","R","T","?","?","R","E","M","R","BOSS","M","M","?","$","M","E","M","R","T","E","$","M","R","M","R","BOSS","BOSS","R","$","E","BOSS"],"items_purchased_type":["Card","Potion","Card","Relic","Potion","Relic","Card","Card","Card"],"build_version":"2020-12-18","purchased_purges":3,"victory":true,"max_hp_per_floor":[60,60,60,60,60,60,60,60,60,60,60,67,67,67,67,67,67,67,67,67,67,67,67,67,67,67,67,67,67,67,67,67,67,67,67,67,67,67,67,67,67,67,67,67,67,67,67,67,67,67,67,67,67,67,67,67],"relic_stats":{"Happy Flower":[30],"Gremlin Horn":[11,11],"counters":[30,145],"CeramicFish":144,"PreservedInsect":436,"Pen Nib":[26],"Medical Kit":[13],"Shuriken":[25],"Snecko Eye":[146,145,160,156],"Kunai":[58],"obtain_stats":[{"Ice Cream":27,"Happy Flower":24,"Gremlin Horn":26,"CeramicFish":21,"Enchiridion":19,"Oddly Smooth Stone":44,"Thread and Needle":0,"PreservedInsect":6,"Pen Nib":9,"Medical Kit":38,"Anchor":55,"Shuriken":40,"Strawberry":12,"Snecko Eye":34,"Fusion Hammer":17,"Kunai":10,"Membership Card":45,"StrikeDummy":8,"Toy Ornithopter":30,"Ring of the Snake":0},{"Ice Cream":14,"Happy Flower":14,"Gremlin Horn":14,"CeramicFish":12,"Enchiridion":11,"Oddly Smooth Stone":24,"Thread and Needle":0,"PreservedInsect":4,"Pen Nib":5,"Medical Kit":20,"Anchor":29,"Shuriken":22,"Strawberry":7,"Snecko Eye":18,"Fusion Hammer":10,"Kunai":6,"Membership Card":24,"StrikeDummy":5,"Toy Ornithopter":16,"Ring of the Snake":0},{"Ice Cream":54,"Happy Flower":54,"Gremlin Horn":54,"CeramicFish":47,"Enchiridion":42,"Oddly Smooth Stone":103,"Thread and Needle":0,"PreservedInsect":18,"Pen Nib":21,"Medical Kit":78,"Anchor":138,"Shuriken":89,"Strawberry":27,"Snecko Eye":71,"Fusion Hammer":39,"Kunai":25,"Membership Card":103,"StrikeDummy":21,"Toy Ornithopter":62,"Ring of the Snake":0}],"Toy Ornithopter":15,"Ring of the Snake":[60]},"card_choices":[{"not_picked":["Deflect","Prepared"],"picked":"Slice","floor":1.0},{"not_picked":["Underhanded Strike","Dodge and Roll"],"picked":"Catalyst","floor":3.0},{"not_picked":["Heel Hook","Dodge and Roll"],"picked":"Dash","floor":5.0},{"not_picked":["Deflect","Quick Slash"],"picked":"Tools of the Trade","floor":6.0},{"not_picked":["Expertise","Acrobatics"],"picked":"PiercingWail","floor":8.0},{"not_picked":["Accuracy","Slice"],"picked":"Quick Slash","floor":10.0},{"not_picked":["Flying Knee","Heel Hook"],"picked":"Deadly Poison","floor":12.0},{"not_picked":["Blade Dance","Deadly Poison"],"picked":"Catalyst","floor":13.0},{"not_picked":["Setup","Dash"],"picked":"Die Die Die","floor":14.0},{"not_picked":["Malaise","Corpse Explosion"],"picked":"Wraith Form v2","floor":16.0},{"not_picked":["Flechettes","Outmaneuver"],"picked":"Poisoned Stab+1","floor":18.0},{"not_picked":["Bane+1","Outmaneuver"],"picked":"Crippling Poison","floor":20.0},{"not_picked":["Tools of the Trade","Dagger Spray"],"picked":"Infinite Blades+1","floor":22.0},{"not_picked":["Dodge and Roll","Storm of Steel"],"picked":"Backflip","floor":24.0},{"not_picked":["Flying Knee","Quick Slash"],"picked":"Calculated Gamble","floor":28.0},{"not_picked":["Underhanded Strike","Deflect"],"picked":"Escape Plan","floor":30.0},{"not_picked":["Backflip","Quick Slash"],"picked":"Blade Dance","floor":31.0},{"not_picked":["Unload","Tools of the Trade"],"picked":"Night Terror","floor":33.0},{"not_picked":["Deflect","Setup"],"picked":"Crippling Poison","floor":35.0},{"not_picked":["Flechettes","Bane+1"],"picked":"Backflip+1","floor":36.0},{"not_picked":["Prepared+1","Doppelganger","Deflect"],"picked":"SKIP","floor":39.0},{"not_picked":["Noxious Fumes","Expertise"],"picked":"Catalyst","floor":40.0},{"not_picked":["Poisoned Stab","Dagger Spray"],"picked":"Blade Dance","floor":41.0},{"not_picked":["Calculated Gamble","Dagger Spray+1"],"picked":"Dash","floor":44.0},{"not_picked":["Underhanded Strike","Dagger Spray"],"picked":"Noxious Fumes+1","floor":46.0},{"not_picked":["Slice+1","Flying Knee"],"picked":"Blur","floor":48.0},{"not_picked":["Underhanded Strike","Glass Knife","Caltrops"],"picked":"SKIP","floor":55.0}],"player_experience":2066918,"relics_obtained":[{"floor":6.0,"key":"PreservedInsect"},{"floor":8.0,"key":"StrikeDummy"},{"floor":9.0,"key":"Pen Nib"},{"floor":10.0,"key":"Kunai"},{"floor":12.0,"key":"Strawberry"},{"floor":19.0,"key":"Enchiridion"},{"floor":24.0,"key":"Happy Flower"},{"floor":26.0,"key":"Gremlin Horn"},{"floor":27.0,"key":"Ice Cream"},{"floor":30.0,"key":"Toy Ornithopter"},{"floor":40.0,"key":"Shuriken"},{"floor":44.0,"key":"Oddly Smooth Stone"},{"floor":55.0,"key":"Anchor"}],"event_choices":[{"damage_healed":0.0,"max_hp_gain":0.0,"max_hp_loss":0.0,"gold_gain":0.0,"event_name":"Match and Keep!","player_choice":"1 cards matched","floor":2.0,"gold_loss":0.0,"damage_taken":0.0,"cards_obtained":["Corpse Explosion"]},{"damage_healed":0.0,"max_hp_gain":0.0,"max_hp_loss":0.0,"gold_gain":0.0,"event_name":"Cursed Tome","player_choice":"Obtained Book","floor":19.0,"gold_loss":0.0,"damage_taken":21.0},{"damage_healed":0.0,"max_hp_gain":0.0,"max_hp_loss":0.0,"gold_gain":0.0,"event_name":"WeMeetAgain","player_choice":"Paid Gold","floor":21.0,"gold_loss":55.0,"damage_taken":0.0,"relics_obtained":["CeramicFish"]},{"damage_healed":0.0,"max_hp_gain":0.0,"max_hp_loss":0.0,"gold_gain":0.0,"event_name":"Tomb of Lord Red Mask","player_choice":"Ignored","floor":37.0,"gold_loss":0.0,"damage_taken":0.0}],"is_beta":true,"boss_relics":[{"not_picked":["Black Star","Calling Bell"],"picked":"Fusion Hammer"},{"not_picked":["Coffee Dripper","Runic Pyramid"],"picked":"Snecko Eye"}],"items_purged_floors":[38,45,54],"is_endless":false,"potions_floor_spawned":[5,6,8,10,13,18,20,24,33,39,40,44,46,55],"ascension_level":20}}