{"host":"oqhjdqr9xcmboomw","time":1613614707,"event":{"mods":["2.2 Compatiblity","AchievementEnabler","Act Like it!","Aspiration","BaseMod","Beaked The Cultist","Better Third Choice","Conjunction","Conspire","Disable Question Mark Monsters","Elementarium","Energized Spire","GifTheSpireLib","Halation","Hallownest","Hermit","Hubris","Infinite Spire","Jorbs\u0027s Wanderer Trilogy","Mimic Mod","Minty Spire (QoL Compilation)","Random Character Button","Rare Cards Sparkle","Replay The Spire","Spicy Shops","Spikes Relics","StSLib","Stuff the Spire","The Blackbeard","The Blue Laboratory","The Cursed","The Disciple","The Gatherer","The Hierophant","The Judge","The Mystic","The Saiyan","The Wild Card","Unceasing Turn Reminder","Wandering Minibosses"],"gold_per_floor":[118,118,118,138,138,182,204,235,279,419,431,443,455,567,579,691,703,733,759,135,150,150,150,164,292,292,292,307,257,269,397,397,499,499,509,542,566,580,580,596,728,728,751,766,894,26,40,144,144,144,144],"floor_reached":50,"language":"ENG","playtime":2790,"items_purged":["TheCursedMod:Strike_TheCursed"],"score":1112,"play_id":"4a398878-ec6a-4c48-a72c-2ac200919600","local_time":"20210217211827","is_ascension_mode":true,"campfire_choices":[{"data":"TheCursedMod:FleshFromBone","floor":11,"key":"SMITH"},{"data":"TheCursedMod:CleanUpWorkshop","floor":13,"key":"SMITH"},{"floor":15,"key":"REST"},{"floor":23,"key":"REST"},{"data":"TheCursedMod:CursedWand","floor":27,"key":"SMITH"},{"data":"TheCursedMod:Neurasthenia","floor":32,"key":"SMITH"},{"floor":42,"key":"REST"},{"floor":49,"key":"REST"}],"circlet_count":0,"master_deck":["TheCursedMod:Strike_TheCursed","TheCursedMod:Strike_TheCursed","TheCursedMod:Strike_TheCursed","TheCursedMod:Defend_TheCursed","TheCursedMod:Defend_TheCursed","TheCursedMod:Defend_TheCursed","TheCursedMod:Defend_TheCursed","TheCursedMod:CleanUpWorkshop+1","TheCursedMod:Dregs","TheCursedMod:HellsGateOpen+1","TheCursedMod:EmpowerCircles+1","TheCursedMod:FleshFromBone+1","TheCursedMod:SurpriseAttack+1","Pot Of Greed","Pot Of Greed","TheCursedMod:SurpriseAttack","TheCursedMod:LuckyCharm+1","TheCursedMod:CircleOfCorruption","TheCursedMod:CircleOfWindfury","TheCursedMod:CircleOfFlame","TheCursedMod:NeowsMight","TheCursedMod:CursedWand+1","TheCursedMod:Neurasthenia+1","TheCursedMod:VoidForm","infinitespire:Oblivion","Pot Of Greed","Dramatic Entrance"],"relics":["TheCursedMod:BlackMagic101","NeowsBlessing","CultistMask","MawBank","Bag of Preparation","StuffTheSpire:TintedRock","Chameleon Ring","Grinning Jar","Snecko Heart","Bag of Marbles","aspiration:HatOfInfinitePower","Mirror","StuffTheSpire:Mouthbags","SpikesRelics:ToyHorsey","Busted Crown","ReplayTheSpireMod:TigerMarble","Replay:Wax Seal","Simple Rune","Whetstone","halation:BlackBeret","Medical Kit","Gremlin Food","Art of War","Akabeko","SuspiciousGoo"],"acts_visited":["Exordium","TheCity","TheBeyond"],"potions_floor_usage":[7,8,14,16,21,36,41,41,41],"damage_taken":[{"damage":0,"enemies":"Small Slimes","floor":1,"turns":1},{"damage":0,"enemies":"Cultist","floor":4,"turns":1},{"damage":0,"enemies":"Gremlin Nob","floor":6,"turns":1},{"damage":4,"enemies":"Jaw Worm","floor":7,"turns":5},{"damage":7,"enemies":"Exordium Wildlife","floor":8,"turns":8},{"damage":0,"enemies":"Looter","floor":9,"turns":8},{"damage":13,"enemies":"3 Sentries","floor":10,"turns":11},{"damage":14,"enemies":"Lagavulin","floor":14,"turns":4},{"damage":36,"enemies":"Slime Boss","floor":16,"turns":13},{"damage":0,"enemies":"Chosen","floor":18,"turns":4},{"damage":9,"enemies":"Shell Parasite","floor":19,"turns":7},{"damage":25,"enemies":"Chosen and Byrds","floor":21,"turns":8},{"damage":10,"enemies":"Sentry and Sphere","floor":24,"turns":6},{"damage":5,"enemies":"Replay:Snechameleon","floor":25,"turns":5},{"damage":3,"enemies":"conspire:HollyBat","floor":28,"turns":5},{"damage":0,"enemies":"Centurion and Healer","floor":30,"turns":6},{"damage":10,"enemies":"Book of Stabbing","floor":31,"turns":6},{"damage":12,"enemies":"hubris:MusketHawk","floor":33,"turns":6},{"damage":0,"enemies":"Orb Walker","floor":35,"turns":3},{"damage":31,"enemies":"conspire:MimicChest","floor":36,"turns":6},{"damage":0,"enemies":"3 Shapes","floor":38,"turns":3},{"damage":21,"enemies":"Writhing Mass","floor":40,"turns":3},{"damage":4,"enemies":"Nemesis","floor":41,"turns":3},{"damage":0,"enemies":"Maw","floor":44,"turns":5},{"damage":7,"enemies":"Nightmare","floor":45,"turns":6},{"damage":0,"enemies":"4 Shapes","floor":47,"turns":1},{"damage":0,"enemies":"Giant Head","floor":48,"turns":6},{"damage":42,"enemies":"Time Eater","floor":50,"turns":2}],"seed_played":"6400328230063095925","potions_obtained":[{"floor":1,"key":"PowerPotion"},{"floor":6,"key":"Regen Potion"},{"floor":7,"key":"Milkshake"},{"floor":10,"key":"AttackPotion"},{"floor":14,"key":"blueLaboratory:HummingbirdPotion"},{"floor":19,"key":"blueLaboratory:TrueEctoplasm"},{"floor":31,"key":"blueLaboratory:ForbiddenFruitJuice"},{"floor":33,"key":"blueLaboratory:ForbiddenFruitJuice"},{"floor":35,"key":"EntropicBrew"},{"floor":36,"key":"SteroidPotion"},{"floor":45,"key":"FearPotion"},{"floor":48,"key":"blueLaboratory:EnragingPotion"}],"is_trial":false,"path_per_floor":["M","?","?","M","T","E","M","M","MIM","E","R","$","R","E","R","B",null,"M","M","$","M","?","R","M","E","T","R","M","?","M","E","R","B",null,"M","?","T","M","?","M","E","R","T","M","NM","$","M","E","R","B"],"character_chosen":"THE_CURSED","items_purchased":["TheCursedMod:LuckyCharm+1","TheCursedMod:CircleOfCorruption","Bag of Marbles","aspiration:HatOfInfinitePower","Medical Kit","Dramatic Entrance","Gremlin Food","Art of War","Akabeko"],"campfire_rested":4,"item_purchase_floors":[20,20,20,20,46,46,46,46,46],"current_hp_per_floor":[68,68,68,68,68,68,64,66,66,53,53,53,53,39,61,25,63,63,54,54,29,29,51,41,36,36,36,33,33,33,23,23,11,59,59,28,28,28,28,7,3,25,25,25,18,18,19,19,41,0,0],"gold":144,"neow_bonus":"THREE_ENEMY_KILL","is_daily":false,"chose_seed":false,"campfire_upgraded":4,"win_rate":0.0,"timestamp":1613614707,"path_taken":["M","?","?","M","?","E","M","M","MIM","E","R","?","R","E","R","BOSS","M","M","$","M","?","R","M","E","T","R","M","?","?","E","R","BOSS","M","?","?","M","?","M","E","R","T","M","NM","?","?","E","R","BOSS"],"items_purchased_type":["Card","Card","Relic","Relic","Relic","Card","Relic","Relic","Relic"],"build_version":"2020-12-22","purchased_purges":1,"victory":false,"max_hp_per_floor":[75,75,75,75,75,75,75,75,75,75,75,75,75,75,75,75,75,75,75,75,75,75,75,75,75,75,75,75,75,75,75,75,75,75,75,75,75,75,75,75,75,75,75,75,75,75,76,76,76,76,76],"card_choices":[{"not_picked":["TheCursedMod:CircleOfCorruption","TheCursedMod:Obscuration"],"picked":"TheCursedMod:HellsGateOpen","floor":1},{"not_picked":["TheCursedMod:SpitefulStrike","TheCursedMod:Stigma","TheCursedMod:RapidMovement"],"picked":"SKIP","floor":4},{"not_picked":["TheCursedMod:ManaCirculation","TheCursedMod:TacticalStrike"],"picked":"TheCursedMod:EmpowerCircles","floor":6},{"not_picked":["TheCursedMod:TroublousMinions","TheCursedMod:SmokeScreen"],"picked":"TheCursedMod:FleshFromBone","floor":7},{"not_picked":["TheCursedMod:SaltUponWound","TheCursedMod:VitalStrike"],"picked":"TheCursedMod:SurpriseAttack","floor":8},{"not_picked":["TheCursedMod:EmpowerCircles","TheCursedMod:CursedAmulet","TheCursedMod:CursedMace"],"picked":"SKIP","floor":10},{"not_picked":["TheCursedMod:SoulCrush","TheCursedMod:TacticalStrike","TheCursedMod:WearCloak"],"picked":"SKIP","floor":14},{"not_picked":["TheCursedMod:FuryStrike","TheCursedMod:TacticalStrike"],"picked":"TheCursedMod:SurpriseAttack","floor":18},{"not_picked":["TheCursedMod:SurpriseAttack","TheCursedMod:RapidMovement","TheCursedMod:Obscuration"],"picked":"SKIP","floor":19},{"not_picked":["TheCursedMod:CursedMace","TheCursedMod:SmokeScreen"],"picked":"TheCursedMod:CircleOfWindfury","floor":21},{"not_picked":["TheCursedMod:Stigma","TheCursedMod:WearCloak"],"picked":"TheCursedMod:CircleOfFlame","floor":24},{"not_picked":["TheCursedMod:Stretching","TheCursedMod:CursedMace"],"picked":"TheCursedMod:NeowsMight","floor":25},{"not_picked":["TheCursedMod:Evocation","TheCursedMod:CircleOfFlame","TheCursedMod:RapidMovement"],"picked":"SKIP","floor":28},{"not_picked":["TheCursedMod:TacticalStrike+1","TheCursedMod:Obscuration+1","TheCursedMod:Torture"],"picked":"SKIP","floor":30},{"not_picked":["TheCursedMod:Obscuration","TheCursedMod:CursedSpellbook"],"picked":"TheCursedMod:Neurasthenia","floor":31},{"not_picked":["TheCursedMod:CollectTribute","TheCursedMod:DemonicPact"],"picked":"TheCursedMod:VoidForm","floor":33},{"not_picked":["TheCursedMod:SpreadPlague+1"],"picked":"SKIP","floor":35},{"not_picked":["TheCursedMod:Stretching"],"picked":"SKIP","floor":38},{"not_picked":["TheCursedMod:CircleOfAmplification"],"picked":"SKIP","floor":40},{"not_picked":["TheCursedMod:CircleOfFlame"],"picked":"SKIP","floor":41},{"not_picked":["TheCursedMod:CircleOfFocus+1"],"picked":"SKIP","floor":44},{"not_picked":["ReplayTheSpireMod:Black Plague","infinitespire:Menacing"],"picked":"infinitespire:Oblivion","floor":45},{"not_picked":["TheCursedMod:RavingStaff"],"picked":"SKIP","floor":45},{"not_picked":["TheCursedMod:Obscuration+1"],"picked":"SKIP","floor":47},{"not_picked":["TheCursedMod:CursedSpellbook"],"picked":"SKIP","floor":48}],"player_experience":994902,"relics_obtained":[{"floor":5,"key":"MawBank"},{"floor":6,"key":"Bag of Preparation"},{"floor":9,"key":"StuffTheSpire:TintedRock"},{"floor":10,"key":"Chameleon Ring"},{"floor":14,"key":"Grinning Jar"},{"floor":25,"key":"Mirror"},{"floor":26,"key":"StuffTheSpire:Mouthbags"},{"floor":31,"key":"SpikesRelics:ToyHorsey"},{"floor":36,"key":"ReplayTheSpireMod:TigerMarble"},{"floor":37,"key":"Replay:Wax Seal"},{"floor":41,"key":"Simple Rune"},{"floor":43,"key":"Whetstone"},{"floor":45,"key":"halation:BlackBeret"},{"floor":48,"key":"SuspiciousGoo"}],"event_choices":[{"damage_healed":0,"gold_gain":0,"player_choice":"Forge","damage_taken":0,"max_hp_gain":0,"max_hp_loss":0,"event_name":"Accursed Blacksmith","floor":2,"gold_loss":0,"cards_upgraded":["TheCursedMod:HellsGateOpen"]},{"damage_healed":0,"gold_gain":0,"player_choice":"Trade","damage_taken":0,"relics_obtained":["CultistMask"],"max_hp_gain":0,"max_hp_loss":0,"event_name":"FaceTrader","floor":3,"gold_loss":0},{"damage_healed":0,"gold_gain":0,"player_choice":"Simplicity","damage_taken":0,"max_hp_gain":0,"max_hp_loss":7,"event_name":"betterThird:BetterWriting","floor":22,"gold_loss":0},{"damage_healed":0,"gold_gain":0,"player_choice":"Bet on Murderer","damage_taken":0,"max_hp_gain":0,"max_hp_loss":0,"event_name":"The Joust","floor":29,"gold_loss":50},{"damage_healed":0,"gold_gain":0,"player_choice":"Ignored","damage_taken":0,"max_hp_gain":0,"max_hp_loss":0,"event_name":"Tomb of Lord Red Mask","floor":39,"gold_loss":0}],"is_beta":false,"boss_relics":[{"not_picked":["halation:ForbiddenBikini","Runic Dome"],"picked":"Snecko Heart"},{"not_picked":["hubris:VirtuousBlindfold","aspiration:WatcherSkillbook"],"picked":"Busted Crown"}],"items_purged_floors":[20],"is_endless":false,"potions_floor_spawned":[1,6,7,10,14,19,31,33,35,36,40,45,48],"killed_by":"Time Eater","ascension_level":9}}