{"host":"cvdbfwtypahr1w62","time":1613686111,"event":{"mods":["AchievementEnabler","Act Like it!","BaseMod","BetterRewards","Colored Map","Filter the Spire","Hallownest","Highlight Path","Jorbs\u0027s Wanderer Trilogy","Marisa????????","Minty Spire (QoL Compilation)","Rare Cards Sparkle","Relic Stats","Shop Mod","StSLib","The Bug Knight","The Cursed"],"gold_per_floor":[366,366,386,386,399,431,431],"floor_reached":6,"language":"ENG","playtime":347,"items_purged":[],"score":46,"play_id":"97727ced-9aa8-4d3e-8456-cee091c7fd03","local_time":"20210218230830","is_ascension_mode":false,"campfire_choices":[],"circlet_count":0,"master_deck":["Strike_R","Strike_R","Strike_R+1","Strike_R","Strike_R+1","Defend_R","Defend_R","Defend_R","Defend_R","Bash","Parasite"],"relics":["Burning Blood","Smiling Mask"],"acts_visited":["Exordium"],"potions_floor_usage":[],"damage_taken":[{"damage":6,"enemies":"Hallownest:2_MossCreeps","floor":1,"turns":6},{"damage":6,"enemies":"2_ Uuma","floor":3,"turns":8},{"damage":10,"enemies":"Hallownest:monsterHuskWarrior","floor":5,"turns":3},{"damage":51,"enemies":"Hallownest:eliteCrystalGuardian","floor":6,"turns":8}],"seed_played":"-8734540438235639229","potions_obtained":[{"floor":1,"key":"PowerPotion"},{"floor":5,"key":"PowerPotion"},{"floor":6,"key":"Block Potion"}],"is_trial":false,"path_per_floor":["M","?","M","?","M","E"],"character_chosen":"IRONCLAD","items_purchased":[],"campfire_rested":0,"item_purchase_floors":[],"current_hp_per_floor":[80,70,70,70,66,21,21],"gold":431,"neow_bonus":"TWO_FIFTY_GOLD","is_daily":false,"chose_seed":false,"campfire_upgraded":0,"win_rate":0.0,"timestamp":1613686110,"path_taken":["M","?","?","?","M","E"],"items_purchased_type":[],"build_version":"2020-12-22","purchased_purges":0,"victory":false,"max_hp_per_floor":[80,80,80,80,80,80,80],"relic_stats":{"counters":[98,444],"Smiling Mask":0,"obtain_stats":[{"Gremlin Horn":0,"CeramicFish":27,"Blood Vial":0,"Strawberry":30,"MealTicket":21,"HollowMod:PaleOreRelic":24,"Girya":12,"Happy Flower":9,"Dead Branch":10,"Velvet Choker":17,"Pen Nib":9,"War Paint":26,"Akabeko":12,"Runic Dome":34,"Bottled Flame":46,"Brimstone":4,"Bird Faced Urn":7,"Black Star":17,"Lantern":26,"Hallownest:StagBellRelic1":7,"Regal Pillow":24,"Singing Bowl":9,"Black Blood":34,"Hallownest:DreamNailRelic":2,"Ancient Tea Set":43,"Smiling Mask":46,"Cursed Key":17,"Burning Blood":0,"ClockworkSouvenir":31,"Dream Catcher":24,"Nunchaku":14,"Matryoshka":26,"Pantograph":9,"Red Mask":19,"Chemical X":0,"Hallownest:TeacherSealRelic":2,"InkBottle":26,"Runic Pyramid":17,"Potion Belt":9,"Hallownest:SalubrasBlessingRelic":14,"Lee\u0027s Waffle":21,"Self Forming Clay":26,"Odd Mushroom":13,"Frozen Egg 2":43,"Turnip":14,"Art of War":9,"Membership Card":0,"Bottled Lightning":9,"FossilizedHelix":0},{"Gremlin Horn":32,"CeramicFish":78,"Blood Vial":32,"Strawberry":11,"MealTicket":74,"HollowMod:PaleOreRelic":23,"Girya":69,"Happy Flower":15,"Dead Branch":51,"Velvet Choker":71,"Pen Nib":57,"War Paint":45,"Akabeko":58,"Runic Dome":81,"Bottled Flame":31,"Brimstone":65,"Bird Faced Urn":15,"Black Star":19,"Lantern":10,"Hallownest:StagBellRelic1":35,"Regal Pillow":44,"Singing Bowl":3,"Black Blood":26,"Hallownest:DreamNailRelic":47,"Ancient Tea Set":29,"Smiling Mask":31,"Cursed Key":41,"Burning Blood":0,"ClockworkSouvenir":25,"Dream Catcher":23,"Nunchaku":59,"Matryoshka":23,"Pantograph":67,"Red Mask":8,"Chemical X":12,"Hallownest:TeacherSealRelic":33,"InkBottle":45,"Runic Pyramid":6,"Potion Belt":57,"Hallownest:SalubrasBlessingRelic":53,"Lee\u0027s Waffle":43,"Self Forming Clay":77,"Odd Mushroom":17,"Frozen Egg 2":29,"Turnip":40,"Art of War":50,"Membership Card":32,"Bottled Lightning":94,"FossilizedHelix":0},{"Gremlin Horn":140,"CeramicFish":360,"Blood Vial":140,"Strawberry":48,"MealTicket":350,"HollowMod:PaleOreRelic":100,"Girya":335,"Happy Flower":67,"Dead Branch":238,"Velvet Choker":340,"Pen Nib":272,"War Paint":203,"Akabeko":278,"Runic Dome":369,"Bottled Flame":138,"Brimstone":327,"Bird Faced Urn":67,"Black Star":82,"Lantern":44,"Hallownest:StagBellRelic1":154,"Regal Pillow":199,"Singing Bowl":9,"Black Blood":115,"Hallownest:DreamNailRelic":212,"Ancient Tea Set":125,"Smiling Mask":138,"Cursed Key":181,"Burning Blood":0,"ClockworkSouvenir":106,"Dream Catcher":100,"Nunchaku":284,"Matryoshka":100,"Pantograph":331,"Red Mask":36,"Chemical X":56,"Hallownest:TeacherSealRelic":146,"InkBottle":203,"Runic Pyramid":27,"Potion Belt":272,"Hallownest:SalubrasBlessingRelic":244,"Lee\u0027s Waffle":188,"Self Forming Clay":357,"Odd Mushroom":70,"Frozen Egg 2":125,"Turnip":177,"Art of War":230,"Membership Card":140,"Bottled Lightning":419,"FossilizedHelix":0}],"Burning Blood":566},"card_choices":[{"not_picked":["Shockwave","Havoc","Sever Soul"],"picked":"SKIP","floor":1},{"not_picked":["Warcry","Pommel Strike","Iron Wave"],"picked":"SKIP","floor":3},{"not_picked":["True Grit","Warcry","Dark Embrace"],"picked":"SKIP","floor":5}],"player_experience":798080,"relics_obtained":[{"floor":6,"key":"Smiling Mask"}],"event_choices":[],"is_beta":false,"boss_relics":[],"items_purged_floors":[],"is_endless":false,"potions_floor_spawned":[1,5,6],"killed_by":"Hallownest:eliteCrystalGuardian","ascension_level":0}}