{"host":"sxnl403xm2xmiyj1","time":1613649509,"event":{"mods":["BaseMod","Colored Map","Keyboard Shortcuts","Koishi","Minty Spire (QoL Compilation)","Quick Restart","StSLib","SuperFastMode"],"gold_per_floor":[113,129,41,41,59,59,59,59],"floor_reached":7,"language":"KOR","playtime":177,"items_purged":[],"score":66,"play_id":"50d4efc7-ab65-4269-885a-c3c5b387531b","local_time":"20210218205829","is_ascension_mode":true,"campfire_choices":[{"data":"Koishi:ReflexRadar","floor":6,"key":"SMITH"}],"circlet_count":0,"master_deck":["AscendersBane","Koishi:BasicStrike","Koishi:BasicStrike","Koishi:BasicStrike","Koishi:BasicDefend","Koishi:BasicDefend","Koishi:BasicDefend","Koishi:BasicDefend","Koishi:Provoke","Koishi:HauntingSlash","Panache","Koishi:UnansweredLove","Koishi:ReflexRadar+1","Koishi:PhantomBarrier","Koishi:YoukaiPolygraph","Koishi:RacingHeart"],"relics":["Koishi:ImaginaryFriend"],"acts_visited":["Exordium"],"potions_floor_usage":[2,7],"damage_taken":[{"damage":9,"enemies":"2 Louse","floor":1,"turns":4},{"damage":4,"enemies":"Small Slimes","floor":2,"turns":5},{"damage":0,"enemies":"Jaw Worm","floor":5,"turns":4},{"damage":27,"enemies":"Gremlin Nob","floor":7,"turns":5}],"seed_played":"-4459054290932231396","potions_obtained":[{"floor":1,"key":"ColorlessPotion"},{"floor":2,"key":"Block Potion"}],"is_trial":false,"path_per_floor":["M","M","$","?","M","R","E"],"character_chosen":"KOISHI","items_purchased":["Koishi:PhantomBarrier","Koishi:YoukaiPolygraph"],"campfire_rested":0,"item_purchase_floors":[3,3],"current_hp_per_floor":[46,44,44,37,39,39,12,12],"gold":59,"neow_bonus":"RANDOM_COLORLESS_2","is_daily":false,"chose_seed":false,"campfire_upgraded":1,"win_rate":0.0,"timestamp":1613649509,"path_taken":["M","M","$","?","M","R","E"],"items_purchased_type":["Card","Card"],"build_version":"2020-12-22","purchased_purges":0,"victory":false,"max_hp_per_floor":[54,54,54,54,54,54,54,54],"card_choices":[{"not_picked":["Secret Technique","Thinking Ahead"],"picked":"Panache","floor":0},{"not_picked":["Koishi:GeneticsOfTheUnconscious","Koishi:Bloodlust"],"picked":"Koishi:UnansweredLove","floor":1},{"not_picked":["Koishi:UnansweredLove","Koishi:FleetingPhantom"],"picked":"Koishi:ReflexRadar","floor":2},{"not_picked":["Koishi:DreadfulBlow","Koishi:YoukaiPolygraph"],"picked":"Koishi:RacingHeart","floor":5}],"player_experience":266167,"relics_obtained":[],"event_choices":[{"cards_removed":["Koishi:BasicStrike"],"damage_healed":0,"gold_gain":0,"player_choice":"Card Removal","damage_taken":7,"max_hp_gain":0,"max_hp_loss":0,"event_name":"Golden Wing","floor":4,"gold_loss":0}],"is_beta":false,"boss_relics":[],"items_purged_floors":[],"is_endless":false,"potions_floor_spawned":[1,2],"killed_by":"Gremlin Nob","ascension_level":12}}