{"host":"72n3jwtrlpjobydj","time":1613657827,"event":{"mods":["AchievementEnabler","BaseMod","CapriCore","DeckTracker","Hermit","Koishi","KomeijiMod","Lobotomy","Marisa£¨Ùöéë¡¡Øª×âÞÞ£©","Minty Spire (QoL Compilation)","Permanent Neow","StSLib","SuperFastMode","The Cursed","The Hierophant","The Immortal"],"gold_per_floor":[362,374,101,112,112,112,128,143,143,108,108,137,151,151,151,151,151],"floor_reached":16,"language":"KOR","playtime":601,"items_purged":[],"score":92,"play_id":"36b820f1-bc8f-4f49-afe5-624b7a9a243e","local_time":"20210218231707","is_ascension_mode":false,"campfire_choices":[{"floor":6,"key":"REST"},{"data":"True Grit","floor":11,"key":"SMITH"},{"data":"Blind","floor":15,"key":"SMITH"}],"circlet_count":0,"master_deck":["Strike_R","Strike_R","Strike_R","Strike_R","Strike_R","Defend_R","Defend_R","Defend_R","Defend_R","Bash","Warcry","True Grit","Shockwave","Master of Strategy","True Grit+1","Blind+1"],"relics":["Burning Blood","Question Card","Odd Mushroom"],"acts_visited":["Exordium"],"potions_floor_usage":[8,12,16],"damage_taken":[{"damage":16,"enemies":"Jaw Worm","floor":1,"turns":5},{"damage":1,"enemies":"Cultist","floor":2,"turns":3},{"damage":5,"enemies":"2 Louse","floor":4,"turns":4},{"damage":10,"enemies":"2 Fungi Beasts","floor":7,"turns":3},{"damage":19,"enemies":"Gremlin Gang","floor":8,"turns":10},{"damage":47,"enemies":"The Mushroom Lair","floor":12,"turns":7},{"damage":26,"enemies":"Large Slime","floor":13,"turns":7},{"damage":80,"enemies":"Hexaghost","floor":16,"turns":15}],"seed_played":"-1246252269055918810","potions_obtained":[{"floor":2,"key":"EssenceOfSteel"},{"floor":7,"key":"CalmPotion"},{"floor":8,"key":"FearPotion"},{"floor":13,"key":"SteroidPotion"}],"is_trial":false,"path_per_floor":["M","M","$","M","?","R","M","M","T","?","R","?","M","?","R","B"],"character_chosen":"IRONCLAD","items_purchased":["Shockwave","Master of Strategy","True Grit"],"campfire_rested":1,"item_purchase_floors":[3,3,3],"current_hp_per_floor":[46,51,51,52,52,76,72,59,59,79,79,38,18,80,80,0,0],"gold":151,"neow_bonus":"TWO_FIFTY_GOLD","is_daily":false,"chose_seed":false,"campfire_upgraded":2,"win_rate":0.0,"timestamp":1613657827,"path_taken":["M","M","$","M","?","R","?","M","T","?","R","?","M","?","R","BOSS"],"items_purchased_type":["Card","Card","Card"],"build_version":"2020-12-22","purchased_purges":0,"victory":false,"max_hp_per_floor":[80,80,80,80,80,80,80,80,80,80,80,80,80,80,80,80,80],"card_choices":[{"not_picked":["Heavy Blade","Shrug It Off"],"picked":"Warcry","floor":1},{"not_picked":["Cleave","Heavy Blade"],"picked":"True Grit","floor":2},{"not_picked":["Shrug It Off","Brutality"],"picked":"Sentinel","floor":4},{"not_picked":["Sword Boomerang","Body Slam","Wild Strike"],"picked":"SKIP","floor":7},{"not_picked":["Reckless Charge","Heavy Blade","Dual Wield"],"picked":"SKIP","floor":8},{"not_picked":["Thunderclap","Heavy Blade","Cleave","Clothesline"],"picked":"SKIP","floor":13}],"player_experience":75695,"relics_obtained":[{"floor":9,"key":"Question Card"},{"floor":12,"key":"Odd Mushroom"}],"event_choices":[{"damage_healed":0,"gold_gain":0,"player_choice":"1 cards matched","damage_taken":0,"max_hp_gain":0,"max_hp_loss":0,"event_name":"Match and Keep!","floor":5,"gold_loss":0,"cards_obtained":["Blind"]},{"damage_healed":20,"gold_gain":0,"player_choice":"Healed","damage_taken":0,"max_hp_gain":0,"max_hp_loss":0,"event_name":"The Cleric","floor":10,"gold_loss":35},{"damage_healed":0,"gold_gain":0,"player_choice":"Fought Mushrooms","damage_taken":0,"max_hp_gain":0,"max_hp_loss":0,"event_name":"Mushrooms","floor":12,"gold_loss":0},{"cards_removed":["Sentinel"],"damage_healed":62,"gold_gain":0,"player_choice":"Offered Uncommon","damage_taken":0,"max_hp_gain":0,"max_hp_loss":0,"event_name":"Bonfire Elementals","floor":14,"gold_loss":0}],"is_beta":false,"boss_relics":[],"items_purged_floors":[],"is_endless":false,"potions_floor_spawned":[2,7,8,13],"killed_by":"Hexaghost","ascension_level":0}}