{"host":"7wwmf5ihvdzput8s","time":1613675433,"event":{"mods":["BaseMod","Minty Spire (QoL Compilation)","Quick Restart","Replay The Spire","StSLib","UnlockEverythingMod"],"gold_per_floor":[110,125,189,189,189,220,250,275,275,303,330,371,412,456,456,541,541,565,145,195,218,260,297,336,374,374,408,408,434,476,527,527,645,645,667,344,413,413,413,479,479,517,543,589,634,634,666,66,66,96,106],"floor_reached":52,"language":"ZHS","playtime":1138,"items_purged":["SashWhip","LessonLearned+1"],"score":4212,"play_id":"834efd1f-bd6f-4a39-aa2b-d6f45d8cc2f4","local_time":"20210219031033","daily_mods":["SealedDeck","Vintage","Green Cards","Purple Cards","Heirloom","Time Dilation","Flight","DeadlyEvents","Elite Swarm","Lethality","Night Terrors"],"is_ascension_mode":true,"campfire_choices":[{"data":"Flex","floor":15.0,"key":"SMITH"},{"floor":32,"key":"DIG"},{"data":"Adrenaline","floor":41,"key":"SMITH"},{"floor":46,"key":"DIG"},{"floor":49,"key":"DIG"}],"circlet_count":0,"master_deck":["AscendersBane","CutThroughFate+1","Replay:Cycle+1","Consecrate+1","Heavy Blade+1","Flex+1","Sword Boomerang+1","FlyingSleeves+1","Crescendo+1","Sword Boomerang+1","Reaper+1","Adrenaline+1","Thinking Ahead"],"relics":["Unceasing Top","Ice Cream","Bag of Preparation","Replay:Accelerometer","Shovel","Vajra","Lizard Tail","CeramicFish","Replay:Bandana","PreservedInsect","Torii","StrikeDummy","StoneCalendar","SlaversCollar","Ancient Tea Set","Gambling Chip","Replay:Bottled Eggs","King of Hearts","Thread and Needle","Pondfish Scales","Du-Vu Doll","Quantum Egg","ReplayTheSpireMod:Ring of Exchange","Ring of Peace","Sundial","Meat on the Bone","Gremlin Horn","Regal Pillow","Philosopher\u0027s Stone","Question Card","Replay:Wax Seal","Medical Kit","FossilizedHelix","Peace Pipe","Garlic","Potion Belt","Replay:Baseball","Divine Protection","CaptainsWheel","Iron Hammer","Blue Candle","Bag of Marbles","Akabeko","ReplayTheSpireMod:Ninjato"],"acts_visited":["Exordium","TheCity","TheBeyond"],"potions_floor_usage":[33,33,51,51,51,51],"damage_taken":[{"damage":0.0,"enemies":"Cultist","floor":1.0,"turns":1.0},{"damage":0.0,"enemies":"Jaw Worm","floor":2.0,"turns":1.0},{"damage":0.0,"enemies":"Gremlin Nob","floor":6.0,"turns":1.0},{"damage":0.0,"enemies":"Lagavulin","floor":7.0,"turns":2.0},{"damage":0.0,"enemies":"3 Sentries","floor":8.0,"turns":2.0},{"damage":0.0,"enemies":"Gremlin Nob","floor":10.0,"turns":1.0},{"damage":0.0,"enemies":"Small Slimes","floor":11.0,"turns":1.0},{"damage":0.0,"enemies":"3 Sentries","floor":12.0,"turns":1.0},{"damage":0.0,"enemies":"Lagavulin","floor":13.0,"turns":1.0},{"damage":0.0,"enemies":"3 Sentries","floor":14.0,"turns":1.0},{"damage":0.0,"enemies":"Hexaghost","floor":16.0,"turns":2.0},{"damage":0.0,"enemies":"Shell Parasite","floor":18.0,"turns":1.0},{"damage":0.0,"enemies":"2 Thieves","floor":21.0,"turns":1.0},{"damage":0,"enemies":"Slavers","floor":22,"turns":1},{"damage":0,"enemies":"Book of Stabbing","floor":23,"turns":1},{"damage":0,"enemies":"Replay:Snechameleon","floor":24,"turns":1},{"damage":0,"enemies":"Book of Stabbing","floor":25,"turns":1},{"damage":0,"enemies":"Slavers","floor":27,"turns":1},{"damage":0,"enemies":"Shelled Parasite and Fungi","floor":29,"turns":1},{"damage":0,"enemies":"Gremlin Leader","floor":30,"turns":1},{"damage":0,"enemies":"Slavers","floor":31,"turns":1},{"damage":0,"enemies":"Pondfish","floor":33,"turns":3},{"damage":0,"enemies":"3 Shapes","floor":35,"turns":1},{"damage":0,"enemies":"2 Orb Walkers","floor":37,"turns":1},{"damage":0,"enemies":"R_Hoarder","floor":40,"turns":1},{"damage":0,"enemies":"Reptomancer","floor":42,"turns":1},{"damage":0,"enemies":"Giant Head","floor":44,"turns":1},{"damage":0,"enemies":"Reptomancer","floor":45,"turns":1},{"damage":0,"enemies":"3 Darklings","floor":47,"turns":1},{"damage":0,"enemies":"Awakened One","floor":50,"turns":2},{"damage":0,"enemies":"Time Eater","floor":51,"turns":1}],"seed_played":"4799851758731921112","potions_obtained":[{"floor":1.0,"key":"DuplicationPotion"},{"floor":2.0,"key":"Toxic Potion"},{"floor":10.0,"key":"Reflective Coating"},{"floor":16.0,"key":"Explosive Potion"},{"floor":18.0,"key":"SteroidPotion"},{"floor":24,"key":"FearPotion"},{"floor":35,"key":"SpeedPotion"},{"floor":42,"key":"Adrenaline Potion"},{"floor":44,"key":"Venom Potion"}],"is_trial":true,"path_per_floor":["M","M","?","?","?","E","E","E","T","E","M","E","E","E","R","B",null,"M","$","?","M","E","E","E","E","T","E","?","M","E","E","R","B",null,"M","$","?","?","$","E","R","E","T","E","E","R","M","$","R","B","B",null],"character_chosen":"IRONCLAD","items_purchased":["Sword Boomerang","Gambling Chip","Replay:Wax Seal","Medical Kit","Bag of Marbles","Akabeko","SteroidPotion","Thinking Ahead"],"campfire_rested":0,"item_purchase_floors":[19,19,36,36,48,48,48,48],"current_hp_per_floor":[68,68,68,68,73,73,73,73,73,73,73,73,73,73,73,73,78,78,78,78,78,78,78,78,78,78,78,78,78,78,78,78,78,80,80,80,80,80,80,80,80,80,80,80,80,80,80,80,80,80,80],"gold":106,"neow_bonus":"","is_daily":false,"chose_seed":false,"campfire_upgraded":2,"win_rate":0.0,"timestamp":1613675433,"path_taken":["M","M","?","?","?","E","E","E","T","E","?","E","?","E","R","BOSS","M","$","?","?","?","E","?","E","T","E","?","?","?","E","R","BOSS","M","$","?","?","$","E","R","?","T","E","E","R","?","$","R","BOSS","BOSS"],"items_purchased_type":["Card","Relic","Relic","Relic","Relic","Relic","Potion","Card"],"build_version":"2020-12-22","purchased_purges":2,"victory":true,"max_hp_per_floor":[75,75,75,75,80,80,80,80,80,80,80,80,80,80,80,80,80,80,80,80,80,80,80,80,80,80,80,80,80,80,80,80,80,80,80,80,80,80,80,80,80,80,80,80,80,80,80,80,80,80,80],"card_choices":[{"not_picked":["ReplayTheSpireMod:From All Sides","Berserk","Brilliance"],"picked":"SKIP","floor":6.0},{"not_picked":["Phantasmal Killer","Alpha","Exhume"],"picked":"SKIP","floor":7.0},{"not_picked":["Grand Finale","Brutality","Establishment"],"picked":"SKIP","floor":8.0},{"not_picked":["Omniscience","A Thousand Cuts","ReplayTheSpireMod:Necrosis"],"picked":"SKIP","floor":10.0},{"not_picked":["SpiritShield","Immolate","Eclipse"],"picked":"SKIP","floor":12.0},{"not_picked":["Alpha","DevaForm"],"picked":"LessonLearned","floor":13.0},{"not_picked":["ReplayTheSpireMod:Necrosis","Feed","Immolate"],"picked":"SKIP","floor":14.0},{"not_picked":["Juggernaut","Exhume","Brilliance"],"picked":"SKIP","floor":22},{"not_picked":["LessonLearned","Grand Finale","A Thousand Cuts"],"picked":"SKIP","floor":23},{"not_picked":["Fiend Fire","Scrawl","Ragnarok"],"picked":"SKIP","floor":24},{"not_picked":["Reaper","Double Tap","Malaise"],"picked":"SKIP","floor":25},{"not_picked":["Double Tap","ConjureBlade","Replay:LoomingThreat"],"picked":"SKIP","floor":27},{"not_picked":["Double Tap","ConjureBlade","Replay:LoomingThreat"],"picked":"SKIP","floor":27},{"not_picked":["Unload","Judgement","Alpha"],"picked":"SKIP","floor":30},{"not_picked":["Night Terror","Reaper","Die Die Die"],"picked":"SKIP","floor":31},{"not_picked":["Night Terror","Die Die Die"],"picked":"Reaper","floor":31},{"not_picked":["After Image","Venomology","Die Die Die"],"picked":"Adrenaline","floor":40}],"player_experience":69955,"relics_obtained":[{"floor":1.0,"key":"Bag of Preparation"},{"floor":2.0,"key":"Replay:Accelerometer"},{"floor":6.0,"key":"Shovel"},{"floor":7.0,"key":"Vajra"},{"floor":8.0,"key":"Lizard Tail"},{"floor":9.0,"key":"CeramicFish"},{"floor":10.0,"key":"Replay:Bandana"},{"floor":11.0,"key":"PreservedInsect"},{"floor":12.0,"key":"Torii"},{"floor":13.0,"key":"StrikeDummy"},{"floor":14.0,"key":"StoneCalendar"},{"floor":18.0,"key":"Ancient Tea Set"},{"floor":21.0,"key":"Replay:Bottled Eggs"},{"floor":22,"key":"King of Hearts"},{"floor":23,"key":"Thread and Needle"},{"floor":24,"key":"Pondfish Scales"},{"floor":26,"key":"Du-Vu Doll"},{"floor":27,"key":"Quantum Egg"},{"floor":28,"key":"ReplayTheSpireMod:Ring of Exchange"},{"floor":28,"key":"Ring of Peace"},{"floor":29,"key":"Sundial"},{"floor":30,"key":"Meat on the Bone"},{"floor":31,"key":"Gremlin Horn"},{"floor":32,"key":"Regal Pillow"},{"floor":35,"key":"Question Card"},{"floor":37,"key":"FossilizedHelix"},{"floor":40,"key":"Garlic"},{"floor":42,"key":"Potion Belt"},{"floor":43,"key":"Replay:Baseball"},{"floor":44,"key":"Divine Protection"},{"floor":45,"key":"CaptainsWheel"},{"floor":46,"key":"Iron Hammer"},{"floor":47,"key":"Blue Candle"},{"floor":49,"key":"ReplayTheSpireMod:Ninjato"}],"event_choices":[{"damage_healed":0.0,"max_hp_gain":0.0,"max_hp_loss":0.0,"gold_gain":64.0,"event_name":"Golden Wing","player_choice":"Gained Gold","floor":3.0,"gold_loss":0.0,"damage_taken":0.0},{"damage_healed":0.0,"max_hp_gain":0.0,"max_hp_loss":0.0,"gold_gain":0.0,"event_name":"Shining Light","player_choice":"Ignored","floor":4.0,"gold_loss":0.0,"damage_taken":0.0},{"damage_healed":0.0,"max_hp_gain":5.0,"max_hp_loss":0.0,"gold_gain":0.0,"event_name":"Big Fish","player_choice":"Donut","floor":5.0,"gold_loss":0.0,"damage_taken":0.0},{"damage_healed":0.0,"max_hp_gain":0.0,"max_hp_loss":0.0,"gold_gain":50.0,"event_name":"Golden Shrine","player_choice":"Pray","floor":20.0,"gold_loss":0.0,"damage_taken":0.0},{"damage_healed":0,"gold_gain":0,"player_choice":"Fight","damage_taken":0,"max_hp_gain":0,"max_hp_loss":0,"event_name":"Mysterious Sphere","floor":37,"gold_loss":0},{"cards_removed":["Heavy Blade"],"damage_healed":0,"gold_gain":0,"player_choice":"Gave Card","damage_taken":0,"relics_obtained":["Peace Pipe"],"max_hp_gain":0,"max_hp_loss":0,"event_name":"WeMeetAgain","floor":38,"gold_loss":0}],"is_beta":false,"boss_relics":[{"not_picked":["Ring of Chaos","Fusion Hammer"],"picked":"SlaversCollar"},{"not_picked":["ReplayTheSpireMod:DimensionalGlitch","Cursed Key"],"picked":"Philosopher\u0027s Stone"}],"items_purged_floors":[19,36],"is_endless":false,"potions_floor_spawned":[1,2,10,14,16,18,24,29,30,31,35,42,44],"ascension_level":20}}