{"host":"6bsan6hkua32tfq7","time":1613671283,"event":{"mods":["BaseMod","Better Third Choice","Colored Map","Highlight Path","Minty Spire (QoL Compilation)","StSLib"],"gold_per_floor":[114,114,134,148,148,148,175,175,175,175,210,227,237,268,268,342,342,354,162,162,175,188,188,188,188],"floor_reached":24,"language":"ENG","playtime":963,"items_purged":["Strike_B"],"score":432,"play_id":"e0758550-83e0-4023-b4ec-dfaf2f2d641c","local_time":"20210218190123","is_ascension_mode":true,"campfire_choices":[{"data":"Dualcast","floor":6.0,"key":"SMITH"},{"data":"Zap","floor":8.0,"key":"SMITH"},{"floor":10.0,"key":"REST"},{"data":"Beam Cell","floor":15.0,"key":"SMITH"},{"data":"Go for the Eyes","floor":23,"key":"SMITH"}],"circlet_count":0,"master_deck":["AscendersBane","Strike_B","Strike_B","Strike_B","Defend_B","Defend_B","Defend_B","Zap+1","Dualcast+1","Cold Snap","Conserve Battery","Beam Cell+1","BootSequence","Cold Snap","Go for the Eyes","Self Repair","Echo Form","Gash","Go for the Eyes+1"],"relics":["Cracked Core","Bronze Scales","MealTicket","Shuriken","The Courier","Pear","Sundial","Sozu","Art of War","MutagenicStrength"],"acts_visited":["Exordium","TheCity"],"potions_floor_usage":[],"damage_taken":[{"damage":1.0,"enemies":"Cultist","floor":1.0,"turns":3.0},{"damage":10.0,"enemies":"Jaw Worm","floor":3.0,"turns":3.0},{"damage":2.0,"enemies":"Small Slimes","floor":4.0,"turns":3.0},{"damage":12.0,"enemies":"3 Sentries","floor":7.0,"turns":7.0},{"damage":26.0,"enemies":"Lagavulin","floor":11.0,"turns":5.0},{"damage":1.0,"enemies":"Blue Slaver","floor":12.0,"turns":2.0},{"damage":0.0,"enemies":"Exordium Thugs","floor":13.0,"turns":4.0},{"damage":30.0,"enemies":"Gremlin Nob","floor":14.0,"turns":4.0},{"damage":25.0,"enemies":"The Guardian","floor":16.0,"turns":14.0},{"damage":0.0,"enemies":"3 Byrds","floor":18.0,"turns":4.0},{"damage":36.0,"enemies":"Chosen","floor":21.0,"turns":6.0},{"damage":8,"enemies":"Snecko","floor":22,"turns":6},{"damage":50,"enemies":"Slavers","floor":24,"turns":3}],"seed_played":"7190170953377358026","potions_obtained":[{"floor":1.0,"key":"FairyPotion"},{"floor":4.0,"key":"BlessingOfTheForge"},{"floor":7.0,"key":"Fruit Juice"},{"floor":13.0,"key":"ColorlessPotion"},{"floor":16.0,"key":"SpeedPotion"}],"is_trial":false,"path_per_floor":["M","?","M","M","T","R","E","R","T","R","E","M","M","E","R","B",null,"M","$","?","M","M","R","E"],"character_chosen":"DEFECT","items_purchased":["Art of War"],"campfire_rested":1,"item_purchase_floors":[19],"current_hp_per_floor":[63,63,53,51,51,51,39,39,39,66,50,49,49,19,19,31,72,79,86,86,57,49,49,0,0],"gold":188,"neow_bonus":"RANDOM_COMMON_RELIC","is_daily":false,"chose_seed":false,"campfire_upgraded":4,"win_rate":0.0,"timestamp":1613671283,"path_taken":["M","?","M","?","?","R","E","R","T","R","E","M","M","E","R","BOSS","M","$","?","M","M","R","E"],"items_purchased_type":["Relic"],"build_version":"2020-12-22","purchased_purges":1,"victory":false,"max_hp_per_floor":[71,71,71,71,71,71,71,71,71,76,86,86,86,86,86,86,86,86,86,86,86,86,86,86,86],"card_choices":[{"not_picked":["BootSequence","Stack"],"picked":"Cold Snap","floor":1.0},{"not_picked":["Turbo","Redo","Stack"],"picked":"SKIP","floor":3.0},{"not_picked":["Turbo","Compile Driver"],"picked":"Conserve Battery","floor":4.0},{"not_picked":["Rainbow","Auto Shields"],"picked":"Beam Cell","floor":7.0},{"not_picked":["Streamline","Leap"],"picked":"BootSequence","floor":11.0},{"not_picked":["Turbo","Aggregate"],"picked":"Cold Snap","floor":12.0},{"not_picked":["Rebound","Compile Driver"],"picked":"Go for the Eyes","floor":13.0},{"not_picked":["Blizzard","Coolheaded"],"picked":"Self Repair","floor":14.0},{"not_picked":["Hyperbeam","Multi-Cast"],"picked":"Echo Form","floor":16.0},{"not_picked":["Stack","Darkness"],"picked":"Gash","floor":18.0},{"not_picked":["Steam","Hello World"],"picked":"Go for the Eyes","floor":21},{"not_picked":["Doom and Gloom","Conserve Battery","Genetic Algorithm"],"picked":"SKIP","floor":22}],"player_experience":5429928,"relics_obtained":[{"floor":5.0,"key":"MealTicket"},{"floor":7.0,"key":"Shuriken"},{"floor":9.0,"key":"The Courier"},{"floor":11.0,"key":"Pear"},{"floor":14.0,"key":"Sundial"}],"event_choices":[{"cards_removed":["Defend_B"],"damage_healed":0.0,"max_hp_gain":0.0,"max_hp_loss":0.0,"gold_gain":0.0,"event_name":"Bonfire Elementals","player_choice":"Offered Basic","floor":2.0,"gold_loss":0.0,"damage_taken":0.0},{"damage_healed":0.0,"max_hp_gain":0.0,"max_hp_loss":0.0,"gold_gain":0.0,"event_name":"Drug Dealer","player_choice":"Inject Mutagens","floor":20.0,"gold_loss":0.0,"damage_taken":0.0,"relics_obtained":["MutagenicStrength"]}],"is_beta":false,"boss_relics":[{"not_picked":["Tiny House","Snecko Eye"],"picked":"Sozu"}],"items_purged_floors":[19],"is_endless":false,"potions_floor_spawned":[1,4,7,13,16],"killed_by":"Slavers","ascension_level":20}}