{"host":"5m2js577gj4e7pak","time":1613663890,"event":{"mods":["AchievementEnabler","Act Like it!","BaseMod","Better Match","Better Note","Better Third Choice","BetterRewards","Colored Map","Colored Powertips","Highlight Path","Lobotomy","LobotomyExtend","Minty Spire (QoL Compilation)","Quick Restart","Relic Filter","Relic Sorter","Remove Card Discount Mod","Ruina","Shop Mod","Spicy Shops","StSLib"],"gold_per_floor":[219,219,235,250,250,250,276,296,320,320,285,302,302,316,316,419,419,431,7,7,7,17,50,50,62,112,112,112,146,163,181,181,283,283,294,340,340,340,29,29,56,56,80,115,133,153,164,214,214,214],"floor_reached":51,"language":"ENG","playtime":1894,"items_purged":[],"score":1035,"play_id":"d120822e-16ff-4d80-917f-c4fb87e95667","local_time":"20210218165810","is_ascension_mode":true,"campfire_choices":[],"circlet_count":0,"master_deck":["DespairKnight","Woodsman","BigBird","SpecialBullet","SpecialBullet","SpecialBullet","SpecialBullet","SpecialBullet","SpecialBullet","SpecialBullet","ControlCode","SecurityCode","Wellcheers","WristCuter","InTheNameOfLoveAndHate","Moonlight","BeautyBeast","CUTE","BloodyDesire","WallGazer","SomewhereSpear+1","GrinderMk4","Adoration+1","OSAHOGD","Harvest","TrainingCode","Adoration+1","ShyLook","ScreamingWedge","WristCuter+1","Horn+1","Noise+1","GrinderMk4+1","WristCuter+1","Beak+1","ScreamingWedge","Penitence+1","Twilight+1","Wingbeat+1","Logging+1","Deep Breath","TT2Protocol","SomewhereSpear","WristCuter+1","SummonCall","RedEyes","WristCuter+1","WelfareCode"],"relics":["CogitoBucket","LetterFromLob","Lamp_r","Shuriken","Bag of Preparation","LuminousBracelet","Calling Bell","Centennial Puzzle","White Beast Statue","Thread and Needle","Molten Egg 2","Ornamental Fan","MagicBullet_r","Anchor","Regal Pillow","WarpedTongs","Boot","Fusion Hammer","Logging_r","BehaviorAdjustment","Prayer Wheel","Bronze Scales","War Paint","Pantograph","PreservedInsect","Mercury Hourglass","SwordSharpenedByTears_r","Ice Cream"],"acts_visited":["Exordium","TheCity","TheBeyond"],"potions_floor_usage":[4,23,23,23,25,35,35,50,50,51],"damage_taken":[{"damage":6,"enemies":"Cultist","floor":1,"turns":3},{"damage":6,"enemies":"2 Louse","floor":3,"turns":3},{"damage":60,"enemies":"Small Slimes","floor":4,"turns":7},{"damage":12,"enemies":"3 Sentries","floor":7,"turns":5},{"damage":14,"enemies":"3 Louse","floor":8,"turns":3},{"damage":0,"enemies":"Large Slime","floor":12,"turns":1},{"damage":0,"enemies":"Red Slaver","floor":14,"turns":3},{"damage":13,"enemies":"Slime Boss","floor":16,"turns":7},{"damage":2,"enemies":"Spheric Guardian","floor":18,"turns":3},{"damage":8,"enemies":"Shell Parasite","floor":22,"turns":2},{"damage":41,"enemies":"Gremlin Leader","floor":23,"turns":5},{"damage":32,"enemies":"Snake Plant","floor":25,"turns":6},{"damage":9,"enemies":"Book of Stabbing","floor":29,"turns":4},{"damage":29,"enemies":"Snecko","floor":30,"turns":5},{"damage":26,"enemies":"Cultist and Chosen","floor":31,"turns":5},{"damage":5,"enemies":"Champ","floor":33,"turns":7},{"damage":8,"enemies":"3 Shapes","floor":35,"turns":5},{"damage":17,"enemies":"2 Orb Walkers","floor":36,"turns":4},{"damage":2,"enemies":"Giant Head","floor":41,"turns":3},{"damage":0,"enemies":"Nemesis","floor":44,"turns":3},{"damage":20,"enemies":"Orb Walker","floor":45,"turns":1},{"damage":6,"enemies":"Writhing Mass","floor":46,"turns":3},{"damage":75,"enemies":"Transient","floor":47,"turns":7},{"damage":3,"enemies":"Mind Bloom Boss Battle","floor":48,"turns":3},{"damage":45,"enemies":"Donu and Deca","floor":50,"turns":7},{"damage":63,"enemies":"Malkuth","floor":51,"turns":6},{"damage":35,"enemies":"Netzach","floor":51,"turns":5}],"seed_played":"4992930155915593473","potions_obtained":[{"floor":3,"key":"DuplicationPotion"},{"floor":12,"key":"Swift Potion"},{"floor":16,"key":"EssenceOfSteel"},{"floor":18,"key":"CultistPotion"},{"floor":21,"key":"SteroidPotion"},{"floor":21,"key":"SteroidPotion"},{"floor":23,"key":"Explosive Potion"},{"floor":25,"key":"Strength Potion"},{"floor":29,"key":"Ancient Potion"},{"floor":30,"key":"GamblersBrew"},{"floor":35,"key":"CultistPotion"},{"floor":36,"key":"Weak Potion"}],"is_trial":false,"path_per_floor":["M","?","M","M","?","R","E","M","T","R","?","M","?","M","R","B",null,"M","$","M","?","M","E","R","M","T","R","?","E","M","M","R","B",null,"M","?","?","?","$","R","E","R","T","E","M","M","M","?","R","B",null],"character_chosen":"Angela","items_purchased":["Molten Egg 2","Ornamental Fan","WristCuter+1","Horn+1","Bronze Scales","War Paint"],"campfire_rested":0,"item_purchase_floors":[19,19,19,19,39,39],"current_hp_per_floor":[70,70,70,21,29,29,31,34,34,34,51,80,80,85,85,85,85,89,89,89,89,89,89,89,69,69,69,69,93,93,97,97,95,97,97,97,97,97,97,97,97,97,97,97,97,94,63,94,94,94],"gold":214,"neow_bonus":"HUNDRED_GOLD","is_daily":false,"chose_seed":false,"campfire_upgraded":0,"win_rate":0.0,"timestamp":1613663890,"path_taken":["M","?","?","M","?","R","E","M","T","R","?","M","?","?","R","BOSS","M","$","M","?","?","E","R","?","T","R","?","E","M","M","R","BOSS","M","?","?","?","?","R","E","R","T","E","M","M","M","?","R","BOSS"],"items_purchased_type":["Relic","Relic","Card","Card","Relic","Relic"],"build_version":"2020-12-22","purchased_purges":0,"victory":true,"max_hp_per_floor":[70,70,70,70,70,70,70,70,70,70,70,85,85,85,85,85,85,89,89,89,89,89,89,89,93,93,93,93,93,93,97,97,97,97,97,97,97,97,97,97,97,97,97,97,97,94,94,94,94,94],"card_choices":[{"not_picked":["Bloodbath","MHz"],"picked":"Wellcheers","floor":1},{"not_picked":["BearPaw"],"picked":"WristCuter","floor":1},{"not_picked":["Scorched","FairyFestival"],"picked":"BigBird","floor":3},{"not_picked":["Horn"],"picked":"Moonlight","floor":3},{"not_picked":["LongBird","CrumblingArmor"],"picked":"BeautyBeast","floor":4},{"not_picked":["Soda"],"picked":"CUTE","floor":4},{"not_picked":["WristCuter"],"picked":"BloodyDesire","floor":7},{"not_picked":["MeatLantern","Murderer"],"picked":"WallGazer","floor":8},{"not_picked":["Horn"],"picked":"SomewhereSpear","floor":8},{"not_picked":["SoundOfStar"],"picked":"GrinderMk4","floor":12},{"not_picked":["Murderer","SpiderBud"],"picked":"OSAHOGD","floor":14},{"not_picked":["Loneliness"],"picked":"Harvest","floor":14},{"not_picked":["DaCapo"],"picked":"Adoration","floor":16},{"not_picked":["UniverseFragment","CrumblingArmor"],"picked":"ShyLook","floor":18},{"not_picked":["BearPaw"],"picked":"ScreamingWedge","floor":18},{"not_picked":["FourthMatchFlame+1"],"picked":"Noise+1","floor":22},{"not_picked":["GoldRush+1"],"picked":"GrinderMk4+1","floor":23},{"not_picked":["GreedKing","CherryBlossoms"],"picked":"Woodsman","floor":25},{"not_picked":["Tough+1"],"picked":"WristCuter+1","floor":25},{"not_picked":["Lantern+1"],"picked":"Beak+1","floor":29},{"not_picked":["Beak+1"],"picked":"ScreamingWedge","floor":30},{"not_picked":["FairyFestival","DreamingCurrent"],"picked":"DespairKnight","floor":31},{"not_picked":["Loneliness"],"picked":"Penitence+1","floor":31},{"not_picked":["ParadiseLost+1"],"picked":"Twilight+1","floor":33},{"not_picked":["Soda+1"],"picked":"Wingbeat+1","floor":35},{"not_picked":["Gaze"],"picked":"Logging+1","floor":36},{"not_picked":["Purity"],"picked":"Deep Breath","floor":37},{"not_picked":["Discord"],"picked":"SomewhereSpear","floor":41},{"not_picked":["Horn+1"],"picked":"WristCuter+1","floor":44},{"not_picked":["Loneliness"],"picked":"RedEyes","floor":45},{"not_picked":["Loneliness"],"picked":"WristCuter+1","floor":45},{"not_picked":["CUTE+1","Noise"],"picked":"SKIP","floor":46},{"not_picked":["RedEyes+1","CENSORED_ego"],"picked":"SKIP","floor":46},{"not_picked":["RapturousDream+1","Pleasure"],"picked":"SKIP","floor":47},{"not_picked":["Laetitia_ego","Hornet+1"],"picked":"SKIP","floor":47}],"player_experience":87231,"relics_obtained":[{"floor":1,"key":"LetterFromLob"},{"floor":7,"key":"Shuriken"},{"floor":9,"key":"Bag of Preparation"},{"floor":17,"key":"Centennial Puzzle"},{"floor":17,"key":"White Beast Statue"},{"floor":17,"key":"Thread and Needle"},{"floor":23,"key":"Anchor"},{"floor":26,"key":"Regal Pillow"},{"floor":29,"key":"Boot"},{"floor":36,"key":"Prayer Wheel"},{"floor":41,"key":"Pantograph"},{"floor":43,"key":"PreservedInsect"},{"floor":44,"key":"Mercury Hourglass"},{"floor":48,"key":"Ice Cream"}],"event_choices":[{"damage_healed":0,"gold_gain":0,"cards_transformed":["InformationCode"],"player_choice":"Transformed","damage_taken":0,"max_hp_gain":0,"max_hp_loss":0,"event_name":"Transmorgrifier","floor":2,"gold_loss":0,"cards_obtained":["InTheNameOfLoveAndHate"]},{"damage_healed":17,"gold_gain":0,"player_choice":"Healed","damage_taken":0,"max_hp_gain":0,"max_hp_loss":0,"event_name":"The Cleric","floor":11,"gold_loss":35},{"cards_removed":["BigBird"],"damage_healed":0,"gold_gain":0,"player_choice":"Take \u0026 Give","damage_taken":0,"max_hp_gain":0,"max_hp_loss":0,"event_name":"betterNote:BetterNote","floor":13,"gold_loss":0,"cards_obtained":["Adoration"]},{"damage_healed":0,"gold_gain":0,"player_choice":"Got Potions","damage_taken":0,"max_hp_gain":0,"max_hp_loss":0,"event_name":"Lab","floor":21,"gold_loss":0},{"damage_healed":0,"gold_gain":0,"player_choice":"Rummage","damage_taken":0,"relics_obtained":["WarpedTongs"],"max_hp_gain":0,"max_hp_loss":0,"event_name":"Accursed Blacksmith","floor":28,"gold_loss":0,"cards_obtained":["Pain"]},{"damage_healed":0,"gold_gain":0,"player_choice":"Fight","damage_taken":0,"max_hp_gain":0,"max_hp_loss":0,"event_name":"Mysterious Sphere","floor":36,"gold_loss":0},{"damage_healed":0,"gold_gain":0,"player_choice":"Memory 1","damage_taken":0,"max_hp_gain":0,"max_hp_loss":0,"event_name":"SensoryStone","floor":37,"gold_loss":0},{"cards_removed":["SpecialBullet"],"damage_healed":0,"gold_gain":0,"player_choice":"Removed Attack","damage_taken":0,"max_hp_gain":0,"max_hp_loss":0,"event_name":"Falling","floor":38,"gold_loss":0},{"damage_healed":0,"gold_gain":0,"player_choice":"Fight","damage_taken":0,"max_hp_gain":0,"max_hp_loss":0,"event_name":"MindBloom","floor":48,"gold_loss":0}],"is_beta":false,"boss_relics":[{"not_picked":["Coffee Dripper","Black Star"],"picked":"Calling Bell"},{"not_picked":["Philosopher\u0027s Stone","Tiny House"],"picked":"Fusion Hammer"}],"items_purged_floors":[],"is_endless":false,"potions_floor_spawned":[3,12,16,18,22,23,25,29,30,31,33,35,36,41,44,45,46,47,48,51,51],"ascension_level":1}}