{"host":"wmojtwekh6s3tor5","time":1613664986,"event":{"mods":["BaseMod","Colored Map","Colored Powertips","DeckTracker","Highlight Path","Minty Spire (QoL Compilation)","Quick Restart","StSLib"],"gold_per_floor":[116,116,91,108,108,141,153,153,179,179,208,208,223,223,223,320,320,340,73,73,73,83,83,112,112,112,112,112,123,123,138,138,239,239,250,269,269,283,302,302,302,302,376,423,58,58,73,93,93,93],"floor_reached":51,"language":"ZHS","playtime":2463,"items_purged":["Strike_B+1"],"score":892,"play_id":"7b3fb856-6be2-4e08-9e7d-9ef4ae8703b8","local_time":"20210219001626","is_ascension_mode":true,"campfire_choices":[{"data":"Zap","floor":8.0,"key":"SMITH"},{"data":"Coolheaded","floor":10.0,"key":"SMITH"},{"data":"FTL","floor":12.0,"key":"SMITH"},{"floor":15.0,"key":"REST"},{"data":"Panache","floor":23.0,"key":"SMITH"},{"floor":25.0,"key":"DIG"},{"floor":32.0,"key":"REST"},{"floor":40.0,"key":"REST"},{"floor":46,"key":"REST"},{"floor":49,"key":"REST"}],"circlet_count":0,"master_deck":["Defend_B+1","Defend_B+1","Zap+1","Dualcast+1","Sunder+1","Coolheaded+1","FTL+1","Electrodynamics","Panache+1","Finesse","Necronomicurse","Static Discharge+1","Panache","Conserve Battery+1","Scrape+1"],"relics":["FrozenCore","NeowsBlessing","Juzu Bracelet","Whetstone","War Paint","MealTicket","Necronomicon","Shovel","Molten Egg 2","Blood Vial","Empty Cage","Bottled Lightning","Girya","Lantern"],"acts_visited":["Exordium","TheCity","TheBeyond"],"potions_floor_usage":[50,50],"damage_taken":[{"damage":0.0,"enemies":"Cultist","floor":1.0,"turns":1.0},{"damage":0.0,"enemies":"2 Louse","floor":4.0,"turns":1.0},{"damage":0.0,"enemies":"Lagavulin","floor":6.0,"turns":1.0},{"damage":0.0,"enemies":"Small Slimes","floor":7.0,"turns":1.0},{"damage":4.0,"enemies":"Gremlin Nob","floor":11.0,"turns":3.0},{"damage":0.0,"enemies":"Exordium Thugs","floor":13.0,"turns":3.0},{"damage":21.0,"enemies":"The Guardian","floor":16.0,"turns":11.0},{"damage":0.0,"enemies":"3 Byrds","floor":18.0,"turns":3.0},{"damage":11.0,"enemies":"2 Thieves","floor":22.0,"turns":3.0},{"damage":2.0,"enemies":"Slavers","floor":24.0,"turns":3.0},{"damage":1.0,"enemies":"3 Cultists","floor":29.0,"turns":4.0},{"damage":13.0,"enemies":"Sentry and Sphere","floor":31.0,"turns":4.0},{"damage":51.0,"enemies":"Collector","floor":33.0,"turns":8.0},{"damage":0.0,"enemies":"3 Shapes","floor":35.0,"turns":3.0},{"damage":4.0,"enemies":"Orb Walker","floor":36.0,"turns":4.0},{"damage":18.0,"enemies":"Spire Growth","floor":38.0,"turns":4.0},{"damage":6.0,"enemies":"Sphere and 2 Shapes","floor":39.0,"turns":3.0},{"damage":37.0,"enemies":"2 Orb Walkers","floor":44.0,"turns":3.0},{"damage":17,"enemies":"4 Shapes","floor":47,"turns":3},{"damage":17,"enemies":"Writhing Mass","floor":48,"turns":5},{"damage":40,"enemies":"Donu and Deca","floor":50,"turns":6}],"seed_played":"-795097580194803287","potions_obtained":[{"floor":4.0,"key":"Fire Potion"},{"floor":11.0,"key":"Dexterity Potion"},{"floor":13.0,"key":"EntropicBrew"},{"floor":22.0,"key":"FocusPotion"},{"floor":33.0,"key":"SkillPotion"},{"floor":36.0,"key":"SkillPotion"},{"floor":44,"key":"Explosive Potion"}],"is_trial":false,"path_per_floor":["M","?","$","M","?","E","M","R","T","R","E","R","M","?","R","B",null,"M","$","$","?","M","R","E","R","T","?","?","M","?","M","R","B",null,"M","M","?","M","M","R","?","?","T","?","$","R","M","M","R","B",null],"character_chosen":"DEFECT","items_purchased":["Coolheaded","Panache","Finesse","Scrape+1","Lantern","FocusPotion","Dexterity Potion"],"campfire_rested":5,"item_purchase_floors":[3,19,19,45,45,45,45],"current_hp_per_floor":[68,53,53,53,41,41,41,41,41,41,37,37,37,37,59,38,66,66,75,75,59,48,48,46,46,46,46,46,47,47,36,58,9,59,61,59,59,43,39,61,61,61,61,26,41,62,47,32,53,15],"gold":93,"neow_bonus":"THREE_ENEMY_KILL","is_daily":false,"chose_seed":false,"campfire_upgraded":4,"win_rate":0.0,"timestamp":1613664986,"path_taken":["M","?","$","M","?","E","M","R","T","R","E","R","M","?","R","BOSS","M","?","$","?","M","R","E","R","T","?","?","M","?","M","R","BOSS","M","M","?","M","M","R","?","?","T","?","?","R","M","M","R","BOSS"],"items_purchased_type":["Card","Card","Card","Card","Relic","Potion","Potion"],"build_version":"2020-12-22","purchased_purges":1,"victory":true,"max_hp_per_floor":[75,75,75,75,75,75,75,75,75,75,75,75,75,75,75,75,75,75,75,75,75,75,75,75,75,75,75,75,75,75,75,75,75,75,75,75,75,75,75,75,75,71,71,71,71,71,71,71,71,71],"card_choices":[{"not_picked":["Barrage","Hologram"],"picked":"Sunder","floor":1.0},{"not_picked":["Aggregate","Sweeping Beam","Stack"],"picked":"SKIP","floor":4.0},{"not_picked":["Barrage","Biased Cognition","Go for the Eyes"],"picked":"SKIP","floor":6.0},{"not_picked":["Self Repair","Beam Cell"],"picked":"FTL","floor":7.0},{"not_picked":["Chill","Sunder","Multi-Cast"],"picked":"SKIP","floor":11.0},{"not_picked":["Rebound","Undo","Beam Cell"],"picked":"SKIP","floor":13.0},{"not_picked":["Hyperbeam","Biased Cognition"],"picked":"Electrodynamics","floor":16.0},{"not_picked":["Stack","Sweeping Beam","Ball Lightning"],"picked":"SKIP","floor":18.0},{"not_picked":["Gash","Conserve Battery","Rebound+1"],"picked":"SKIP","floor":22.0},{"not_picked":["Hello World","Heatsinks+1","Aggregate"],"picked":"SKIP","floor":24.0},{"not_picked":["Hologram","Turbo","Doom and Gloom+1"],"picked":"SKIP","floor":29.0},{"not_picked":["Conserve Battery","Stack+1","Ball Lightning+1"],"picked":"SKIP","floor":31.0},{"not_picked":["Ball Lightning+1","Sunder+1"],"picked":"Static Discharge+1","floor":35.0},{"not_picked":["Beam Cell+1","Gash+1","Rebound+1"],"picked":"SKIP","floor":36.0},{"not_picked":["The Bomb","Violence"],"picked":"Panache","floor":37.0},{"not_picked":["Conserve Battery+1","Hologram","Leap"],"picked":"SKIP","floor":38.0},{"not_picked":["Rebound+1","Genetic Algorithm+1"],"picked":"Conserve Battery+1","floor":39.0},{"not_picked":["Turbo+1","Defragment","Undo+1"],"picked":"SKIP","floor":47},{"not_picked":["Streamline+1","Beam Cell+1","Storm+1"],"picked":"SKIP","floor":48}],"player_experience":672514,"relics_obtained":[{"floor":6.0,"key":"Whetstone"},{"floor":9.0,"key":"War Paint"},{"floor":11.0,"key":"MealTicket"},{"floor":21.0,"key":"Necronomicon"},{"floor":24.0,"key":"Shovel"},{"floor":25.0,"key":"Molten Egg 2"},{"floor":26.0,"key":"Blood Vial"},{"floor":43.0,"key":"Bottled Lightning"},{"floor":44,"key":"Girya"}],"event_choices":[{"damage_healed":0.0,"max_hp_gain":0.0,"max_hp_loss":0.0,"gold_gain":0.0,"event_name":"Shining Light","player_choice":"Entered Light","floor":2.0,"gold_loss":0.0,"damage_taken":15.0,"cards_upgraded":["Strike_B","Defend_B"]},{"damage_healed":0.0,"max_hp_gain":0.0,"max_hp_loss":0.0,"gold_gain":0.0,"event_name":"Scrap Ooze","player_choice":"Success","floor":5.0,"gold_loss":0.0,"damage_taken":12.0,"relics_obtained":["Juzu Bracelet"]},{"cards_removed":["Strike_B"],"damage_healed":0.0,"max_hp_gain":0.0,"max_hp_loss":0.0,"gold_gain":0.0,"event_name":"Bonfire Elementals","player_choice":"Offered Basic","floor":14.0,"gold_loss":0.0,"damage_taken":0.0},{"damage_healed":0.0,"max_hp_gain":0.0,"max_hp_loss":0.0,"gold_gain":0.0,"event_name":"Cursed Tome","player_choice":"Obtained Book","floor":21.0,"gold_loss":0.0,"damage_taken":16.0},{"cards_removed":["Strike_B"],"damage_healed":0.0,"max_hp_gain":0.0,"max_hp_loss":0.0,"gold_gain":0.0,"event_name":"Back to Basics","player_choice":"Elegance","floor":27.0,"gold_loss":0.0,"damage_taken":0.0},{"damage_healed":0.0,"max_hp_gain":0.0,"max_hp_loss":0.0,"gold_gain":0.0,"event_name":"Ghosts","player_choice":"Ignored","floor":28.0,"gold_loss":0.0,"damage_taken":0.0},{"damage_healed":0.0,"max_hp_gain":0.0,"max_hp_loss":0.0,"gold_gain":0.0,"event_name":"Vampires","player_choice":"Ignored","floor":30.0,"gold_loss":0.0,"damage_taken":0.0},{"damage_healed":0.0,"max_hp_gain":0.0,"max_hp_loss":0.0,"gold_gain":0.0,"event_name":"SensoryStone","player_choice":"Memory 1","floor":37.0,"gold_loss":0.0,"damage_taken":0.0},{"cards_removed":["Strike_B"],"damage_healed":0.0,"max_hp_gain":0.0,"max_hp_loss":0.0,"gold_gain":0.0,"event_name":"Falling","player_choice":"Removed Attack","floor":41.0,"gold_loss":0.0,"damage_taken":0.0},{"damage_healed":0.0,"max_hp_gain":0.0,"max_hp_loss":4.0,"gold_gain":0.0,"event_name":"Winding Halls","player_choice":"Max HP","floor":42.0,"gold_loss":0.0,"damage_taken":0.0},{"damage_healed":0.0,"max_hp_gain":0.0,"max_hp_loss":0.0,"gold_gain":0.0,"event_name":"Mysterious Sphere","player_choice":"Fight","floor":44.0,"gold_loss":0.0,"damage_taken":0.0}],"is_beta":false,"boss_relics":[{"not_picked":["Runic Pyramid","Cursed Key"],"picked":"FrozenCore"},{"not_picked":["Calling Bell","SacredBark"],"picked":"Empty Cage"}],"items_purged_floors":[45],"is_endless":false,"potions_floor_spawned":[4,11,13,22,33,36,38,44,47,48],"ascension_level":6}}