{"host":"guk5h31bsklpp7e4","time":1613638714,"event":{"mods":["AchievementEnabler","BaseMod","Colored Map","Colored Powertips","Highlight Path","Minty Spire (QoL Compilation)","Quick Restart","Rare Cards Sparkle"],"gold_per_floor":[369,77,252,252,271,271,304,304,304,378,398,55,55,90,90,188,188,207,207,227,227,152,152,182,196,196,196,8,8,40,60,60,158,158,168,1167,379,397,3,3,29,29,54,71,71,102,102,117,117,117],"floor_reached":51,"language":"ENG","playtime":3102,"items_purged":["Shame","Doubt","Normality","Defend_P"],"score":961,"play_id":"be7a6e2e-d437-47ac-808a-8121d38f0986","local_time":"20210218035834","is_ascension_mode":true,"campfire_choices":[{"data":"Vigilance","floor":6,"key":"SMITH"},{"floor":8,"key":"REST"},{"data":"TalkToTheHand","floor":13,"key":"SMITH"},{"floor":15,"key":"REST"},{"floor":23,"key":"REST"},{"floor":29,"key":"REST"},{"floor":32,"key":"REST"},{"floor":40,"key":"REST"},{"floor":45,"key":"REST"},{"floor":47,"key":"REST"},{"data":"Alpha","floor":49,"key":"SMITH"}],"circlet_count":0,"master_deck":["Strike_P","Strike_P","Defend_P","Defend_P","Eruption+1","Vigilance+1","FlyingSleeves","TalkToTheHand+1","Adaptation","Consecrate","EmptyBody","FearNoEvil","Vengeance","EmptyBody","TalkToTheHand","DevaForm","CurseOfTheBell","Consecrate+1","EmptyBody+1","MentalFortress+1","WindmillStrike","Perseverance","LikeWater","EmptyBody+1","FearNoEvil+1","Alpha+1","SignatureMove","Normality","ConjureBlade","Fasting2","Consecrate+1","TalkToTheHand","Sanctity+1","Scrawl"],"relics":["PureWater","Turnip","Question Card","Pantograph","Shuriken","Strawberry","Calling Bell","Meat on the Bone","Ice Cream","Juzu Bracelet","HornCleat","Pen Nib","Anchor","Girya","Philosopher\u0027s Stone","TeardropLocket","Pear","Bottled Tornado","Frozen Egg 2","Akabeko","Bag of Marbles"],"acts_visited":["Exordium","TheCity","TheBeyond"],"potions_floor_usage":[11,20,24,24,33,38,46,50],"damage_taken":[{"damage":3,"enemies":"2 Louse","floor":1,"turns":4},{"damage":1,"enemies":"Cultist","floor":5,"turns":3},{"damage":31,"enemies":"3 Sentries","floor":7,"turns":7},{"damage":0,"enemies":"Jaw Worm","floor":11,"turns":2},{"damage":7,"enemies":"Gremlin Nob","floor":14,"turns":4},{"damage":18,"enemies":"Slime Boss","floor":16,"turns":7},{"damage":2,"enemies":"Chosen","floor":18,"turns":4},{"damage":16,"enemies":"Spheric Guardian","floor":20,"turns":4},{"damage":8,"enemies":"Gremlin Leader","floor":24,"turns":4},{"damage":0,"enemies":"Snecko","floor":25,"turns":8},{"damage":22,"enemies":"Book of Stabbing","floor":30,"turns":6},{"damage":5,"enemies":"Snake Plant","floor":31,"turns":5},{"damage":6,"enemies":"Collector","floor":33,"turns":12},{"damage":16,"enemies":"Orb Walker","floor":35,"turns":5},{"damage":15,"enemies":"3 Darklings","floor":38,"turns":5},{"damage":36,"enemies":"Nemesis","floor":41,"turns":10},{"damage":11,"enemies":"Spire Growth","floor":44,"turns":4},{"damage":29,"enemies":"Giant Head","floor":46,"turns":8},{"damage":0,"enemies":"Maw","floor":48,"turns":6},{"damage":61,"enemies":"Donu and Deca","floor":50,"turns":8}],"seed_played":"-4524769460854708009","potions_obtained":[{"floor":7,"key":"SteroidPotion"},{"floor":14,"key":"Ambrosia"},{"floor":18,"key":"DistilledChaos"},{"floor":20,"key":"PowerPotion"},{"floor":31,"key":"Dexterity Potion"},{"floor":33,"key":"BlessingOfTheForge"},{"floor":35,"key":"Regen Potion"},{"floor":46,"key":"Swift Potion"}],"is_trial":false,"path_per_floor":["M","$","?","?","M","R","E","R","T","T","M","$","R","E","R","B",null,"M","?","M","?","?","R","E","M","T","?","$","R","E","M","R","B",null,"M","?","$","M","$","R","E","?","T","M","R","E","R","M","R","B",null],"character_chosen":"WATCHER","items_purchased":["TalkToTheHand","Adaptation","Consecrate","EmptyBody","Shuriken","Anchor","LikeWater","TeardropLocket","Pear","ConjureBlade","Fasting2","Bottled Tornado"],"campfire_rested":8,"item_purchase_floors":[2,2,2,2,12,28,28,37,37,37,37,39],"current_hp_per_floor":[69,69,69,69,68,68,37,58,58,58,58,58,58,58,79,61,79,77,62,46,46,46,71,63,63,63,63,63,84,62,57,82,78,84,68,68,78,77,77,94,58,58,58,59,87,58,86,86,86,45],"gold":117,"neow_bonus":"TWO_FIFTY_GOLD","is_daily":false,"chose_seed":false,"campfire_upgraded":3,"win_rate":0.0,"timestamp":1613638714,"path_taken":["M","$","?","?","?","R","E","R","T","?","?","$","R","E","R","BOSS","M","?","M","?","?","R","E","M","T","?","?","R","E","M","R","BOSS","M","?","$","M","$","R","E","?","T","M","R","E","R","M","R","BOSS"],"items_purchased_type":["Card","Card","Card","Card","Relic","Relic","Card","Relic","Relic","Card","Card","Relic"],"build_version":"2020-12-22","purchased_purges":4,"victory":true,"max_hp_per_floor":[72,72,72,72,72,72,72,72,72,72,72,72,72,79,79,79,79,79,84,84,84,84,84,84,84,84,84,84,84,84,84,84,84,84,84,84,94,94,94,94,94,94,94,94,94,94,94,94,94,94],"card_choices":[{"not_picked":["CutThroughFate","WheelKick"],"picked":"FlyingSleeves","floor":1},{"not_picked":["Evaluate","JustLucky"],"picked":"FearNoEvil","floor":5},{"not_picked":["CarveReality","EmptyFist"],"picked":"Vengeance","floor":7},{"not_picked":["CarveReality","Fasting2","Consecrate"],"picked":"EmptyBody","floor":11},{"not_picked":["EmptyMind","Collect","Evaluate"],"picked":"TalkToTheHand","floor":14},{"not_picked":["Devotion","Omniscience","MasterReality"],"picked":"DevaForm","floor":16},{"not_picked":["Fasting2","PathToVictory","BowlingBash"],"picked":"Consecrate+1","floor":18},{"not_picked":["CutThroughFate","EmptyMind","FlyingSleeves"],"picked":"EmptyBody+1","floor":20},{"not_picked":["WreathOfFlame","FlurryOfBlows","Worship"],"picked":"MentalFortress+1","floor":24},{"not_picked":["EmptyBody","Perseverance","CrushJoints","Protect+1"],"picked":"SKIP","floor":25},{"not_picked":["PathToVictory","WheelKick+1","EmptyFist"],"picked":"EmptyBody+1","floor":30},{"not_picked":["Conclude","CutThroughFate","SashWhip"],"picked":"FearNoEvil+1","floor":31},{"not_picked":["DeusExMachina","Brilliance","DevaForm"],"picked":"Alpha","floor":33},{"not_picked":["EmptyFist","ThirdEye","Tantrum+1"],"picked":"SignatureMove","floor":35},{"not_picked":["JustLucky","FollowUp+1","ReachHeaven","Tantrum+1"],"picked":"SKIP","floor":38},{"not_picked":["Adaptation+1","FlyingSleeves+1","WheelKick"],"picked":"Consecrate+1","floor":41},{"not_picked":["Evaluate","SandsOfTime","CarveReality+1"],"picked":"TalkToTheHand","floor":44},{"not_picked":["BowlingBash","CutThroughFate+1","Wallop"],"picked":"Sanctity+1","floor":46},{"not_picked":["FlyingSleeves","CarveReality+1","Protect+1"],"picked":"Scrawl","floor":48}],"player_experience":356189,"relics_obtained":[{"floor":7,"key":"Turnip"},{"floor":9,"key":"Question Card"},{"floor":10,"key":"Pantograph"},{"floor":14,"key":"Strawberry"},{"floor":17,"key":"Meat on the Bone"},{"floor":17,"key":"Ice Cream"},{"floor":17,"key":"Juzu Bracelet"},{"floor":24,"key":"HornCleat"},{"floor":26,"key":"Pen Nib"},{"floor":30,"key":"Girya"},{"floor":41,"key":"Frozen Egg 2"},{"floor":43,"key":"Akabeko"},{"floor":46,"key":"Bag of Marbles"}],"event_choices":[{"damage_healed":0,"gold_gain":175,"player_choice":"AGREE","damage_taken":0,"max_hp_gain":0,"max_hp_loss":0,"event_name":"Liars Game","floor":3,"gold_loss":0,"cards_obtained":["Doubt"]},{"damage_healed":0,"gold_gain":0,"player_choice":"Forge","damage_taken":0,"max_hp_gain":0,"max_hp_loss":0,"event_name":"Accursed Blacksmith","floor":4,"gold_loss":0,"cards_upgraded":["Eruption"]},{"damage_healed":0,"gold_gain":0,"player_choice":"Shed Blood","damage_taken":20,"max_hp_gain":5,"max_hp_loss":0,"event_name":"Forgotten Altar","floor":19,"gold_loss":0},{"damage_healed":0,"gold_gain":0,"player_choice":"Ignored","damage_taken":0,"max_hp_gain":0,"max_hp_loss":0,"event_name":"Vampires","floor":21,"gold_loss":0},{"cards_removed":["Strike_P"],"damage_healed":0,"gold_gain":0,"player_choice":"Gave Gold","damage_taken":0,"max_hp_gain":0,"max_hp_loss":0,"event_name":"Beggar","floor":22,"gold_loss":75},{"damage_healed":0,"gold_gain":0,"cards_transformed":["Defend_P","Strike_P"],"player_choice":"Became Test Subject","damage_taken":0,"max_hp_gain":0,"max_hp_loss":0,"event_name":"Drug Dealer","floor":27,"gold_loss":0,"cards_obtained":["WindmillStrike","Perseverance"]},{"damage_healed":0,"gold_gain":999,"player_choice":"Gold","damage_taken":0,"max_hp_gain":0,"max_hp_loss":0,"event_name":"MindBloom","floor":36,"gold_loss":0,"cards_obtained":["Normality","Normality"]},{"damage_healed":0,"gold_gain":0,"player_choice":"Ignored","damage_taken":0,"max_hp_gain":0,"max_hp_loss":0,"event_name":"Mysterious Sphere","floor":42,"gold_loss":0}],"is_beta":false,"boss_relics":[{"not_picked":["Sozu","Snecko Eye"],"picked":"Calling Bell"},{"not_picked":["Cursed Key","Fusion Hammer"],"picked":"Philosopher\u0027s Stone"}],"items_purged_floors":[2,12,37,39],"is_endless":false,"potions_floor_spawned":[7,14,18,20,31,33,35,46],"ascension_level":4}}