{"host":"uod8ea48n93qw90p","time":1613612559,"event":{"mods":["AchievementEnabler","BaseMod","Highlight Path","Minty Spire (QoL Compilation)","Relic Stats","StSLib","ojb\u0027s Info Mod"],"gold_per_floor":[57,57,88,88,128,128,158,158,232,278,297,297,351,351,351,427,427,465,498,423,423,482,482,492,546,546,546,599,659,3,3,3],"floor_reached":31,"language":"ENG","playtime":1493,"items_purged":[],"score":609,"play_id":"f9bb394a-4de1-433a-ad84-e8dca5093c46","local_time":"20210217194239","is_ascension_mode":true,"campfire_choices":[{"data":"Wild Strike","floor":6.0,"key":"SMITH"},{"data":"Bash","floor":8.0,"key":"SMITH"},{"floor":15.0,"key":"REST"},{"floor":23.0,"key":"REST"},{"data":"Uppercut","floor":27.0,"key":"SMITH"}],"circlet_count":0,"master_deck":["AscendersBane","Strike_R","Strike_R","Strike_R","Defend_R","Defend_R","Defend_R","Defend_R","Bash+1","HandOfGreed","Wild Strike+1","Burning Pact","Cleave","Thunderclap","Battle Trance+1","Flame Barrier","Anger","Offering","Disarm","Uppercut+1","Writhe","True Grit+1","Corruption","Disarm","Reaper","Shrug It Off","Shockwave","Evolve"],"relics":["Burning Blood","Nunchaku","Singing Bowl","Red Skull","Velvet Choker","Letter Opener","Pear","Juzu Bracelet","Pantograph","Orrery"],"acts_visited":["Exordium","TheCity"],"potions_floor_usage":[31],"damage_taken":[{"damage":3.0,"enemies":"2 Louse","floor":1.0,"turns":4.0},{"damage":9.0,"enemies":"Jaw Worm","floor":3.0,"turns":5.0},{"damage":2.0,"enemies":"Cultist","floor":5.0,"turns":4.0},{"damage":33.0,"enemies":"Lagavulin","floor":7.0,"turns":7.0},{"damage":35.0,"enemies":"3 Sentries","floor":10.0,"turns":8.0},{"damage":11.0,"enemies":"Blue Slaver","floor":11.0,"turns":3.0},{"damage":9.0,"enemies":"3 Louse","floor":13.0,"turns":4.0},{"damage":1.0,"enemies":"Slime Boss","floor":16.0,"turns":5.0},{"damage":20.0,"enemies":"Spheric Guardian","floor":18.0,"turns":5.0},{"damage":12.0,"enemies":"Chosen","floor":19.0,"turns":5.0},{"damage":30.0,"enemies":"Shelled Parasite and Fungi","floor":22.0,"turns":4.0},{"damage":19.0,"enemies":"Snecko","floor":24.0,"turns":5.0},{"damage":6.0,"enemies":"Gremlin Leader","floor":25.0,"turns":4.0},{"damage":19.0,"enemies":"Centurion and Healer","floor":28.0,"turns":6.0},{"damage":28.0,"enemies":"Cultist and Chosen","floor":29.0,"turns":7.0},{"damage":54,"enemies":"Slavers","floor":31,"turns":3}],"seed_played":"-8012274134425715817","potions_obtained":[{"floor":5.0,"key":"EssenceOfSteel"},{"floor":10.0,"key":"Block Potion"},{"floor":11.0,"key":"Ancient Potion"},{"floor":13.0,"key":"Weak Potion"},{"floor":22.0,"key":"BloodPotion"},{"floor":25.0,"key":"Ancient Potion"}],"is_trial":false,"path_per_floor":["M","?","M","?","M","R","E","R","T","E","M","?","M","?","R","B",null,"M","M","?","?","M","R","M","E","T","R","M","M","$","E"],"character_chosen":"IRONCLAD","items_purchased":["Pantograph","Reaper","Shrug It Off","Orrery"],"campfire_rested":2,"item_purchase_floors":[30,30,30,30],"current_hp_per_floor":[71,71,68,68,72,72,45,45,45,16,11,11,8,8,30,35,65,51,45,45,45,23,46,35,62,62,62,49,27,33,0,0],"gold":3,"neow_bonus":"RANDOM_COLORLESS_2","is_daily":false,"chose_seed":false,"campfire_upgraded":3,"win_rate":0.0,"timestamp":1613612559,"path_taken":["M","?","M","?","M","R","E","R","T","E","M","?","?","?","R","BOSS","M","M","?","?","M","R","M","E","T","R","M","M","$","E"],"items_purchased_type":["Relic","Card","Card","Relic"],"build_version":"2020-12-22","purchased_purges":0,"victory":false,"max_hp_per_floor":[75,75,75,75,75,75,75,75,75,75,75,75,75,75,75,75,75,75,75,75,75,77,77,79,89,89,89,89,89,95,95,95],"relic_stats":{"Nunchaku":[10],"Singing Bowl":10,"counters":[16,79],"Pantograph":0,"Juzu Bracelet":0,"Letter Opener":[35],"obtain_stats":[{"Nunchaku":7,"Pear":25,"Singing Bowl":9,"Pantograph":30,"Velvet Choker":17,"Orrery":30,"Juzu Bracelet":26,"Letter Opener":21,"Burning Blood":0,"Red Skull":10},{"Nunchaku":4,"Pear":13,"Singing Bowl":4,"Pantograph":15,"Velvet Choker":8,"Orrery":15,"Juzu Bracelet":13,"Letter Opener":10,"Burning Blood":0,"Red Skull":5},{"Nunchaku":20,"Pear":63,"Singing Bowl":20,"Pantograph":76,"Velvet Choker":40,"Orrery":76,"Juzu Bracelet":63,"Letter Opener":50,"Burning Blood":0,"Red Skull":28}],"Burning Blood":90},"card_choices":[{"not_picked":["The Bomb","Panache"],"picked":"HandOfGreed","floor":0.0},{"not_picked":["Headbutt","Fire Breathing"],"picked":"Wild Strike","floor":1.0},{"not_picked":["Havoc","True Grit"],"picked":"Burning Pact","floor":3.0},{"not_picked":["Wild Strike","Berserk"],"picked":"Cleave","floor":5.0},{"not_picked":["Shrug It Off","Cleave"],"picked":"Thunderclap","floor":7.0},{"not_picked":["Hemokinesis","Second Wind"],"picked":"Battle Trance","floor":10.0},{"not_picked":["Flex","Wild Strike"],"picked":"Flame Barrier","floor":11.0},{"not_picked":["Pommel Strike","Cleave"],"picked":"Anger","floor":13.0},{"not_picked":["Immolate","Feed"],"picked":"Offering","floor":16.0},{"not_picked":["Spot Weakness","Twin Strike"],"picked":"Disarm","floor":18.0},{"not_picked":["Anger","Inflame"],"picked":"Uppercut","floor":19.0},{"not_picked":["Body Slam","Anger","Heavy Blade"],"picked":"Singing Bowl","floor":22.0},{"not_picked":["Uppercut","Iron Wave","Wild Strike"],"picked":"Singing Bowl","floor":24.0},{"not_picked":["Heavy Blade","Clothesline"],"picked":"True Grit+1","floor":25.0},{"not_picked":["True Grit","Twin Strike"],"picked":"Corruption","floor":28.0},{"not_picked":["Cleave+1","Warcry+1"],"picked":"Disarm","floor":29.0},{"not_picked":["Rupture","Combust"],"picked":"Shockwave","floor":30},{"not_picked":["Anger","Wild Strike"],"picked":"Evolve","floor":30},{"not_picked":["Feed","Clash","Carnage"],"picked":"Singing Bowl","floor":30},{"not_picked":["Evolve","Clash","Wild Strike"],"picked":"Singing Bowl","floor":30},{"not_picked":["Clash","Cleave","Wild Strike"],"picked":"Singing Bowl","floor":30}],"player_experience":141923,"relics_obtained":[{"floor":7.0,"key":"Nunchaku"},{"floor":9.0,"key":"Singing Bowl"},{"floor":10.0,"key":"Red Skull"},{"floor":25.0,"key":"Pear"},{"floor":26.0,"key":"Juzu Bracelet"}],"event_choices":[{"damage_healed":0.0,"max_hp_gain":0.0,"max_hp_loss":0.0,"gold_gain":0.0,"event_name":"The Cleric","player_choice":"Leave","floor":2.0,"gold_loss":0.0,"damage_taken":0.0},{"damage_healed":0.0,"max_hp_gain":0.0,"max_hp_loss":0.0,"gold_gain":0.0,"event_name":"Liars Game","player_choice":"Ignored","floor":4.0,"gold_loss":0.0,"damage_taken":0.0},{"cards_removed":["Strike_R"],"damage_healed":0.0,"max_hp_gain":0.0,"max_hp_loss":0.0,"gold_gain":0.0,"event_name":"Purifier","player_choice":"Purged","floor":12.0,"gold_loss":0.0,"damage_taken":0.0},{"damage_healed":0.0,"max_hp_gain":0.0,"max_hp_loss":0.0,"gold_gain":0.0,"event_name":"Living Wall","player_choice":"Grow","floor":14.0,"gold_loss":0.0,"damage_taken":0.0,"cards_upgraded":["Battle Trance"]},{"cards_removed":["Strike_R"],"damage_healed":0.0,"max_hp_gain":0.0,"max_hp_loss":0.0,"gold_gain":0.0,"event_name":"Beggar","player_choice":"Gave Gold","floor":20.0,"gold_loss":75.0,"damage_taken":0.0},{"damage_healed":0.0,"max_hp_gain":0.0,"max_hp_loss":0.0,"gold_gain":0.0,"event_name":"The Mausoleum","player_choice":"Opened","floor":21.0,"gold_loss":0.0,"damage_taken":0.0,"relics_obtained":["Letter Opener"],"cards_obtained":["Writhe"]}],"is_beta":false,"boss_relics":[{"not_picked":["SlaversCollar","Black Blood"],"picked":"Velvet Choker"}],"items_purged_floors":[],"is_endless":false,"potions_floor_spawned":[5,10,11,13,18,22,25],"killed_by":"Slavers","ascension_level":20}}