{"host":"2lo6hma6kymb0g9i","time":1613667474,"event":{"mods":["BaseMod","Colored Map","DeckTracker","Minty Spire (QoL Compilation)"],"gold_per_floor":[109,127,46,46,121,121,154,154,154,180,194,74,74,99,99,176,176,195,195,138,138,138,138,109,142,142,142,153,53,65,96,96,96,96],"floor_reached":33,"language":"JPN","playtime":1734,"items_purged":["Strike_R","Strike_R"],"score":598,"play_id":"917f074e-29d8-40ac-b5d7-ead8046b41ec","local_time":"20210219015754","is_ascension_mode":true,"campfire_choices":[{"data":"Bash","floor":6.0,"key":"SMITH"},{"data":"Blood for Blood","floor":8.0,"key":"SMITH"},{"data":"True Grit","floor":15.0,"key":"SMITH"},{"floor":23.0,"key":"REST"},{"data":"Infernal Blade","floor":27,"key":"SMITH"},{"data":"Shrug It Off","floor":32,"key":"SMITH"}],"circlet_count":0,"master_deck":["AscendersBane","Strike_R","Defend_R","Defend_R","Defend_R","Defend_R","Bash+1","Power Through","Feel No Pain","Blood for Blood+1","True Grit+1","Disarm","Carnage+1","Juggernaut","Infernal Blade+1","Shrug It Off+1","Iron Wave","Pummel+1","Heavy Blade"],"relics":["Busted Crown","Shuriken","Self Forming Clay","Meat on the Bone","Oddly Smooth Stone","Empty Cage","Enchiridion","Gambling Chip","Bottled Flame","Pear"],"acts_visited":["Exordium","TheCity"],"potions_floor_usage":[25,30,31,33],"damage_taken":[{"damage":5.0,"enemies":"2 Louse","floor":1.0,"turns":3.0},{"damage":0.0,"enemies":"Jaw Worm","floor":2.0,"turns":2.0},{"damage":26.0,"enemies":"Lagavulin","floor":7.0,"turns":9.0},{"damage":8.0,"enemies":"Gremlin Nob","floor":10.0,"turns":3.0},{"damage":1.0,"enemies":"Cultist","floor":11.0,"turns":4.0},{"damage":3.0,"enemies":"3 Sentries","floor":14.0,"turns":16.0},{"damage":26.0,"enemies":"The Guardian","floor":16.0,"turns":11.0},{"damage":0.0,"enemies":"Chosen","floor":18.0,"turns":4.0},{"damage":11.0,"enemies":"2 Thieves","floor":24.0,"turns":4.0},{"damage":26,"enemies":"Gremlin Leader","floor":25,"turns":9},{"damage":8,"enemies":"Snecko","floor":28,"turns":4},{"damage":19,"enemies":"Cultist and Chosen","floor":30,"turns":6},{"damage":15,"enemies":"Book of Stabbing","floor":31,"turns":4},{"damage":36,"enemies":"Champ","floor":33,"turns":14}],"seed_played":"1882812102379118636","potions_obtained":[{"floor":1.0,"key":"Strength Potion"},{"floor":11.0,"key":"BlessingOfTheForge"},{"floor":14.0,"key":"BlessingOfTheForge"},{"floor":24.0,"key":"Energy Potion"},{"floor":28,"key":"ElixirPotion"},{"floor":30,"key":"Energy Potion"}],"is_trial":false,"path_per_floor":["M","M","$","?","?","R","E","R","T","E","M","$","?","E","R","B",null,"M","?","$","?","?","R","M","E","T","R","M","$","M","E","R","B"],"character_chosen":"IRONCLAD","items_purchased":["Feel No Pain","Carnage","Shrug It Off"],"campfire_rested":1,"item_purchase_floors":[3,12,20],"current_hp_per_floor":[63,63,63,63,52,52,26,26,26,18,29,29,29,38,38,24,62,62,41,41,20,20,44,45,31,31,31,35,35,28,35,35,0,0],"gold":96,"neow_bonus":"BOSS_RELIC","is_daily":false,"chose_seed":false,"campfire_upgraded":5,"win_rate":0.0,"timestamp":1613667474,"path_taken":["M","M","$","?","?","R","E","R","T","E","M","$","?","E","R","BOSS","M","?","$","?","?","R","M","E","T","R","M","$","?","E","R","BOSS"],"items_purchased_type":["Card","Card","Card"],"build_version":"2020-12-22","purchased_purges":2,"victory":false,"max_hp_per_floor":[75,75,75,75,75,75,75,75,75,75,75,75,75,75,75,75,75,75,75,75,80,80,80,80,80,80,80,80,80,80,90,90,90,90],"card_choices":[{"not_picked":[],"picked":"Power Through","floor":1.0},{"not_picked":["Clash"],"picked":"SKIP","floor":2.0},{"not_picked":[],"picked":"Blood for Blood","floor":7.0},{"not_picked":[],"picked":"True Grit","floor":10.0},{"not_picked":[],"picked":"Disarm","floor":11.0},{"not_picked":["Perfected Strike"],"picked":"SKIP","floor":14.0},{"not_picked":[],"picked":"Juggernaut","floor":16.0},{"not_picked":[],"picked":"Infernal Blade","floor":18.0},{"not_picked":[],"picked":"Iron Wave","floor":24.0},{"not_picked":["Anger"],"picked":"SKIP","floor":25},{"not_picked":["Thunderclap"],"picked":"SKIP","floor":28},{"not_picked":[],"picked":"Pummel+1","floor":30},{"not_picked":[],"picked":"Heavy Blade","floor":31}],"player_experience":1219987,"relics_obtained":[{"floor":7.0,"key":"Shuriken"},{"floor":9.0,"key":"Self Forming Clay"},{"floor":10.0,"key":"Meat on the Bone"},{"floor":14.0,"key":"Oddly Smooth Stone"},{"floor":19.0,"key":"Enchiridion"},{"floor":25,"key":"Gambling Chip"},{"floor":26,"key":"Bottled Flame"},{"floor":31,"key":"Pear"}],"event_choices":[{"damage_healed":0.0,"max_hp_gain":0.0,"max_hp_loss":0.0,"gold_gain":0.0,"event_name":"Liars Game","player_choice":"Ignored","floor":4.0,"gold_loss":0.0,"damage_taken":0.0},{"damage_healed":0.0,"max_hp_gain":0.0,"max_hp_loss":0.0,"gold_gain":75.0,"event_name":"World of Goop","player_choice":"Gather Gold","floor":5.0,"gold_loss":0.0,"damage_taken":11.0},{"damage_healed":0.0,"max_hp_gain":0.0,"max_hp_loss":0.0,"gold_gain":0.0,"event_name":"Upgrade Shrine","player_choice":"Upgraded","floor":13.0,"gold_loss":0.0,"damage_taken":0.0,"cards_upgraded":["Carnage"]},{"damage_healed":0.0,"max_hp_gain":0.0,"max_hp_loss":0.0,"gold_gain":0.0,"event_name":"Cursed Tome","player_choice":"Obtained Book","floor":19.0,"gold_loss":0.0,"damage_taken":21.0},{"damage_healed":0.0,"max_hp_gain":5.0,"max_hp_loss":0.0,"gold_gain":0.0,"event_name":"Forgotten Altar","player_choice":"Shed Blood","floor":21.0,"gold_loss":0.0,"damage_taken":26.0},{"damage_healed":0.0,"max_hp_gain":0.0,"max_hp_loss":0.0,"gold_gain":0.0,"event_name":"The Mausoleum","player_choice":"Ignored","floor":22.0,"gold_loss":0.0,"damage_taken":0.0}],"is_beta":false,"boss_relics":[{"not_picked":["Calling Bell","SlaversCollar"],"picked":"Empty Cage"}],"items_purged_floors":[12,29],"is_endless":false,"potions_floor_spawned":[1,11,14,24,28,30],"killed_by":"Champ","ascension_level":20}}