{"host":"tlbbab9afexrkdtf","time":1613610702,"event":{"mods":["2.2 Compatiblity","AchievementEnabler","BaseMod","Colored Map","Colored Powertips","Minty Spire (QoL Compilation)","Rare Cards Sparkle","StSLib"],"gold_per_floor":[110,110,110,110,38,38,79,79,79,97,140,315,338,363,363,482,482,505,505,521,559,327,327,348,447,474,474,487,9,9,9,9,9,9],"floor_reached":33,"language":"ENG","playtime":739,"items_purged":["Doubt"],"score":314,"play_id":"3b853f64-0e25-4958-9803-7594aef9e007","local_time":"20210217201142","is_ascension_mode":true,"campfire_choices":[{"floor":6,"key":"RECALL"},{"floor":8,"key":"REST"},{"floor":15,"key":"REST"},{"floor":23,"key":"REST"},{"floor":30,"key":"REST"},{"data":"Metallicize","floor":32,"key":"SMITH"}],"circlet_count":0,"master_deck":["Strike_R","Strike_R","Strike_R","Strike_R","Strike_R","Defend_R","Defend_R","Defend_R","Bash","Disarm","Injury","Fire Breathing","Thunderclap+1","Sever Soul+1","Perfected Strike+1","Anger+1","Feed+1","Cleave+1","Feel No Pain+1","Sever Soul+1","Feel No Pain","Writhe","Body Slam+1","Metallicize","Metallicize+1"],"relics":["Burning Blood","Charon\u0027s Ashes","Golden Idol","Molten Egg 2","Ornamental Fan","Regal Pillow","Cursed Key","Red Mask","Bag of Marbles","Bronze Scales","MutagenicStrength","Pear","Toolbox"],"acts_visited":["Exordium","TheCity"],"potions_floor_usage":[1,7,7,11,11,33],"damage_taken":[{"damage":14,"enemies":"Small Slimes","floor":1,"turns":5},{"damage":20,"enemies":"3 Sentries","floor":7,"turns":4},{"damage":8,"enemies":"2 Louse","floor":10,"turns":3},{"damage":43,"enemies":"Lagavulin","floor":11,"turns":6},{"damage":12,"enemies":"Jaw Worm","floor":13,"turns":2},{"damage":7,"enemies":"Large Slime","floor":14,"turns":4},{"damage":24,"enemies":"Slime Boss","floor":16,"turns":6},{"damage":19,"enemies":"Spheric Guardian","floor":18,"turns":4},{"damage":14,"enemies":"Shell Parasite","floor":20,"turns":4},{"damage":33,"enemies":"Masked Bandits","floor":21,"turns":5},{"damage":8,"enemies":"3 Cultists","floor":24,"turns":4},{"damage":24,"enemies":"Centurion and Healer","floor":28,"turns":4},{"damage":102,"enemies":"Collector","floor":33,"turns":6}],"seed_played":"3230799675627064779","potions_obtained":[{"floor":1,"key":"EntropicBrew"},{"floor":7,"key":"BlessingOfTheForge"},{"floor":21,"key":"BlessingOfTheForge"}],"is_trial":false,"path_per_floor":["M","?","?","?","$","R","E","R","T","M","E","?","M","M","R","B",null,"M","?","M","?","$","R","M","?","T","?","M","$","R","?","R","B"],"character_chosen":"IRONCLAD","items_purchased":["Fire Breathing","Bag of Marbles","Pear","Toolbox","Metallicize"],"campfire_rested":4,"item_purchase_floors":[5,22,29,29,29],"current_hp_per_floor":[64,57,62,62,62,62,48,71,71,69,32,32,26,25,63,45,69,56,61,53,26,26,64,66,66,66,66,48,58,91,91,91,0,0],"gold":9,"neow_bonus":"ONE_RARE_RELIC","is_daily":false,"chose_seed":false,"campfire_upgraded":1,"win_rate":0.0,"timestamp":1613610702,"path_taken":["M","?","?","?","$","R","E","R","T","M","E","?","M","M","R","BOSS","M","?","?","?","?","R","M","?","T","?","?","$","R","?","R","BOSS"],"items_purchased_type":["Card","Relic","Relic","Relic","Card"],"build_version":"2020-12-22","purchased_purges":1,"victory":false,"max_hp_per_floor":[72,72,77,77,77,77,77,77,77,77,77,77,77,77,77,77,77,77,77,77,77,77,77,81,81,81,81,81,91,91,91,91,91,91],"card_choices":[{"not_picked":["Clash","Dual Wield"],"picked":"Disarm","floor":1},{"not_picked":["Clothesline+1","Evolve"],"picked":"Thunderclap+1","floor":7},{"not_picked":["Battle Trance","Combust"],"picked":"Sever Soul+1","floor":10},{"not_picked":["Pommel Strike+1","True Grit"],"picked":"Headbutt+1","floor":11},{"not_picked":["Thunderclap+1","Rampage+1"],"picked":"Perfected Strike+1","floor":13},{"not_picked":["Sentinel","Rampage+1"],"picked":"Anger+1","floor":14},{"not_picked":["Corruption","Impervious"],"picked":"Feed+1","floor":16},{"not_picked":["Sword Boomerang+1","Clothesline+1"],"picked":"Cleave+1","floor":18},{"not_picked":["Iron Wave+1","Sentinel"],"picked":"Feel No Pain+1","floor":20},{"not_picked":["Carnage+1","Wild Strike+1"],"picked":"Sever Soul+1","floor":21},{"not_picked":["Bloodletting","Armaments"],"picked":"Feel No Pain","floor":24},{"not_picked":["Clothesline+1","Sword Boomerang+1"],"picked":"Body Slam+1","floor":28}],"player_experience":326924,"relics_obtained":[{"floor":7,"key":"Molten Egg 2"},{"floor":9,"key":"Ornamental Fan"},{"floor":11,"key":"Regal Pillow"},{"floor":21,"key":"Red Mask"},{"floor":26,"key":"Bronze Scales"}],"event_choices":[{"cards_removed":["Defend_R"],"damage_healed":0,"gold_gain":0,"player_choice":"Card Removal","damage_taken":7,"max_hp_gain":0,"max_hp_loss":0,"event_name":"Golden Wing","floor":2,"gold_loss":0},{"damage_healed":0,"gold_gain":0,"player_choice":"Donut","damage_taken":0,"max_hp_gain":5,"max_hp_loss":0,"event_name":"Big Fish","floor":3,"gold_loss":0},{"damage_healed":0,"gold_gain":0,"player_choice":"Take Wound","damage_taken":0,"relics_obtained":["Golden Idol"],"max_hp_gain":0,"max_hp_loss":0,"event_name":"Golden Idol","floor":4,"gold_loss":0,"cards_obtained":["Injury"]},{"damage_healed":0,"gold_gain":175,"player_choice":"AGREE","damage_taken":0,"max_hp_gain":0,"max_hp_loss":0,"event_name":"Liars Game","floor":12,"gold_loss":0,"cards_obtained":["Doubt"]},{"cards_removed":["Headbutt"],"damage_healed":5,"gold_gain":0,"player_choice":"Offered Common","damage_taken":0,"max_hp_gain":0,"max_hp_loss":0,"event_name":"Bonfire Elementals","floor":19,"gold_loss":0},{"cards_removed":["Headbutt"],"damage_healed":5,"gold_gain":0,"player_choice":"Offered Special","damage_taken":0,"max_hp_gain":0,"max_hp_loss":0,"event_name":"Bonfire Elementals","floor":19,"gold_loss":0},{"damage_healed":0,"gold_gain":0,"player_choice":"Fought Bandits","damage_taken":0,"max_hp_gain":0,"max_hp_loss":0,"event_name":"Masked Bandits","floor":21,"gold_loss":0},{"damage_healed":0,"gold_gain":99,"player_choice":"Stole From Cult","damage_taken":0,"max_hp_gain":0,"max_hp_loss":0,"event_name":"Nest","floor":25,"gold_loss":0},{"damage_healed":0,"gold_gain":0,"player_choice":"Inject Mutagens","damage_taken":0,"relics_obtained":["MutagenicStrength"],"max_hp_gain":0,"max_hp_loss":0,"event_name":"Drug Dealer","floor":27,"gold_loss":0},{"damage_healed":0,"gold_gain":0,"player_choice":"Read","damage_taken":0,"max_hp_gain":0,"max_hp_loss":0,"event_name":"The Library","floor":31,"gold_loss":0,"cards_obtained":["Metallicize"]}],"is_beta":false,"boss_relics":[{"not_picked":["SacredBark","SlaversCollar"],"picked":"Cursed Key"}],"items_purged_floors":[22],"is_endless":false,"potions_floor_spawned":[1,7,21],"killed_by":"Collector","ascension_level":5}}