{"host":"gsu59bb6ixcbb7gk","time":1613615610,"event":{"mods":["BaseMod","Colored Powertips","Downfall","Googly Eyes","Infinite Spire","Minty Spire (QoL Compilation)","Replay The Spire","StSLib"],"gold_per_floor":[215,215,231,231,249,249,96,109,158,169,184,184,27,42,42,146,146,157,256,273,273,283,283,293,293,293],"floor_reached":25,"language":"ENG","playtime":1303,"items_purged":["Strike_B"],"score":207,"play_id":"5d173be7-8f61-40b0-b2ef-d2cd0bc64686","local_time":"20210217213330","is_ascension_mode":true,"campfire_choices":[{"floor":6,"key":"REST"},{"floor":12,"key":"REST"},{"floor":15,"key":"REST"},{"floor":23,"key":"REST"}],"circlet_count":0,"master_deck":["Strike_B","Strike_B","Strike_B","Defend_B","Defend_B","Defend_B","Zap","Dualcast","Static Discharge","Barrage","infinitespire:Execution","Storm","Storm","FIFO Queue","Core Surge","Defragment","Fission","Ball Lightning"],"relics":["Cracked Core","infinitespire:Lucky Rock","TheAbacus","Sozu"],"acts_visited":["Exordium","TheCity"],"potions_floor_usage":[24],"damage_taken":[{"damage":3,"enemies":"Small Slimes","floor":1,"turns":3},{"damage":12,"enemies":"2 Louse","floor":3,"turns":2},{"damage":6,"enemies":"Jaw Worm","floor":5,"turns":3},{"damage":21,"enemies":"Exordium Wildlife","floor":8,"turns":3},{"damage":13,"enemies":"Blue Slaver","floor":10,"turns":5},{"damage":17,"enemies":"Looter","floor":11,"turns":5},{"damage":17,"enemies":"Exordium Wildlife","floor":14,"turns":3},{"damage":30,"enemies":"Hexaghost","floor":16,"turns":8},{"damage":10,"enemies":"Spheric Guardian","floor":18,"turns":3},{"damage":10,"enemies":"Chosen","floor":20,"turns":4},{"damage":22,"enemies":"Centurion and Healer","floor":22,"turns":7},{"damage":29,"enemies":"Sentry and Sphere","floor":24,"turns":4},{"damage":14,"enemies":"Book of Stabbing","floor":25,"turns":2}],"seed_played":"2480049975436670285","potions_obtained":[{"floor":10,"key":"SpeedPotion"},{"floor":16,"key":"Ancient Potion"}],"is_trial":false,"path_per_floor":["M","?","M","?","M","R","$","M","T","M","M","R","$","M","R","B",null,"M","?","M","?","M","R","M","E"],"character_chosen":"DEFECT","items_purchased":["Storm","TheAbacus"],"campfire_rested":4,"item_purchase_floors":[7,13],"current_hp_per_floor":[72,72,60,41,35,57,57,36,36,23,6,28,28,11,33,3,75,65,65,55,41,19,43,14,0,0],"gold":293,"neow_bonus":"HUNDRED_GOLD","is_daily":false,"chose_seed":false,"campfire_upgraded":0,"win_rate":0.0,"timestamp":1613615610,"path_taken":["M","?","M","?","M","R","$","M","T","M","M","R","$","M","R","BOSS","M","?","M","?","M","R","M","E"],"items_purchased_type":["Card","Relic"],"build_version":"2020-12-22","purchased_purges":1,"victory":false,"max_hp_per_floor":[75,75,75,75,75,75,75,75,75,75,75,75,75,75,75,75,75,75,75,75,80,80,80,80,80,80],"card_choices":[{"not_picked":["Conserve Battery","Chaos"],"picked":"Static Discharge","floor":1},{"not_picked":["BasicCrystalCard","ReplaySort"],"picked":"Barrage","floor":3},{"not_picked":["ReplayTheSpireMod:??????????????????????","infinitespire:TheBestDefense"],"picked":"infinitespire:Execution","floor":4},{"not_picked":["Conserve Battery","Reprogram"],"picked":"Storm","floor":5},{"not_picked":["Redo","Skim"],"picked":"FIFO Queue","floor":8},{"not_picked":["Gash","Double Energy"],"picked":"Core Surge","floor":10},{"not_picked":["Genetic Algorithm","Redo"],"picked":"Defragment","floor":11},{"not_picked":["Coolheaded","Sweeping Beam","Compile Driver"],"picked":"SKIP","floor":14},{"not_picked":["Hyperbeam","Mirror Shield"],"picked":"Fission","floor":16},{"not_picked":["Reprogram","Auto Shields+1","Turbo+1"],"picked":"SKIP","floor":18},{"not_picked":["Skim+1","Go for the Eyes","Consume"],"picked":"SKIP","floor":20},{"not_picked":["Streamline","Barrage","Sweeping Beam"],"picked":"SKIP","floor":22},{"not_picked":["Barrage+1","Core Surge"],"picked":"Ball Lightning","floor":24}],"player_experience":259493,"relics_obtained":[{"floor":9,"key":"infinitespire:Lucky Rock"}],"event_choices":[{"damage_healed":0,"gold_gain":99,"player_choice":"Stole From Cult","damage_taken":0,"max_hp_gain":0,"max_hp_loss":0,"event_name":"Nest","floor":19,"gold_loss":0},{"damage_healed":0,"gold_gain":0,"player_choice":"Shed Blood","damage_taken":19,"max_hp_gain":5,"max_hp_loss":0,"event_name":"Forgotten Altar","floor":21,"gold_loss":0}],"is_beta":false,"boss_relics":[{"not_picked":["Honey Jar","Empty Cage"],"picked":"Sozu"}],"items_purged_floors":[7],"is_endless":false,"potions_floor_spawned":[10,16,20,24],"killed_by":"Book of Stabbing","ascension_level":1}}