{"host":"06m9oppdo8i5oa5j","time":1613636900,"event":{"mods":["AchievementEnabler","BaseMod","Block Reminder","Colored Map","Colored Powertips","Downfall","Minty Spire (QoL Compilation)","Rare Cards Sparkle","StSLib"],"gold_per_floor":[99,111,131,147,147,178,178,188,88,88,98,109,140,152,168,266,266,266,279,279,295,129,149,149,149,159,173,207,220,120,5,25,125,125,125,142,159,19,30,30,30,49,99,99,10,10,10,10,25,25],"floor_reached":51,"language":"ENG","playtime":13129,"items_purged":["hexamod:Defend","hexamod:Defend","hexamod:Defend"],"score":709,"play_id":"1479ecdb-934f-4bff-a795-755e40d4ecf7","local_time":"20210218002820","is_ascension_mode":false,"campfire_choices":[{"data":"hexamod:Float","floor":1.0,"key":"SMITH"},{"data":"hexamod:GhostOfSpireFuture","floor":9.0,"key":"SMITH"},{"data":"hexamod:TimeOfNeed","floor":18.0,"key":"SMITH"},{"floor":30.0,"key":"REST"},{"floor":35.0,"key":"RECALL"},{"floor":40.0,"key":"REST"},{"floor":46.0,"key":"REST"}],"circlet_count":0,"master_deck":["hexamod:Strike","hexamod:Strike","hexamod:Strike","hexamod:Strike","hexamod:Defend","hexamod:Sear","hexamod:Float+1","hexamod:AdvancingGuard","hexamod:GhostflameBarrier","hexamod:BurningTouch","hexamod:SkipABeat","hexamod:GhostOfSpireFuture+1","hexamod:NecessarySacrifice+1","hexamod:GhostOfSpirePast","hexamod:HeatMetal","hexamod:TimeOfNeed+1","hexamod:AdvancingGuard","hexamod:SkipABeat","hexamod:CatchUp","hexamod:FirstSeal","hexamod:EmpoweredFlame","hexamod:SkipABeat","hexamod:HeatMetal+1","hexamod:SpectersWail+1","hexamod:SoulSteal","hexamod:GhostflameInferno","hexamod:BacktrackSmack+1","hexamod:BurningTouch+1","hexamod:ChargedBarrage+1","hexamod:EmpoweredFlame","hexamod:PhantomFireball"],"relics":["hexamod:SpiritBrand","WarpedTongs","Kunai","Matryoshka","downfall:HeartBlessingGreen","Spirit Poop","Tiny Chest","SlaversCollar","Boot","Bag of Preparation","downfall:HeartBlessingBlue","Fusion Hammer","Blood Vial","Nunchaku","Juzu Bracelet","Lizard Tail","InkBottle"],"acts_visited":["Exordium","TheCity","TheBeyond"],"potions_floor_usage":[50,50,50],"damage_taken":[{"damage":1.0,"enemies":"Jaw Worm","floor":2.0,"turns":3.0},{"damage":0.0,"enemies":"Cultist","floor":3.0,"turns":3.0},{"damage":0.0,"enemies":"Small Slimes","floor":4.0,"turns":3.0},{"damage":21.0,"enemies":"3 Sentries","floor":6.0,"turns":10.0},{"damage":6.0,"enemies":"downfall:LooterAlt","floor":8.0,"turns":4.0},{"damage":0.0,"enemies":"Lots of Slimes","floor":11.0,"turns":5.0},{"damage":0.0,"enemies":"Exordium Wildlife","floor":12.0,"turns":3.0},{"damage":0.0,"enemies":"Lagavulin","floor":13.0,"turns":6.0},{"damage":0.0,"enemies":"Gremlin Gang","floor":14.0,"turns":6.0},{"damage":0.0,"enemies":"downfall:LooterAlt","floor":15.0,"turns":4.0},{"damage":14.0,"enemies":"DF_ARCHETYPE_STREAMLINE","floor":16.0,"turns":10.0},{"damage":15.0,"enemies":"3 Byrds","floor":19.0,"turns":6.0},{"damage":15.0,"enemies":"Spheric Guardian","floor":21.0,"turns":6.0},{"damage":0.0,"enemies":"downfall:FleeingMerchant","floor":22.0,"turns":4.0},{"damage":2.0,"enemies":"Snecko","floor":23.0,"turns":6.0},{"damage":10.0,"enemies":"Chosen and Byrds","floor":26.0,"turns":7.0},{"damage":10.0,"enemies":"3 Cultists","floor":27.0,"turns":7.0},{"damage":38.0,"enemies":"Gremlin Leader","floor":28.0,"turns":9.0},{"damage":15.0,"enemies":"Sentry and Sphere","floor":29.0,"turns":5.0},{"damage":0.0,"enemies":"downfall:FleeingMerchant","floor":31.0,"turns":4.0},{"damage":0.0,"enemies":"Snake Plant","floor":32.0,"turns":5.0},{"damage":7.0,"enemies":"SI_MIRROR_ARCHETYPE","floor":33.0,"turns":10.0},{"damage":16.0,"enemies":"Orb Walker","floor":36.0,"turns":4.0},{"damage":18.0,"enemies":"3 Shapes","floor":37.0,"turns":5.0},{"damage":0.0,"enemies":"downfall:FleeingMerchant","floor":38.0,"turns":4.0},{"damage":17.0,"enemies":"Sphere and 2 Shapes","floor":39.0,"turns":4.0},{"damage":29.0,"enemies":"Jaw Worm Horde","floor":42.0,"turns":4.0},{"damage":0.0,"enemies":"downfall:FleeingMerchant","floor":45.0,"turns":1.0},{"damage":11,"enemies":"Maw","floor":49,"turns":5},{"damage":86,"enemies":"WA_ARCHETYPE_DIVINITY","floor":50,"turns":11}],"seed_played":"4867027287060403654","potions_obtained":[{"floor":2.0,"key":"Fire Potion"},{"floor":6.0,"key":"PowerPotion"},{"floor":8.0,"key":"hexamod:EctoCoolerPotion"},{"floor":14.0,"key":"Ancient Potion"},{"floor":15.0,"key":"EssenceOfSteel"},{"floor":16.0,"key":"sneckomod:MuddlingPotion"},{"floor":23.0,"key":"hexamod:DoubleChargePotion"},{"floor":27.0,"key":"Regen Potion"},{"floor":28.0,"key":"PowerPotion"},{"floor":32.0,"key":"Dexterity Potion"},{"floor":33.0,"key":"bronze:BurnAndBuffPotion"},{"floor":36.0,"key":"Dexterity Potion"},{"floor":39.0,"key":"PowerPotion"},{"floor":42.0,"key":"Energy Potion"}],"is_trial":false,"path_per_floor":["R","M","M","M","?","E","T","M","R","?","M","M","E","M","M","B",null,"R","M","?","M","$","M","T","?","M","M","E","M","R","$","M","B",null,"R","M","M","$","M","R","T","M","T","?","$","R","?","T","M","B",null],"character_chosen":"THE_SPIRIT","items_purchased":["hexamod:SkipABeat","Lizard Tail","hexamod:PhantomFireball","Block Potion"],"campfire_rested":3,"item_purchase_floors":[22,45,45,45],"current_hp_per_floor":[77,76,76,76,76,55,55,49,49,49,49,49,49,49,49,35,77,77,62,62,47,47,45,45,38,35,32,16,8,44,51,58,58,87,87,78,60,67,57,83,83,56,56,56,58,84,84,84,75,43],"gold":25,"neow_bonus":"TEN_PERCENT_HP_BONUS","is_daily":false,"chose_seed":false,"campfire_upgraded":3,"win_rate":0.0,"timestamp":1613636900,"path_taken":["R","M","M","M","?","E","T","?","R","?","?","M","E","M","M","BOSS","R","M","?","?","$","M","T","?","M","M","E","M","R","$","M","BOSS","R","M","M","$","M","R","T","M","?","?","$","R","?","?","M","BOSS"],"items_purchased_type":["Card","Relic","Card","Potion"],"build_version":"2020-12-22","purchased_purges":3,"victory":true,"max_hp_per_floor":[77,77,77,77,77,77,77,77,77,77,77,77,77,77,77,77,77,77,77,77,77,77,77,77,77,77,77,77,77,87,87,87,87,87,87,87,87,87,87,87,87,87,87,87,87,87,87,87,87,87],"card_choices":[{"not_picked":["hexamod:RadiantFlame","hexamod:GhostShield"],"picked":"hexamod:AdvancingGuard","floor":2.0},{"not_picked":["hexamod:NightmareGuise","hexamod:GhostShield"],"picked":"hexamod:GhostflameBarrier","floor":3.0},{"not_picked":["hexamod:FourthSeal","hexamod:NightmareStrike"],"picked":"hexamod:BurningTouch","floor":4.0},{"not_picked":["hexamod:BacktrackSmack","hexamod:GhostLash"],"picked":"hexamod:SkipABeat","floor":6.0},{"not_picked":["hexamod:SpectersWail","hexamod:Firestarter"],"picked":"hexamod:GhostOfSpireFuture","floor":8.0},{"not_picked":["hexamod:NightmareStrike","hexamod:SpectersWail"],"picked":"hexamod:NecessarySacrifice","floor":11.0},{"not_picked":["hexamod:GhostShield","hexamod:Haunt","hexamod:SpectersWail"],"picked":"SKIP","floor":12.0},{"not_picked":["hexamod:InspiringFlames","hexamod:GhostShield"],"picked":"hexamod:GhostOfSpirePast","floor":13.0},{"not_picked":["hexamod:NightmareGuise","hexamod:HexaLevel"],"picked":"hexamod:HeatMetal","floor":14.0},{"not_picked":["hexamod:ThermalTransfer","hexamod:GhostflameBarrier","hexamod:GhostShield"],"picked":"SKIP","floor":15.0},{"not_picked":["hexamod:FifthSeal","hexamod:UnleashSpirits"],"picked":"hexamod:TimeOfNeed","floor":16.0},{"not_picked":["hexamod:SpectersWail","hexamod:InspiringFlames"],"picked":"hexamod:AdvancingGuard","floor":19.0},{"not_picked":["hexamod:GhostShield+1","hexamod:NightmareGuise","hexamod:GhostLash+1"],"picked":"SKIP","floor":21.0},{"not_picked":["hexamod:SecondSeal","hexamod:WildfireWeapon","hexamod:HeatMetal"],"picked":"SKIP","floor":22.0},{"not_picked":["hexamod:EtherealExpedition+1","hexamod:RainOfEmbers"],"picked":"hexamod:CatchUp","floor":23.0},{"not_picked":["hexamod:DynamicBlow","hexamod:StepThrough"],"picked":"hexamod:EmpoweredFlame","floor":26.0},{"not_picked":["hexamod:NecessarySacrifice","hexamod:Haunt","hexamod:SwordOfDarkness"],"picked":"SKIP","floor":27.0},{"not_picked":["hexamod:SpectersWail+1","hexamod:Firestarter"],"picked":"hexamod:SkipABeat","floor":28.0},{"not_picked":["hexamod:ExtraCrispy","hexamod:ThermalTransfer"],"picked":"hexamod:HeatMetal+1","floor":29.0},{"not_picked":["hexamod:FourthSeal","hexamod:NightmareGuise"],"picked":"hexamod:SpectersWail+1","floor":31.0},{"not_picked":["hexamod:FourthSeal","hexamod:GhostOfSpirePast"],"picked":"hexamod:SoulSteal","floor":32.0},{"not_picked":["hexamod:FifthSeal","hexamod:TurnItUp"],"picked":"hexamod:GhostflameInferno","floor":33.0},{"not_picked":["hexamod:GhostLash","hexamod:SpectersWail+1","hexamod:EtherealExpedition+1"],"picked":"SKIP","floor":36.0},{"not_picked":["hexamod:ShieldOfDarkness","hexamod:SpectersWail"],"picked":"hexamod:BacktrackSmack+1","floor":37.0},{"not_picked":["hexamod:SpectersWail+1","hexamod:Haunt+1"],"picked":"hexamod:BurningTouch+1","floor":38.0},{"not_picked":["hexamod:GhostShield","hexamod:SecondSeal","hexamod:SwordOfDarkness+1"],"picked":"SKIP","floor":39.0},{"not_picked":["hexamod:TimeOfNeed","hexamod:BurningTouch"],"picked":"hexamod:ChargedBarrage+1","floor":42.0},{"not_picked":["hexamod:SpectersWail","hexamod:GhostLash+1"],"picked":"hexamod:EmpoweredFlame","floor":45.0},{"not_picked":["hexamod:ShieldOfDarkness+1","hexamod:HeatMetal+1","hexamod:HauntingEcho+1"],"picked":"SKIP","floor":49}],"player_experience":259734,"relics_obtained":[{"floor":6.0,"key":"Kunai"},{"floor":7.0,"key":"Matryoshka"},{"floor":13.0,"key":"Tiny Chest"},{"floor":24.0,"key":"Boot"},{"floor":28.0,"key":"Bag of Preparation"},{"floor":41.0,"key":"Blood Vial"},{"floor":41.0,"key":"Nunchaku"},{"floor":43.0,"key":"Juzu Bracelet"},{"floor":48.0,"key":"InkBottle"}],"event_choices":[{"damage_healed":0.0,"max_hp_gain":0.0,"max_hp_loss":0.0,"gold_gain":0.0,"event_name":"Accursed Blacksmith","player_choice":"Rummage","floor":5.0,"gold_loss":0.0,"damage_taken":0.0,"relics_obtained":["WarpedTongs"],"cards_obtained":["Pain"]},{"cards_removed":["Pain"],"damage_healed":0.0,"max_hp_gain":0.0,"max_hp_loss":0.0,"gold_gain":0.0,"event_name":"Bonfire Elementals","player_choice":"Offered Curse","floor":10.0,"gold_loss":0.0,"damage_taken":0.0,"relics_obtained":["Spirit Poop"]}],"is_beta":false,"boss_relics":[{"not_picked":["Tiny House","Astrolabe"],"picked":"SlaversCollar"},{"not_picked":["Sozu","Philosopher\u0027s Stone"],"picked":"Fusion Hammer"}],"items_purged_floors":[22,31,38],"is_endless":false,"potions_floor_spawned":[2,6,8,14,15,16,23,27,28,32,33,36,39,42],"ascension_level":0}}