{"host":"5aybe1nma5c8fep7","time":1613629547,"event":{"mods":["BaseMod","Conspire","Downfall","Friendly Minions","Minty Spire (QoL Compilation)","Replay The Spire","SacredBarkPlus","StSLib"],"gold_per_floor":[349,365,365,365,383,414,414,440,340,358,372,372,389,420,436,541,541,541,551,569,569,587,587,587,622,640,640,672,150,150,85,99,197,197,97,110,128,89,89,89,115,131,86,96,109,124,172,172,182,182],"floor_reached":51,"language":"ENG","playtime":4425,"items_purged":["Voices","conspire:GhostlyStrike+1","conspire:GhostlyStrike+1"],"score":849,"play_id":"ecdb4f51-82ed-4141-bb08-b443ac202fab","local_time":"20210217222547","is_ascension_mode":true,"campfire_choices":[{"data":"Slimebound:Split","floor":1.0,"key":"SMITH"},{"data":"Slimebound:GrowthPunch","floor":9.0,"key":"SMITH"},{"data":"Slimebound:GoopSpray","floor":12.0,"key":"SMITH"},{"floor":18.0,"key":"RECALL"},{"data":"Slimebound:TagTeam","floor":27.0,"key":"SMITH"},{"data":"Slimebound:SlimeSlap","floor":30,"key":"SMITH"},{"data":"Slimebound:MegaLick","floor":35,"key":"SMITH"}],"circlet_count":0,"master_deck":["conspire:GhostlyStrike+1","Slimebound:Tackle","conspire:GhostlyDefend+1","conspire:GhostlyDefend+1","conspire:GhostlyDefend+1","conspire:GhostlyDefend+1","Slimebound:Split+1","Slimebound:CorrosiveSpit","Slimebound:LeechingTouch","Slimebound:GrowthPunch+1","Slimebound:DouseInSlime","Slimebound:AcidTongue","Slimebound:Schlurp","Slimebound:GoopSpray+1","Slimebound:LeadByExample","Slimebound:TongueLash","Slimebound:Prepare","Slimebound:TagTeam+1","Slimebound:PressTheAttack","Slimebound:SplitSpecialist","Slimebound:SpikyOuterGoop","Slimebound:WasteNot","Slimebound:MegaLick+1","Slimebound:MegaLick","Slimebound:SlimeSlap+1","Slimebound:LeechLife","Slimebound:SamplingLick+1","Slimebound:ComboTackle","expansioncontent:LastStand","Slimebound:FinishingTackle","Slimebound:ForwardTackle+1","Slimebound:Nibble+1"],"relics":["Slimebound:AbsorbEndCombat","Shuriken","Blue Candle","Snack Pack","Smiling Mask","downfall:HeartBlessingGreen","Onion Ring","Slimebound:TarBlob","Ring of Fangs","Ring of Peace","Omamori","Chameleon Ring","HornCleat","Busted Crown","downfall:HeartBlessingRed","ReplayTheSpireMod:Lightbulb","Oddly Smooth Stone","Replay:Mystery Machine","FossilizedHelix"],"acts_visited":["Exordium","TheCity","TheBeyond"],"potions_floor_usage":[31,33,43,43,49,50,50],"damage_taken":[{"damage":2.0,"enemies":"Cultist","floor":2.0,"turns":5.0},{"damage":2.0,"enemies":"Small Slimes","floor":5.0,"turns":4.0},{"damage":12.0,"enemies":"Replay:BlueRogue","floor":6.0,"turns":9.0},{"damage":22.0,"enemies":"Gremlin Nob","floor":8.0,"turns":4.0},{"damage":4.0,"enemies":"Jaw Worm","floor":10.0,"turns":5.0},{"damage":17.0,"enemies":"Gremlin Gang","floor":11.0,"turns":6.0},{"damage":0.0,"enemies":"3 Louse","floor":13.0,"turns":5.0},{"damage":0.0,"enemies":"Replay:BlueRogue","floor":14.0,"turns":5.0},{"damage":10.0,"enemies":"Exordium Wildlife","floor":15.0,"turns":6.0},{"damage":11.0,"enemies":"IC_STATUS_ARCHETYPE","floor":16.0,"turns":8.0},{"damage":15.0,"enemies":"downfall:LooterAlt2","floor":19.0,"turns":5.0},{"damage":0.0,"enemies":"Chosen","floor":20.0,"turns":4.0},{"damage":12.0,"enemies":"conspire:HollyBat","floor":22.0,"turns":5.0},{"damage":1.0,"enemies":"conspire:SneckoGhost","floor":25.0,"turns":6.0},{"damage":17.0,"enemies":"Chosen and Byrds","floor":26.0,"turns":7.0},{"damage":3,"enemies":"Replay:Snechameleon","floor":28,"turns":7},{"damage":0,"enemies":"downfall:FleeingMerchant","floor":29,"turns":4},{"damage":0,"enemies":"downfall:FleeingMerchant","floor":31,"turns":4},{"damage":0,"enemies":"Snecko","floor":32,"turns":4},{"damage":24,"enemies":"DF_ARCHETYPE_CLAW","floor":33,"turns":9},{"damage":0,"enemies":"3 Darklings","floor":36,"turns":5},{"damage":9,"enemies":"3 Shapes","floor":37,"turns":5},{"damage":0,"enemies":"downfall:FleeingMerchant","floor":38,"turns":4},{"damage":0,"enemies":"Maw","floor":42,"turns":6},{"damage":0,"enemies":"downfall:FleeingMerchant","floor":43,"turns":2},{"damage":11,"enemies":"Jaw Worm Horde","floor":44,"turns":4},{"damage":0,"enemies":"3 Darklings","floor":45,"turns":5},{"damage":1,"enemies":"Sphere and 2 Shapes","floor":46,"turns":5},{"damage":8,"enemies":"2 Orb Walkers","floor":47,"turns":6},{"damage":0,"enemies":"Maw","floor":49,"turns":6},{"damage":25,"enemies":"SI_POISON_ARCHETYPE","floor":50,"turns":7}],"seed_played":"-7843900905889005143","potions_obtained":[{"floor":2.0,"key":"BlessingOfTheForge"},{"floor":11.0,"key":"PowerPotion"},{"floor":13.0,"key":"Dexterity Potion"},{"floor":14.0,"key":"Toxic Potion"},{"floor":19.0,"key":"hexamod:SoulburnPotion"},{"floor":25.0,"key":"Energy Potion"},{"floor":28,"key":"Strength Potion"},{"floor":33,"key":"conspire:TimeTravelPotion"},{"floor":42,"key":"Adrenaline Potion"},{"floor":45,"key":"Fruit Juice"},{"floor":47,"key":"bronze:BurnAndBuffPotion"},{"floor":49,"key":"AttackPotion"}],"is_trial":false,"path_per_floor":["R","M","?","?","M","E","T","E","R","M","M","R","M","E","M","B",null,"R","M","M","?","M","?","T","E","M","R","E","$","R","$","M","B",null,"R","M","M","$","?","?","T","M","$","M","M","M","?","?","M","B",null],"character_chosen":"SLIMEBOUND","items_purchased":["HornCleat","Slimebound:MegaLick","Slimebound:SlimeSlap","Slimebound:ComboTackle","Oddly Smooth Stone","Replay:Mystery Machine","Slimebound:FinishingTackle"],"campfire_rested":0,"item_purchase_floors":[29,29,29,38,43,43,43],"current_hp_per_floor":[47,53,41,41,45,41,41,27,27,31,22,22,30,38,36,33,65,65,58,64,64,57,57,57,64,52,52,57,65,65,65,65,47,65,65,65,58,65,65,65,65,65,65,65,65,65,57,57,72,47],"gold":182,"neow_bonus":"TWO_FIFTY_GOLD","is_daily":false,"chose_seed":false,"campfire_upgraded":6,"win_rate":0.0,"timestamp":1613629547,"path_taken":["R","M","?","?","M","E","T","E","R","?","M","R","?","E","M","BOSS","R","M","M","?","M","?","T","E","M","R","E","$","R","?","M","BOSS","R","M","M","$","?","?","T","M","$","M","M","M","?","?","M","BOSS"],"items_purchased_type":["Relic","Card","Card","Card","Relic","Relic","Card"],"build_version":"2020-12-22","purchased_purges":3,"victory":true,"max_hp_per_floor":[65,65,65,65,65,65,65,65,65,65,65,65,65,65,65,65,65,65,65,65,65,65,65,65,65,65,65,65,65,65,65,65,65,65,65,65,65,65,65,65,65,65,65,65,65,65,65,65,72,72],"card_choices":[{"not_picked":["Slimebound:ServeAndProtect","Slimebound:SlimeSpikes"],"picked":"Slimebound:LeechingTouch","floor":2.0},{"not_picked":["Slimebound:SamplingLick","Slimebound:SlimeSpikes"],"picked":"Slimebound:GrowthPunch","floor":5.0},{"not_picked":["Slimebound:ProtectTheBoss","Slimebound:ItLooksTasty"],"picked":"Slimebound:DouseInSlime","floor":6.0},{"not_picked":["Slimebound:Dissolve","Slimebound:FinishingTackle"],"picked":"Slimebound:AcidTongue","floor":8.0},{"not_picked":["Slimebound:ProtectTheBoss","Slimebound:SplitLeeching"],"picked":"Slimebound:Schlurp","floor":10.0},{"not_picked":["Slimebound:SlimeBarrage","Slimebound:RainOfGoop"],"picked":"Slimebound:GoopSpray","floor":11.0},{"not_picked":["Slimebound:ItLooksTasty","Slimebound:DisruptingSlam"],"picked":"Slimebound:LeadByExample","floor":13.0},{"not_picked":["Slimebound:SlimeTap","Slimebound:GoopTackle"],"picked":"Slimebound:TongueLash","floor":14.0},{"not_picked":["Slimebound:Equalize","Slimebound:LeechingTouch"],"picked":"Slimebound:Prepare","floor":15.0},{"not_picked":["Slimebound:PrepareCrush","Slimebound:DuplicatedForm"],"picked":"Slimebound:TagTeam","floor":16.0},{"not_picked":["Slimebound:SplitMire","Slimebound:SplitBruiser"],"picked":"Slimebound:PressTheAttack","floor":19.0},{"not_picked":["Slimebound:Schlurp","Slimebound:ServeAndProtect+1"],"picked":"Slimebound:SplitSpecialist","floor":20.0},{"not_picked":["Slimebound:GoopSpray","Slimebound:SlimeBrawl+1"],"picked":"Slimebound:SpikyOuterGoop","floor":22.0},{"not_picked":["Slimebound:SplitAcid","Slimebound:LeechingTouch"],"picked":"Slimebound:WasteNot","floor":25.0},{"not_picked":["Slimebound:FormOfPuddle","Slimebound:TongueLash","Slimebound:SplitSpecialist"],"picked":"SKIP","floor":26.0},{"not_picked":["Slimebound:ItLooksTasty","Slimebound:Gluttony","Slimebound:SplitLeeching"],"picked":"SKIP","floor":28},{"not_picked":["Slimebound:Chomp","Slimebound:ProtectTheBoss","Slimebound:SplitSpecialist"],"picked":"SKIP","floor":29},{"not_picked":["Slimebound:GoopTackle+1","Slimebound:SlimeSpikes","Slimebound:Replication"],"picked":"SKIP","floor":31},{"not_picked":["Slimebound:SlimeSpikes","Slimebound:SplitBruiser+1","Slimebound:SlimeBarrage+1"],"picked":"SKIP","floor":32},{"not_picked":["Slimebound:DouseInSlime","Slimebound:CheckThePlaybook"],"picked":"Slimebound:LeechLife","floor":33},{"not_picked":["Slimebound:RainOfGoop"],"picked":"SKIP","floor":36},{"not_picked":["Slimebound:LeechingTouch+1"],"picked":"SKIP","floor":37},{"not_picked":[],"picked":"Slimebound:SamplingLick+1","floor":38},{"not_picked":["expansioncontent:PolyBeam","Replay:SS_fish_1"],"picked":"expansioncontent:LastStand","floor":40},{"not_picked":["Slimebound:SlimeSpikes"],"picked":"SKIP","floor":42},{"not_picked":["Slimebound:SlimeSpikes+1"],"picked":"SKIP","floor":43},{"not_picked":["Slimebound:Chomp"],"picked":"SKIP","floor":44},{"not_picked":[],"picked":"Slimebound:ForwardTackle+1","floor":45},{"not_picked":[],"picked":"Slimebound:Nibble+1","floor":46},{"not_picked":["Slimebound:SplitLeeching"],"picked":"SKIP","floor":49}],"player_experience":466744,"relics_obtained":[{"floor":6.0,"key":"Blue Candle"},{"floor":7.0,"key":"Snack Pack"},{"floor":8.0,"key":"Smiling Mask"},{"floor":14.0,"key":"Onion Ring"},{"floor":23.0,"key":"Ring of Fangs"},{"floor":23.0,"key":"Ring of Peace"},{"floor":25.0,"key":"Omamori"},{"floor":28,"key":"Chameleon Ring"},{"floor":41,"key":"ReplayTheSpireMod:Lightbulb"},{"floor":47,"key":"FossilizedHelix"}],"event_choices":[{"damage_healed":0.0,"max_hp_gain":0.0,"max_hp_loss":0.0,"gold_gain":0.0,"event_name":"Scrap Ooze","player_choice":"Success","floor":3.0,"gold_loss":0.0,"damage_taken":12.0,"relics_obtained":["Shuriken"]},{"damage_healed":0.0,"max_hp_gain":0.0,"max_hp_loss":0.0,"gold_gain":0.0,"event_name":"conspire:LoneGhost","player_choice":"Agree","floor":4.0,"gold_loss":0.0,"damage_taken":0.0},{"damage_healed":0,"gold_gain":0,"player_choice":"Leave","damage_taken":0,"max_hp_gain":0,"max_hp_loss":0,"event_name":"conspire:Investor","floor":39,"gold_loss":0},{"damage_healed":0,"gold_gain":0,"player_choice":"Fight","damage_taken":0,"max_hp_gain":0,"max_hp_loss":0,"event_name":"Mysterious Sphere","floor":47,"gold_loss":0}],"is_beta":false,"boss_relics":[{"not_picked":["Kintsugi","conspire:RunicOctahedron"],"picked":"Slimebound:TarBlob"},{"not_picked":["Painkiller Herb","Coffee Dripper"],"picked":"Busted Crown"}],"items_purged_floors":[29,31,43],"is_endless":false,"potions_floor_spawned":[2,11,13,14,19,25,28,33,42,45,47,49],"ascension_level":1}}