{"host":"4k1o517shm2ba6vh","time":1613687269,"event":{"mods":["AchievementEnabler","BaseMod","Downfall","Minty Spire (QoL Compilation)","Smile Girya","StSLib","everything is the same but u backflip on backflip"],"gold_per_floor":[113,125,142,154,171,202,202,237,261,271,12,27,62,62,62,163,163,103,120,132,132,132],"floor_reached":21,"language":"ENG","playtime":1210,"items_purged":[],"score":251,"play_id":"b10a2160-19c7-4201-a6ce-b157c533140b","local_time":"20210218162749","is_ascension_mode":true,"campfire_choices":[{"floor":15.0,"key":"REST"}],"circlet_count":0,"master_deck":["Strike_B","Strike_B","Strike_B","Defend_B","Defend_B","Defend_B","Defend_B","Zap","Dualcast","Coolheaded","Hologram","Cold Snap","Ball Lightning","FTL","Capacitor+1","Coolheaded","Storm+1","Skim","Coolheaded","Genetic Algorithm","Creative AI+1","Storm+1","Blizzard+1","Static Discharge+1"],"relics":["Cracked Core","Frozen Egg 2","PreservedInsect","Art of War","Runic Capacitor","Ancient Tea Set","Sozu"],"acts_visited":["Exordium","TheCity"],"potions_floor_usage":[],"damage_taken":[{"damage":3.0,"enemies":"Small Slimes","floor":1.0,"turns":3.0},{"damage":2.0,"enemies":"2 Louse","floor":2.0,"turns":2.0},{"damage":3.0,"enemies":"Cultist","floor":3.0,"turns":4.0},{"damage":17.0,"enemies":"Exordium Thugs","floor":4.0,"turns":4.0},{"damage":12.0,"enemies":"Large Slime","floor":5.0,"turns":3.0},{"damage":15.0,"enemies":"3 Sentries","floor":6.0,"turns":6.0},{"damage":0.0,"enemies":"Gremlin Nob","floor":8.0,"turns":2.0},{"damage":7.0,"enemies":"Blue Slaver","floor":10.0,"turns":4.0},{"damage":7.0,"enemies":"Red Slaver","floor":12.0,"turns":5.0},{"damage":11.0,"enemies":"3 Sentries","floor":13.0,"turns":8.0},{"damage":13.0,"enemies":"Hexaghost","floor":16.0,"turns":13.0},{"damage":22.0,"enemies":"2 Thieves","floor":18.0,"turns":4.0},{"damage":13.0,"enemies":"Shell Parasite","floor":19.0,"turns":5.0},{"damage":22.0,"enemies":"Snecko","floor":20.0,"turns":5.0},{"damage":7,"enemies":"Shelled Parasite and Fungi","floor":21,"turns":1}],"seed_played":"-6102190288889824673","potions_obtained":[{"floor":2.0,"key":"Fire Potion"},{"floor":4.0,"key":"FearPotion"},{"floor":5.0,"key":"BlessingOfTheForge"},{"floor":8.0,"key":"FearPotion"},{"floor":10.0,"key":"Explosive Potion"},{"floor":12.0,"key":"Dexterity Potion"}],"is_trial":false,"path_per_floor":["M","M","M","M","M","E","?","E","T","M","$","M","E","?","R","B",null,"M","M","M","M"],"character_chosen":"DEFECT","items_purchased":["Storm+1","Runic Capacitor","Skim"],"campfire_rested":1,"item_purchase_floors":[11,11,11],"current_hp_per_floor":[79,77,74,57,45,30,30,30,30,23,23,16,5,5,29,16,82,60,47,25,18,18],"gold":132,"neow_bonus":"TEN_PERCENT_HP_BONUS","is_daily":false,"chose_seed":false,"campfire_upgraded":0,"win_rate":0.0,"timestamp":1613687269,"path_taken":["M","M","M","M","M","E","?","E","T","M","$","M","E","?","R","BOSS","M","M","?","M"],"items_purchased_type":["Card","Relic","Card"],"build_version":"2020-12-22","purchased_purges":0,"victory":false,"max_hp_per_floor":[82,82,82,82,82,82,82,82,82,82,82,82,82,82,82,82,82,82,82,82,82,82],"card_choices":[{"not_picked":["Aggregate","Barrage"],"picked":"Coolheaded","floor":1.0},{"not_picked":["Chaos","Rebound"],"picked":"Hologram","floor":2.0},{"not_picked":["Rebound","Leap"],"picked":"Cold Snap","floor":3.0},{"not_picked":["Coolheaded","Rip and Tear"],"picked":"Ball Lightning","floor":4.0},{"not_picked":["Static Discharge","Lockon","Turbo"],"picked":"SKIP","floor":5.0},{"not_picked":["Static Discharge","Lockon","Turbo"],"picked":"SKIP","floor":5.0},{"not_picked":["Steam Power","Turbo"],"picked":"FTL","floor":6.0},{"not_picked":["Reboot","Redo"],"picked":"Capacitor+1","floor":8.0},{"not_picked":["Ball Lightning","Beam Cell"],"picked":"Coolheaded","floor":10.0},{"not_picked":["Barrage","Lockon"],"picked":"Coolheaded","floor":12.0},{"not_picked":["Skim","Stack"],"picked":"Genetic Algorithm","floor":13.0},{"not_picked":["Amplify","Electrodynamics+1"],"picked":"Creative AI+1","floor":16.0},{"not_picked":["Darkness","Auto Shields"],"picked":"Storm+1","floor":18.0},{"not_picked":["Reinforced Body","Turbo+1"],"picked":"Blizzard+1","floor":19.0},{"not_picked":["Streamline","Gash"],"picked":"Static Discharge+1","floor":20.0}],"player_experience":501643,"relics_obtained":[{"floor":6.0,"key":"Frozen Egg 2"},{"floor":8.0,"key":"PreservedInsect"},{"floor":9.0,"key":"Art of War"},{"floor":13.0,"key":"Ancient Tea Set"}],"event_choices":[{"cards_removed":["Strike_B"],"damage_healed":0.0,"max_hp_gain":0.0,"max_hp_loss":0.0,"gold_gain":0.0,"event_name":"Living Wall","player_choice":"Forget","floor":7.0,"gold_loss":0.0,"damage_taken":0.0},{"damage_healed":0.0,"max_hp_gain":0.0,"max_hp_loss":0.0,"gold_gain":0.0,"event_name":"FaceTrader","player_choice":"Leave","floor":14.0,"gold_loss":0.0,"damage_taken":0.0}],"is_beta":false,"boss_relics":[{"not_picked":["SlaversCollar","Astrolabe"],"picked":"Sozu"}],"items_purged_floors":[],"is_endless":false,"potions_floor_spawned":[2,4,5,8,10,12,19],"killed_by":"Shelled Parasite and Fungi","ascension_level":2}}