{"host":"08yfhu6uhosdn245","time":1613665041,"event":{"mods":["2.2 Compatiblity","AchievementEnabler","BaseMod","Bestiary","Colored Map","Colored Powertips","Curses Come First","Highlight Path","Minty Spire (QoL Compilation)","Quick Restart","Relic Stats","StSLib"],"gold_per_floor":[118,68,15,29,104,104,129,129,129,129,147,167,198,216,216,315,315,325,325,338,370,381,381,413,413,413,447,460,485,504,504,504,599,599,616,542,552,570,399,432,432,461,461,461,487,505,505,516,516,516],"floor_reached":51,"language":"ENG","playtime":3176,"items_purged":["Weave"],"score":1301,"play_id":"edec0761-a690-4cc9-86a8-1e5aa4f95c77","local_time":"20210218111721","is_ascension_mode":true,"campfire_choices":[{"data":"Collect","floor":6.0,"key":"SMITH"},{"data":"Eruption","floor":8.0,"key":"SMITH"},{"data":"CrushJoints","floor":10.0,"key":"SMITH"},{"data":"Brilliance","floor":15.0,"key":"SMITH"},{"data":"SignatureMove","floor":23.0,"key":"SMITH"},{"floor":25.0,"key":"REST"},{"data":"Establishment","floor":32.0,"key":"SMITH"},{"data":"Vigilance","floor":41,"key":"SMITH"},{"data":"WheelKick","floor":44,"key":"SMITH"},{"floor":47,"key":"REST"},{"data":"WindmillStrike","floor":49,"key":"SMITH"}],"circlet_count":0,"master_deck":["Eruption+1","Vigilance+1","Brilliance+1","Collect+1","Consecrate","CutThroughFate","CrushJoints+1","FlyingSleeves","Prostrate+1","SignatureMove+1","Meditate+1","Vault+1","BowlingBash","Perseverance+1","WheelKick+1","FlyingSleeves","Vault+1","Sanctity+1","Prostrate+1","InnerPeace+1","Prostrate+1","CarveReality","CutThroughFate","Establishment+1","Collect+1","Vault+1","LikeWater+1","DeceiveReality+1","WheelKick+1","WindmillStrike+1","Pray+1","WindmillStrike+1"],"relics":["PureWater","Toxic Egg 2","PreservedInsect","Bottled Flame","Pandora\u0027s Box","Red Mask","Darkstone Periapt","Mercury Hourglass","Vajra","Nloth\u0027s Gift","Snecko Eye","Ancient Tea Set","Strawberry","Ornamental Fan","Bag of Preparation"],"acts_visited":["Exordium","TheCity","TheBeyond"],"potions_floor_usage":[46,50],"damage_taken":[{"damage":0.0,"enemies":"Small Slimes","floor":1.0,"turns":2.0},{"damage":4.0,"enemies":"Jaw Worm","floor":4.0,"turns":4.0},{"damage":0.0,"enemies":"Gremlin Nob","floor":7.0,"turns":2.0},{"damage":0.0,"enemies":"2 Louse","floor":11.0,"turns":1.0},{"damage":4.0,"enemies":"Red Slaver","floor":12.0,"turns":2.0},{"damage":10.0,"enemies":"Lagavulin","floor":13.0,"turns":5.0},{"damage":0.0,"enemies":"2 Fungi Beasts","floor":14.0,"turns":2.0},{"damage":25.0,"enemies":"Hexaghost","floor":16.0,"turns":6.0},{"damage":0.0,"enemies":"Spheric Guardian","floor":18.0,"turns":2.0},{"damage":2.0,"enemies":"Shell Parasite","floor":20.0,"turns":3.0},{"damage":0.0,"enemies":"Masked Bandits","floor":21.0,"turns":3.0},{"damage":8.0,"enemies":"Shelled Parasite and Fungi","floor":22.0,"turns":5.0},{"damage":18.0,"enemies":"Slavers","floor":24.0,"turns":5.0},{"damage":0.0,"enemies":"Book of Stabbing","floor":27.0,"turns":5.0},{"damage":0.0,"enemies":"Sentry and Sphere","floor":28.0,"turns":2.0},{"damage":8.0,"enemies":"Gremlin Leader","floor":29.0,"turns":5.0},{"damage":0.0,"enemies":"Snecko","floor":30.0,"turns":3.0},{"damage":13.0,"enemies":"Collector","floor":33.0,"turns":5.0},{"damage":0.0,"enemies":"3 Darklings","floor":35.0,"turns":5.0},{"damage":5.0,"enemies":"3 Shapes","floor":37.0,"turns":5.0},{"damage":0,"enemies":"Writhing Mass","floor":38,"turns":4},{"damage":0,"enemies":"Reptomancer","floor":40,"turns":3},{"damage":9,"enemies":"Giant Head","floor":42,"turns":3},{"damage":0,"enemies":"Nemesis","floor":45,"turns":4},{"damage":5,"enemies":"Jaw Worm Horde","floor":46,"turns":5},{"damage":0,"enemies":"Spire Growth","floor":48,"turns":4},{"damage":43,"enemies":"Awakened One","floor":50,"turns":10}],"seed_played":"-2619848532739672835","potions_obtained":[{"floor":4.0,"key":"BlessingOfTheForge"},{"floor":13.0,"key":"Swift Potion"},{"floor":16.0,"key":"LiquidMemories"},{"floor":21.0,"key":"Swift Potion"},{"floor":24.0,"key":"BottledMiracle"},{"floor":28.0,"key":"AttackPotion"},{"floor":30.0,"key":"SkillPotion"},{"floor":37.0,"key":"DuplicationPotion"},{"floor":45,"key":"SpeedPotion"},{"floor":48,"key":"Ancient Potion"}],"is_trial":false,"path_per_floor":["M","?","$","M","?","R","E","R","T","R","M","M","E","M","R","B",null,"M","$","M","?","M","R","E","R","T","E","M","E","M","?","R","B",null,"M","$","M","M","$","E","R","E","T","R","E","M","R","M","R","B",null],"character_chosen":"WATCHER","items_purchased":["Consecrate","DeceiveReality+1","Ambrosia"],"campfire_rested":2,"item_purchase_floors":[3,36,39],"current_hp_per_floor":[65,65,65,61,50,50,50,50,50,50,50,46,36,36,36,11,52,52,52,50,50,42,42,24,43,43,43,43,35,35,35,35,22,54,54,54,49,49,49,49,49,47,47,47,47,42,63,63,63,20],"gold":516,"neow_bonus":"THREE_RARE_CARDS","is_daily":false,"chose_seed":false,"campfire_upgraded":9,"win_rate":0.0,"timestamp":1613665041,"path_taken":["M","?","$","M","?","R","E","R","T","R","?","M","E","M","R","BOSS","M","$","M","?","M","R","E","R","T","E","M","E","M","?","R","BOSS","M","$","M","M","$","E","R","E","T","R","E","M","R","M","R","BOSS"],"items_purchased_type":["Card","Card","Potion"],"build_version":"2020-12-22","purchased_purges":1,"victory":true,"max_hp_per_floor":[65,65,65,65,65,65,65,65,65,65,65,65,65,65,65,65,65,65,65,65,65,65,65,65,65,65,65,65,65,65,65,65,65,65,65,65,65,65,65,65,65,72,72,72,72,72,72,72,72,72],"relic_stats":{"Darkstone Periapt":0,"counters":[27,104],"Ornamental Fan":[40],"Snecko Eye":[81,73,90,79],"Pandora\u0027s Box":["BowlingBash","Perseverance","WheelKick","Weave","FlyingSleeves","Vault","Sanctity"],"PreservedInsect":398,"Nloth\u0027s Gift":1,"Bag of Preparation":[6],"obtain_stats":[{"Darkstone Periapt":24,"Vajra":29,"PreservedInsect":9,"Bag of Preparation":45,"Ancient Tea Set":40,"Mercury Hourglass":26,"Bottled Flame":13,"Ornamental Fan":43,"Strawberry":42,"Snecko Eye":34,"Pandora\u0027s Box":17,"Red Mask":21,"Nloth\u0027s Gift":31,"PureWater":0,"Toxic Egg 2":7,"StrikeDummy":27},{"Darkstone Periapt":13,"Vajra":16,"PreservedInsect":3,"Bag of Preparation":24,"Ancient Tea Set":22,"Mercury Hourglass":13,"Bottled Flame":6,"Ornamental Fan":23,"Strawberry":23,"Snecko Eye":18,"Pandora\u0027s Box":8,"Red Mask":11,"Nloth\u0027s Gift":17,"PureWater":0,"Toxic Egg 2":3,"StrikeDummy":14},{"Darkstone Periapt":42,"Vajra":53,"PreservedInsect":8,"Bag of Preparation":85,"Ancient Tea Set":78,"Mercury Hourglass":42,"Bottled Flame":16,"Ornamental Fan":81,"Strawberry":81,"Snecko Eye":61,"Pandora\u0027s Box":24,"Red Mask":32,"Nloth\u0027s Gift":56,"PureWater":0,"Toxic Egg 2":8,"StrikeDummy":46}],"Mercury Hourglass":[273]},"card_choices":[{"not_picked":["SpiritShield","DevaForm"],"picked":"Brilliance","floor":0.0},{"not_picked":["CrushJoints","Evaluate"],"picked":"Collect","floor":1.0},{"not_picked":["Crescendo","EmptyFist"],"picked":"CutThroughFate","floor":4.0},{"not_picked":["Collect+1","Protect+1"],"picked":"CrushJoints","floor":7.0},{"not_picked":["SashWhip","Consecrate"],"picked":"FlyingSleeves","floor":11.0},{"not_picked":["WindmillStrike","Conclude"],"picked":"Prostrate+1","floor":12.0},{"not_picked":["PathToVictory+1","DeceiveReality+1"],"picked":"SignatureMove","floor":13.0},{"not_picked":["BowlingBash","Study"],"picked":"Meditate+1","floor":14.0},{"not_picked":["Judgement+1","ConjureBlade+1"],"picked":"Vault+1","floor":16.0},{"not_picked":["WindmillStrike+1","BowlingBash"],"picked":"Prostrate+1","floor":18.0},{"not_picked":["Protect+1","PathToVictory+1"],"picked":"InnerPeace+1","floor":20.0},{"not_picked":["Crescendo+1","PathToVictory+1"],"picked":"Prostrate+1","floor":21.0},{"not_picked":["Halt+1","Consecrate","Crescendo+1"],"picked":"SKIP","floor":22.0},{"not_picked":["EmptyMind+1","ConjureBlade+1"],"picked":"CarveReality","floor":24.0},{"not_picked":["FearNoEvil","ReachHeaven"],"picked":"CutThroughFate","floor":27.0},{"not_picked":["Evaluate+1","Wireheading+1","Meditate+1"],"picked":"SKIP","floor":28.0},{"not_picked":["PathToVictory+1","Indignation+1"],"picked":"Establishment","floor":29.0},{"not_picked":["EmptyFist","Halt+1"],"picked":"Collect+1","floor":30.0},{"not_picked":["Omniscience+1","Alpha+1"],"picked":"Vault+1","floor":33.0},{"not_picked":["Prostrate+1","FollowUp+1"],"picked":"LikeWater+1","floor":35.0},{"not_picked":["Prostrate+1","FlurryOfBlows+1"],"picked":"WheelKick+1","floor":37.0},{"not_picked":["Meditate+1","FlurryOfBlows","Establishment"],"picked":"SKIP","floor":38},{"not_picked":["DeusExMachina+1","LikeWater"],"picked":"WindmillStrike+1","floor":40},{"not_picked":["MentalFortress","EmptyMind+1","CrushJoints"],"picked":"SKIP","floor":42},{"not_picked":["Crescendo+1","Tantrum"],"picked":"Pray+1","floor":45},{"not_picked":["PathToVictory+1","Crescendo+1","ThirdEye+1"],"picked":"SKIP","floor":46},{"not_picked":["Brilliance","JustLucky+1"],"picked":"WindmillStrike","floor":48}],"player_experience":407479,"relics_obtained":[{"floor":7.0,"key":"Toxic Egg 2"},{"floor":9.0,"key":"PreservedInsect"},{"floor":13.0,"key":"Bottled Flame"},{"floor":21.0,"key":"Red Mask"},{"floor":24.0,"key":"Darkstone Periapt"},{"floor":26.0,"key":"Mercury Hourglass"},{"floor":27.0,"key":"StrikeDummy"},{"floor":29.0,"key":"Vajra"},{"floor":40,"key":"Ancient Tea Set"},{"floor":42,"key":"Strawberry"},{"floor":43,"key":"Ornamental Fan"},{"floor":45,"key":"Bag of Preparation"}],"event_choices":[{"cards_removed":["Strike_P"],"damage_healed":0.0,"max_hp_gain":0.0,"max_hp_loss":0.0,"gold_gain":0.0,"event_name":"The Cleric","player_choice":"Card Removal","floor":2.0,"gold_loss":50.0,"damage_taken":0.0},{"damage_healed":0.0,"max_hp_gain":0.0,"max_hp_loss":0.0,"gold_gain":75.0,"event_name":"World of Goop","player_choice":"Gather Gold","floor":5.0,"gold_loss":0.0,"damage_taken":11.0},{"damage_healed":0.0,"max_hp_gain":0.0,"max_hp_loss":0.0,"gold_gain":0.0,"event_name":"Masked Bandits","player_choice":"Fought Bandits","floor":21.0,"gold_loss":0.0,"damage_taken":0.0},{"damage_healed":0.0,"max_hp_gain":0.0,"max_hp_loss":0.0,"gold_gain":0.0,"event_name":"N\u0027loth","player_choice":"Traded Relic","floor":31.0,"relics_lost":["StrikeDummy"],"gold_loss":0.0,"damage_taken":0.0,"relics_obtained":["Nloth\u0027s Gift"]}],"is_beta":false,"boss_relics":[{"not_picked":["Calling Bell","VioletLotus"],"picked":"Pandora\u0027s Box"},{"not_picked":["Coffee Dripper","SacredBark"],"picked":"Snecko Eye"}],"items_purged_floors":[39],"is_endless":false,"potions_floor_spawned":[4,13,16,21,24,28,30,37,45,48],"ascension_level":9}}