{"host":"w7dhjqgqsib0c3vt","time":1613615421,"event":{"mods":["ATMod(°¢èªMod)","BaseMod","Dota2Spire","Downfall","Minty Spire (QoL Compilation)","Shop Mod","Spicy Shops","StSLib"],"gold_per_floor":[114,114,138,24,24,24,24],"floor_reached":6,"language":"ZHS","playtime":168,"items_purged":[],"score":65,"play_id":"ea2fc59d-aeb2-4e6c-b6a4-33784ec3565b","local_time":"20210218103021","is_ascension_mode":true,"campfire_choices":[],"circlet_count":0,"master_deck":["AscendersBane","Strike_G","Strike_G","Strike_G","Strike_G","Strike_G","Defend_G+1","Defend_G","Defend_G","Defend_G","Defend_G","Survivor","Neutralize+1","AT_FamilyPortrait+1","Dagger Spray","Injury","Deadly Poison","Clumsy"],"relics":["Ring of the Snake","AT_ATBox","Golden Idol","Gremlin Horn"],"acts_visited":["Exordium"],"potions_floor_usage":[6],"damage_taken":[{"damage":13.0,"enemies":"Cultist","floor":1.0,"turns":5.0},{"damage":5.0,"enemies":"Small Slimes","floor":3.0,"turns":3.0},{"damage":25,"enemies":"3 Sentries","floor":6,"turns":4}],"seed_played":"-4641833741894380707","potions_obtained":[{"floor":3.0,"key":"AttackPotion"}],"is_trial":false,"path_per_floor":["M","?","M","$","?","E"],"character_chosen":"THE_SILENT","items_purchased":["Gremlin Horn"],"campfire_rested":0,"item_purchase_floors":[4],"current_hp_per_floor":[46,46,41,41,21,0,0],"gold":24,"neow_bonus":"UPGRADE_CARD","is_daily":false,"chose_seed":false,"campfire_upgraded":0,"win_rate":0.0,"timestamp":1613615421,"path_taken":["M","?","M","$","?","E"],"items_purchased_type":["Relic"],"build_version":"2020-12-22","purchased_purges":0,"victory":false,"max_hp_per_floor":[66,66,66,66,66,66,66],"card_choices":[{"not_picked":["Underhanded Strike","Calculated Gamble"],"picked":"Dagger Spray","floor":1.0},{"not_picked":["Sucker Punch","Bane"],"picked":"Deadly Poison","floor":3.0}],"player_experience":672473,"relics_obtained":[],"event_choices":[{"damage_healed":0.0,"max_hp_gain":0.0,"max_hp_loss":0.0,"gold_gain":0.0,"event_name":"Golden Idol","player_choice":"Take Wound","floor":2.0,"gold_loss":0.0,"damage_taken":0.0,"relics_obtained":["Golden Idol"],"cards_obtained":["Injury"]},{"damage_healed":0.0,"max_hp_gain":0.0,"max_hp_loss":0.0,"gold_gain":0.0,"event_name":"Shining Light","player_choice":"Entered Light","floor":5.0,"gold_loss":0.0,"damage_taken":20.0,"cards_upgraded":["Neutralize","Defend_G"]}],"is_beta":false,"boss_relics":[],"items_purged_floors":[],"is_endless":false,"potions_floor_spawned":[3],"killed_by":"3 Sentries","ascension_level":18}}