{"host":"g2yp6paluzgljz05","time":1613642555,"event":{"mods":["BaseMod","Bestiary","Colored Powertips","DeckTracker","Highlight Path","Minty Spire (QoL Compilation)","Quick Restart"],"gold_per_floor":[119,133,133,133,146,146,173,173,173,186,186,149,159,173,173,173,173],"floor_reached":16,"language":"ENG","playtime":1001,"items_purged":[],"score":102,"play_id":"c4079d53-2bff-4924-b1af-665dfe488ade","local_time":"20210218210235","is_ascension_mode":false,"campfire_choices":[{"data":"Eruption","floor":6,"key":"SMITH"},{"data":"Judgement","floor":8,"key":"SMITH"},{"floor":15,"key":"REST"}],"circlet_count":0,"master_deck":["Strike_P","Strike_P","Strike_P","Strike_P","Defend_P","Defend_P","Defend_P","Defend_P","Eruption+1","Vigilance","Adaptation","Prostrate","Judgement+1","Prostrate"],"relics":["PureWater","NeowsBlessing","Sundial","Blue Candle","Mercury Hourglass"],"acts_visited":["Exordium"],"potions_floor_usage":[10,16,16,16],"damage_taken":[{"damage":0,"enemies":"Jaw Worm","floor":1,"turns":1},{"damage":0,"enemies":"Cultist","floor":2,"turns":1},{"damage":0,"enemies":"Small Slimes","floor":5,"turns":2},{"damage":32,"enemies":"Gremlin Nob","floor":7,"turns":5},{"damage":26,"enemies":"Gremlin Gang","floor":10,"turns":4},{"damage":4,"enemies":"Blue Slaver","floor":13,"turns":3},{"damage":0,"enemies":"2 Fungi Beasts","floor":14,"turns":2},{"damage":38,"enemies":"The Guardian","floor":16,"turns":15}],"seed_played":"-7986447421600525899","potions_obtained":[{"floor":1,"key":"Block Potion"},{"floor":10,"key":"ColorlessPotion"},{"floor":13,"key":"LiquidMemories"},{"floor":14,"key":"GamblersBrew"}],"is_trial":false,"path_per_floor":["M","M","?","?","M","R","E","R","T","M","T","?","M","M","R","B"],"character_chosen":"WATCHER","items_purchased":[],"campfire_rested":1,"item_purchase_floors":[],"current_hp_per_floor":[72,72,77,77,77,77,45,45,45,19,19,19,15,15,38,0,0],"gold":173,"neow_bonus":"THREE_ENEMY_KILL","is_daily":false,"chose_seed":false,"campfire_upgraded":2,"win_rate":0.0,"timestamp":1613642555,"path_taken":["M","M","?","?","?","R","E","R","T","M","?","?","M","M","R","BOSS"],"items_purchased_type":[],"build_version":"2020-12-22","purchased_purges":0,"victory":false,"max_hp_per_floor":[72,72,77,77,77,77,77,77,77,77,77,77,77,77,77,77,77],"card_choices":[{"not_picked":["TalkToTheHand","ThirdEye"],"picked":"Adaptation","floor":1},{"not_picked":["Indignation","Tantrum","Collect"],"picked":"SKIP","floor":2},{"not_picked":["EmptyBody","FlurryOfBlows","Protect"],"picked":"SKIP","floor":5},{"not_picked":["TalkToTheHand","Ragnarok","Prostrate"],"picked":"SKIP","floor":7},{"not_picked":["SignatureMove","Evaluate","SashWhip"],"picked":"SKIP","floor":10},{"not_picked":["Fasting2","BowlingBash","WreathOfFlame"],"picked":"SKIP","floor":13},{"not_picked":["SashWhip","Consecrate"],"picked":"Prostrate","floor":14}],"player_experience":386262,"relics_obtained":[{"floor":7,"key":"Sundial"},{"floor":9,"key":"Blue Candle"},{"floor":11,"key":"Mercury Hourglass"}],"event_choices":[{"damage_healed":0,"gold_gain":0,"player_choice":"Donut","damage_taken":0,"max_hp_gain":5,"max_hp_loss":0,"event_name":"Big Fish","floor":3,"gold_loss":0},{"damage_healed":0,"gold_gain":0,"player_choice":"2 cards matched","damage_taken":0,"max_hp_gain":0,"max_hp_loss":0,"event_name":"Match and Keep!","floor":4,"gold_loss":0,"cards_obtained":["Prostrate","Judgement"]},{"damage_healed":0,"gold_gain":0,"player_choice":"Left Gold","damage_taken":0,"max_hp_gain":0,"max_hp_loss":0,"event_name":"World of Goop","floor":12,"gold_loss":37}],"is_beta":false,"boss_relics":[],"items_purged_floors":[],"is_endless":false,"potions_floor_spawned":[1,10,13,14],"killed_by":"The Guardian","ascension_level":0}}