{"host":"st1kg310ms6sytc5","time":1613643196,"event":{"mods":["ATMod(°¢èªMod)","Act Like it!","BaseMod","Bossed Relics","CapriCore","Gensokyo","Minty Spire (QoL Compilation)","StSLib","SuperFastMode","Wide Potions","Yakumo Yukari mod","¡¾ÒÅÎï¿¨ÅÆ¡¿REMEMod"],"gold_per_floor":[159,213,247,247,338,372,452,505,505,505,538,636,586,649,649,768,768,801,801,801,815,275,329,229,284,311,311,311,311,330,348,348,469,469,482,501,501,501,501,542,561,621,621,138,163,163,163,203,203,203,203,203,83,122,122],"floor_reached":56,"language":"ZHS","playtime":3516,"items_purged":["AT_purpleEX","AT_purpleEX","Defend_purpleEX","HandOfGreed"],"score":2197,"play_id":"54c571e1-fe0f-4a2e-8ebc-b98394c8a789","local_time":"20210218181316","is_ascension_mode":true,"campfire_choices":[{"data":"PositiveMatter_Antimatter_Universe_purple","floor":15.0,"key":"SMITH"},{"data":"D_absorption_purple","floor":29.0,"key":"SMITH"},{"data":"D_absorption_purple","floor":32.0,"key":"SMITH"},{"floor":46,"key":"RECALL"},{"data":"Human_Monster_Realm_purple","floor":49,"key":"SMITH"},{"data":"DimensionStaggered_purple","floor":52,"key":"SMITH"}],"circlet_count":0,"master_deck":["AscendersBane","Observe_purple_1","Observe_purple_2+1","AT_ShrugMaster","WeekHit_purple","Umbrella_purple","DimensionStaggered_purple+1","PositiveMatter_Antimatter_Universe_purple+1","WorldDissolvedintheRealm_purple","D_absorption_purple+1","Human_Monster_Realm_purple+1","Boundary_LightAndDark_purple","Know_ledgeAbilityRealm_purple","Mirror_TwoAndThreeElementRealm_purple","RealityDreamConfluencek_purple","D_absorption_purple+1","Umbrella_purple+1","Gensokyo:Dawn+1","Boundary_LifeAndDeath_purple"],"relics":["Boundary_crack","Memoryfragments_purpleEX","AT_ATBox","REME_ComplimentaryCards","NeowsBlessing","AT_ImmortalShieldbow","Golden Idol","AT_RabadonDeathcap","Eternal Feather","Runic Dome","ClockworkSouvenir","AT_SunfireAegis","AT_PhaseBoots","Cursed Key","REME_LimitBreaker","The Courier","ThegodofHakurei_purpleEX","Sundial","Calipers","Lantern"],"acts_visited":["Exordium","TheCity","Gensokyo:Gensokyoest","TheEnding"],"potions_floor_usage":[55,55],"damage_taken":[{"damage":2.0,"enemies":"Jaw Worm","floor":1.0,"turns":2.0},{"damage":10.0,"enemies":"Small Slimes","floor":2.0,"turns":5.0},{"damage":0.0,"enemies":"Cultist","floor":3.0,"turns":3.0},{"damage":6.0,"enemies":"Lots of Slimes","floor":5.0,"turns":10.0},{"damage":20.0,"enemies":"Gremlin Nob","floor":6.0,"turns":4.0},{"damage":10.0,"enemies":"3 Louse","floor":7.0,"turns":10.0},{"damage":13.0,"enemies":"Lagavulin","floor":8.0,"turns":8.0},{"damage":3.0,"enemies":"Blue Slaver","floor":11.0,"turns":4.0},{"damage":15.0,"enemies":"3 Sentries","floor":12.0,"turns":9.0},{"damage":12.0,"enemies":"Lagavulin","floor":14.0,"turns":5.0},{"damage":0.0,"enemies":"Hexaghost","floor":16.0,"turns":5.0},{"damage":8.0,"enemies":"Shell Parasite","floor":18.0,"turns":4.0},{"damage":7.0,"enemies":"Chosen","floor":21.0,"turns":2.0},{"damage":6.0,"enemies":"Slavers","floor":23.0,"turns":4.0},{"damage":14.0,"enemies":"Book of Stabbing","floor":25.0,"turns":4.0},{"damage":0.0,"enemies":"3 Cultists","floor":30.0,"turns":3.0},{"damage":0.0,"enemies":"Sentry and Sphere","floor":31.0,"turns":3.0},{"damage":0.0,"enemies":"Automaton","floor":33.0,"turns":6.0},{"damage":0.0,"enemies":"Gensokyo:AncientGuardian","floor":35.0,"turns":3.0},{"damage":8.0,"enemies":"Gensokyo:3_Boulders","floor":36.0,"turns":4.0},{"damage":0.0,"enemies":"Gensokyo:3_Boulders","floor":37.0,"turns":6.0},{"damage":0.0,"enemies":"Gensokyo:Doremy","floor":40.0,"turns":3.0},{"damage":0.0,"enemies":"Gensokyo:SeedOfUnknown","floor":41.0,"turns":3.0},{"damage":0.0,"enemies":"Gensokyo:Kasen","floor":42.0,"turns":4.0},{"damage":0,"enemies":"Gensokyo:Rafflesia","floor":45,"turns":3},{"damage":12,"enemies":"Gensokyo:Doremy","floor":48,"turns":3},{"damage":0,"enemies":"Gensokyo:Yuyuko","floor":50,"turns":4},{"damage":0,"enemies":"Shield and Spear","floor":54,"turns":3},{"damage":36,"enemies":"The Heart","floor":55,"turns":5}],"seed_played":"172639240703668753","potions_obtained":[{"floor":1.0,"key":"SneckoOil"},{"floor":5.0,"key":"DuplicationPotion"},{"floor":6.0,"key":"PowerPotion"},{"floor":12.0,"key":"Strength Potion"},{"floor":31.0,"key":"PowerPotion"}],"is_trial":false,"path_per_floor":["M","M","M","?","M","E","M","E","T","?","M","E","?","E","R","B",null,"M","?","?","M","$","E","$","E","T","?","?","R","M","M","R","B",null,"M","M","?","?","?","E","M","E","T","$","M","R","?","E","R","B",null,"R","$","E","B",null],"character_chosen":"Youkari","items_purchased":["ClockworkSouvenir","Know_ledgeAbilityRealm_purple","AT_SunfireAegis","ThegodofHakurei_purpleEX","Sundial"],"campfire_rested":0,"item_purchase_floors":[22,22,22,44,44],"current_hp_per_floor":[62,54,55,41,40,23,39,30,30,13,23,34,34,25,34,37,62,58,58,58,51,51,49,49,54,54,54,54,66,67,70,70,70,70,70,62,62,62,62,63,65,68,68,68,70,70,60,49,61,64,69,70,70,70,35],"gold":122,"neow_bonus":"THREE_ENEMY_KILL","is_daily":false,"chose_seed":false,"campfire_upgraded":5,"win_rate":0.0,"timestamp":1613643196,"path_taken":["M","M","M","?","M","E","M","E","T","?","M","E","?","E","R","BOSS","M","?","?","?","$","E","?","E","T","?","?","R","?","M","R","BOSS","M","M","?","?","?","E","M","E","T","?","?","R","?","E","R","BOSS","R","$","E","BOSS"],"items_purchased_type":["Relic","Card","Relic","Relic","Relic"],"build_version":"2020-12-22","purchased_purges":4,"victory":true,"max_hp_per_floor":[70,70,70,70,70,70,70,70,70,70,70,70,70,70,70,70,70,70,70,70,70,70,70,70,70,70,70,70,70,70,70,70,70,70,70,70,70,70,70,70,70,70,70,70,70,70,70,70,70,70,70,70,70,70,70],"card_choices":[{"not_picked":["SharpContractionReality_purple","Bait_HighSpeedFlying_purple"],"picked":"WeekHit_purple","floor":1.0},{"not_picked":["Charmbait_purple","RuleDissolution_purple"],"picked":"Umbrella_purple","floor":2.0},{"not_picked":["SharpContractionReality_purple","DarkRealmRedLine_purple"],"picked":"DimensionStaggered_purple","floor":3.0},{"not_picked":["Boundary_DynamicStaticEquilibrium_purple","StateErode_purple","RuleDissolution_purple"],"picked":"SKIP","floor":5.0},{"not_picked":["ExternalForce_HighSpeedFlying_purple","Mirror_FormAndEmptin_purple","ExistenceContinue_purple"],"picked":"SKIP","floor":6.0},{"not_picked":["OpenedBox_purple","MonsterNeedle_purple","CommonSense_AntiCommonSense_purple"],"picked":"SKIP","floor":7.0},{"not_picked":["StateDuplicate_purple","SfantasyHide_purple","WangLiang_OokamiKakushi_purple"],"picked":"SKIP","floor":8.0},{"not_picked":["MonsterNeedle_purple","MeetDecomposer_purple","EighthInstrument_OneDividesIntoTwo_purple"],"picked":"SKIP","floor":11.0},{"not_picked":["DimensionStaggered_purple","Boundary_DynamicStaticEquilibrium_purple"],"picked":"PositiveMatter_Antimatter_Universe_purple","floor":12.0},{"not_picked":["ExternalForce_HighSpeedFlying_purple","Mirror_WaveAndshot_purple"],"picked":"WorldDissolvedintheRealm_purple","floor":14.0},{"not_picked":["BarrageBoundary_PipeDream_purple","MagicEyes_LaplaceDemon_purple"],"picked":"D_absorption_purple","floor":16.0},{"not_picked":["Worldmountain_purple","Line_surface_state_purple","Mirror_WaveAndshot_purple"],"picked":"SKIP","floor":18.0},{"not_picked":["Photoelasticity_Doppler_Effect_purple","OmniscientAndOmnipotent_Monster_purple"],"picked":"Boundary_LightAndDark_purple","floor":21.0},{"not_picked":["PurpleNeedle_purple","Charmbait_purple"],"picked":"Mirror_TwoAndThreeElementRealm_purple","floor":23.0},{"not_picked":["StateErode_purple","StretchesForeverDream_purple","Photoelasticity_Doppler_Effect_purple"],"picked":"SKIP","floor":25.0},{"not_picked":["Boundary_LightAndDark_purple+1","Mirror_FormAndEmptin_purple","Realm_recovery_purpleEX"],"picked":"SKIP","floor":30.0},{"not_picked":["MetroBOOM_purple","RuleDissolution_purple","OmniscientAndOmnipotent_Monster_purple"],"picked":"SKIP","floor":31.0},{"not_picked":["Realm_recovery_purpleEX","DimensionStaggered_purple","Shallow_ocean_purpleEX"],"picked":"SKIP","floor":35.0},{"not_picked":["Mirror_FourBoundary_purple+1","MeetDecomposer_purple"],"picked":"Umbrella_purple+1","floor":36.0},{"not_picked":["Gensokyo:RisingWorld+1","Gensokyo:DreamlikeParadise+1"],"picked":"Gensokyo:Dawn+1","floor":37.0},{"not_picked":["Boundary_LightAndDark_purple+1","SharpContractionReality_purple+1"],"picked":"Boundary_LifeAndDeath_purple","floor":40.0},{"not_picked":["Boundary_DynamicStaticEquilibrium_purple","Realm_recovery_purpleEX","ButterflyHabitatTemple_purple"],"picked":"SKIP","floor":41.0},{"not_picked":["Erosivefilter_purple+1","Mirror_WaveAndshot_purple","Shallow_ocean_purpleEX+1"],"picked":"SKIP","floor":42.0},{"not_picked":["StateDuplicate_purple","Worldmountain_purple+1","Line_surface_state_purple"],"picked":"SKIP","floor":45},{"not_picked":["Theboundaryofcreation_purpleEX","Erosivefilter_purple+1","WingOfChimera_purple"],"picked":"SKIP","floor":48},{"not_picked":["Yakumo_Ran_purple","Line_surface_state_purple","ExistenceContinue_purple+1"],"picked":"SKIP","floor":54}],"player_experience":1431381,"relics_obtained":[{"floor":6.0,"key":"AT_ImmortalShieldbow"},{"floor":12.0,"key":"AT_RabadonDeathcap"},{"floor":14.0,"key":"Eternal Feather"},{"floor":25.0,"key":"AT_SpeedBoots"},{"floor":40.0,"key":"REME_LimitBreaker"},{"floor":42.0,"key":"The Courier"},{"floor":48,"key":"Calipers"},{"floor":54,"key":"Lantern"}],"event_choices":[{"damage_healed":0.0,"max_hp_gain":0.0,"max_hp_loss":0.0,"gold_gain":0.0,"event_name":"Shining Light","player_choice":"Entered Light","floor":4.0,"gold_loss":0.0,"damage_taken":14.0,"cards_upgraded":["Observe_purple_2","AT_purpleEX"]},{"damage_healed":0.0,"max_hp_gain":0.0,"max_hp_loss":0.0,"gold_gain":0.0,"event_name":"Golden Idol","player_choice":"Take Damage","floor":10.0,"gold_loss":0.0,"damage_taken":17.0,"relics_obtained":["Golden Idol"]},{"cards_removed":["AT_purpleEX"],"damage_healed":0.0,"max_hp_gain":0.0,"max_hp_loss":0.0,"gold_gain":0.0,"event_name":"The Cleric","player_choice":"Card Removal","floor":13.0,"gold_loss":50.0,"damage_taken":0.0},{"damage_healed":0.0,"max_hp_gain":0.0,"max_hp_loss":0.0,"gold_gain":0.0,"event_name":"Ghosts","player_choice":"Ignored","floor":19.0,"gold_loss":0.0,"damage_taken":0.0},{"damage_healed":0.0,"max_hp_gain":0.0,"max_hp_loss":0.0,"gold_gain":0.0,"event_name":"Match and Keep!","player_choice":"1 cards matched","floor":20.0,"gold_loss":0.0,"damage_taken":0.0,"cards_obtained":["Human_Monster_Realm_purple"]},{"damage_healed":0.0,"max_hp_gain":0.0,"max_hp_loss":0.0,"gold_gain":0.0,"event_name":"The Mausoleum","player_choice":"Ignored","floor":27.0,"gold_loss":0.0,"damage_taken":0.0},{"damage_healed":0.0,"max_hp_gain":0.0,"max_hp_loss":0.0,"gold_gain":0.0,"cards_transformed":["AT_purpleEX","Defend_purpleEX"],"event_name":"Drug Dealer","player_choice":"Became Test Subject","floor":28.0,"gold_loss":0.0,"damage_taken":0.0,"cards_obtained":["RealityDreamConfluencek_purple","D_absorption_purple"]}],"is_beta":false,"boss_relics":[{"not_picked":["Tiny House","Calling Bell"],"picked":"Runic Dome"},{"not_picked":["Pandora\u0027s Box","Astrolabe"],"picked":"Cursed Key"}],"items_purged_floors":[22,24,44,53],"is_endless":false,"potions_floor_spawned":[1,5,6,7,12,16,18,31,33,35,41,45],"ascension_level":10}}