{"host":"iudiqz5bwex5meyb","time":1613610066,"event":{"mods":["AchievementEnabler","BaseMod","Block Reminder","Colored Map","Minty Spire (QoL Compilation)","StSLib","ojb\u0027s Better Paths Mod","ojb\u0027s Info Mod"],"gold_per_floor":[365,365,378,392,392,423,434,31,31,60,73,98,113,133,133,133,133],"floor_reached":16,"language":"ENG","playtime":1852,"items_purged":["Strike_G"],"score":194,"play_id":"fcb654bd-6a96-4bce-938a-1d6b6b693e63","local_time":"20210217190106","is_ascension_mode":true,"campfire_choices":[{"data":"Crippling Poison","floor":15,"key":"SMITH"}],"circlet_count":0,"master_deck":["Strike_G","Strike_G","Strike_G","Strike_G","Defend_G","Defend_G","Defend_G","Defend_G","Defend_G","Survivor","Neutralize","Dagger Throw","Flying Knee","Cloak And Dagger","Well Laid Plans","Dodge and Roll","Infinite Blades","Distraction","Blade Dance","Crippling Poison+1","Prepared","Backflip"],"relics":["Ring of the Snake","Mummified Hand","Dream Catcher","Matryoshka","MealTicket","Ninja Scroll","InkBottle","Toy Ornithopter"],"acts_visited":["Exordium"],"potions_floor_usage":[6,6,10,12,16,16],"damage_taken":[{"damage":1,"enemies":"2 Louse","floor":1,"turns":3},{"damage":1,"enemies":"Cultist","floor":3,"turns":4},{"damage":0,"enemies":"Jaw Worm","floor":4,"turns":4},{"damage":14,"enemies":"3 Sentries","floor":6,"turns":11},{"damage":0,"enemies":"Red Slaver","floor":7,"turns":5},{"damage":0,"enemies":"Gremlin Nob","floor":10,"turns":4},{"damage":0,"enemies":"Exordium Wildlife","floor":11,"turns":3},{"damage":4,"enemies":"Lagavulin","floor":12,"turns":8},{"damage":0,"enemies":"Looter","floor":13,"turns":2},{"damage":4,"enemies":"Exordium Thugs","floor":14,"turns":4},{"damage":19,"enemies":"Hexaghost","floor":16,"turns":9}],"seed_played":"8264289991021227992","potions_obtained":[{"floor":1,"key":"Dexterity Potion"},{"floor":5,"key":"Weak Potion"},{"floor":5,"key":"LiquidMemories"},{"floor":5,"key":"SneckoOil"},{"floor":7,"key":"EssenceOfSteel"},{"floor":10,"key":"Explosive Potion"},{"floor":13,"key":"Fire Potion"}],"is_trial":false,"path_per_floor":["M","?","M","M","?","E","M","$","T","E","M","E","M","M","R","B"],"character_chosen":"THE_SILENT","items_purchased":["Matryoshka","Infinite Blades"],"campfire_rested":0,"item_purchase_floors":[8,8],"current_hp_per_floor":[44,32,31,31,31,17,17,17,17,17,17,13,13,9,9,0,0],"gold":133,"neow_bonus":"TWO_FIFTY_GOLD","is_daily":false,"chose_seed":false,"campfire_upgraded":1,"win_rate":0.0,"timestamp":1613610066,"path_taken":["M","?","M","M","?","E","M","$","T","E","?","E","M","M","R","BOSS"],"items_purchased_type":["Relic","Card"],"build_version":"2020-12-22","purchased_purges":1,"victory":false,"max_hp_per_floor":[70,70,70,70,70,70,70,70,70,70,70,70,70,70,70,70,70],"card_choices":[{"not_picked":["Finisher","Bane"],"picked":"Dagger Throw","floor":1},{"not_picked":["PiercingWail","Outmaneuver"],"picked":"Flying Knee","floor":3},{"not_picked":["Outmaneuver","Tactician"],"picked":"Cloak And Dagger","floor":4},{"not_picked":["Tools of the Trade","Outmaneuver"],"picked":"Well Laid Plans","floor":6},{"not_picked":["Bane","Distraction"],"picked":"Dodge and Roll","floor":7},{"not_picked":["Unload","Riddle With Holes"],"picked":"Distraction","floor":10},{"not_picked":["Bane","Underhanded Strike"],"picked":"Blade Dance","floor":11},{"not_picked":["Calculated Gamble","Acrobatics"],"picked":"Crippling Poison","floor":12},{"not_picked":["Flying Knee","Tactician"],"picked":"Prepared","floor":13},{"not_picked":["Blur","Underhanded Strike"],"picked":"Backflip","floor":14}],"player_experience":301609,"relics_obtained":[{"floor":6,"key":"Dream Catcher"},{"floor":9,"key":"MealTicket"},{"floor":9,"key":"Ninja Scroll"},{"floor":10,"key":"InkBottle"},{"floor":12,"key":"Toy Ornithopter"}],"event_choices":[{"damage_healed":0,"gold_gain":0,"player_choice":"Success","damage_taken":12,"relics_obtained":["Mummified Hand"],"max_hp_gain":0,"max_hp_loss":0,"event_name":"Scrap Ooze","floor":2,"gold_loss":0},{"damage_healed":0,"gold_gain":0,"player_choice":"Got Potions","damage_taken":0,"max_hp_gain":0,"max_hp_loss":0,"event_name":"Lab","floor":5,"gold_loss":0}],"is_beta":false,"boss_relics":[],"items_purged_floors":[8],"is_endless":false,"potions_floor_spawned":[1,7,10,13],"killed_by":"Hexaghost","ascension_level":6}}