{"host":"znvnxllcillb3rtw","time":1613664623,"event":{"mods":["BaseMod","DeckTracker","Minty Spire (QoL Compilation)","Relic Stats","StSLib","SuperFastMode","everything is the same but u backflip on backflip"],"gold_per_floor":[114,114,114,126,152,164,194,220,257,269,316,328,359,386,398,488,500,525,556,618,630,299,299,313,332,332,332,332,332,332,347,347,419,419,436,336,356,231,256,256,256,283,283,303,317,329,355,380,380,380,380,380,380,7,35,35],"floor_reached":57,"language":"KOR","playtime":3416,"items_purged":["Defend_B","Defend_B","Ball Lightning","Cold Snap"],"score":2774,"play_id":"1b59ec94-607d-40ea-b4a6-649f776d36ad","local_time":"20210219011023","is_ascension_mode":true,"campfire_choices":[{"floor":6,"key":"REST"},{"floor":10,"key":"REST"},{"floor":12,"key":"REST"},{"data":"Zap","floor":15,"key":"SMITH"},{"data":"Echo Form","floor":23,"key":"SMITH"},{"floor":27,"key":"REST"},{"floor":30,"key":"REST"},{"floor":32,"key":"RECALL"},{"data":"Dualcast","floor":40,"key":"SMITH"},{"floor":49,"key":"REST"},{"data":"Meteor Strike","floor":53,"key":"SMITH"}],"circlet_count":0,"master_deck":["AscendersBane","Zap+1","Dualcast+1","Fusion+1","Defragment+1","Defragment+1","Hologram","Reinforced Body+1","Leap+1","Coolheaded+1","Echo Form+1","Self Repair","Skim+1","Deep Breath+1","Recycle+1","Meteor Strike+1"],"relics":["Astrolabe","MawBank","Toxic Egg 2","Akabeko","DataDisk","Empty Cage","Anchor","Singing Bowl","Sozu","FossilizedHelix","Bronze Scales","Regal Pillow","Oddly Smooth Stone","Membership Card","Mummified Hand","HornCleat"],"acts_visited":["Exordium","TheCity","TheBeyond","TheEnding"],"potions_floor_usage":[8,16,19,25,56],"damage_taken":[{"damage":16,"enemies":"Small Slimes","floor":1,"turns":4},{"damage":1,"enemies":"2 Louse","floor":5,"turns":4},{"damage":0,"enemies":"Jaw Worm","floor":7,"turns":6},{"damage":8,"enemies":"Lots of Slimes","floor":8,"turns":3},{"damage":29,"enemies":"Gremlin Nob","floor":11,"turns":5},{"damage":0,"enemies":"2 Fungi Beasts","floor":13,"turns":4},{"damage":0,"enemies":"Blue Slaver","floor":14,"turns":3},{"damage":22,"enemies":"Slime Boss","floor":16,"turns":9},{"damage":21,"enemies":"Shell Parasite","floor":18,"turns":5},{"damage":5,"enemies":"3 Byrds","floor":19,"turns":4},{"damage":5,"enemies":"Sentry and Sphere","floor":24,"turns":9},{"damage":40,"enemies":"3 Cultists","floor":25,"turns":5},{"damage":0,"enemies":"Centurion and Healer","floor":31,"turns":5},{"damage":13,"enemies":"Automaton","floor":33,"turns":6},{"damage":0,"enemies":"Orb Walker","floor":35,"turns":3},{"damage":1,"enemies":"3 Darklings","floor":37,"turns":4},{"damage":7,"enemies":"Mind Bloom Boss Battle","floor":39,"turns":4},{"damage":0,"enemies":"Giant Head","floor":42,"turns":3},{"damage":4,"enemies":"Transient","floor":44,"turns":6},{"damage":0,"enemies":"Writhing Mass","floor":45,"turns":3},{"damage":0,"enemies":"Sphere and 2 Shapes","floor":46,"turns":3},{"damage":65,"enemies":"Nemesis","floor":48,"turns":7},{"damage":7,"enemies":"Donu and Deca","floor":50,"turns":3},{"damage":0,"enemies":"Time Eater","floor":51,"turns":12},{"damage":10,"enemies":"Shield and Spear","floor":55,"turns":3},{"damage":62,"enemies":"The Heart","floor":56,"turns":7}],"seed_played":"-4267897151770002963","potions_obtained":[{"floor":1,"key":"ColorlessPotion"},{"floor":7,"key":"LiquidBronze"},{"floor":11,"key":"LiquidBronze"},{"floor":19,"key":"PotionOfCapacity"},{"floor":24,"key":"FearPotion"},{"floor":31,"key":"SteroidPotion"}],"is_trial":false,"path_per_floor":["M","?","?","?","M","R","M","M","T","R","E","R","M","M","R","B",null,"M","M","?","?","$","R","M","M","T","R","?","?","R","M","R","B",null,"M","$","M","$","?","R","?","E","T","M","M","M","T","E","R","B","B",null,"R","$","E","B",null],"character_chosen":"DEFECT","items_purchased":["Deep Breath+1","Anchor","Membership Card","Mummified Hand"],"campfire_rested":6,"item_purchase_floors":[22,22,54,54],"current_hp_per_floor":[48,41,23,23,22,43,43,35,35,56,27,48,48,48,48,26,60,39,48,48,48,48,48,57,24,24,45,45,25,47,63,63,57,73,80,80,82,82,84,84,84,86,86,88,90,92,92,36,79,79,86,92,92,92,91,36],"gold":35,"neow_bonus":"BOSS_RELIC","is_daily":false,"chose_seed":false,"campfire_upgraded":4,"win_rate":0.0,"timestamp":1613664623,"path_taken":["M","?","?","?","M","R","M","M","T","R","E","R","M","M","R","BOSS","M","?","?","?","$","R","M","M","T","R","?","?","R","?","R","BOSS","M","$","M","$","?","R","?","E","T","?","M","M","?","E","R","BOSS","BOSS","R","$","E","BOSS"],"items_purchased_type":["Card","Relic","Relic","Relic"],"build_version":"2020-12-22","purchased_purges":4,"victory":true,"max_hp_per_floor":[71,71,71,71,71,71,71,71,71,71,71,71,71,71,71,71,71,71,71,71,71,71,71,71,71,71,71,71,76,76,78,78,78,78,80,80,82,82,84,84,84,86,86,88,90,92,92,94,94,94,94,94,94,94,96,96],"relic_stats":{"Sozu":3,"Regal Pillow":15,"Singing Bowl":20,"counters":[26,130],"Mummified Hand":[14],"Astrolabe":["Fusion","Defragment","Defragment"],"Bronze Scales":[222],"MawBank":228,"obtain_stats":[{"Regal Pillow":47,"Singing Bowl":26,"Astrolabe":0,"Oddly Smooth Stone":48,"MawBank":3,"Empty Cage":17,"Akabeko":9,"Sozu":34,"DataDisk":11,"Anchor":22,"HornCleat":55,"Mummified Hand":54,"Bronze Scales":42,"Membership Card":54,"Toxic Egg 2":4,"Cracked Core":0,"FossilizedHelix":39},{"Regal Pillow":21,"Singing Bowl":12,"Astrolabe":0,"Oddly Smooth Stone":22,"MawBank":1,"Empty Cage":8,"Akabeko":4,"Sozu":14,"DataDisk":5,"Anchor":10,"HornCleat":25,"Mummified Hand":24,"Bronze Scales":18,"Membership Card":24,"Toxic Egg 2":1,"Cracked Core":0,"FossilizedHelix":17},{"Regal Pillow":98,"Singing Bowl":61,"Astrolabe":0,"Oddly Smooth Stone":105,"MawBank":4,"Empty Cage":38,"Akabeko":17,"Sozu":72,"DataDisk":22,"Anchor":47,"HornCleat":123,"Mummified Hand":120,"Bronze Scales":86,"Membership Card":120,"Toxic Egg 2":4,"Cracked Core":0,"FossilizedHelix":83}]},"card_choices":[{"not_picked":["Fusion","Consume"],"picked":"Hologram","floor":1},{"not_picked":["Aggregate+1","Redo+1"],"picked":"Reinforced Body+1","floor":5},{"not_picked":["Sunder","Rebound"],"picked":"Cold Snap","floor":7},{"not_picked":["Barrage","Undo+1"],"picked":"Ball Lightning","floor":8},{"not_picked":["Consume+1","Streamline"],"picked":"Leap+1","floor":11},{"not_picked":["Ball Lightning","Stack+1"],"picked":"Coolheaded+1","floor":13},{"not_picked":["Sweeping Beam","Stack+1","Barrage"],"picked":"SKIP","floor":14},{"not_picked":["Rainbow+1","Buffer"],"picked":"Echo Form","floor":16},{"not_picked":["Cold Snap","Steam+1"],"picked":"Self Repair","floor":18},{"not_picked":["Redo+1","Barrage"],"picked":"Skim+1","floor":19},{"not_picked":["Hologram+1","Tempest+1","Fusion+1"],"picked":"SKIP","floor":24},{"not_picked":["Fusion+1","Aggregate+1","Sweeping Beam"],"picked":"SKIP","floor":25},{"not_picked":["Compile Driver","Sweeping Beam","Storm"],"picked":"Singing Bowl","floor":31},{"not_picked":["Core Surge","Electrodynamics"],"picked":"Meteor Strike","floor":33},{"not_picked":["Undo+1","Rebound","Steam+1"],"picked":"Singing Bowl","floor":35},{"not_picked":["Beam Cell","Stack+1","Gash"],"picked":"Singing Bowl","floor":37},{"not_picked":["Gash+1","Hello World","Hologram+1"],"picked":"Singing Bowl","floor":39},{"not_picked":["BootSequence+1","Barrage+1","Scrape"],"picked":"Singing Bowl","floor":42},{"not_picked":["All For One","Static Discharge+1","Steam+1"],"picked":"Singing Bowl","floor":44},{"not_picked":["Rebound","Leap+1","Defragment"],"picked":"Singing Bowl","floor":45},{"not_picked":["White Noise+1","Auto Shields+1","Melter"],"picked":"Singing Bowl","floor":46},{"not_picked":["Undo+1","Defragment","Beam Cell+1"],"picked":"Singing Bowl","floor":48},{"not_picked":["Rebound+1","Meteor Strike","Beam Cell+1"],"picked":"Singing Bowl","floor":55}],"player_experience":2916726,"relics_obtained":[{"floor":4,"key":"Toxic Egg 2"},{"floor":9,"key":"Akabeko"},{"floor":11,"key":"DataDisk"},{"floor":26,"key":"Singing Bowl"},{"floor":39,"key":"FossilizedHelix"},{"floor":42,"key":"Bronze Scales"},{"floor":47,"key":"Regal Pillow"},{"floor":48,"key":"Oddly Smooth Stone"},{"floor":55,"key":"HornCleat"}],"event_choices":[{"cards_removed":["Defend_B"],"damage_healed":0,"gold_gain":0,"player_choice":"Card Removal","damage_taken":7,"max_hp_gain":0,"max_hp_loss":0,"event_name":"Golden Wing","floor":2,"gold_loss":0},{"damage_healed":0,"gold_gain":0,"player_choice":"Success","damage_taken":18,"relics_obtained":["MawBank"],"max_hp_gain":0,"max_hp_loss":0,"event_name":"Scrap Ooze","floor":3,"gold_loss":0},{"damage_healed":0,"gold_gain":0,"player_choice":"Relic","damage_taken":0,"max_hp_gain":0,"max_hp_loss":0,"event_name":"Wheel of Change","floor":4,"gold_loss":0},{"damage_healed":0,"gold_gain":50,"player_choice":"Stole From Cult","damage_taken":0,"max_hp_gain":0,"max_hp_loss":0,"event_name":"Nest","floor":20,"gold_loss":0},{"damage_healed":0,"gold_gain":0,"player_choice":"Ignored","damage_taken":0,"max_hp_gain":0,"max_hp_loss":0,"event_name":"Vampires","floor":21,"gold_loss":0},{"damage_healed":0,"gold_gain":0,"player_choice":"Read","damage_taken":0,"max_hp_gain":0,"max_hp_loss":0,"event_name":"The Library","floor":28,"gold_loss":0,"cards_obtained":["Recycle"]},{"damage_healed":0,"gold_gain":0,"player_choice":"Shed Blood","damage_taken":25,"max_hp_gain":5,"max_hp_loss":0,"event_name":"Forgotten Altar","floor":29,"gold_loss":0},{"damage_healed":0,"gold_gain":0,"player_choice":"Fight","damage_taken":0,"max_hp_gain":0,"max_hp_loss":0,"event_name":"MindBloom","floor":39,"gold_loss":0},{"damage_healed":0,"gold_gain":0,"player_choice":"Ignored","damage_taken":0,"max_hp_gain":0,"max_hp_loss":0,"event_name":"SecretPortal","floor":41,"gold_loss":0}],"is_beta":false,"boss_relics":[{"not_picked":["Fusion Hammer","SlaversCollar"],"picked":"Empty Cage"},{"not_picked":["Pandora\u0027s Box","Velvet Choker"],"picked":"Sozu"}],"items_purged_floors":[22,36,38,54],"is_endless":false,"potions_floor_spawned":[1,7,11,19,24,31,42,46,48],"ascension_level":20}}