{"host":"xr2w6q7a088fu8w2","time":1613658874,"event":{"mods":["AchievementEnabler","BaseMod","Colored Powertips","Good Game Mod","Mimic Mod","Minty Spire (QoL Compilation)","MostiFishMod","Reliquary","StSLib","UnlockEverythingMod"],"gold_per_floor":[116,130,130,144,158,158,171,31,31,43,43,57,57,86,86,186,186,199,215,140,140,159,185,185,200,200,200,2,20,34,44,44,148,148,161,174,186,50,67,67,67,67,106,137,156,166,178,196,196,196,196,196,17,46,46,46],"floor_reached":55,"language":"ZHS","playtime":981,"items_purged":["Defend_G","Strike_G","Strike_G","Defend_G"],"score":979,"play_id":"267bdd57-0482-4517-9122-b25d845be607","local_time":"20210218223434","is_ascension_mode":false,"campfire_choices":[{"floor":6,"key":"RECALL"},{"data":"MostiFishMod:GrandStart","floor":11,"key":"SMITH"},{"data":"Backstab","floor":13,"key":"SMITH"},{"data":"Bane","floor":15,"key":"SMITH"},{"data":"Poisoned Stab","floor":24,"key":"SMITH"},{"data":"Flying Knee","floor":27,"key":"SMITH"},{"data":"Survivor","floor":32,"key":"SMITH"},{"data":"Neutralize","floor":40,"key":"SMITH"},{"data":"Defend_G","floor":42,"key":"SMITH"},{"data":"Defend_G","floor":49,"key":"SMITH"},{"data":"Defend_G","floor":52,"key":"SMITH"}],"circlet_count":0,"master_deck":["Strike_G","Strike_G","Strike_G","Strike_G","Defend_G+1","Defend_G+1","Defend_G+1","Survivor+1","Neutralize+1","Backstab+1","Strike_G","Poisoned Stab+1","Bane+1","MostiFishMod:GrandStart+1","Flying Knee+1"],"relics":["Ring of the Snake","REME:ComplimentaryCards","DaveBox","ExusiaiGun","SynthV:TestCard","Mercury Hourglass","GuanYuAspect","Incense Burner","reliquary:TridentHead","Blue Candle","Membership Card","FeatherPendant","reliquary:Stiletto","Tough Bandages","Dream Catcher","Medical Kit","Toy Ornithopter"],"acts_visited":["Exordium","TheCity","TheBeyond","TheEnding"],"potions_floor_usage":[33,46,46,50],"damage_taken":[{"damage":0,"enemies":"Cultist","floor":1,"turns":1},{"damage":0,"enemies":"Jaw Worm","floor":2,"turns":1},{"damage":0,"enemies":"Small Slimes","floor":4,"turns":1},{"damage":0,"enemies":"Red Slaver","floor":5,"turns":1},{"damage":0,"enemies":"Exordium Wildlife","floor":7,"turns":1},{"damage":0,"enemies":"Looter","floor":10,"turns":1},{"damage":0,"enemies":"3 Louse","floor":12,"turns":1},{"damage":0,"enemies":"Gremlin Nob","floor":14,"turns":1},{"damage":0,"enemies":"Hexaghost","floor":16,"turns":1},{"damage":0,"enemies":"Spheric Guardian","floor":18,"turns":1},{"damage":0,"enemies":"2 Thieves","floor":19,"turns":1},{"damage":0,"enemies":"3 Cultists","floor":22,"turns":1},{"damage":0,"enemies":"Gremlin Leader","floor":23,"turns":1},{"damage":0,"enemies":"Snake Plant","floor":25,"turns":1},{"damage":0,"enemies":"Shelled Parasite and Fungi","floor":29,"turns":1},{"damage":0,"enemies":"Centurion and Healer","floor":30,"turns":1},{"damage":0,"enemies":"Snecko","floor":31,"turns":1},{"damage":0,"enemies":"Champ","floor":33,"turns":1},{"damage":0,"enemies":"3 Darklings","floor":35,"turns":1},{"damage":0,"enemies":"Orb Walker","floor":36,"turns":1},{"damage":0,"enemies":"Jaw Worm Horde","floor":37,"turns":1},{"damage":0,"enemies":"Writhing Mass","floor":39,"turns":1},{"damage":18,"enemies":"4 Shapes","floor":43,"turns":4},{"damage":0,"enemies":"Reptomancer","floor":44,"turns":1},{"damage":0,"enemies":"4 Shapes","floor":45,"turns":4},{"damage":0,"enemies":"Transient","floor":46,"turns":5},{"damage":3,"enemies":"Sphere and 2 Shapes","floor":47,"turns":1},{"damage":0,"enemies":"3 Darklings","floor":48,"turns":1},{"damage":0,"enemies":"Donu and Deca","floor":50,"turns":1},{"damage":0,"enemies":"Shield and Spear","floor":54,"turns":1},{"damage":89,"enemies":"The Heart","floor":55,"turns":2}],"seed_played":"6356967648016631909","potions_obtained":[{"floor":2,"key":"LiquidMemories"},{"floor":10,"key":"DuplicationPotion"},{"floor":12,"key":"FearPotion"},{"floor":14,"key":"Dexterity Potion"},{"floor":29,"key":"Dexterity Potion"},{"floor":31,"key":"Poison Potion"},{"floor":33,"key":"SpeedPotion"},{"floor":39,"key":"Fire Potion"},{"floor":45,"key":"EssenceOfSteel"},{"floor":46,"key":"Explosive Potion"}],"is_trial":false,"path_per_floor":["M","M","?","M","M","R","M","$","T","M","R","M","R","E","R","B",null,"M","M","$","?","M","E","R","M","T","R","$","M","M","M","R","B",null,"M","M","M","$","M","R","$","R","MIM","E","M","M","M","M","R","B",null,"R","$","E","B"],"character_chosen":"THE_SILENT","items_purchased":["MostiFishMod:GrandStart","Membership Card","reliquary:Stiletto","Medical Kit","Dexterity Potion"],"campfire_rested":0,"item_purchase_floors":[8,28,38,53,53],"current_hp_per_floor":[77,77,77,77,77,77,77,77,77,77,77,77,77,77,77,77,39,39,39,39,39,39,39,39,39,39,39,39,39,39,39,39,39,39,39,39,39,39,39,39,39,39,30,35,39,39,39,39,39,39,39,39,39,39,0,0],"gold":46,"neow_bonus":"TEN_PERCENT_HP_BONUS","is_daily":false,"chose_seed":false,"campfire_upgraded":10,"win_rate":0.0,"timestamp":1613658874,"path_taken":["M","M","?","M","M","R","M","$","T","M","R","?","R","E","R","BOSS","M","M","$","?","M","E","R","M","T","R","$","M","M","M","R","BOSS","M","?","?","$","M","R","$","R","MIM","E","M","M","M","M","R","BOSS","R","$","E","BOSS"],"items_purchased_type":["Card","Relic","Relic","Relic","Potion"],"build_version":"2020-12-22","purchased_purges":4,"victory":false,"max_hp_per_floor":[77,77,77,77,77,77,77,77,77,77,77,77,77,77,77,77,39,39,39,39,39,39,39,39,39,39,39,39,39,39,39,39,39,39,39,39,39,39,39,39,39,39,39,39,39,39,39,39,39,39,39,39,39,39,39,39],"card_choices":[{"not_picked":["Outmaneuver","Underhanded Strike","Cloak And Dagger"],"picked":"SKIP","floor":1},{"not_picked":["MostiFishMod:FrostNova","Deflect","Caltrops","Crippling Poison"],"picked":"Backstab","floor":2},{"not_picked":["Sucker Punch","Cloak And Dagger","Dodge and Roll","Glass Knife"],"picked":"Poisoned Stab","floor":4},{"not_picked":["Outmaneuver","Deadly Poison","Expertise","Prepared","Cloak And Dagger"],"picked":"SKIP","floor":5},{"not_picked":["Quick Slash","Caltrops","Acrobatics","Deflect"],"picked":"Bane","floor":7},{"not_picked":["Reflex","Blur","Concentrate","Distraction","Finisher"],"picked":"SKIP","floor":10},{"not_picked":["Accuracy","Well Laid Plans","Calculated Gamble","Burst","Acrobatics"],"picked":"SKIP","floor":12},{"not_picked":["Dagger Throw","MostiFishMod:VineMother","Deadly Poison","Unload","Slice"],"picked":"SKIP","floor":14},{"not_picked":["Blade Dance","Heel Hook","Underhanded Strike","Deadly Poison"],"picked":"Flying Knee","floor":18},{"not_picked":["Distraction+1","Outmaneuver","MostiFishMod:FrostNova","MostiFishMod:PerfectParry","Deflect"],"picked":"SKIP","floor":19},{"not_picked":["Poisoned Stab","Finisher","Deadly Poison+1","Riddle With Holes","MostiFishMod:PerfectParry"],"picked":"SKIP","floor":22},{"not_picked":["Flying Knee+1","Crippling Poison","MostiFishMod:InvigoratingSolution+1","Bane+1","Well Laid Plans+1"],"picked":"SKIP","floor":23},{"not_picked":["Flying Knee","Bullet Time","PiercingWail","Prepared","Deflect+1"],"picked":"SKIP","floor":25},{"not_picked":["Reflex+1","Sucker Punch","Outmaneuver+1","Tactician","Underhanded Strike+1"],"picked":"SKIP","floor":29},{"not_picked":["Slice","Flying Knee+1","MostiFishMod:PerfectParry+1","PiercingWail","Backflip+1"],"picked":"SKIP","floor":30},{"not_picked":["Dagger Throw+1","Flechettes+1","Prepared","Accuracy+1","Terror"],"picked":"SKIP","floor":31},{"not_picked":["Predator+1","Outmaneuver","Bane+1","Sucker Punch+1","Riddle With Holes+1"],"picked":"SKIP","floor":35},{"not_picked":["Dagger Throw+1","Leg Sweep","Deadly Poison+1","Flechettes+1","Underhanded Strike+1"],"picked":"SKIP","floor":36},{"not_picked":["Riddle With Holes+1","MostiFishMod:PoisonShield+1","Dagger Throw","Deflect+1","Flechettes+1"],"picked":"SKIP","floor":37},{"not_picked":["Blade Dance","Underhanded Strike+1","Grand Finale","Quick Slash+1","Setup+1"],"picked":"SKIP","floor":39},{"not_picked":["Outmaneuver+1","PiercingWail","Deadly Poison","Slice","Catalyst"],"picked":"SKIP","floor":44},{"not_picked":["A Thousand Cuts","Bouncing Flask+1","Outmaneuver","Quick Slash+1","Cloak And Dagger"],"picked":"SKIP","floor":45},{"not_picked":["Prepared+1","Flying Knee","Deflect+1","MostiFishMod:VineMother","Deadly Poison+1"],"picked":"SKIP","floor":46},{"not_picked":["Deflect","Dagger Throw+1","Deadly Poison","MostiFishMod:PoisonShield+1","Finisher"],"picked":"SKIP","floor":47},{"not_picked":["Calculated Gamble+1","Endless Agony","Deflect","Cloak And Dagger+1","Dagger Throw+1"],"picked":"SKIP","floor":48},{"not_picked":["Expertise+1","MostiFishMod:FrostNova","Escape Plan","Accuracy+1","MostiFishMod:HiddenBlade"],"picked":"SKIP","floor":54}],"player_experience":119955,"relics_obtained":[{"floor":1,"key":"SynthV:TestCard"},{"floor":14,"key":"Mercury Hourglass"},{"floor":23,"key":"reliquary:TridentHead"},{"floor":26,"key":"Blue Candle"},{"floor":43,"key":"Tough Bandages"},{"floor":44,"key":"Dream Catcher"},{"floor":54,"key":"Toy Ornithopter"}],"event_choices":[{"damage_healed":0,"gold_gain":0,"player_choice":"Gave Potion","damage_taken":0,"relics_obtained":["Incense Burner"],"max_hp_gain":0,"max_hp_loss":0,"event_name":"WeMeetAgain","floor":21,"gold_loss":0}],"is_beta":false,"boss_relics":[{"not_picked":["reliquary:WritOfMandamus","Black Star"],"picked":"GuanYuAspect"},{"not_picked":["Coffee Dripper","HoveringKite"],"picked":"FeatherPendant"}],"items_purged_floors":[20,28,38,53],"is_endless":false,"potions_floor_spawned":[2,10,12,14,18,29,31,33,36,39,45,46],"killed_by":"The Heart","ascension_level":0}}