{"host":"92wx9z21c4p52du4","time":1613631366,"event":{"mods":["Act Like it!","BaseMod","ChefMod","Evolution","GungeonMod","Infinite Spire","Minty Spire (QoL Compilation)","QueenMod","Relic Stats","Reliquary","StSLib","SuperFastMode"],"gold_per_floor":[19,77,92,112,112,147,163,163,163,163,19,19,32,52,52,149,149,166,184,184,200,200,200,227,242,242,260,260,113,113,113],"floor_reached":30,"language":"ENG","playtime":1463,"items_purged":["Decay"],"score":254,"play_id":"1f50a497-fcd3-4789-be03-09bf5c94441a","local_time":"20210218005606","is_ascension_mode":false,"campfire_choices":[{"floor":8,"key":"REST"},{"floor":10,"key":"REST"},{"data":"DemoMod:ManualReload","floor":15,"key":"SMITH"},{"data":"DemoMod:GunslingerForm","floor":23,"key":"SMITH"}],"circlet_count":0,"master_deck":["DemoMod:SAA","DemoMod:SAA","DemoMod:SAA","DemoMod:Defend_Huntress","DemoMod:Defend_Huntress","DemoMod:Defend_Huntress","DemoMod:Roll","DemoMod:ManualReload+1","DemoMod:RustySidearm","DemoMod:CrossBow","DemoMod:FightSabre","DemoMod:MachoBrace","DemoMod:Polaris","DemoMod:DarkMarker","DemoMod:TeaPot","DemoMod:DirectionalPad","DemoMod:MachoBrace","DemoMod:Unity","DemoMod:GunslingerForm+1","DemoMod:MachoBrace","DemoMod:HardPowerCard+1","Doubt","DemoMod:ThirdPartyController","J.A.X.","DemoMod:CursedBullets"],"relics":["DemoMod:Dog","EVO:Axolotl","reliquary:NewFriend","Art of War","ClockworkSouvenir","White Beast Statue","Cursed Key","Toy Ornithopter","Eternal Feather","DemoMod:WeirdEgg"],"acts_visited":["Exordium","TheCity"],"potions_floor_usage":[2,7,16,18,19,25,27],"damage_taken":[{"damage":4,"enemies":"Cultist","floor":1,"turns":4},{"damage":0,"enemies":"Small Slimes","floor":2,"turns":3},{"damage":0,"enemies":"2 Louse","floor":3,"turns":3},{"damage":23,"enemies":"Gremlin Gang","floor":4,"turns":6},{"damage":43,"enemies":"3 Sentries","floor":6,"turns":11},{"damage":0,"enemies":"Red Slaver","floor":7,"turns":4},{"damage":12,"enemies":"3 Louse","floor":13,"turns":2},{"damage":0,"enemies":"2 Fungi Beasts","floor":14,"turns":4},{"damage":15,"enemies":"Slime Boss","floor":16,"turns":10},{"damage":10,"enemies":"3 Byrds","floor":18,"turns":5},{"damage":0,"enemies":"Shell Parasite","floor":19,"turns":6},{"damage":11,"enemies":"Centurion and Healer","floor":21,"turns":5},{"damage":29,"enemies":"Book of Stabbing","floor":24,"turns":7},{"damage":5,"enemies":"Shelled Parasite and Fungi","floor":25,"turns":6},{"damage":11,"enemies":"Cultist and Chosen","floor":27,"turns":7},{"damage":22,"enemies":"3 Cultists","floor":30,"turns":3}],"seed_played":"-7127894713337077665","potions_obtained":[{"floor":1,"key":"Fruit Juice"},{"floor":4,"key":"DuplicationPotion"},{"floor":7,"key":"Ancient Potion"},{"floor":13,"key":"PowerPotion"},{"floor":14,"key":"Ancient Potion"},{"floor":16,"key":"BlessingOfTheForge"},{"floor":18,"key":"ColorlessPotion"},{"floor":19,"key":"LiquidMemories"},{"floor":21,"key":"DemoMod:LeadSkinPotion"},{"floor":24,"key":"Strength Potion"},{"floor":25,"key":"Weak Potion"},{"floor":27,"key":"EntropicBrew"}],"is_trial":false,"path_per_floor":["M","M","M","M","?","E","M","R","T","R","$","?","M","M","R","B",null,"M","M","?","M","?","R","E","M","T","M","?","$","M"],"character_chosen":"HUNTRESS","items_purchased":["ClockworkSouvenir","DemoMod:CursedBullets"],"campfire_rested":2,"item_purchase_floors":[11,29],"current_hp_per_floor":[66,71,71,48,48,5,5,27,27,49,49,49,37,37,37,22,75,65,65,65,54,54,54,25,25,25,19,19,19,0,0],"gold":113,"neow_bonus":"THREE_RARE_CARDS","is_daily":false,"chose_seed":false,"campfire_upgraded":2,"win_rate":0.0,"timestamp":1613631366,"path_taken":["M","?","M","M","?","E","?","R","T","R","$","?","?","M","R","BOSS","M","M","?","M","?","R","E","M","T","M","?","$","M"],"items_purchased_type":["Relic","Card"],"build_version":"2020-12-22","purchased_purges":1,"victory":false,"max_hp_per_floor":[70,75,75,75,75,75,75,75,75,75,75,75,75,75,75,75,75,75,75,75,75,75,75,75,75,75,75,75,75,75,75],"relic_stats":{"counters":[16,86],"Eternal Feather":0,"Art of War":[1],"Cursed Key":1,"obtain_stats":[{"DemoMod:Dog":0,"DemoMod:WeirdEgg":26,"reliquary:NewFriend":6,"Eternal Feather":24,"DemoMod:GlassGuonStoneRelic":1,"Art of War":9,"EVO:Axolotl":0,"Cursed Key":17,"White Beast Statue":12,"Toy Ornithopter":22,"ClockworkSouvenir":11},{"DemoMod:Dog":0,"DemoMod:WeirdEgg":14,"reliquary:NewFriend":5,"Eternal Feather":13,"DemoMod:GlassGuonStoneRelic":1,"Art of War":6,"EVO:Axolotl":0,"Cursed Key":9,"White Beast Statue":6,"Toy Ornithopter":12,"ClockworkSouvenir":6},{"DemoMod:Dog":0,"DemoMod:WeirdEgg":76,"reliquary:NewFriend":27,"Eternal Feather":70,"DemoMod:GlassGuonStoneRelic":4,"Art of War":31,"EVO:Axolotl":0,"Cursed Key":47,"White Beast Statue":31,"Toy Ornithopter":63,"ClockworkSouvenir":31}],"Toy Ornithopter":10},"card_choices":[{"not_picked":["DemoMod:FullFirepower","DemoMod:BalloonGun"],"picked":"DemoMod:FightSabre","floor":0},{"not_picked":["DemoMod:PotionOfGunFriendShip","DemoMod:SkilledReload"],"picked":"DemoMod:MachoBrace","floor":1},{"not_picked":["DemoMod:DoubleSwitch","DemoMod:ZorGun"],"picked":"DemoMod:Purify","floor":2},{"not_picked":["DemoMod:DoubleSwitch","DemoMod:FortunesFavor"],"picked":"DemoMod:Polaris","floor":3},{"not_picked":["DemoMod:MachoBrace","DemoMod:Polaris"],"picked":"DemoMod:DarkMarker","floor":4},{"not_picked":["DemoMod:SAA","DemoMod:JK47"],"picked":"DemoMod:TeaPot","floor":6},{"not_picked":["DemoMod:DoubleSwitch","DemoMod:ConditionalReflex"],"picked":"DemoMod:DirectionalPad","floor":7},{"not_picked":["DemoMod:PracticeMakesPerfect","DemoMod:PotionOfGunFriendShip"],"picked":"DemoMod:MachoBrace","floor":13},{"not_picked":["DemoMod:DirectionalPad","DemoMod:DoubleSwitch"],"picked":"DemoMod:Unity","floor":14},{"not_picked":["DemoMod:DarkMarker","DemoMod:BlackHoleGun"],"picked":"DemoMod:GunslingerForm","floor":16},{"not_picked":["DemoMod:ConditionalReflex","DemoMod:DoubleSwitch","DemoMod:Polaris"],"picked":"SKIP","floor":18},{"not_picked":["DemoMod:FastSwitch","DemoMod:FeignSurrender+1"],"picked":"DemoMod:MachoBrace","floor":19},{"not_picked":["DemoMod:MegaHand","DemoMod:ConditionalReflex","DemoMod:PotionOfGunFriendShip+1"],"picked":"SKIP","floor":19},{"not_picked":["DemoMod:AC15","DemoMod:StickyCrossBow","DemoMod:SAA"],"picked":"SKIP","floor":21},{"not_picked":["DemoMod:BoxingGlove","DemoMod:GunstockTap+1"],"picked":"DemoMod:HardPowerCard+1","floor":24},{"not_picked":["DemoMod:ShadowBullets","DemoMod:PotionOfGunFriendShip","DemoMod:JK47"],"picked":"SKIP","floor":25},{"not_picked":["DemoMod:DirectionalPad","DemoMod:GunShield"],"picked":"DemoMod:ThirdPartyController","floor":27}],"player_experience":198874,"relics_obtained":[{"floor":6,"key":"reliquary:NewFriend"},{"floor":9,"key":"Art of War"},{"floor":24,"key":"Eternal Feather"},{"floor":26,"key":"DemoMod:WeirdEgg"}],"event_choices":[{"damage_healed":0,"gold_gain":0,"player_choice":"Cursed","damage_taken":0,"max_hp_gain":0,"max_hp_loss":0,"event_name":"Wheel of Change","floor":5,"gold_loss":0,"cards_obtained":["Decay"]},{"damage_healed":0,"gold_gain":0,"player_choice":"Gave Potion","damage_taken":0,"relics_obtained":["White Beast Statue"],"max_hp_gain":0,"max_hp_loss":0,"event_name":"WeMeetAgain","floor":12,"gold_loss":0},{"damage_healed":0,"gold_gain":0,"player_choice":"Opened","damage_taken":0,"relics_obtained":["Toy Ornithopter"],"max_hp_gain":0,"max_hp_loss":0,"event_name":"The Mausoleum","floor":22,"gold_loss":0},{"damage_healed":0,"gold_gain":0,"player_choice":"Obtain J.A.X.","damage_taken":0,"max_hp_gain":0,"max_hp_loss":0,"event_name":"Drug Dealer","floor":28,"gold_loss":0,"cards_obtained":["J.A.X."]}],"is_beta":false,"boss_relics":[{"not_picked":["Empty Cage","reliquary:KinkedSpring"],"picked":"Cursed Key"}],"items_purged_floors":[29],"is_endless":false,"potions_floor_spawned":[1,4,7,13,14,16,18,19,21,24,25,27],"killed_by":"3 Cultists","ascension_level":0}}