{"host":"ufhw4cf0hh51lveu","time":1613625971,"event":{"mods":["BaseMod","DeckTracker","Minty Spire (QoL Compilation)","SuperFastMode"],"gold_per_floor":[14,289,63,81,92,92,104,104,104,104,50,50,69,69,69,166,166,183,202,202,202],"floor_reached":20,"language":"KOR","playtime":468,"items_purged":["Regret"],"score":164,"play_id":"7d3307b7-dc72-490c-bf5b-e5b503654f0b","local_time":"20210218142611","is_ascension_mode":false,"campfire_choices":[{"data":"Flex","floor":6,"key":"SMITH"},{"data":"Heavy Blade","floor":8,"key":"SMITH"},{"floor":15,"key":"REST"}],"circlet_count":0,"master_deck":["Strike_R","Strike_R","Strike_R","Strike_R","Strike_R","Defend_R","Defend_R","Defend_R","Defend_R","Bash","Bludgeon","Flex+1","Thunderclap","Heavy Blade+1","Ghostly Armor","Sword Boomerang","Shrug It Off","Heavy Blade","Reaper"],"relics":["Burning Blood","Orrery","Bottled Flame","Champion Belt","Mummified Hand","Vajra","Runic Pyramid"],"acts_visited":["Exordium","TheCity"],"potions_floor_usage":[16,16,20,20],"damage_taken":[{"damage":1,"enemies":"Jaw Worm","floor":1,"turns":3},{"damage":1,"enemies":"Cultist","floor":4,"turns":3},{"damage":0,"enemies":"2 Louse","floor":5,"turns":3},{"damage":12,"enemies":"Blue Slaver","floor":7,"turns":3},{"damage":0,"enemies":"Large Slime","floor":13,"turns":5},{"damage":62,"enemies":"Hexaghost","floor":16,"turns":12},{"damage":55,"enemies":"Spheric Guardian","floor":18,"turns":8},{"damage":21,"enemies":"Chosen","floor":19,"turns":5},{"damage":31,"enemies":"Centurion and Healer","floor":20,"turns":5}],"seed_played":"2628310311353287239","potions_obtained":[{"floor":4,"key":"SteroidPotion"},{"floor":7,"key":"LiquidMemories"},{"floor":16,"key":"LiquidBronze"},{"floor":18,"key":"SteroidPotion"}],"is_trial":false,"path_per_floor":["M","?","$","M","M","R","M","R","T","T","$","?","M","T","R","B",null,"M","M","M"],"character_chosen":"IRONCLAD","items_purchased":["Orrery","Heavy Blade"],"campfire_rested":1,"item_purchase_floors":[3,11],"current_hp_per_floor":[80,80,80,80,80,80,74,74,74,74,74,62,68,68,80,24,80,36,28,0,0],"gold":202,"neow_bonus":"THREE_RARE_CARDS","is_daily":false,"chose_seed":false,"campfire_upgraded":2,"win_rate":0.0,"timestamp":1613625971,"path_taken":["M","?","?","M","?","R","M","R","T","?","$","?","M","?","R","BOSS","M","M","M"],"items_purchased_type":["Relic","Card"],"build_version":"2020-12-22","purchased_purges":1,"victory":false,"max_hp_per_floor":[80,80,80,80,80,80,80,80,80,80,80,80,80,80,80,80,80,80,80,80,80],"card_choices":[{"not_picked":["Demon Form","Reaper"],"picked":"Bludgeon","floor":0},{"not_picked":["True Grit","Armaments"],"picked":"Flex","floor":1},{"not_picked":["Blood for Blood","Dual Wield"],"picked":"Thunderclap","floor":3},{"not_picked":["Searing Blow","Cleave"],"picked":"Heavy Blade","floor":3},{"not_picked":["Spot Weakness","Fiend Fire"],"picked":"Ghostly Armor","floor":3},{"not_picked":["Sentinel","Clash","Carnage"],"picked":"SKIP","floor":4},{"not_picked":["Burning Pact","Warcry"],"picked":"Sword Boomerang","floor":5},{"not_picked":["Sword Boomerang","Perfected Strike"],"picked":"Shrug It Off","floor":7},{"not_picked":["Entrench","Pummel","Clash"],"picked":"SKIP","floor":13},{"not_picked":["Juggernaut","Offering"],"picked":"Reaper","floor":16},{"not_picked":["Armaments+1","Blood for Blood","Cleave"],"picked":"SKIP","floor":18},{"not_picked":["Spot Weakness","Reckless Charge","Body Slam+1"],"picked":"SKIP","floor":19}],"player_experience":40358,"relics_obtained":[{"floor":9,"key":"Bottled Flame"},{"floor":10,"key":"Champion Belt"},{"floor":14,"key":"Vajra"}],"event_choices":[{"damage_healed":0,"gold_gain":275,"player_choice":"Desecrate","damage_taken":0,"max_hp_gain":0,"max_hp_loss":0,"event_name":"Golden Shrine","floor":2,"gold_loss":0,"cards_obtained":["Regret"]},{"damage_healed":0,"gold_gain":0,"player_choice":"Success","damage_taken":12,"relics_obtained":["Mummified Hand"],"max_hp_gain":0,"max_hp_loss":0,"event_name":"Scrap Ooze","floor":12,"gold_loss":0}],"is_beta":false,"boss_relics":[{"not_picked":["Runic Dome","Calling Bell"],"picked":"Runic Pyramid"}],"items_purged_floors":[3],"is_endless":false,"potions_floor_spawned":[4,7,16,18],"killed_by":"Centurion and Healer","ascension_level":0}}