{"host":"tmk46lqetm74e6y6","time":1613665844,"event":{"mods":["100% Spire Juice","2.2 Compatiblity","Abigail Mod","AchievementEnabler","Act Like it!","Arknights","BaseMod","Beaked The Cultist","Better Match","BetterRewards","CapriCore","ChefMod","Chen","Decade(â§è¨ñæ)","Friendly Minions","GifTheSpireLib","HololiveMod","KinomotoSakuraMod(ñÿîVñ{?)","KiyohimeÅiê¥?Åj","Koishi","KomeijiMod","Magitek Elite","MarisaÅiñ∂âJÅ@ñÇóùçπÅj","Minty Spire (QoL Compilation)","Onozuka Komachi Mod","Permanent Neow","Prisma Mod","Railgun Mod","Random Character Button","Reliquary","Remilia_Scarlet MoedÅiÂQïƒ‰ª?ÅEéz?óãì¡Åj3.3.5","SOSÅiézîb?îVéqÅj","Small Relic Pack","StSLib","SuperFastMode","The Administrix","The Alterego","The Animator","The Bladedancer","The Immortal","The Servant 0.9.4","The Wild Card","TheSwordswoman","Trackpad","Wide Potions","Yakumo Yukari mod","YoumuÅiç∞ÈÆódöÎÅj","Yuri Mod"],"gold_per_floor":[132,132,146,159,159,159,159,159,182,198,198,212,3,16,16,121,121,138,184,196,196,16,16,27,27,109,121,141,157,157,168,168,270,270,283,302,43,59,75,110,110,126,152,172,3,3,3,22,22,22,22],"floor_reached":50,"language":"ENG","playtime":3660,"items_purged":["Pain"],"score":595,"play_id":"9790a262-a2fb-41df-8f1a-bd23b8a4da50","local_time":"20210219003044","is_ascension_mode":false,"campfire_choices":[{"data":"WatchEChange_purple","floor":6,"key":"SMITH"},{"data":"RealityDreamConfluencek_purple","floor":11,"key":"SMITH"},{"data":"Shallow_ocean_purpleEX","floor":15,"key":"SMITH"},{"data":"WingOfChimera_purple","floor":23,"key":"SMITH"},{"data":"CommonSense_AntiCommonSense_purple","floor":25,"key":"SMITH"},{"floor":32,"key":"REST"},{"floor":41,"key":"REST"},{"floor":46,"key":"REST"},{"data":"Mirror_TwoAndThreeElementRealm_purple","floor":49,"key":"SMITH"}],"circlet_count":0,"master_deck":["AT_purpleEX","AT_purpleEX","AT_purpleEX","AT_purpleEX","Defend_purpleEX","Defend_purpleEX","Defend_purpleEX+1","Defend_purpleEX+1","Observe_purple_1+1","Observe_purple_2+1","WatchEChange_purple+1","MeetDecomposer_purple+1","ExistenceContinue_purple","RealityDreamConfluencek_purple+1","Shallow_ocean_purpleEX+1","Photoelasticity_Doppler_Effect_purple","Fantasy_PerpetualMotionMachine_purple","AdvanceAttack_purple","StateDuplicate_purple","Boundary_DreamRealityDamnation_purple","GluttonyofRealm_purpleEX","WingOfChimera_purple+1","Worldmountain_purple","CommonSense_AntiCommonSense_purple+1","Boundary_DreamRealityDamnation_purple","Charmbait_purple","Mirror_WaveAndshot_purple","Mirror_TwoAndThreeElementRealm_purple+1","RuleDissolution_purple+1","WeekHit_purple","AdvanceAttack_purple","Umbrella_purple","Boundary_DynamicStaticEquilibrium_purple+1","OmniscientAndOmnipotent_Monster_purple+1","WingOfChimera_purple+1","Line_surface_state_purple+1","Mirror_FormAndEmptin_purple","Fantasy_PerpetualMotionMachine_purple"],"relics":["Boundary_crack","Memoryfragments_purpleEX","relicPack:OneForAll","War Paint","Velvet Choker","reliquary:Buckler","reliquary:PrincelyHelmet","WarpedTongs","reliquary:KinkedSpring","PreservedInsect","trackpad:WritersBlock","Pen Nib","HandDrill"],"acts_visited":["Exordium","TheCity","TheBeyond"],"potions_floor_usage":[10,16,18,24,24,24,24,31,31,31,31,40,50,50,50],"damage_taken":[{"damage":0,"enemies":"ats:Genji","floor":1,"turns":4},{"damage":8,"enemies":"Small Slimes","floor":3,"turns":3},{"damage":0,"enemies":"Cultist","floor":4,"turns":4},{"damage":8,"enemies":"Gremlin Gang","floor":10,"turns":5},{"damage":0,"enemies":"Blue Slaver","floor":12,"turns":4},{"damage":0,"enemies":"2 Fungi Beasts","floor":14,"turns":2},{"damage":1,"enemies":"Slime Boss","floor":16,"turns":5},{"damage":16,"enemies":"3 Byrds","floor":18,"turns":5},{"damage":0,"enemies":"Chosen","floor":20,"turns":4},{"damage":8,"enemies":"Centurion and Healer","floor":24,"turns":4},{"damage":7,"enemies":"Snake Plant","floor":27,"turns":4},{"damage":10,"enemies":"Shelled Parasite and Fungi","floor":28,"turns":4},{"damage":12,"enemies":"Centurion and Healer","floor":29,"turns":4},{"damage":13,"enemies":"Cultist and Chosen","floor":31,"turns":2},{"damage":18,"enemies":"Automaton","floor":33,"turns":9},{"damage":41,"enemies":"3 Darklings","floor":35,"turns":5},{"damage":17,"enemies":"3 Shapes","floor":36,"turns":2},{"damage":11,"enemies":"Sphere and 2 Shapes","floor":38,"turns":3},{"damage":0,"enemies":"Transient","floor":39,"turns":5},{"damage":15,"enemies":"Giant Head","floor":40,"turns":6},{"damage":31,"enemies":"4 Shapes","floor":42,"turns":4},{"damage":4,"enemies":"Spire Growth","floor":44,"turns":4},{"damage":0,"enemies":"Transient","floor":48,"turns":5},{"damage":108,"enemies":"Donu and Deca","floor":50,"turns":7}],"seed_played":"1781167880619196652","potions_obtained":[{"floor":4,"key":"SpeedPotion"},{"floor":8,"key":"LiquidMemories"},{"floor":8,"key":"EntropicBrew"},{"floor":10,"key":"PowerPotion"},{"floor":16,"key":"PowerPotion"},{"floor":29,"key":"EntropicBrew"},{"floor":33,"key":"BlessingOfTheForge"},{"floor":38,"key":"AttackPotion"},{"floor":40,"key":"DistilledChaos"},{"floor":42,"key":"Block Potion"}],"is_trial":false,"path_per_floor":["M","?","M","M","?","R","?","?","T","M","R","M","$","M","R","B",null,"M","T","M","?","?","R","M","R","T","M","M","M","?","M","R","B",null,"M","M","$","M","M","E","R","M","T","M","$","R","?","M","R","B"],"character_chosen":"Youkari","items_purchased":["Photoelasticity_Doppler_Effect_purple","Fantasy_PerpetualMotionMachine_purple","AdvanceAttack_purple","StateDuplicate_purple","PreservedInsect","AdvanceAttack_purple","HandDrill","Mirror_FormAndEmptin_purple"],"campfire_rested":3,"item_purchase_floors":[13,13,13,13,37,37,45,45],"current_hp_per_floor":[77,77,71,74,74,74,74,74,74,70,70,70,70,70,70,69,77,62,62,62,62,62,62,57,57,57,56,48,41,41,36,60,47,83,64,64,64,66,69,59,83,62,62,63,63,86,86,86,86,0,0],"gold":22,"neow_bonus":"TEN_PERCENT_HP_BONUS","is_daily":false,"chose_seed":false,"campfire_upgraded":6,"win_rate":0.0,"timestamp":1613665844,"path_taken":["M","?","M","M","?","R","?","?","T","M","R","M","$","M","R","BOSS","M","?","?","?","?","R","M","R","T","M","M","M","?","?","R","BOSS","M","M","?","M","?","E","R","M","T","?","$","R","?","M","R","BOSS"],"items_purchased_type":["Card","Card","Card","Card","Relic","Card","Relic","Card"],"build_version":"2020-12-22","purchased_purges":1,"victory":false,"max_hp_per_floor":[77,77,77,77,77,77,77,77,77,77,77,77,77,77,77,77,77,77,77,77,77,77,77,80,80,80,83,83,83,83,83,83,83,83,83,83,83,83,83,83,83,86,86,86,86,86,86,86,86,86,86],"card_choices":[{"not_picked":["StateDuplicate_purple","MNeedle_purple"],"picked":"WatchEChange_purple","floor":1},{"not_picked":["Boundary_LightAndDark_purple","Mirror_Drifter_purple"],"picked":"MeetDecomposer_purple","floor":3},{"not_picked":["Boundary_LightAndDark_purple","ExternalForce_HighSpeedFlying_purple"],"picked":"ExistenceContinue_purple","floor":4},{"not_picked":["ExternalForce_HighSpeedFlying_purple","ExistenceContinue_purple"],"picked":"RealityDreamConfluencek_purple","floor":10},{"not_picked":["Realm_recovery_purpleEX","Bait_HighSpeedFlying_purple"],"picked":"Shallow_ocean_purpleEX","floor":12},{"not_picked":["Realm_recovery_purpleEX","ExistenceContinue_purple"],"picked":"Boundary_DreamRealityDamnation_purple","floor":14},{"not_picked":["Monsters_DoubleDeathButterfly_purple","Computing_the_future_purpleEX"],"picked":"GluttonyofRealm_purpleEX","floor":16},{"not_picked":["Worldmountain_purple","AdvanceAttack_purple"],"picked":"WingOfChimera_purple","floor":18},{"not_picked":["Line_surface_state_purple","MetroBOOM_purple+1"],"picked":"Worldmountain_purple","floor":20},{"not_picked":["Photoelasticity_Doppler_Effect_purple+1","Realm_recovery_purpleEX+1"],"picked":"CommonSense_AntiCommonSense_purple","floor":24},{"not_picked":["Charmbait_purple","MeetDecomposer_purple"],"picked":"Boundary_DreamRealityDamnation_purple","floor":27},{"not_picked":["AdvanceAttack_purple+1","DimensionStaggered_purple"],"picked":"Charmbait_purple","floor":29},{"not_picked":["RealityDreamConfluencek_purple","ContainerChange_purple"],"picked":"Mirror_WaveAndshot_purple","floor":31},{"not_picked":["Know_ledgeAbilityRealm_purple","Theboundaryofcreation_purpleEX"],"picked":"Mirror_TwoAndThreeElementRealm_purple","floor":33},{"not_picked":["Line_surface_state_purple","Erosivefilter_purple"],"picked":"RuleDissolution_purple+1","floor":35},{"not_picked":["OpenedBox_purple+1","Mirror_FourBoundary_purple"],"picked":"WeekHit_purple","floor":36},{"not_picked":["OmniscientAndOmnipotent_Monster_purple+1","RuleDissolution_purple"],"picked":"Umbrella_purple","floor":38},{"not_picked":["ExistenceContinue_purple+1","DimensionStaggered_purple"],"picked":"Boundary_DynamicStaticEquilibrium_purple+1","floor":39},{"not_picked":["Erosivefilter_purple+1","ExistenceContinue_purple+1"],"picked":"OmniscientAndOmnipotent_Monster_purple+1","floor":40},{"not_picked":["Umbrella_purple","RuleDissolution_purple"],"picked":"WingOfChimera_purple+1","floor":42},{"not_picked":["DimensionStaggered_purple","RuleDissolution_purple"],"picked":"Line_surface_state_purple+1","floor":44},{"not_picked":["ExistenceContinue_purple+1","DimensionStaggered_purple"],"picked":"Fantasy_PerpetualMotionMachine_purple","floor":48}],"player_experience":90842,"relics_obtained":[{"floor":9,"key":"War Paint"},{"floor":19,"key":"reliquary:Buckler"},{"floor":26,"key":"reliquary:PrincelyHelmet"},{"floor":40,"key":"trackpad:WritersBlock"},{"floor":43,"key":"Pen Nib"}],"event_choices":[{"damage_healed":0,"gold_gain":0,"player_choice":"Grow","damage_taken":0,"max_hp_gain":0,"max_hp_loss":0,"event_name":"Living Wall","floor":2,"gold_loss":0,"cards_upgraded":["Observe_purple_2"]},{"damage_healed":0,"gold_gain":0,"player_choice":"Got Potions","damage_taken":0,"max_hp_gain":0,"max_hp_loss":0,"event_name":"Lab","floor":8,"gold_loss":0},{"damage_healed":0,"gold_gain":0,"player_choice":"Ignored","damage_taken":0,"max_hp_gain":0,"max_hp_loss":0,"event_name":"Ghosts","floor":21,"gold_loss":0},{"damage_healed":0,"gold_gain":0,"player_choice":"Rummage","damage_taken":0,"relics_obtained":["WarpedTongs"],"max_hp_gain":0,"max_hp_loss":0,"event_name":"Accursed Blacksmith","floor":30,"gold_loss":0,"cards_obtained":["Pain"]}],"is_beta":false,"boss_relics":[{"not_picked":["Astrolabe","Seventeenyearold_girl_Forever"],"picked":"Velvet Choker"},{"not_picked":["reliquary:Ember","Philosopher\u0027s Stone"],"picked":"reliquary:KinkedSpring"}],"items_purged_floors":[37],"is_endless":false,"potions_floor_spawned":[4,10,12,16,18,29,33,38,40,42,48],"killed_by":"Donu and Deca","ascension_level":0}}