{"host":"zxd2l8an9de7z7b9","time":1613634460,"event":{"mods":["2.2 Compatiblity","AchievementEnabler","BaseMod","CapriCore","Colored Map","Colored Powertips","Minty Spire (QoL Compilation)","Rare Cards Sparkle","StSLib","SuperFastMode","everything is the same but u backflip on backflip"],"gold_per_floor":[113,113,63,76,1,1,29,45,96,96,136,156,184,12,12,122,122,136,151,151,170,170,170,207,165,165,177,199,223,223,241,241,353,380,397,397,420,429,329,358,358,417,417,417,434,296,296,322,322,322],"floor_reached":51,"language":"KOR","playtime":1414,"items_purged":["Strike_R","Defend_R","Cleave+1"],"score":755,"play_id":"933ee7f6-2b9c-4a08-a871-2c52a48f41a5","local_time":"20210218164740","is_ascension_mode":false,"campfire_choices":[{"data":"Carnage","floor":6.0,"key":"SMITH"},{"data":"Pommel Strike","floor":10.0,"key":"SMITH"},{"data":"Whirlwind","floor":15.0,"key":"SMITH"},{"data":"Flex","floor":23.0,"key":"SMITH"},{"floor":30.0,"key":"REST"},{"data":"Spot Weakness","floor":32.0,"key":"SMITH"},{"data":"Sword Boomerang","floor":41.0,"key":"SMITH"},{"data":"Flex","floor":44.0,"key":"SMITH"},{"data":"Master of Strategy","floor":49,"key":"SMITH"}],"circlet_count":0,"master_deck":["Bash","Carnage+1","Battle Trance","Pommel Strike+1","Flex+1","Whirlwind+1","Inflame","Double Tap","Twin Strike+1","Dropkick+1","Ghostly Armor","Thunderclap","Flex","Spot Weakness+1","Reaper","Sword Boomerang+1","Bludgeon","True Grit+1","Cleave+1","Flex","Master of Strategy+1","Spot Weakness","Flex+1","Second Wind+1","Shrug It Off","Flex+1"],"relics":["Black Blood","Bronze Scales","CeramicFish","Dead Branch","Magic Flower","Frozen Egg 2","Astrolabe","Lantern","Turnip","Lizard Tail","Ornamental Fan"],"acts_visited":["Exordium","TheCity","TheBeyond"],"potions_floor_usage":[50],"damage_taken":[{"damage":8.0,"enemies":"Small Slimes","floor":1.0,"turns":3.0},{"damage":2.0,"enemies":"Jaw Worm","floor":4.0,"turns":3.0},{"damage":35.0,"enemies":"3 Sentries","floor":7.0,"turns":7.0},{"damage":0.0,"enemies":"2 Louse","floor":8.0,"turns":2.0},{"damage":36.0,"enemies":"Lagavulin","floor":11.0,"turns":4.0},{"damage":0.0,"enemies":"Large Slime","floor":12.0,"turns":2.0},{"damage":0.0,"enemies":"Gremlin Gang","floor":13.0,"turns":3.0},{"damage":60.0,"enemies":"The Guardian","floor":16.0,"turns":8.0},{"damage":10.0,"enemies":"Chosen","floor":18.0,"turns":2.0},{"damage":34.0,"enemies":"Shell Parasite","floor":19.0,"turns":5.0},{"damage":21.0,"enemies":"Snake Plant","floor":21.0,"turns":3.0},{"damage":51.0,"enemies":"Book of Stabbing","floor":24.0,"turns":4.0},{"damage":11.0,"enemies":"Cultist and Chosen","floor":27.0,"turns":4.0},{"damage":13.0,"enemies":"Centurion and Healer","floor":28.0,"turns":4.0},{"damage":20.0,"enemies":"Sentry and Sphere","floor":29.0,"turns":4.0},{"damage":106.0,"enemies":"Automaton","floor":33.0,"turns":9.0},{"damage":0.0,"enemies":"3 Shapes","floor":35.0,"turns":1.0},{"damage":31.0,"enemies":"3 Darklings","floor":37.0,"turns":4.0},{"damage":46.0,"enemies":"Nemesis","floor":40.0,"turns":5.0},{"damage":17.0,"enemies":"Mind Bloom Boss Battle","floor":42.0,"turns":4.0},{"damage":66,"enemies":"Writhing Mass","floor":45,"turns":4},{"damage":57,"enemies":"Sphere and 2 Shapes","floor":48,"turns":8},{"damage":132,"enemies":"Awakened One","floor":50,"turns":9}],"seed_played":"-8738850918633942052","potions_obtained":[{"floor":1.0,"key":"Block Potion"},{"floor":4.0,"key":"Ancient Potion"},{"floor":7.0,"key":"Fire Potion"},{"floor":11.0,"key":"BloodPotion"},{"floor":16.0,"key":"Swift Potion"},{"floor":19.0,"key":"FairyPotion"},{"floor":33.0,"key":"Fruit Juice"},{"floor":37.0,"key":"FairyPotion"},{"floor":40.0,"key":"BlessingOfTheForge"},{"floor":48,"key":"Block Potion"}],"is_trial":false,"path_per_floor":["M","?","?","M","$","R","E","M","T","R","E","M","M","$","R","B",null,"M","M","?","M","?","R","E","?","T","M","M","M","R","?","R","B",null,"M","?","M","?","$","E","R","?","T","R","M","$","T","M","R","B",null],"character_chosen":"IRONCLAD","items_purchased":["Inflame","Spot Weakness","Flex","Shrug It Off"],"campfire_rested":1,"item_purchase_floors":[14,39,39,46],"current_hp_per_floor":[86,91,91,93,93,93,64,70,70,70,40,46,70,70,70,16,93,93,71,71,62,62,62,23,23,23,30,35,33,60,60,60,38,98,98,98,85,85,85,75,75,91,91,91,43,43,43,52,52,46],"gold":322,"neow_bonus":"TEN_PERCENT_HP_BONUS","is_daily":false,"chose_seed":false,"campfire_upgraded":8,"win_rate":0.0,"timestamp":1613634460,"path_taken":["M","?","?","M","$","R","E","M","T","R","E","M","M","$","R","BOSS","M","M","?","M","?","R","E","?","T","?","M","M","R","?","R","BOSS","M","?","M","?","$","E","R","?","T","R","M","$","?","?","R","BOSS"],"items_purchased_type":["Card","Card","Card","Card"],"build_version":"2020-12-22","purchased_purges":3,"victory":true,"max_hp_per_floor":[88,93,93,93,93,93,93,93,93,93,93,93,93,93,93,93,93,93,93,93,93,93,93,93,93,93,93,93,93,93,93,93,98,98,98,98,98,98,98,98,98,98,98,98,98,98,98,98,98,98],"card_choices":[{"not_picked":["Wild Strike","Warcry"],"picked":"Carnage","floor":1.0},{"not_picked":["Shrug It Off","Pummel"],"picked":"Battle Trance","floor":4.0},{"not_picked":["Headbutt","Bloodletting"],"picked":"Pommel Strike","floor":7.0},{"not_picked":["Warcry","True Grit","Cleave"],"picked":"SKIP","floor":8.0},{"not_picked":["Double Tap","Clothesline"],"picked":"Flex","floor":11.0},{"not_picked":["Thunderclap","Perfected Strike","Fire Breathing"],"picked":"SKIP","floor":12.0},{"not_picked":["Warcry","Sword Boomerang"],"picked":"Whirlwind","floor":13.0},{"not_picked":["Juggernaut","Exhume"],"picked":"Double Tap","floor":16.0},{"not_picked":["Clash","Evolve","Iron Wave"],"picked":"SKIP","floor":18.0},{"not_picked":["Feel No Pain","Sentinel","Infernal Blade"],"picked":"SKIP","floor":19.0},{"not_picked":["Sever Soul","Shrug It Off"],"picked":"Twin Strike+1","floor":21.0},{"not_picked":["Berserk","Perfected Strike"],"picked":"Dropkick+1","floor":24.0},{"not_picked":["Wild Strike","Power Through","Infernal Blade"],"picked":"SKIP","floor":27.0},{"not_picked":["Intimidate","Cleave"],"picked":"Flex","floor":28.0},{"not_picked":["Clash+1","Havoc"],"picked":"Spot Weakness","floor":29.0},{"not_picked":["Corruption+1","Feed"],"picked":"Bludgeon","floor":33.0},{"not_picked":["Clothesline+1","Perfected Strike+1","Pommel Strike"],"picked":"SKIP","floor":35.0},{"not_picked":["Headbutt","Wild Strike"],"picked":"Flex","floor":37.0},{"not_picked":["Purity","Good Instincts"],"picked":"Master of Strategy","floor":38.0},{"not_picked":["Searing Blow","True Grit","Heavy Blade"],"picked":"SKIP","floor":40.0},{"not_picked":["Searing Blow","True Grit","Heavy Blade"],"picked":"SKIP","floor":40.0},{"not_picked":["Twin Strike+1","Cleave"],"picked":"Second Wind+1","floor":42.0},{"not_picked":["Pommel Strike+1","Ghostly Armor+1","Body Slam+1"],"picked":"SKIP","floor":45},{"not_picked":["Double Tap","Entrench+1"],"picked":"Flex+1","floor":48}],"player_experience":383888,"relics_obtained":[{"floor":7.0,"key":"Bronze Scales"},{"floor":9.0,"key":"CeramicFish"},{"floor":11.0,"key":"Dead Branch"},{"floor":24.0,"key":"Magic Flower"},{"floor":26.0,"key":"Frozen Egg 2"},{"floor":40.0,"key":"Lantern"},{"floor":42.0,"key":"Turnip"},{"floor":43.0,"key":"Lizard Tail"},{"floor":47,"key":"Ornamental Fan"}],"event_choices":[{"damage_healed":0.0,"max_hp_gain":5.0,"max_hp_loss":0.0,"gold_gain":0.0,"event_name":"Big Fish","player_choice":"Donut","floor":2.0,"gold_loss":0.0,"damage_taken":0.0},{"cards_removed":["Strike_R"],"damage_healed":0.0,"max_hp_gain":0.0,"max_hp_loss":0.0,"gold_gain":0.0,"event_name":"The Cleric","player_choice":"Card Removal","floor":3.0,"gold_loss":50.0,"damage_taken":0.0},{"cards_removed":["Strike_R"],"damage_healed":0.0,"max_hp_gain":0.0,"max_hp_loss":0.0,"gold_gain":0.0,"event_name":"Back to Basics","player_choice":"Elegance","floor":20.0,"gold_loss":0.0,"damage_taken":0.0},{"damage_healed":0.0,"max_hp_gain":0.0,"max_hp_loss":0.0,"gold_gain":0.0,"event_name":"Ghosts","player_choice":"Ignored","floor":22.0,"gold_loss":0.0,"damage_taken":0.0},{"damage_healed":0.0,"max_hp_gain":0.0,"max_hp_loss":0.0,"gold_gain":0.0,"cards_transformed":["Defend_R","Strike_R"],"event_name":"Designer","player_choice":"Transformed Cards","floor":25.0,"gold_loss":60.0,"damage_taken":0.0,"cards_obtained":["Ghostly Armor","Thunderclap"]},{"damage_healed":0.0,"max_hp_gain":0.0,"max_hp_loss":0.0,"gold_gain":0.0,"event_name":"Match and Keep!","player_choice":"2 cards matched","floor":31.0,"gold_loss":0.0,"damage_taken":0.0,"cards_obtained":["Reaper","Sword Boomerang"]},{"damage_healed":0.0,"max_hp_gain":0.0,"max_hp_loss":0.0,"gold_gain":0.0,"event_name":"Mysterious Sphere","player_choice":"Ignored","floor":36.0,"gold_loss":0.0,"damage_taken":0.0},{"damage_healed":0.0,"max_hp_gain":0.0,"max_hp_loss":0.0,"gold_gain":0.0,"event_name":"SensoryStone","player_choice":"Memory 1","floor":38.0,"gold_loss":0.0,"damage_taken":0.0},{"damage_healed":0.0,"max_hp_gain":0.0,"max_hp_loss":0.0,"gold_gain":0.0,"event_name":"MindBloom","player_choice":"Fight","floor":42.0,"gold_loss":0.0,"damage_taken":0.0}],"is_beta":false,"boss_relics":[{"not_picked":["Snecko Eye","Runic Cube"],"picked":"Black Blood"},{"not_picked":["Velvet Choker","Mark of Pain"],"picked":"Astrolabe"}],"items_purged_floors":[5,14,46],"is_endless":false,"potions_floor_spawned":[1,4,7,11,16,19,27,28,33,37,40,48],"ascension_level":0}}