{"host":"nz11ypxva4e39b7q","time":1613660299,"event":{"mods":["BaseMod","Better Third Choice","Better Vampires","Colored Map","Minty Spire (QoL Compilation)","Quick Restart","Shapeshifter Mod","StSLib"],"gold_per_floor":[12,30,48,66,81,115,115,149,149,149,149,169,201,212,212,309,309,320,340,23,36,68,97,12,12,12,12,12,12,44,57,57,156,156,168,268,490,400,412,412,441,441,441,468,480,505,515,116,116,116,116,116,46,73,73,73],"floor_reached":55,"language":"ENG","playtime":4848,"items_purged":["StSShapeShifter:ShapeShifter_Strike","StSShapeShifter:ShapeShifter_Strike"],"score":985,"play_id":"8918f211-b242-4ceb-8811-961e8e87ccb1","local_time":"20210218155819","is_ascension_mode":true,"campfire_choices":[{"data":"StSShapeShifter:AdaptiveStrikes","floor":7.0,"key":"SMITH"},{"data":"StSShapeShifter:FruitBasket","floor":11.0,"key":"SMITH"},{"data":"StSShapeShifter:Sapling","floor":15.0,"key":"SMITH"},{"data":"StSShapeShifter:Summer","floor":25.0,"key":"SMITH"},{"data":"StSShapeShifter:ClimbTree","floor":27.0,"key":"SMITH"},{"data":"StSShapeShifter:RitualOfTheExtinct","floor":32.0,"key":"SMITH"},{"data":"StSShapeShifter:RestoreBalance","floor":40.0,"key":"SMITH"},{"data":"StSShapeShifter:BurstingSpore","floor":42.0,"key":"SMITH"},{"floor":49.0,"key":"RECALL"},{"floor":52,"key":"DIG"}],"circlet_count":0,"master_deck":["StSShapeShifter:ShapeShifter_Strike","StSShapeShifter:ShapeShifter_Strike","StSShapeShifter:ShapeShifter_Defend","StSShapeShifter:ShapeShifter_Defend","StSShapeShifter:ShapeShifter_Defend","StSShapeShifter:ShapeShifter_Defend","StSShapeShifter:ShapeShifter_Defend","StSShapeShifter:Tortoise_Form+1","StSShapeShifter:FruitBasket+1","StSShapeShifter:AdaptiveStrikes+1","StSShapeShifter:RaptorForm","StSShapeShifter:BurstingSpore+1","StSShapeShifter:BurstingSpore+1","StSShapeShifter:Sapling+1","StSShapeShifter:ClimbTree+1","StSShapeShifter:Summer+1","Good Instincts","StSShapeShifter:RitualOfTheExtinct+1","StSShapeShifter:PoisonIvy","StSShapeShifter:RestoreBalance+1","StSShapeShifter:Sapling+1","StSShapeShifter:BarkSkin","StSShapeShifter:Evolution+1"],"relics":["StSShapeShifter:AnimalHeart","StSShapeShifter:TheShapeShiftersMagnolia","TungstenRod","MealTicket","Orichalcum","Mango","Pocketwatch","Busted Crown","Toolbox","Red Mask","Lizard Tail","Frozen Egg 2","StSShapeShifter:FrogOfVitality","Pantograph","Shovel","StSShapeShifter:LemurHeaddress","Letter Opener","Unceasing Top","Thread and Needle","Oddly Smooth Stone","Pear","FossilizedHelix"],"acts_visited":["Exordium","TheCity","TheBeyond","TheEnding"],"potions_floor_usage":[50,50,55,55],"damage_taken":[{"damage":0.0,"enemies":"Cultist","floor":1.0,"turns":4.0},{"damage":0.0,"enemies":"2 Louse","floor":2.0,"turns":2.0},{"damage":4.0,"enemies":"Jaw Worm","floor":3.0,"turns":3.0},{"damage":12.0,"enemies":"Blue Slaver","floor":4.0,"turns":4.0},{"damage":23.0,"enemies":"Exordium Thugs","floor":5.0,"turns":5.0},{"damage":12.0,"enemies":"Lagavulin","floor":6.0,"turns":6.0},{"damage":20.0,"enemies":"Gremlin Nob","floor":8.0,"turns":4.0},{"damage":19.0,"enemies":"Large Slime","floor":12.0,"turns":8.0},{"damage":0.0,"enemies":"3 Sentries","floor":13.0,"turns":11.0},{"damage":1.0,"enemies":"Blue Slaver","floor":14.0,"turns":6.0},{"damage":9.0,"enemies":"The Guardian","floor":16.0,"turns":10.0},{"damage":5.0,"enemies":"Shell Parasite","floor":18.0,"turns":6.0},{"damage":1.0,"enemies":"Chosen","floor":19.0,"turns":6.0},{"damage":7.0,"enemies":"Snake Plant","floor":21.0,"turns":8.0},{"damage":1.0,"enemies":"Masked Bandits","floor":22.0,"turns":8.0},{"damage":22.0,"enemies":"Slavers","floor":23.0,"turns":8.0},{"damage":9.0,"enemies":"Book of Stabbing","floor":30.0,"turns":9.0},{"damage":0.0,"enemies":"Snecko","floor":31.0,"turns":1.0},{"damage":67.0,"enemies":"Collector","floor":33.0,"turns":12.0},{"damage":0.0,"enemies":"Orb Walker","floor":35.0,"turns":3.0},{"damage":12.0,"enemies":"3 Darklings","floor":39.0,"turns":7.0},{"damage":56.0,"enemies":"Giant Head","floor":41.0,"turns":11.0},{"damage":0.0,"enemies":"Reptomancer","floor":44.0,"turns":2.0},{"damage":12.0,"enemies":"Sphere and 2 Shapes","floor":45.0,"turns":5.0},{"damage":7.0,"enemies":"Giant Head","floor":46.0,"turns":10.0},{"damage":0.0,"enemies":"Jaw Worm Horde","floor":47.0,"turns":5.0},{"damage":0,"enemies":"Donu and Deca","floor":50,"turns":11},{"damage":65,"enemies":"Shield and Spear","floor":54,"turns":9},{"damage":127,"enemies":"The Heart","floor":55,"turns":11}],"seed_played":"-4065756601337029171","potions_obtained":[{"floor":2.0,"key":"EntropicBrew"},{"floor":3.0,"key":"ColorlessPotion"},{"floor":6.0,"key":"SpeedPotion"},{"floor":8.0,"key":"EssenceOfSteel"},{"floor":19.0,"key":"LiquidMemories"},{"floor":21.0,"key":"LiquidBronze"},{"floor":31.0,"key":"AttackPotion"},{"floor":33.0,"key":"ColorlessPotion"},{"floor":41.0,"key":"LiquidMemories"},{"floor":44.0,"key":"SteroidPotion"},{"floor":45.0,"key":"Block Potion"},{"floor":54,"key":"SteroidPotion"}],"is_trial":false,"path_per_floor":["M","M","M","M","M","E","R","E","T","?","R","M","E","M","R","B",null,"M","M","$","M","?","E","?","R","T","R","T","$","E","M","R","B",null,"M","?","?","?","M","R","E","R","T","E","M","E","M","$","R","B",null,"R","$","E","B"],"character_chosen":"SHAPESHIFTER","items_purchased":["Good Instincts","Toolbox","PowerPotion","Oddly Smooth Stone","SteroidPotion","SteroidPotion","StSShapeShifter:Evolution+1"],"campfire_rested":0,"item_purchase_floors":[20,20,48,48,48,48,53],"current_hp_per_floor":[78,78,74,64,41,31,31,11,25,25,25,10,12,13,13,6,92,89,88,92,85,88,68,68,68,68,68,68,83,78,78,78,31,94,93,85,85,85,73,73,19,19,19,19,11,6,10,25,25,56,90,100,100,39,0,0],"gold":73,"neow_bonus":"ONE_RARE_RELIC","is_daily":false,"chose_seed":false,"campfire_upgraded":8,"win_rate":0.0,"timestamp":1613660299,"path_taken":["M","M","?","M","M","E","R","E","T","?","R","M","E","M","R","BOSS","M","M","$","M","?","E","?","R","T","R","?","?","E","?","R","BOSS","M","?","?","?","?","R","E","R","T","E","M","E","M","$","R","BOSS","R","$","E","BOSS"],"items_purchased_type":["Card","Relic","Potion","Relic","Potion","Potion","Card"],"build_version":"2020-12-22","purchased_purges":2,"victory":false,"max_hp_per_floor":[78,78,78,78,78,78,78,78,92,92,92,92,92,92,92,92,92,92,92,92,92,92,92,92,92,92,92,92,92,94,92,92,94,94,93,93,93,93,93,93,92,92,92,89,89,89,89,89,89,90,90,100,100,100,99,99],"card_choices":[{"not_picked":["StSShapeShifter:MonkeyForm","StSShapeShifter:DeerForm"],"picked":"StSShapeShifter:FruitBasket","floor":1.0},{"not_picked":["StSShapeShifter:FallingLeaves","StSShapeShifter:BladeOfGrass"],"picked":"StSShapeShifter:AdaptiveStrikes","floor":2.0},{"not_picked":["StSShapeShifter:Roar","StSShapeShifter:Bonk"],"picked":"StSShapeShifter:RaptorForm","floor":3.0},{"not_picked":["StSShapeShifter:LeapingSlash","StSShapeShifter:BarkSkin"],"picked":"StSShapeShifter:BurstingSpore","floor":4.0},{"not_picked":["StSShapeShifter:EagleForm","StSShapeShifter:FallingLeaves"],"picked":"StSShapeShifter:BurstingSpore","floor":5.0},{"not_picked":["StSShapeShifter:WaspSwarmForm","StSShapeShifter:Maul","StSShapeShifter:VineHandcuffs"],"picked":"SKIP","floor":6.0},{"not_picked":["StSShapeShifter:Guard","StSShapeShifter:BloomingSlash"],"picked":"StSShapeShifter:Sapling","floor":8.0},{"not_picked":["StSShapeShifter:FesteringBite","StSShapeShifter:SquirrelForm","StSShapeShifter:VineHandcuffs"],"picked":"SKIP","floor":12.0},{"not_picked":["StSShapeShifter:ShiftingStrike","StSShapeShifter:SunflowerShuriken","StSShapeShifter:Guard"],"picked":"SKIP","floor":13.0},{"not_picked":["StSShapeShifter:Rest","StSShapeShifter:Consume"],"picked":"StSShapeShifter:ClimbTree","floor":14.0},{"not_picked":["StSShapeShifter:Earthquake","StSShapeShifter:WolfsBane"],"picked":"StSShapeShifter:Summer","floor":16.0},{"not_picked":["StSShapeShifter:IntimidatingAura"],"picked":"SKIP","floor":18.0},{"not_picked":["StSShapeShifter:IntimidatingAura"],"picked":"SKIP","floor":18.0},{"not_picked":["StSShapeShifter:Guard"],"picked":"SKIP","floor":19.0},{"not_picked":["StSShapeShifter:FlowerShield"],"picked":"SKIP","floor":21.0},{"not_picked":["StSShapeShifter:BulwarkOfDiscovery+1"],"picked":"SKIP","floor":23.0},{"not_picked":[],"picked":"StSShapeShifter:RitualOfTheExtinct","floor":30.0},{"not_picked":[],"picked":"StSShapeShifter:PoisonIvy","floor":31.0},{"not_picked":[],"picked":"StSShapeShifter:RestoreBalance","floor":33.0},{"not_picked":["StSShapeShifter:ThornToss+1"],"picked":"SKIP","floor":35.0},{"not_picked":["StSShapeShifter:ForestFire+1"],"picked":"SKIP","floor":39.0},{"not_picked":["StSShapeShifter:MultiSpiritedStrike+1"],"picked":"SKIP","floor":41.0},{"not_picked":[],"picked":"StSShapeShifter:Sapling+1","floor":44.0},{"not_picked":["StSShapeShifter:OakBlade"],"picked":"SKIP","floor":45.0},{"not_picked":["StSShapeShifter:LeapingSlash"],"picked":"SKIP","floor":46.0},{"not_picked":[],"picked":"StSShapeShifter:BarkSkin","floor":47.0},{"not_picked":["StSShapeShifter:RockSlide"],"picked":"SKIP","floor":54}],"player_experience":1047083,"relics_obtained":[{"floor":6.0,"key":"MealTicket"},{"floor":8.0,"key":"Orichalcum"},{"floor":9.0,"key":"Mango"},{"floor":13.0,"key":"Pocketwatch"},{"floor":22.0,"key":"Red Mask"},{"floor":23.0,"key":"Lizard Tail"},{"floor":26.0,"key":"StSShapeShifter:FrogOfVitality"},{"floor":28.0,"key":"Pantograph"},{"floor":30.0,"key":"Shovel"},{"floor":41.0,"key":"Letter Opener"},{"floor":44.0,"key":"Unceasing Top"},{"floor":46.0,"key":"Thread and Needle"},{"floor":52,"key":"Pear"},{"floor":54,"key":"FossilizedHelix"}],"event_choices":[{"damage_healed":0.0,"max_hp_gain":0.0,"max_hp_loss":0.0,"gold_gain":0.0,"event_name":"Masked Bandits","player_choice":"Fought Bandits","floor":22.0,"gold_loss":0.0,"damage_taken":0.0},{"damage_healed":0.0,"max_hp_gain":0.0,"max_hp_loss":0.0,"gold_gain":0.0,"event_name":"Addict","player_choice":"Obtained Relic","floor":24.0,"gold_loss":85.0,"damage_taken":0.0,"relics_obtained":["Frozen Egg 2"]},{"damage_healed":0.0,"max_hp_gain":0.0,"max_hp_loss":0.0,"gold_gain":222.0,"event_name":"Tomb of Lord Red Mask","player_choice":"Wore Mask","floor":37.0,"gold_loss":0.0,"damage_taken":0.0},{"cards_removed":["StSShapeShifter:ShapeShifter_Strike"],"damage_healed":0.0,"max_hp_gain":0.0,"max_hp_loss":0.0,"gold_gain":0.0,"event_name":"Designer","player_choice":"Upgrade and Remove","floor":38.0,"gold_loss":90.0,"damage_taken":0.0,"cards_upgraded":["StSShapeShifter:BurstingSpore"]}],"is_beta":false,"boss_relics":[{"not_picked":["Sozu","Black Star"],"picked":"Busted Crown"},{"not_picked":["Runic Dome","SlaversCollar"],"picked":"StSShapeShifter:LemurHeaddress"}],"items_purged_floors":[20,48],"is_endless":false,"potions_floor_spawned":[2,3,6,8,19,21,31,33,41,44,45,54],"killed_by":"The Heart","ascension_level":1}}