{"host":"gzsdmyo07u314vug","time":1613692163,"event":{"mods":["2.2 Compatiblity","Astrologer","BaseMod","Colored Powertips","GifTheSpireLib","Gremlin Mod","Hermit","Jorbs\u0027s Wanderer Trilogy","Minty Spire (QoL Compilation)","Quick Restart","Rare Cards Sparkle","Relic Stats","Replay The Spire","Robot Space Explorer","Shop Mod","StSLib","The Bladedancer","The Bug Knight","The Construct","The Cursed","The Elementalist","The Hierophant","The IronCluck","The Marked","The Necromancer","The Runesmith","The Servant 0.9.4","Unceasing Turn Reminder","everything is the same but u backflip on backflip","slay the spire mod where everything is the same but ironclad has a cowboy hat"],"gold_per_floor":[110,35,35,35,48,48,73,73,98,98,98,117,188,224,224,350,350,374,364,14,34,54,54,68,68,68,68,86,86,136,285,285,414,477,498,617,637,669,249,249,299,299,299,372,392,392,27,65,65,72,72],"floor_reached":50,"language":"ENG","playtime":2068,"items_purged":["TheCursedMod:Dregs","hermit:Strike_Hermit","hermit:Strike_Hermit","hermit:Strike_Hermit"],"score":638,"play_id":"7d95402c-231a-4920-8813-7e219be3b0d8","local_time":"20210218204923","is_ascension_mode":true,"campfire_choices":[{"data":"hermit:EternalForm","floor":6.0,"key":"SMITH"},{"data":"hermit:Snapshot","floor":11.0,"key":"SMITH"},{"data":"hermit:NoHoldsBarred","floor":15.0,"key":"SMITH"},{"data":"hermit:Covet","floor":23.0,"key":"SMITH"},{"data":"hermit:GhostlyPresence","floor":25.0,"key":"SMITH"},{"data":"hermit:Manifest","floor":27.0,"key":"SMITH"},{"data":"hermit:Defend_Hermit","floor":32.0,"key":"SMITH"},{"floor":40.0,"key":"REST"},{"floor":42.0,"key":"REST"},{"data":"hermit:Roughhouse","floor":46.0,"key":"SMITH"},{"floor":49.0,"key":"DIG"}],"circlet_count":0,"master_deck":["hermit:Strike_Hermit","hermit:Defend_Hermit+1","hermit:Defend_Hermit+1","hermit:Defend_Hermit+1","hermit:Defend_Hermit","hermit:Snapshot+1","hermit:Covet+1","hermit:EternalForm+1","hermit:Manifest+1","hermit:Misfire+1","hermit:NoHoldsBarred+1","hermit:HeroicBravado+1","hermit:GhostlyPresence+1","hermit:Roughhouse+1","hermit:Spite+1","hermit:Scavenge+1","hermit:Enervate+1","hermit:Dive"],"relics":["hermit:Momento","Golden Idol","Oddly Smooth Stone","SsserpentHead","War Paint","SlaversCollar","Bottled Tornado","Blue Doll","MutagenicStrength","Tiny House","Shovel","hermit:PetGhost","Lantern","hermit:Horseshoe","Membership Card","Durian","Meat on the Bone","Blue Candle"],"acts_visited":["Exordium","TheCity","TheBeyond"],"potions_floor_usage":[50,50],"damage_taken":[{"damage":0.0,"enemies":"2 Louse","floor":1.0,"turns":3.0},{"damage":2.0,"enemies":"Jaw Worm","floor":5.0,"turns":4.0},{"damage":0.0,"enemies":"Small Slimes","floor":7.0,"turns":3.0},{"damage":0.0,"enemies":"2 Fungi Beasts","floor":12.0,"turns":4.0},{"damage":0.0,"enemies":"Red Slaver","floor":13.0,"turns":2.0},{"damage":12.0,"enemies":"Gremlin Nob","floor":14.0,"turns":4.0},{"damage":15.0,"enemies":"Hexaghost","floor":16.0,"turns":11.0},{"damage":9.0,"enemies":"Shell Parasite","floor":18.0,"turns":6.0},{"damage":13.0,"enemies":"2 Thieves","floor":21.0,"turns":4.0},{"damage":1.0,"enemies":"Chosen and Byrds","floor":22.0,"turns":5.0},{"damage":0.0,"enemies":"Snecko","floor":24.0,"turns":3.0},{"damage":0.0,"enemies":"3 Cultists","floor":28.0,"turns":4.0},{"damage":9.0,"enemies":"Collector","floor":33.0,"turns":14.0},{"damage":1.0,"enemies":"Orb Walker","floor":35.0,"turns":4.0},{"damage":39.0,"enemies":"2 Orb Walkers","floor":36.0,"turns":5.0},{"damage":7.0,"enemies":"3 Darklings","floor":37.0,"turns":3.0},{"damage":13.0,"enemies":"Jaw Worm Horde","floor":38.0,"turns":5.0},{"damage":2.0,"enemies":"Maw","floor":44.0,"turns":8.0},{"damage":1.0,"enemies":"4 Shapes","floor":45.0,"turns":2.0},{"damage":19.0,"enemies":"Nemesis","floor":48.0,"turns":7.0},{"damage":100122,"enemies":"Replay:Hell Engine","floor":50,"turns":21}],"seed_played":"-6145387046834372681","potions_obtained":[{"floor":7.0,"key":"DistilledChaos"},{"floor":14.0,"key":"LifebloodPotion"},{"floor":16.0,"key":"SkillPotion"},{"floor":21.0,"key":"SpeedPotion"},{"floor":28.0,"key":"hermit:Tonic"},{"floor":33.0,"key":"Reflective Coating"},{"floor":34.0,"key":"Fruit Juice"},{"floor":36.0,"key":"Toxic Potion"},{"floor":37.0,"key":"Reflective Coating"},{"floor":41.0,"key":"SpeedPotion"},{"floor":45.0,"key":"SmokeBomb"}],"is_trial":false,"path_per_floor":["M","$","?","?","M","R","M","?","T","?","R","M","M","E","R","B",null,"M","?","$","M","M","R","M","R","T","R","M","$","?","?","R","B",null,"M","?","M","M","$","R","?","R","T","M","M","R","$","E","R","B"],"character_chosen":"HERMIT","items_purchased":["Bottled Tornado","hermit:PetGhost","Lantern","Membership Card","Durian"],"campfire_rested":2,"item_purchase_floors":[20,39,39,47,47],"current_hp_per_floor":[75,75,57,57,55,55,55,55,55,55,55,55,55,43,43,28,63,54,54,54,41,40,40,40,40,40,40,40,40,40,40,40,31,69,73,34,27,14,14,39,39,64,64,62,61,61,66,47,47,0,0],"gold":72,"neow_bonus":"THREE_RARE_CARDS","is_daily":false,"chose_seed":false,"campfire_upgraded":8,"win_rate":0.0,"timestamp":1613692163,"path_taken":["M","$","?","?","M","R","M","?","T","?","R","M","?","E","R","BOSS","M","?","$","M","M","R","M","R","T","R","M","$","?","?","R","BOSS","M","?","M","M","$","R","?","R","T","?","M","R","$","E","R","BOSS"],"items_purchased_type":["Relic","Relic","Relic","Relic","Relic"],"build_version":"2020-12-22","purchased_purges":4,"victory":false,"max_hp_per_floor":[75,75,75,75,75,75,75,75,75,75,75,75,75,75,75,75,75,75,75,75,75,75,75,75,75,75,75,75,75,75,75,75,75,80,85,85,85,85,85,85,85,85,85,85,85,85,90,90,90,90,90],"relic_stats":{"SsserpentHead":350,"Shovel":1,"counters":[21,122],"Golden Idol":146,"Blue Candle":[2],"War Paint":["hermit:Defend_Hermit","hermit:Defend_Hermit"],"obtain_stats":[{"Lantern":39,"Tiny House":34,"Golden Idol":3,"Blue Candle":49,"Oddly Smooth Stone":9,"Blue Doll":26,"War Paint":14,"Bottled Tornado":20,"SsserpentHead":10,"SlaversCollar":17,"Shovel":36,"hermit:PetGhost":39,"MutagenicStrength":30,"Durian":47,"Membership Card":47,"hermit:Horseshoe":43,"hermit:Momento":0,"Meat on the Bone":48},{"Lantern":17,"Tiny House":13,"Golden Idol":1,"Blue Candle":20,"Oddly Smooth Stone":3,"Blue Doll":11,"War Paint":6,"Bottled Tornado":8,"SsserpentHead":3,"SlaversCollar":7,"Shovel":15,"hermit:PetGhost":17,"MutagenicStrength":12,"Durian":19,"Membership Card":19,"hermit:Horseshoe":17,"hermit:Momento":0,"Meat on the Bone":20},{"Lantern":84,"Tiny House":67,"Golden Idol":3,"Blue Candle":101,"Oddly Smooth Stone":10,"Blue Doll":49,"War Paint":20,"Bottled Tornado":37,"SsserpentHead":10,"SlaversCollar":31,"Shovel":76,"hermit:PetGhost":84,"MutagenicStrength":53,"Durian":94,"Membership Card":94,"hermit:Horseshoe":84,"hermit:Momento":0,"Meat on the Bone":101}],"Meat on the Bone":0},"card_choices":[{"not_picked":["hermit:HighNoon","hermit:FromBeyond"],"picked":"hermit:EternalForm","floor":0.0},{"not_picked":["hermit:HighCaliber","hermit:Grudge","hermit:TakeAim"],"picked":"SKIP","floor":1.0},{"not_picked":["hermit:Malice","hermit:Shortfuse"],"picked":"hermit:Manifest","floor":5.0},{"not_picked":["hermit:HighCaliber","hermit:Desperado"],"picked":"hermit:Misfire","floor":7.0},{"not_picked":["hermit:FullyLoaded","hermit:Spite","hermit:Headshot"],"picked":"SKIP","floor":12.0},{"not_picked":["hermit:LuckOfTheDraw","hermit:Feint","hermit:CalledShot"],"picked":"SKIP","floor":13.0},{"not_picked":["hermit:LuckOfTheDraw","hermit:Feint","hermit:CalledShot"],"picked":"SKIP","floor":13.0},{"not_picked":["hermit:Manifest","hermit:Deadeye"],"picked":"hermit:NoHoldsBarred","floor":14.0},{"not_picked":["hermit:EternalForm","hermit:Gambit"],"picked":"hermit:HeroicBravado","floor":16.0},{"not_picked":["hermit:HighCaliber","hermit:Horror+1","hermit:CalledShot+1"],"picked":"SKIP","floor":18.0},{"not_picked":["hermit:HoleUp","hermit:CursedWeapon","hermit:Grudge"],"picked":"SKIP","floor":21.0},{"not_picked":["hermit:Horror","hermit:Cheat+1","hermit:Ricochet"],"picked":"SKIP","floor":22.0},{"not_picked":["hermit:BodyArmor","hermit:Showdown+1"],"picked":"hermit:GhostlyPresence","floor":24.0},{"not_picked":["hermit:LuckOfTheDraw","hermit:Horror","hermit:Feint+1"],"picked":"SKIP","floor":28.0},{"not_picked":["hermit:Adapt","hermit:HeroicBravado"],"picked":"hermit:Roughhouse","floor":33.0},{"not_picked":["hermit:LowProfile","hermit:Horror+1"],"picked":"hermit:Spite+1","floor":34.0},{"not_picked":["hermit:HighCaliber","hermit:CursedWeapon+1","hermit:DeadMansHand+1"],"picked":"SKIP","floor":35.0},{"not_picked":["hermit:BodyArmor+1","hermit:Snipe","hermit:Scavenge+1"],"picked":"SKIP","floor":37.0},{"not_picked":["hermit:BodyArmor+1","hermit:Snipe"],"picked":"hermit:Scavenge+1","floor":37.0},{"not_picked":["hermit:BodyArmor","hermit:HoleUp+1"],"picked":"hermit:Enervate+1","floor":38.0},{"not_picked":["hermit:BodyArmor","hermit:LoneWolf+1","hermit:Misfire+1"],"picked":"SKIP","floor":44.0},{"not_picked":["hermit:LuckOfTheDraw","hermit:HoleUp","hermit:Gestalt+1"],"picked":"SKIP","floor":45.0},{"not_picked":["hermit:SprayPray","hermit:CalledShot+1"],"picked":"hermit:Dive","floor":48.0}],"player_experience":925316,"relics_obtained":[{"floor":9.0,"key":"Oddly Smooth Stone"},{"floor":14.0,"key":"War Paint"},{"floor":26.0,"key":"Blue Doll"},{"floor":36.0,"key":"Shovel"},{"floor":43.0,"key":"hermit:Horseshoe"},{"floor":48.0,"key":"Meat on the Bone"},{"floor":49.0,"key":"Blue Candle"}],"event_choices":[{"damage_healed":0.0,"max_hp_gain":0.0,"max_hp_loss":0.0,"gold_gain":0.0,"event_name":"Golden Idol","player_choice":"Take Damage","floor":3.0,"gold_loss":0.0,"damage_taken":18.0,"relics_obtained":["Golden Idol"]},{"damage_healed":0.0,"max_hp_gain":0.0,"max_hp_loss":0.0,"gold_gain":0.0,"event_name":"Living Wall","player_choice":"Grow","floor":8.0,"gold_loss":0.0,"damage_taken":0.0,"cards_upgraded":["hermit:Misfire"]},{"damage_healed":0.0,"max_hp_gain":0.0,"max_hp_loss":0.0,"gold_gain":0.0,"event_name":"FaceTrader","player_choice":"Trade","floor":10.0,"gold_loss":0.0,"damage_taken":0.0,"relics_obtained":["SsserpentHead"]},{"damage_healed":0.0,"max_hp_gain":0.0,"max_hp_loss":0.0,"gold_gain":0.0,"event_name":"Drug Dealer","player_choice":"Inject Mutagens","floor":30.0,"gold_loss":0.0,"damage_taken":0.0,"relics_obtained":["MutagenicStrength"]},{"damage_healed":0.0,"max_hp_gain":0.0,"max_hp_loss":0.0,"gold_gain":99.0,"event_name":"Nest","player_choice":"Stole From Cult","floor":31.0,"gold_loss":0.0,"damage_taken":0.0},{"damage_healed":0.0,"max_hp_gain":0.0,"max_hp_loss":0.0,"gold_gain":0.0,"event_name":"Mysterious Sphere","player_choice":"Fight","floor":36.0,"gold_loss":0.0,"damage_taken":0.0},{"damage_healed":0.0,"max_hp_gain":0.0,"max_hp_loss":0.0,"gold_gain":0.0,"event_name":"Lab","player_choice":"Got Potions","floor":41.0,"gold_loss":0.0,"damage_taken":0.0}],"is_beta":false,"boss_relics":[{"not_picked":["Abe\u0027s Treasure","ChewingGum"],"picked":"SlaversCollar"},{"not_picked":["Philosopher\u0027s Stone","Painkiller Herb"],"picked":"Tiny House"}],"items_purged_floors":[2,20,39,47],"is_endless":false,"potions_floor_spawned":[7,14,16,21,28,33,36,37,44,45,48],"killed_by":"Replay:Hell Engine","ascension_level":5}}