{"host":"f5gffvlv6a66yqkd","time":1613663525,"event":{"mods":["2.2 Compatiblity","BaseMod","Colored Map","Custom Start","DeckTracker","Keyboard Shortcuts","Minty Spire (QoL Compilation)","Permanent Neow","Quick Restart","Relic Stats","StSLib","SuperFastMode"],"gold_per_floor":[118,118,128,145,70,70,104,104,150,150,163,173,138,153,153,229,229,247,319,336,336,351,351,368,384,409,487,131,131,131,143,143,220,220,230,240,260,260,260,260],"floor_reached":39,"language":"KOR","playtime":980,"items_purged":["Strike_P","Strike_P"],"score":693,"play_id":"17abd6af-8cfa-45f7-9f3b-0f36ddd7c264","local_time":"20210219005205","is_ascension_mode":true,"campfire_choices":[{"data":"Eruption","floor":6.0,"key":"SMITH"},{"data":"TalkToTheHand","floor":10.0,"key":"SMITH"},{"data":"MentalFortress","floor":15.0,"key":"SMITH"},{"floor":23.0,"key":"REST"},{"data":"TalkToTheHand","floor":30.0,"key":"SMITH"},{"data":"Adaptation","floor":32.0,"key":"SMITH"}],"circlet_count":0,"master_deck":["AscendersBane","Strike_P+1","Strike_P","Defend_P","Defend_P","Defend_P","Eruption+1","Vigilance","CarveReality","FollowUp+1","TalkToTheHand+1","Adaptation+1","MentalFortress+1","Consecrate","EmptyFist","TalkToTheHand+1","DeusExMachina"],"relics":["PureWater","Tiny Chest","PreservedInsect","Philosopher\u0027s Stone","Mummified Hand","Centennial Puzzle","VioletLotus","Frozen Egg 2"],"acts_visited":["Exordium","TheCity","TheBeyond"],"potions_floor_usage":[],"damage_taken":[{"damage":0.0,"enemies":"2 Louse","floor":1.0,"turns":4.0},{"damage":0.0,"enemies":"Cultist","floor":3.0,"turns":2.0},{"damage":7.0,"enemies":"Jaw Worm","floor":4.0,"turns":2.0},{"damage":12.0,"enemies":"Gremlin Nob","floor":7.0,"turns":3.0},{"damage":8.0,"enemies":"Large Slime","floor":11.0,"turns":3.0},{"damage":10.0,"enemies":"Gremlin Gang","floor":12.0,"turns":2.0},{"damage":6.0,"enemies":"Looter","floor":14.0,"turns":3.0},{"damage":13.0,"enemies":"Hexaghost","floor":16.0,"turns":8.0},{"damage":0.0,"enemies":"3 Byrds","floor":18.0,"turns":3.0},{"damage":8.0,"enemies":"Chosen","floor":20.0,"turns":4.0},{"damage":32.0,"enemies":"Snake Plant","floor":22.0,"turns":4.0},{"damage":5.0,"enemies":"Snecko","floor":24.0,"turns":5.0},{"damage":4.0,"enemies":"Shelled Parasite and Fungi","floor":25.0,"turns":3.0},{"damage":0.0,"enemies":"Cultist and Chosen","floor":31.0,"turns":4.0},{"damage":21.0,"enemies":"Collector","floor":33.0,"turns":8.0},{"damage":12.0,"enemies":"3 Darklings","floor":35.0,"turns":5.0},{"damage":6.0,"enemies":"Orb Walker","floor":36.0,"turns":2.0},{"damage":6.0,"enemies":"Maw","floor":37.0,"turns":7.0},{"damage":14,"enemies":"Writhing Mass","floor":39,"turns":4}],"seed_played":"-3716501064630042299","potions_obtained":[{"floor":2.0,"key":"BottledMiracle"},{"floor":2.0,"key":"BlessingOfTheForge"},{"floor":11.0,"key":"Fruit Juice"},{"floor":16.0,"key":"DuplicationPotion"},{"floor":20.0,"key":"BlessingOfTheForge"},{"floor":24.0,"key":"GamblersBrew"},{"floor":33.0,"key":"FearPotion"},{"floor":35.0,"key":"ColorlessPotion"},{"floor":36.0,"key":"Fruit Juice"}],"is_trial":false,"path_per_floor":["M","?","M","M","$","R","E","?","T","R","M","M","?","M","R","B",null,"M","T","M","?","M","R","M","M","T","T","$","?","R","M","R","B",null,"M","M","M","T","M"],"character_chosen":"WATCHER","items_purchased":["Centennial Puzzle","StancePotion"],"campfire_rested":1,"item_purchase_floors":[28,28],"current_hp_per_floor":[61,61,61,54,54,54,42,22,22,22,14,4,21,15,15,7,57,57,57,49,49,17,38,33,29,29,29,29,73,73,73,73,52,68,56,50,44,44,30,30],"gold":260,"neow_bonus":"TRANSFORM_CARD","is_daily":false,"chose_seed":false,"campfire_upgraded":5,"win_rate":0.0,"timestamp":1613663525,"path_taken":["M","?","M","M","?","R","E","?","T","R","M","M","?","?","R","BOSS","M","?","?","?","M","R","M","?","T","?","?","?","R","M","R","BOSS","M","?","M","?","M"],"items_purchased_type":["Relic","Potion"],"build_version":"2020-12-22","purchased_purges":2,"victory":false,"max_hp_per_floor":[68,68,68,68,68,68,68,68,68,68,68,68,68,68,68,73,73,73,73,73,73,73,73,73,73,73,73,73,73,73,73,73,73,73,73,73,73,73,73,73],"relic_stats":{"Centennial Puzzle":[15],"counters":[19,76],"Mummified Hand":[23],"Tiny Chest":3,"PreservedInsect":0,"VioletLotus":[7],"obtain_stats":[{"Centennial Puzzle":28,"Mummified Hand":19,"Tiny Chest":7,"Philosopher\u0027s Stone":17,"PreservedInsect":9,"VioletLotus":34,"PureWater":0,"Frozen Egg 2":38},{"Centennial Puzzle":13,"Mummified Hand":9,"Tiny Chest":4,"Philosopher\u0027s Stone":8,"PreservedInsect":4,"VioletLotus":15,"PureWater":0,"Frozen Egg 2":18},{"Centennial Puzzle":46,"Mummified Hand":30,"Tiny Chest":11,"Philosopher\u0027s Stone":27,"PreservedInsect":11,"VioletLotus":58,"PureWater":0,"Frozen Egg 2":72}]},"card_choices":[{"not_picked":["PathToVictory","Meditate"],"picked":"FollowUp","floor":1.0},{"not_picked":["DeceiveReality","FollowUp"],"picked":"TalkToTheHand","floor":3.0},{"not_picked":["PathToVictory","JustLucky"],"picked":"Adaptation","floor":4.0},{"not_picked":["CrushJoints","Crescendo","ReachHeaven"],"picked":"SKIP","floor":7.0},{"not_picked":["Fasting2","CarveReality","Wireheading"],"picked":"SKIP","floor":11.0},{"not_picked":["Wallop","FlyingSleeves"],"picked":"MentalFortress","floor":12.0},{"not_picked":["PathToVictory","FlyingSleeves"],"picked":"Consecrate","floor":14.0},{"not_picked":["Swivel","CutThroughFate","Consecrate"],"picked":"SKIP","floor":18.0},{"not_picked":["Protect","WreathOfFlame","Crescendo"],"picked":"SKIP","floor":20.0},{"not_picked":["Vengeance","Pray"],"picked":"EmptyFist","floor":22.0},{"not_picked":["CutThroughFate+1","WaveOfTheHand"],"picked":"TalkToTheHand","floor":24.0},{"not_picked":["DeceiveReality","FollowUp","WreathOfFlame"],"picked":"SKIP","floor":25.0},{"not_picked":["Halt","ReachHeaven+1","EmptyFist+1"],"picked":"SKIP","floor":31.0},{"not_picked":["Brilliance","ConjureBlade"],"picked":"DeusExMachina","floor":33.0},{"not_picked":["Protect+1","JustLucky","Perseverance+1"],"picked":"SKIP","floor":35.0},{"not_picked":["BattleHymn","SashWhip","Consecrate+1"],"picked":"SKIP","floor":36.0},{"not_picked":["EmptyFist+1","CutThroughFate","Protect"],"picked":"SKIP","floor":37.0}],"player_experience":1498140,"relics_obtained":[{"floor":7.0,"key":"Tiny Chest"},{"floor":9.0,"key":"PreservedInsect"},{"floor":19.0,"key":"Mummified Hand"},{"floor":38.0,"key":"Frozen Egg 2"}],"event_choices":[{"damage_healed":0.0,"max_hp_gain":0.0,"max_hp_loss":0.0,"gold_gain":0.0,"event_name":"Lab","player_choice":"Got Potions","floor":2.0,"gold_loss":0.0,"damage_taken":0.0},{"damage_healed":0.0,"max_hp_gain":0.0,"max_hp_loss":0.0,"gold_gain":0.0,"event_name":"Shining Light","player_choice":"Entered Light","floor":8.0,"gold_loss":0.0,"damage_taken":20.0,"cards_upgraded":["FollowUp","Strike_P"]},{"damage_healed":17.0,"max_hp_gain":0.0,"max_hp_loss":0.0,"gold_gain":0.0,"event_name":"The Cleric","player_choice":"Healed","floor":13.0,"gold_loss":35.0,"damage_taken":0.0},{"damage_healed":0.0,"max_hp_gain":0.0,"max_hp_loss":0.0,"gold_gain":0.0,"event_name":"N\u0027loth","player_choice":"Ignored","floor":21.0,"gold_loss":0.0,"damage_taken":0.0},{"damage_healed":44.0,"max_hp_gain":0.0,"max_hp_loss":0.0,"gold_gain":0.0,"event_name":"Wheel of Change","player_choice":"Full Heal","floor":29.0,"gold_loss":0.0,"damage_taken":0.0}],"is_beta":false,"boss_relics":[{"not_picked":["Coffee Dripper","Runic Dome"],"picked":"Philosopher\u0027s Stone"},{"not_picked":["Tiny House","Calling Bell"],"picked":"VioletLotus"}],"items_purged_floors":[5,28],"is_endless":false,"potions_floor_spawned":[11,12,16,20,24,33,35,36],"killed_by":"Writhing Mass","ascension_level":16}}