{"host":"dqv8oo4v229c1o2l","time":1613663690,"event":{"mods":["AchievementEnabler","BaseMod","Colored Map","Colored Powertips","Minty Spire (QoL Compilation)","Quick Restart","Rare Cards Sparkle","StSLib","Synergy Search"],"gold_per_floor":[115,34,48,48,66,66,94,159,159,159,169,169,169,134,134,262,262,285,334,358,114,0,41,41,41,41],"floor_reached":25,"language":"ENG","playtime":653,"items_purged":[],"score":315,"play_id":"1c128e10-0bc1-47d0-be28-6c35e283efed","local_time":"20210218075450","is_ascension_mode":true,"campfire_choices":[{"data":"Defragment","floor":6,"key":"SMITH"},{"floor":10,"key":"REST"},{"data":"Defragment","floor":12,"key":"SMITH"},{"data":"Zap","floor":15,"key":"SMITH"}],"circlet_count":0,"master_deck":["Defend_B","Defend_B","Defend_B","Defend_B","Zap+1","Dualcast","Static Discharge","Sunder","Defragment+1","Defragment+1","Self Repair","Doom and Gloom","Electrodynamics","Decay","BootSequence+1","Turbo+1","Defragment+1"],"relics":["Cracked Core","Mango","Tiny Chest","Symbiotic Virus","Golden Idol","Astrolabe","Singing Bowl","Meat on the Bone"],"acts_visited":["Exordium","TheCity"],"potions_floor_usage":[23,23,23],"damage_taken":[{"damage":0,"enemies":"Small Slimes","floor":1,"turns":4},{"damage":18,"enemies":"Jaw Worm","floor":3,"turns":4},{"damage":3,"enemies":"2 Louse","floor":5,"turns":2},{"damage":30,"enemies":"Lagavulin","floor":7,"turns":6},{"damage":12,"enemies":"2 Fungi Beasts","floor":11,"turns":4},{"damage":38,"enemies":"Slime Boss","floor":16,"turns":6},{"damage":23,"enemies":"Shell Parasite","floor":18,"turns":4},{"damage":6,"enemies":"Spheric Guardian","floor":20,"turns":3},{"damage":28,"enemies":"Slavers","floor":23,"turns":3},{"damage":24,"enemies":"Snake Plant","floor":25,"turns":2}],"seed_played":"1792984439491979294","potions_obtained":[{"floor":1,"key":"FocusPotion"},{"floor":11,"key":"Block Potion"},{"floor":18,"key":"PowerPotion"}],"is_trial":false,"path_per_floor":["M","$","M","?","M","R","E","?","T","R","M","R","?","?","R","B",null,"M","T","M","$","?","E","?","M"],"character_chosen":"DEFECT","items_purchased":["Defragment","Singing Bowl"],"campfire_rested":1,"item_purchase_floors":[2,21],"current_hp_per_floor":[68,68,50,52,49,49,19,19,19,45,40,40,40,60,60,29,69,46,46,47,47,47,21,21,0,0],"gold":41,"neow_bonus":"TRANSFORM_TWO_CARDS","is_daily":false,"chose_seed":false,"campfire_upgraded":3,"win_rate":0.0,"timestamp":1613663690,"path_taken":["M","$","M","?","M","R","E","?","T","R","M","R","?","?","R","BOSS","M","?","M","$","?","E","?","M"],"items_purchased_type":["Card","Relic"],"build_version":"2020-12-22","purchased_purges":0,"victory":false,"max_hp_per_floor":[75,75,75,89,89,89,89,89,89,89,89,89,82,82,82,82,82,82,82,82,82,82,84,84,84,84],"card_choices":[{"not_picked":["Self Repair","Redo"],"picked":"Defragment","floor":1},{"not_picked":["Turbo","Auto Shields","Rebound"],"picked":"SKIP","floor":3},{"not_picked":["Rip and Tear","Beam Cell","Genetic Algorithm"],"picked":"SKIP","floor":5},{"not_picked":["Aggregate","Ball Lightning"],"picked":"Self Repair","floor":7},{"not_picked":["Go for the Eyes","Streamline"],"picked":"Doom and Gloom","floor":11},{"not_picked":["Biased Cognition","Fission"],"picked":"Electrodynamics","floor":16},{"not_picked":["Rebound+1","Chaos+1","Coolheaded+1"],"picked":"SKIP","floor":18},{"not_picked":["Go for the Eyes","Streamline","Tempest"],"picked":"SKIP","floor":20},{"not_picked":["Conserve Battery","Chaos","Electrodynamics"],"picked":"Singing Bowl","floor":23}],"player_experience":327844,"relics_obtained":[{"floor":7,"key":"Tiny Chest"},{"floor":9,"key":"Symbiotic Virus"},{"floor":23,"key":"Meat on the Bone"}],"event_choices":[{"damage_healed":0,"gold_gain":0,"player_choice":"Success","damage_taken":12,"relics_obtained":["Mango"],"max_hp_gain":0,"max_hp_loss":0,"event_name":"Scrap Ooze","floor":4,"gold_loss":0},{"damage_healed":0,"gold_gain":65,"player_choice":"Gained Gold","damage_taken":0,"max_hp_gain":0,"max_hp_loss":0,"event_name":"Golden Wing","floor":8,"gold_loss":0},{"damage_healed":0,"gold_gain":0,"player_choice":"Lose Max HP","damage_taken":0,"relics_obtained":["Golden Idol"],"max_hp_gain":0,"max_hp_loss":7,"event_name":"Golden Idol","floor":13,"gold_loss":0},{"damage_healed":20,"gold_gain":0,"player_choice":"Healed","damage_taken":0,"max_hp_gain":0,"max_hp_loss":0,"event_name":"The Cleric","floor":14,"gold_loss":35},{"damage_healed":0,"gold_gain":0,"player_choice":"Paid Fearfully","damage_taken":0,"max_hp_gain":0,"max_hp_loss":0,"event_name":"Masked Bandits","floor":22,"gold_loss":114},{"damage_healed":0,"gold_gain":0,"player_choice":"Copied","damage_taken":0,"max_hp_gain":0,"max_hp_loss":0,"event_name":"Duplicator","floor":24,"gold_loss":0,"cards_obtained":["Defragment"]}],"is_beta":false,"boss_relics":[{"not_picked":["Tiny House","Velvet Choker"],"picked":"Astrolabe"}],"items_purged_floors":[],"is_endless":false,"potions_floor_spawned":[1,11,18],"killed_by":"Snake Plant","ascension_level":9}}