{"host":"ffqn1azj9urswy62","time":1613662788,"event":{"mods":["BaseMod","Better Third Choice","Conspire","Googly Eyes","Hubris","Minty Spire (QoL Compilation)","Replay The Spire","StSLib","Wandering Minibosses","slay the spire mod where everything is the same but ironclad has a cowboy hat"],"gold_per_floor":[119,35,35,35,35,35,60,60,60,60,70,0,10,23,23,126,126,140,140,140],"floor_reached":19,"language":"ENG","playtime":644,"items_purged":[],"score":278,"play_id":"f3b789a2-71d8-42f5-b946-b73e1b042320","local_time":"20210218103948","is_ascension_mode":true,"campfire_choices":[{"data":"Sword Boomerang","floor":6,"key":"SMITH"},{"data":"hubris:StunningStrike","floor":8,"key":"SMITH"},{"data":"Thunderclap","floor":10,"key":"SMITH"},{"data":"Inflame","floor":15,"key":"SMITH"}],"circlet_count":0,"master_deck":["conspire:GhostlyStrike","conspire:GhostlyStrike","conspire:GhostlyStrike","conspire:GhostlyStrike","conspire:GhostlyStrike","conspire:GhostlyDefend","conspire:GhostlyDefend","conspire:GhostlyDefend","conspire:GhostlyDefend","Bash","Sword Boomerang+1","Thunderclap+1","hubris:StunningStrike+1","Combust","Inflame+1","Dark Embrace","Flame Barrier","Hemogenesis","ReplayTheSpireMod:Corrosion Curse"],"relics":["Burning Blood","NeowsBlessing","Replay:Wax Seal","hubris:Towel","hubris:OldNail","conspire:SpecialSausage"],"acts_visited":["Exordium","TheCity"],"potions_floor_usage":[19],"damage_taken":[{"damage":0,"enemies":"Small Slimes","floor":1,"turns":1},{"damage":0,"enemies":"Lagavulin","floor":7,"turns":1},{"damage":0,"enemies":"2 Louse","floor":11,"turns":1},{"damage":9,"enemies":"Jaw Worm","floor":13,"turns":3},{"damage":30,"enemies":"3 Louse","floor":14,"turns":6},{"damage":48,"enemies":"Hexaghost","floor":16,"turns":10},{"damage":36,"enemies":"3 Byrds","floor":18,"turns":5},{"damage":55,"enemies":"Chosen","floor":19,"turns":4}],"seed_played":"-8486706452864991840","potions_obtained":[{"floor":7,"key":"Elixir"},{"floor":13,"key":"SmokeBomb"},{"floor":14,"key":"FearPotion"}],"is_trial":false,"path_per_floor":["M","$","?","?","?","R","E","R","T","R","M","$","M","M","R","B",null,"M","M"],"character_chosen":"IRONCLAD","items_purchased":["Replay:Wax Seal","Inflame"],"campfire_rested":0,"item_purchase_floors":[2,12],"current_hp_per_floor":[80,80,80,80,80,80,80,80,80,80,80,80,77,53,53,11,80,50,0,0],"gold":140,"neow_bonus":"THREE_ENEMY_KILL","is_daily":false,"chose_seed":false,"campfire_upgraded":4,"win_rate":0.0,"timestamp":1613662788,"path_taken":["M","$","?","?","?","R","E","R","T","R","?","$","M","M","R","BOSS","M","M"],"items_purchased_type":["Relic","Card"],"build_version":"2020-12-22","purchased_purges":0,"victory":false,"max_hp_per_floor":[80,80,80,80,80,80,80,80,80,80,80,80,80,80,80,80,80,80,80,80],"card_choices":[{"not_picked":["Heavy Blade","Headbutt"],"picked":"Sword Boomerang","floor":1},{"not_picked":["Replay:Undeath\u0027s Touch","Headbutt"],"picked":"hubris:StunningStrike","floor":7},{"not_picked":["Anger","Intimidate"],"picked":"Combust","floor":11},{"not_picked":["Cleave","Perfected Strike"],"picked":"Dark Embrace","floor":13},{"not_picked":["Sentinel","Disarm"],"picked":"Flame Barrier","floor":14},{"not_picked":["Berserk","Exhume"],"picked":"Hemogenesis","floor":16},{"not_picked":["Body Slam","Sentinel"],"picked":"ReplayTheSpireMod:Corrosion Curse","floor":18}],"player_experience":693563,"relics_obtained":[{"floor":7,"key":"hubris:OldNail"}],"event_choices":[{"damage_healed":0,"gold_gain":0,"player_choice":"Agree","damage_taken":0,"max_hp_gain":0,"max_hp_loss":0,"event_name":"conspire:LoneGhost","floor":5,"gold_loss":0}],"is_beta":false,"boss_relics":[{"not_picked":["Runic Pyramid","Replay:Wanted Poster"],"picked":"conspire:SpecialSausage"}],"items_purged_floors":[],"is_endless":false,"potions_floor_spawned":[7,13,14,18],"killed_by":"Chosen","ascension_level":4}}