{"host":"0mhttqdumuceah7q","time":1613653485,"event":{"mods":["AchievementEnabler","BaseMod","Colored Map","DeckTracker","Minty Spire (QoL Compilation)","Permanent Neow"],"gold_per_floor":[116,131,148,163,163,163,197,197,197,197,212,226,251,262,262,262,262],"floor_reached":16,"language":"KOR","playtime":475,"items_purged":[],"score":114,"play_id":"826d4c5d-41bf-424d-84e0-db30f2098dc3","local_time":"20210218220445","is_ascension_mode":false,"campfire_choices":[{"data":"Clothesline","floor":6.0,"key":"SMITH"},{"data":"Demon Form","floor":8,"key":"SMITH"},{"data":"Metallicize","floor":10,"key":"SMITH"},{"floor":15,"key":"REST"}],"circlet_count":0,"master_deck":["Strike_R","Strike_R","Strike_R","Strike_R","Strike_R","Defend_R","Defend_R","Defend_R","Defend_R","Bash","Body Slam","Metallicize+1","Clothesline+1","Demon Form+1","Iron Wave","Pommel Strike","Feed","Wild Strike"],"relics":["Burning Blood","Mummified Hand","Eternal Feather","Ornamental Fan","Nunchaku"],"acts_visited":["Exordium"],"potions_floor_usage":[7,12,13,16],"damage_taken":[{"damage":15.0,"enemies":"Jaw Worm","floor":1.0,"turns":4.0},{"damage":0.0,"enemies":"Small Slimes","floor":2.0,"turns":4.0},{"damage":9.0,"enemies":"2 Louse","floor":3.0,"turns":3.0},{"damage":10.0,"enemies":"Blue Slaver","floor":4.0,"turns":5.0},{"damage":30,"enemies":"3 Sentries","floor":7,"turns":8},{"damage":26,"enemies":"Red Slaver","floor":11,"turns":5},{"damage":24,"enemies":"Exordium Wildlife","floor":12,"turns":4},{"damage":12,"enemies":"Lagavulin","floor":13,"turns":6},{"damage":5,"enemies":"Blue Slaver","floor":14,"turns":3},{"damage":18,"enemies":"Hexaghost","floor":16,"turns":4}],"seed_played":"-8727027417830000832","potions_obtained":[{"floor":0.0,"key":"SneckoOil"},{"floor":0.0,"key":"Energy Potion"},{"floor":0.0,"key":"Fire Potion"},{"floor":3.0,"key":"Weak Potion"},{"floor":11,"key":"LiquidMemories"},{"floor":13,"key":"Explosive Potion"},{"floor":14,"key":"Weak Potion"}],"is_trial":false,"path_per_floor":["M","M","M","M","?","R","E","R","T","R","M","M","E","M","R","B"],"character_chosen":"IRONCLAD","items_purchased":[],"campfire_rested":1,"item_purchase_floors":[],"current_hp_per_floor":[71,77,74,70,67,67,43,49,49,55,35,17,11,12,45,27,27],"gold":262,"neow_bonus":"THREE_SMALL_POTIONS","is_daily":false,"chose_seed":false,"campfire_upgraded":3,"win_rate":0.0,"timestamp":1613653485,"path_taken":["M","M","M","M","?","R","E","R","T","R","M","M","E","M","R","BOSS"],"items_purchased_type":[],"build_version":"2020-12-22","purchased_purges":0,"victory":false,"max_hp_per_floor":[80,80,80,80,80,80,80,80,80,80,80,80,80,80,80,80,80],"card_choices":[{"not_picked":["Rampage","Headbutt"],"picked":"Body Slam","floor":1.0},{"not_picked":["Heavy Blade","Cleave"],"picked":"Metallicize","floor":2.0},{"not_picked":["Wild Strike","Dark Embrace"],"picked":"Clothesline","floor":3.0},{"not_picked":["Fire Breathing","Heavy Blade","Sword Boomerang"],"picked":"SKIP","floor":4.0},{"not_picked":["Iron Wave","Heavy Blade"],"picked":"Demon Form","floor":7},{"not_picked":["Infernal Blade","Thunderclap"],"picked":"Iron Wave","floor":11},{"not_picked":["Anger","Headbutt"],"picked":"Pommel Strike","floor":12},{"not_picked":["Rampage","Clash"],"picked":"Feed","floor":13},{"not_picked":["Havoc","Heavy Blade"],"picked":"Wild Strike","floor":14}],"player_experience":120266,"relics_obtained":[{"floor":7,"key":"Eternal Feather"},{"floor":9,"key":"Ornamental Fan"},{"floor":13,"key":"Nunchaku"}],"event_choices":[{"damage_healed":0.0,"max_hp_gain":0.0,"max_hp_loss":0.0,"gold_gain":0.0,"event_name":"Scrap Ooze","player_choice":"Success","floor":5.0,"gold_loss":0.0,"damage_taken":3.0,"relics_obtained":["Mummified Hand"]}],"is_beta":false,"boss_relics":[],"items_purged_floors":[],"is_endless":false,"potions_floor_spawned":[1,3,4,11,13,14],"killed_by":"Hexaghost","ascension_level":0}}