{"host":"eglukmwb6rueyn6u","time":1613664753,"event":{"mods":["AchievementEnabler","BaseMod","Colored Powertips","Highlight Path","Minty Spire (QoL Compilation)"],"gold_per_floor":[110,110,123,73,148,148,178,193,216,216,226,255,24,38,38,134,134,147,147,170,170,182,217,217,251,303,303,313,313,325,63,63,166,166,186,205,205,256,256,269,51,102,102,102,102,114,114,114,114,114,114],"floor_reached":50,"language":"ENG","playtime":3030,"items_purged":["Strike_R","Defend_R"],"score":586,"play_id":"4699d158-ed6f-448f-81d6-76c08c9d3c0a","local_time":"20210218181233","is_ascension_mode":false,"campfire_choices":[{"data":"Searing Blow","floor":6.0,"key":"SMITH"},{"data":"Searing Blow+1","floor":10.0,"key":"SMITH"},{"data":"Metallicize","floor":15.0,"key":"SMITH"},{"data":"Armaments","floor":24.0,"key":"SMITH"},{"floor":27.0,"key":"REST"},{"data":"Armaments","floor":29.0,"key":"SMITH"},{"floor":32.0,"key":"REST"},{"floor":44,"key":"REST"},{"floor":47,"key":"RECALL"},{"floor":49,"key":"REST"}],"circlet_count":0,"master_deck":["Strike_R+1","Defend_R","Bash+1","Metallicize+1","Searing Blow+2","Inflame","Power Through","Armaments+1","Armaments+1","Demon Form+1","Searing Blow","Armaments+1","Spot Weakness+1","Armaments+1","Intimidate+1","Heavy Blade+1","Infernal Blade+1","Hemokinesis+1","Metallicize+1","Rupture+1","Madness","Madness","Shrug It Off+1"],"relics":["Burning Blood","NeowsBlessing","Tiny Chest","Toy Ornithopter","Happy Flower","Whetstone","Blood Vial","Runic Cube","Red Skull","Ancient Tea Set","Bird Faced Urn","Lantern","Frozen Egg 2","Astrolabe","Smiling Mask","Du-Vu Doll","Pear"],"acts_visited":["Exordium","TheCity","TheBeyond"],"potions_floor_usage":[40,42,50],"damage_taken":[{"damage":0.0,"enemies":"2 Louse","floor":1.0,"turns":1.0},{"damage":0.0,"enemies":"Small Slimes","floor":3.0,"turns":1.0},{"damage":0.0,"enemies":"Gremlin Nob","floor":7.0,"turns":1.0},{"damage":12.0,"enemies":"Cultist","floor":8.0,"turns":4.0},{"damage":2.0,"enemies":"Large Slime","floor":11.0,"turns":6.0},{"damage":17.0,"enemies":"Lagavulin","floor":12.0,"turns":6.0},{"damage":8.0,"enemies":"Gremlin Gang","floor":14.0,"turns":7.0},{"damage":24.0,"enemies":"Slime Boss","floor":16.0,"turns":19.0},{"damage":12.0,"enemies":"Chosen","floor":18.0,"turns":5.0},{"damage":19.0,"enemies":"2 Thieves","floor":22.0,"turns":5.0},{"damage":68.0,"enemies":"Book of Stabbing","floor":23.0,"turns":8.0},{"damage":24.0,"enemies":"Slavers","floor":25.0,"turns":7.0},{"damage":24.0,"enemies":"Centurion and Healer","floor":28.0,"turns":5.0},{"damage":27.0,"enemies":"Shelled Parasite and Fungi","floor":30.0,"turns":5.0},{"damage":23.0,"enemies":"Champ","floor":33.0,"turns":13.0},{"damage":30,"enemies":"3 Shapes","floor":35,"turns":6},{"damage":27,"enemies":"3 Darklings","floor":36,"turns":8},{"damage":33,"enemies":"Writhing Mass","floor":40,"turns":6},{"damage":59,"enemies":"2 Orb Walkers","floor":42,"turns":5},{"damage":15,"enemies":"Sphere and 2 Shapes","floor":46,"turns":8},{"damage":109,"enemies":"Time Eater","floor":50,"turns":10}],"seed_played":"-4305900929177042234","potions_obtained":[{"floor":3.0,"key":"Energy Potion"},{"floor":7.0,"key":"FearPotion"},{"floor":12.0,"key":"Swift Potion"},{"floor":14.0,"key":"HeartOfIron"},{"floor":19.0,"key":"Fruit Juice"},{"floor":19.0,"key":"Regen Potion"},{"floor":22.0,"key":"Block Potion"},{"floor":28.0,"key":"LiquidMemories"},{"floor":30.0,"key":"HeartOfIron"},{"floor":35,"key":"Block Potion"},{"floor":40,"key":"DuplicationPotion"},{"floor":42,"key":"Explosive Potion"}],"is_trial":false,"path_per_floor":["M","?","M","?","?","R","E","M","T","R","M","E","$","M","R","B",null,"M","?","T","?","M","E","R","E","T","R","M","R","M","$","R","B",null,"M","M","?","T","?","M","$","?","T","R","?","M","R","T","R","B"],"character_chosen":"IRONCLAD","items_purchased":["Blood Vial","Frozen Egg 2","Metallicize+1","FairyPotion"],"campfire_rested":4,"item_purchase_floors":[13,31,41,41],"current_hp_per_floor":[80,68,74,74,63,63,69,63,63,63,67,61,61,61,61,45,80,74,84,84,84,72,36,36,25,25,50,40,40,25,25,50,46,85,67,54,54,54,54,38,38,31,31,56,45,48,48,58,86,0,0],"gold":114,"neow_bonus":"THREE_ENEMY_KILL","is_daily":false,"chose_seed":false,"campfire_upgraded":5,"win_rate":0.0,"timestamp":1613664753,"path_taken":["M","?","M","?","?","R","E","M","T","R","M","E","$","M","R","BOSS","M","?","?","?","M","E","R","E","T","R","?","R","M","$","R","BOSS","M","M","?","?","?","M","$","?","T","R","?","M","R","?","R","BOSS"],"items_purchased_type":["Relic","Relic","Card","Potion"],"build_version":"2020-12-22","purchased_purges":2,"victory":false,"max_hp_per_floor":[80,80,80,80,80,80,80,80,80,80,80,80,80,80,80,80,80,80,85,85,85,85,85,85,85,85,85,85,85,85,85,85,85,85,85,85,85,85,85,85,85,85,85,85,85,85,85,95,95,95,95],"card_choices":[{"not_picked":["Perfected Strike","Body Slam"],"picked":"Metallicize","floor":1.0},{"not_picked":["Wild Strike","Flex"],"picked":"Searing Blow","floor":3.0},{"not_picked":["Rage","Reckless Charge"],"picked":"Inflame","floor":7.0},{"not_picked":["Wild Strike","True Grit"],"picked":"Power Through","floor":8.0},{"not_picked":["Shrug It Off","Juggernaut"],"picked":"Armaments","floor":11.0},{"not_picked":["Second Wind","Blood for Blood"],"picked":"Armaments","floor":12.0},{"not_picked":["Rupture","Havoc","Wild Strike"],"picked":"SKIP","floor":14.0},{"not_picked":["Reaper","Corruption"],"picked":"Demon Form","floor":16.0},{"not_picked":["Evolve+1","Havoc","Iron Wave"],"picked":"SKIP","floor":18.0},{"not_picked":["Wild Strike+1","Warcry"],"picked":"Searing Blow","floor":22.0},{"not_picked":["Pommel Strike+1","Headbutt","Sword Boomerang"],"picked":"SKIP","floor":23.0},{"not_picked":["Pommel Strike","Clothesline","Iron Wave+1"],"picked":"SKIP","floor":25.0},{"not_picked":["Perfected Strike","Evolve","Burning Pact"],"picked":"SKIP","floor":28.0},{"not_picked":["True Grit","Hemokinesis"],"picked":"Armaments","floor":30.0},{"not_picked":["Havoc","Clash"],"picked":"Heavy Blade+1","floor":35},{"not_picked":["Clothesline+1","Wild Strike"],"picked":"Infernal Blade+1","floor":36},{"not_picked":["Disarm+1","Burning Pact+1"],"picked":"Hemokinesis+1","floor":40},{"not_picked":["Sever Soul+1","Twin Strike+1"],"picked":"Rupture+1","floor":42},{"not_picked":["Anger","Heavy Blade"],"picked":"Shrug It Off+1","floor":46}],"player_experience":97388,"relics_obtained":[{"floor":7.0,"key":"Toy Ornithopter"},{"floor":9.0,"key":"Happy Flower"},{"floor":12.0,"key":"Whetstone"},{"floor":20.0,"key":"Red Skull"},{"floor":23.0,"key":"Ancient Tea Set"},{"floor":25.0,"key":"Bird Faced Urn"},{"floor":26.0,"key":"Lantern"},{"floor":38,"key":"Smiling Mask"},{"floor":42,"key":"Du-Vu Doll"},{"floor":48,"key":"Pear"}],"event_choices":[{"damage_healed":0.0,"max_hp_gain":0.0,"max_hp_loss":0.0,"gold_gain":0.0,"event_name":"Scrap Ooze","player_choice":"Success","floor":2.0,"gold_loss":0.0,"damage_taken":12.0,"relics_obtained":["Tiny Chest"]},{"cards_removed":["Strike_R"],"damage_healed":0.0,"max_hp_gain":0.0,"max_hp_loss":0.0,"gold_gain":0.0,"event_name":"The Cleric","player_choice":"Card Removal","floor":4.0,"gold_loss":50.0,"damage_taken":0.0},{"damage_healed":0.0,"max_hp_gain":0.0,"max_hp_loss":0.0,"gold_gain":75.0,"event_name":"World of Goop","player_choice":"Gather Gold","floor":5.0,"gold_loss":0.0,"damage_taken":11.0},{"damage_healed":0.0,"max_hp_gain":0.0,"max_hp_loss":0.0,"gold_gain":0.0,"event_name":"Lab","player_choice":"Got Potions","floor":19.0,"gold_loss":0.0,"damage_taken":0.0},{"damage_healed":0.0,"max_hp_gain":0.0,"max_hp_loss":0.0,"gold_gain":0.0,"event_name":"Upgrade Shrine","player_choice":"Upgraded","floor":21.0,"gold_loss":0.0,"damage_taken":0.0,"cards_upgraded":["Demon Form"]},{"damage_healed":0,"gold_gain":0,"player_choice":"Forge","damage_taken":0,"max_hp_gain":0,"max_hp_loss":0,"event_name":"Accursed Blacksmith","floor":37,"gold_loss":0,"cards_upgraded":["Armaments"]},{"cards_removed":["Defend_R"],"damage_healed":0,"gold_gain":0,"player_choice":"Removed Skill","damage_taken":0,"max_hp_gain":0,"max_hp_loss":0,"event_name":"Falling","floor":39,"gold_loss":0},{"damage_healed":0,"gold_gain":0,"player_choice":"Fight","damage_taken":0,"max_hp_gain":0,"max_hp_loss":0,"event_name":"Mysterious Sphere","floor":42,"gold_loss":0},{"damage_healed":0,"gold_gain":0,"player_choice":"Embrace Madness","damage_taken":11,"max_hp_gain":0,"max_hp_loss":0,"event_name":"Winding Halls","floor":45,"gold_loss":0,"cards_obtained":["Madness","Madness"]}],"is_beta":false,"boss_relics":[{"not_picked":["Black Blood","Calling Bell"],"picked":"Runic Cube"},{"not_picked":["Busted Crown","Fusion Hammer"],"picked":"Astrolabe"}],"items_purged_floors":[13,41],"is_endless":false,"potions_floor_spawned":[3,7,12,14,22,28,30,35,40,42],"killed_by":"Time Eater","ascension_level":0}}