{"host":"7ap89n2sm7vm35bt","time":1613655603,"event":{"mods":["AchievementEnabler","Aspiration","BaseMod","Minty Spire (QoL Compilation)","StSLib","[IsaacMod]ÒÔÈö¼âËþ"],"gold_per_floor":[118,118,43,56,56,56,56,56,107,34,47,58,71,85,85,180,180,199,149,149,149,149,149,149,149,149,165,115,131,131,148,148,245,245,258,258,275,288,238,264,264,279,279,299,22,39,39,51,51,6],"floor_reached":51,"language":"ZHS","playtime":1921,"items_purged":["Strike_R","Defend_R","Defend_R","Defend_R","Strike_R+1","Strike_R+1"],"score":744,"play_id":"39ad381c-2f4d-4a01-93b4-99f31f6559e2","local_time":"20210218214003","is_ascension_mode":false,"campfire_choices":[{"data":"Carnage","floor":8.0,"key":"SMITH"},{"data":"Bash","floor":15.0,"key":"SMITH"},{"data":"Barricade","floor":23.0,"key":"SMITH"},{"data":"Iron Wave","floor":25.0,"key":"SMITH"},{"data":"Strike_R","floor":30.0,"key":"SMITH"},{"data":"Defend_R","floor":32.0,"key":"SMITH"},{"floor":47.0,"key":"REST"},{"floor":49.0,"key":"REST"}],"circlet_count":0,"master_deck":["Defend_R+1","Bash+1","Iron Wave+1","Carnage+1","Shrug It Off+1","Shrug It Off+1","Flex+1","Ghostly Armor+1","Barricade+1","Disarm+1","Rage+1","Seeing Red+1","Entrench+1","True Grit+1","Body Slam+1","Impervious+1"],"relics":["Burning Blood","HushsDoor","HowToJump","BelialBook","Toxic Egg 2","Ancient Tea Set","Smiling Mask","Mark of Pain","StrikeDummy","MagicMushroom","SteamSale","TuHaoJin","Happy Flower","Blood Vial"],"acts_visited":["Exordium","TheCity","TheBeyond"],"potions_floor_usage":[50,50,50],"damage_taken":[{"damage":2.0,"enemies":"Jaw Worm","floor":1.0,"turns":4.0},{"damage":0.0,"enemies":"2 Louse","floor":4.0,"turns":2.0},{"damage":0.0,"enemies":"Cultist","floor":11.0,"turns":2.0},{"damage":5.0,"enemies":"Large Slime","floor":12.0,"turns":4.0},{"damage":4.0,"enemies":"2 Fungi Beasts","floor":13.0,"turns":2.0},{"damage":5.0,"enemies":"Exordium Thugs","floor":14.0,"turns":4.0},{"damage":12.0,"enemies":"The Guardian","floor":16.0,"turns":6.0},{"damage":9.0,"enemies":"3 Byrds","floor":18.0,"turns":7.0},{"damage":1.0,"enemies":"Shell Parasite","floor":27.0,"turns":4.0},{"damage":12.0,"enemies":"Centurion and Healer","floor":29.0,"turns":5.0},{"damage":0.0,"enemies":"3 Cultists","floor":31.0,"turns":5.0},{"damage":43.0,"enemies":"Champ","floor":33.0,"turns":10.0},{"damage":0.0,"enemies":"Orb Walker","floor":35.0,"turns":4.0},{"damage":0.0,"enemies":"3 Shapes","floor":37.0,"turns":5.0},{"damage":2.0,"enemies":"3 Darklings","floor":38.0,"turns":6.0},{"damage":65.0,"enemies":"Giant Head","floor":40.0,"turns":13.0},{"damage":0.0,"enemies":"4 Shapes","floor":42.0,"turns":7.0},{"damage":19.0,"enemies":"Sphere and 2 Shapes","floor":44.0,"turns":7.0},{"damage":0.0,"enemies":"Spire Growth","floor":46.0,"turns":5.0},{"damage":0.0,"enemies":"Transient","floor":48.0,"turns":5.0},{"damage":0,"enemies":"Awakened One","floor":50,"turns":8}],"seed_played":"-1771149846621085841","potions_obtained":[{"floor":1.0,"key":"GamblersBrew"},{"floor":16.0,"key":"SteroidPotion"},{"floor":24.0,"key":"AttackPotion"},{"floor":24.0,"key":"EssenceOfSteel"},{"floor":31.0,"key":"ColorlessPotion"},{"floor":33.0,"key":"PowerPotion"},{"floor":35.0,"key":"Block Potion"},{"floor":40.0,"key":"SteroidPotion"},{"floor":46.0,"key":"Strength Potion"}],"is_trial":false,"path_per_floor":["M","?","$","M","?","?","?","R","T","$","M","M","M","M","R","B",null,"M","$","?","?","?","R","?","R","T","M","$","M","R","M","R","B",null,"M","?","M","M","$","E","?","M","T","M","$","M","R","M","R","B",null],"character_chosen":"IRONCLAD","items_purchased":["Shrug It Off+1","Happy Flower","Blood Vial","Impervious+1"],"campfire_rested":2,"item_purchase_floors":[10,45,45,45],"current_hp_per_floor":[80,80,80,80,80,55,55,55,55,55,61,62,64,65,65,59,80,77,77,62,62,85,85,85,85,85,85,85,79,79,85,85,48,92,92,92,92,92,92,33,33,40,40,28,28,37,63,72,87,87],"gold":6,"neow_bonus":"RANDOM_COMMON_RELIC","is_daily":false,"chose_seed":false,"campfire_upgraded":6,"win_rate":0.0,"timestamp":1613655603,"path_taken":["M","?","$","M","?","?","?","R","T","$","?","?","M","M","R","BOSS","M","$","?","?","?","R","?","R","T","M","$","M","R","M","R","BOSS","M","?","M","M","$","E","?","M","T","M","$","M","R","M","R","BOSS"],"items_purchased_type":["Card","Relic","Relic","Card"],"build_version":"2020-12-22","purchased_purges":6,"victory":true,"max_hp_per_floor":[80,80,80,80,80,80,80,80,80,80,80,80,80,80,80,80,80,80,80,85,85,85,85,85,85,85,85,85,85,85,85,85,85,92,92,92,92,92,92,92,87,87,87,87,87,87,87,87,87,87],"card_choices":[{"not_picked":["Shockwave","Clash"],"picked":"Iron Wave","floor":1.0},{"not_picked":["Warcry","True Grit","Offering"],"picked":"SKIP","floor":4.0},{"not_picked":["Shrug It Off+1","Clothesline","Warcry+1"],"picked":"SKIP","floor":11.0},{"not_picked":["Clothesline","Warcry+1"],"picked":"Shrug It Off+1","floor":11.0},{"not_picked":["Twin Strike","Perfected Strike"],"picked":"Flex+1","floor":12.0},{"not_picked":["Clothesline","Iron Wave","Spot Weakness+1"],"picked":"SKIP","floor":13.0},{"not_picked":["Feel No Pain","Anger"],"picked":"Ghostly Armor+1","floor":14.0},{"not_picked":["Juggernaut","Reaper"],"picked":"Barricade","floor":16.0},{"not_picked":["Disarm+1","Clash","Clothesline"],"picked":"SKIP","floor":18.0},{"not_picked":["Clash","Clothesline"],"picked":"Disarm+1","floor":18.0},{"not_picked":["Warcry+1","Pummel+1","Spot Weakness+1"],"picked":"SKIP","floor":27.0},{"not_picked":["Havoc+1","Headbutt"],"picked":"Rage+1","floor":29.0},{"not_picked":["Sword Boomerang","Spot Weakness+1"],"picked":"Seeing Red+1","floor":31.0},{"not_picked":["Iron Wave+1","Heavy Blade","Shockwave+1"],"picked":"SKIP","floor":35.0},{"not_picked":["Twin Strike+1","Ghostly Armor+1"],"picked":"Entrench+1","floor":37.0},{"not_picked":["True Grit+1","Clash","Clothesline+1"],"picked":"SKIP","floor":38.0},{"not_picked":["Clash","Clothesline+1"],"picked":"True Grit+1","floor":38.0},{"not_picked":["Infernal Blade+1","Burning Pact+1"],"picked":"Body Slam+1","floor":40.0},{"not_picked":["Burning Pact+1","Shrug It Off+1","Blood for Blood"],"picked":"SKIP","floor":42.0},{"not_picked":["Exhume+1","Iron Wave","Clash"],"picked":"SKIP","floor":44.0},{"not_picked":["Flame Barrier+1","Thunderclap+1","Flex+1"],"picked":"SKIP","floor":46.0},{"not_picked":["Body Slam","Iron Wave","Sever Soul+1"],"picked":"SKIP","floor":48.0}],"player_experience":264153,"relics_obtained":[{"floor":7.0,"key":"Ancient Tea Set"},{"floor":9.0,"key":"Smiling Mask"},{"floor":26.0,"key":"StrikeDummy"},{"floor":40.0,"key":"SteamSale"},{"floor":43.0,"key":"TuHaoJin"}],"event_choices":[{"damage_healed":0.0,"max_hp_gain":0.0,"max_hp_loss":0.0,"gold_gain":0.0,"cards_transformed":["Strike_R"],"event_name":"Living Wall","player_choice":"Change","floor":2.0,"gold_loss":0.0,"damage_taken":0.0,"cards_obtained":["Carnage"]},{"cards_removed":["Strike_R"],"damage_healed":0.0,"max_hp_gain":0.0,"max_hp_loss":0.0,"gold_gain":0.0,"event_name":"Purifier","player_choice":"Purged","floor":5.0,"gold_loss":0.0,"damage_taken":0.0},{"damage_healed":0.0,"max_hp_gain":0.0,"max_hp_loss":0.0,"gold_gain":0.0,"event_name":"Scrap Ooze","player_choice":"Success","floor":6.0,"gold_loss":0.0,"damage_taken":25.0,"relics_obtained":["Toxic Egg 2"]},{"damage_healed":0.0,"max_hp_gain":0.0,"max_hp_loss":0.0,"gold_gain":0.0,"event_name":"Wheel of Change","player_choice":"Relic","floor":7.0,"gold_loss":0.0,"damage_taken":0.0},{"damage_healed":0.0,"max_hp_gain":5.0,"max_hp_loss":0.0,"gold_gain":0.0,"event_name":"Forgotten Altar","player_choice":"Shed Blood","floor":20.0,"gold_loss":0.0,"damage_taken":20.0},{"damage_healed":0.0,"max_hp_gain":0.0,"max_hp_loss":0.0,"gold_gain":0.0,"event_name":"NoteForYourself","player_choice":"Ignored","floor":21.0,"gold_loss":0.0,"damage_taken":0.0},{"damage_healed":23.0,"max_hp_gain":0.0,"max_hp_loss":0.0,"gold_gain":0.0,"event_name":"Wheel of Change","player_choice":"Full Heal","floor":22.0,"gold_loss":0.0,"damage_taken":0.0},{"damage_healed":0.0,"max_hp_gain":0.0,"max_hp_loss":0.0,"gold_gain":0.0,"event_name":"Lab","player_choice":"Got Potions","floor":24.0,"gold_loss":0.0,"damage_taken":0.0},{"damage_healed":0.0,"max_hp_gain":0.0,"max_hp_loss":0.0,"gold_gain":0.0,"event_name":"Upgrade Shrine","player_choice":"Upgraded","floor":36.0,"gold_loss":0.0,"damage_taken":0.0,"cards_upgraded":["Strike_R"]},{"damage_healed":0.0,"max_hp_gain":0.0,"max_hp_loss":5.0,"gold_gain":0.0,"event_name":"Winding Halls","player_choice":"Max HP","floor":41.0,"gold_loss":0.0,"damage_taken":0.0}],"is_beta":false,"boss_relics":[{"not_picked":["Ectoplasm","aspiration:FutureDiary"],"picked":"Mark of Pain"},{"not_picked":[]},{"not_picked":["ChampionBelt","aspiration:SilentSkillbook"],"picked":"MagicMushroom"},{"not_picked":[]}],"items_purged_floors":[3,10,19,28,39,45],"is_endless":false,"potions_floor_spawned":[1,16,31,33,35,40,42,46],"ascension_level":0}}