{"host":"8rgpnls124hwjv5t","time":1613623034,"event":{"mods":["BaseMod","Colored Map","Colored Powertips","DeckTracker","Highlight Path","Minty Spire (QoL Compilation)","Permanent Neow","Quick Restart","Relic Stats","Shop Mod","StSLib"],"gold_per_floor":[109,120,9,23,40,66,66,92,92,92,105,116,116,116,116,190,190,205,219,219,233,158,191,191,218,242,258,258,291,303,313,313,386,386,401,412,437,453,453,453,488,505,587,43,53,72,72,117,117,117],"floor_reached":51,"language":"ENG","playtime":3397,"items_purged":["Turbo"],"score":1414,"play_id":"f715c11b-95b8-4509-9253-c2b5125c754b","local_time":"20210217233714","is_ascension_mode":true,"campfire_choices":[{"data":"Zap","floor":7,"key":"SMITH"},{"floor":10,"key":"REST"},{"data":"Defragment","floor":15,"key":"SMITH"},{"data":"Amplify","floor":24,"key":"SMITH"},{"floor":32,"key":"REST"},{"floor":40,"key":"REST"},{"data":"Dualcast","floor":47,"key":"PURGE"},{"floor":49,"key":"REST"}],"circlet_count":0,"master_deck":["AscendersBane","Defend_B+1","Defend_B+1","Defend_B+1","Defend_B+1","Zap+1","Barrage","Go for the Eyes","Cold Snap","Double Energy","Electrodynamics","Self Repair","Static Discharge","Defragment+1","Amplify+1","Cold Snap+1","Turbo","Electrodynamics","Double Energy","Biased Cognition","Biased Cognition","Core Surge","Echo Form","Conserve Battery","Multi-Cast+1","Loop","Secret Weapon+1","Hologram+1","Recycle+1"],"relics":["Cracked Core","DataDisk","White Beast Statue","Matryoshka","StoneCalendar","Bottled Lightning","Runic Pyramid","Gremlin Horn","MealTicket","Shuriken","Potion Belt","Peace Pipe","Fusion Hammer","Emotion Chip","Eternal Feather","Toxic Egg 2","Torii"],"acts_visited":["Exordium","TheCity","TheBeyond"],"potions_floor_usage":[3,6,12,16,18,18,21,25,27,29,30,31,33,33,35,42,45,50,50,50,50],"damage_taken":[{"damage":7,"enemies":"Small Slimes","floor":1,"turns":4},{"damage":0,"enemies":"2 Louse","floor":2,"turns":2},{"damage":4,"enemies":"Jaw Worm","floor":4,"turns":3},{"damage":11,"enemies":"Blue Slaver","floor":5,"turns":4},{"damage":5,"enemies":"Gremlin Nob","floor":6,"turns":3},{"damage":22,"enemies":"Lagavulin","floor":8,"turns":6},{"damage":0,"enemies":"Large Slime","floor":11,"turns":4},{"damage":0,"enemies":"3 Louse","floor":12,"turns":1},{"damage":7,"enemies":"Slime Boss","floor":16,"turns":5},{"damage":17,"enemies":"2 Thieves","floor":18,"turns":4},{"damage":18,"enemies":"Chosen","floor":19,"turns":5},{"damage":10,"enemies":"3 Cultists","floor":21,"turns":5},{"damage":23,"enemies":"Gremlin Leader","floor":23,"turns":5},{"damage":49,"enemies":"Slavers","floor":25,"turns":5},{"damage":28,"enemies":"Snake Plant","floor":27,"turns":5},{"damage":12,"enemies":"Gremlin Leader","floor":29,"turns":4},{"damage":4,"enemies":"Centurion and Healer","floor":30,"turns":3},{"damage":0,"enemies":"Snecko","floor":31,"turns":5},{"damage":0,"enemies":"Champ","floor":33,"turns":15},{"damage":27,"enemies":"3 Shapes","floor":35,"turns":3},{"damage":31,"enemies":"Orb Walker","floor":36,"turns":4},{"damage":0,"enemies":"Mind Bloom Boss Battle","floor":37,"turns":5},{"damage":8,"enemies":"Sphere and 2 Shapes","floor":38,"turns":2},{"damage":9,"enemies":"Giant Head","floor":41,"turns":9},{"damage":3,"enemies":"Writhing Mass","floor":42,"turns":3},{"damage":0,"enemies":"Transient","floor":45,"turns":6},{"damage":25,"enemies":"Spire Growth","floor":46,"turns":4},{"damage":52,"enemies":"2 Orb Walkers","floor":48,"turns":4},{"damage":51,"enemies":"Awakened One","floor":50,"turns":8}],"seed_played":"1725378250285681973","potions_obtained":[{"floor":2,"key":"PowerPotion"},{"floor":5,"key":"Explosive Potion"},{"floor":6,"key":"GamblersBrew"},{"floor":12,"key":"BlessingOfTheForge"},{"floor":16,"key":"LiquidMemories"},{"floor":18,"key":"Ancient Potion"},{"floor":19,"key":"EssenceOfSteel"},{"floor":21,"key":"FairyPotion"},{"floor":25,"key":"EntropicBrew"},{"floor":29,"key":"ColorlessPotion"},{"floor":30,"key":"Strength Potion"},{"floor":31,"key":"Dexterity Potion"},{"floor":33,"key":"Explosive Potion"},{"floor":35,"key":"Block Potion"},{"floor":36,"key":"CultistPotion"},{"floor":37,"key":"DistilledChaos"},{"floor":41,"key":"Ancient Potion"},{"floor":42,"key":"SkillPotion"},{"floor":45,"key":"FearPotion"},{"floor":46,"key":"Regen Potion"}],"is_trial":false,"path_per_floor":["M","M","$","M","M","E","R","E","T","R","M","M","?","?","R","B",null,"M","M","?","M","?","E","R","E","T","M","?","E","M","M","R","B",null,"M","M","?","M","?","R","E","M","T","$","M","M","R","?","R","B",null],"character_chosen":"DEFECT","items_purchased":["Fruit Juice","Multi-Cast+1","Loop","BlessingOfTheForge","Secret Weapon+1"],"campfire_rested":4,"item_purchase_floors":[3,44,44,44,44],"current_hp_per_floor":[57,57,62,58,47,42,42,20,20,42,49,56,49,49,49,49,69,59,48,48,52,52,43,43,30,30,16,16,18,21,35,57,71,75,48,24,38,30,30,52,57,61,61,76,76,58,76,31,68,39],"gold":117,"neow_bonus":"RANDOM_COMMON_RELIC","is_daily":false,"chose_seed":false,"campfire_upgraded":3,"win_rate":0.0,"timestamp":1613623034,"path_taken":["M","M","$","M","M","E","R","E","T","R","M","M","?","?","R","BOSS","M","M","?","M","?","E","R","E","T","M","?","E","M","M","R","BOSS","M","M","?","M","?","R","E","M","T","$","M","M","R","?","R","BOSS"],"items_purchased_type":["Potion","Card","Card","Potion","Card"],"build_version":"2020-12-22","purchased_purges":1,"victory":true,"max_hp_per_floor":[71,71,76,76,76,76,76,76,76,76,76,76,76,76,76,76,76,76,76,76,76,76,76,76,76,76,76,76,76,76,76,76,76,76,76,76,76,76,76,76,76,76,76,76,76,76,76,76,76,76],"relic_stats":{"Peace Pipe":1,"Emotion Chip":[34,27,7,0,0],"Gremlin Horn":[12,12],"Torii":1,"counters":[29,136],"Shuriken":[5],"StoneCalendar":[146],"MealTicket":15,"Eternal Feather":33,"obtain_stats":[{"Potion Belt":26,"Gremlin Horn":23,"Torii":48,"StoneCalendar":9,"Eternal Feather":41,"White Beast Statue":6,"Peace Pipe":29,"DataDisk":0,"Emotion Chip":37,"Matryoshka":8,"Shuriken":26,"MealTicket":25,"Fusion Hammer":34,"Bottled Lightning":9,"Toxic Egg 2":43,"Cracked Core":0,"Runic Pyramid":17},{"Potion Belt":14,"Gremlin Horn":13,"Torii":28,"StoneCalendar":6,"Eternal Feather":24,"White Beast Statue":5,"Peace Pipe":16,"DataDisk":0,"Emotion Chip":22,"Matryoshka":6,"Shuriken":14,"MealTicket":14,"Fusion Hammer":19,"Bottled Lightning":6,"Toxic Egg 2":25,"Cracked Core":0,"Runic Pyramid":9},{"Potion Belt":56,"Gremlin Horn":51,"Torii":128,"StoneCalendar":22,"Eternal Feather":111,"White Beast Statue":16,"Peace Pipe":65,"DataDisk":0,"Emotion Chip":100,"Matryoshka":22,"Shuriken":56,"MealTicket":56,"Fusion Hammer":88,"Bottled Lightning":22,"Toxic Egg 2":114,"Cracked Core":0,"Runic Pyramid":32}]},"card_choices":[{"not_picked":["Streamline","Compile Driver"],"picked":"Barrage","floor":1},{"not_picked":["Barrage","Redo"],"picked":"Go for the Eyes","floor":2},{"not_picked":["Hello World","Heatsinks"],"picked":"Cold Snap","floor":4},{"not_picked":["Streamline","Static Discharge"],"picked":"Double Energy","floor":5},{"not_picked":["Conserve Battery","Leap"],"picked":"Electrodynamics","floor":6},{"not_picked":["Beam Cell","Steam"],"picked":"Self Repair","floor":8},{"not_picked":["Stack","Streamline"],"picked":"Static Discharge","floor":11},{"not_picked":["Beam Cell","Storm"],"picked":"Defragment","floor":12},{"not_picked":["Machine Learning","Multi-Cast"],"picked":"Amplify","floor":16},{"not_picked":["Steam Power","Rebound"],"picked":"Cold Snap+1","floor":18},{"not_picked":["Go for the Eyes","Consume+1","Steam"],"picked":"SKIP","floor":19},{"not_picked":["Go for the Eyes","Consume+1","Steam"],"picked":"SKIP","floor":19},{"not_picked":["Leap","Coolheaded"],"picked":"Turbo","floor":21},{"not_picked":["Steam","Ball Lightning"],"picked":"Turbo","floor":23},{"not_picked":["Chaos","Turbo","Hyperbeam"],"picked":"SKIP","floor":25},{"not_picked":["Lockon","Rebound","Undo"],"picked":"SKIP","floor":27},{"not_picked":["Go for the Eyes","Steam+1"],"picked":"Biased Cognition","floor":29},{"not_picked":["Sweeping Beam","Cold Snap","Redo"],"picked":"SKIP","floor":30},{"not_picked":["Compile Driver+1","Cold Snap"],"picked":"Biased Cognition","floor":31},{"not_picked":["Fission","Electrodynamics"],"picked":"Core Surge","floor":33},{"not_picked":["Force Field","Blizzard+1","Go for the Eyes"],"picked":"SKIP","floor":35},{"not_picked":["Cold Snap","Static Discharge+1","Rebound+1"],"picked":"SKIP","floor":36},{"not_picked":["Steam","Stack"],"picked":"Echo Form","floor":38},{"not_picked":["Scrape","Turbo","Barrage"],"picked":"SKIP","floor":41},{"not_picked":["Leap","Reprogram"],"picked":"Conserve Battery","floor":42},{"not_picked":["Streamline+1","Redo+1"],"picked":"Hologram+1","floor":45},{"not_picked":["Rebound","Ball Lightning+1"],"picked":"Recycle+1","floor":46}],"player_experience":610100,"relics_obtained":[{"floor":6,"key":"White Beast Statue"},{"floor":8,"key":"Matryoshka"},{"floor":9,"key":"StoneCalendar"},{"floor":9,"key":"Bottled Lightning"},{"floor":23,"key":"Gremlin Horn"},{"floor":25,"key":"MealTicket"},{"floor":26,"key":"Shuriken"},{"floor":26,"key":"Potion Belt"},{"floor":29,"key":"Peace Pipe"},{"floor":37,"key":"Emotion Chip"},{"floor":41,"key":"Eternal Feather"},{"floor":43,"key":"Toxic Egg 2"},{"floor":48,"key":"Torii"}],"event_choices":[{"cards_removed":["Strike_B"],"damage_healed":0,"gold_gain":0,"player_choice":"Card Removal","damage_taken":7,"max_hp_gain":0,"max_hp_loss":0,"event_name":"Golden Wing","floor":13,"gold_loss":0},{"damage_healed":0,"gold_gain":0,"player_choice":"Ignored","damage_taken":0,"max_hp_gain":0,"max_hp_loss":0,"event_name":"Liars Game","floor":14,"gold_loss":0},{"damage_healed":0,"gold_gain":0,"player_choice":"Simplicity","damage_taken":0,"max_hp_gain":0,"max_hp_loss":0,"event_name":"Back to Basics","floor":20,"gold_loss":0,"cards_upgraded":["Strike_B","Strike_B","Strike_B","Defend_B","Defend_B","Defend_B","Defend_B"]},{"cards_removed":["Strike_B"],"damage_healed":0,"gold_gain":0,"player_choice":"Gave Gold","damage_taken":0,"max_hp_gain":0,"max_hp_loss":0,"event_name":"Beggar","floor":22,"gold_loss":75},{"damage_healed":0,"gold_gain":0,"cards_transformed":["Strike_B","Strike_B"],"player_choice":"Became Test Subject","damage_taken":0,"max_hp_gain":0,"max_hp_loss":0,"event_name":"Drug Dealer","floor":28,"gold_loss":0,"cards_obtained":["Electrodynamics","Double Energy"]},{"damage_healed":0,"gold_gain":0,"player_choice":"Fight","damage_taken":0,"max_hp_gain":0,"max_hp_loss":0,"event_name":"MindBloom","floor":37,"gold_loss":0},{"damage_healed":0,"gold_gain":0,"player_choice":"Ignored","damage_taken":0,"max_hp_gain":0,"max_hp_loss":0,"event_name":"Tomb of Lord Red Mask","floor":39,"gold_loss":0},{"damage_healed":0,"gold_gain":0,"player_choice":"Fight","damage_taken":0,"max_hp_gain":0,"max_hp_loss":0,"event_name":"Mysterious Sphere","floor":48,"gold_loss":0}],"is_beta":false,"boss_relics":[{"not_picked":["Coffee Dripper","Inserter"],"picked":"Runic Pyramid"},{"not_picked":["Calling Bell","SacredBark"],"picked":"Fusion Hammer"}],"items_purged_floors":[44],"is_endless":false,"potions_floor_spawned":[2,5,6,8,11,12,16,18,19,21,23,25,27,29,30,31,33,35,36,37,38,41,42,45,46,48],"ascension_level":17}}