{"host":"fuszjwm6fqgjjp4d","time":1613622267,"event":{"mods":["BaseMod","Colored Map","Minty Spire (QoL Compilation)","Permanent Neow","Relic Sorter","Relic Stats","StSLib"],"gold_per_floor":[116,116,131,131,20,20,34,34,34,53,82,99,99,127,127,127,127],"floor_reached":16,"language":"ENG","playtime":329,"items_purged":[],"score":220,"play_id":"12fa5995-2c0e-4aa9-bc6b-3b08ff1b5fc0","local_time":"20210217222427","is_ascension_mode":true,"campfire_choices":[{"data":"White Noise","floor":6.0,"key":"SMITH"},{"data":"Static Discharge","floor":8.0,"key":"SMITH"},{"data":"Consume","floor":13.0,"key":"SMITH"},{"data":"Capacitor","floor":15.0,"key":"SMITH"}],"circlet_count":0,"master_deck":["AscendersBane","Strike_B","Strike_B","Strike_B","Defend_B","Defend_B","Defend_B","Defend_B","Zap","Dualcast","Consume+1","Cold Snap","White Noise+1","Cold Snap","Static Discharge+1","Loop","BootSequence","Capacitor+1"],"relics":["Cracked Core","Gremlin Horn","CaptainsWheel","Regal Pillow"],"acts_visited":["Exordium"],"potions_floor_usage":[],"damage_taken":[{"damage":2.0,"enemies":"Jaw Worm","floor":1.0,"turns":3.0},{"damage":1.0,"enemies":"Small Slimes","floor":3.0,"turns":2.0},{"damage":0.0,"enemies":"Cultist","floor":7.0,"turns":4.0},{"damage":8.0,"enemies":"Looter","floor":10.0,"turns":3.0},{"damage":16.0,"enemies":"3 Sentries","floor":11.0,"turns":5.0},{"damage":9.0,"enemies":"3 Louse","floor":12.0,"turns":4.0},{"damage":4.0,"enemies":"Gremlin Nob","floor":14.0,"turns":4.0},{"damage":36,"enemies":"The Guardian","floor":16,"turns":2}],"seed_played":"-1589308844807849407","potions_obtained":[{"floor":1.0,"key":"ColorlessPotion"},{"floor":7.0,"key":"GamblersBrew"}],"is_trial":false,"path_per_floor":["M","?","M","?","$","R","M","R","T","M","E","M","R","E","R","B"],"character_chosen":"DEFECT","items_purchased":["Block Potion","Cold Snap"],"campfire_rested":0,"item_purchase_floors":[5,5],"current_hp_per_floor":[62,55,54,59,59,59,59,59,59,51,35,26,26,22,22,0,0],"gold":127,"neow_bonus":"THREE_CARDS","is_daily":false,"chose_seed":false,"campfire_upgraded":4,"win_rate":0.0,"timestamp":1613622267,"path_taken":["M","?","M","?","?","R","M","R","T","M","E","?","R","E","R","BOSS"],"items_purchased_type":["Potion","Card"],"build_version":"2020-12-22","purchased_purges":0,"victory":false,"max_hp_per_floor":[71,71,71,76,76,76,76,76,76,76,76,76,76,76,76,76,76],"relic_stats":{"Regal Pillow":0,"Gremlin Horn":[4,4],"counters":[8,27],"obtain_stats":[{"CaptainsWheel":11,"Regal Pillow":14,"Gremlin Horn":9,"Cracked Core":0},{"CaptainsWheel":5,"Regal Pillow":7,"Gremlin Horn":3,"Cracked Core":0},{"CaptainsWheel":17,"Regal Pillow":25,"Gremlin Horn":9,"Cracked Core":0}]},"card_choices":[{"not_picked":["Hologram","Beam Cell"],"picked":"Consume","floor":0.0},{"not_picked":["BootSequence","Go for the Eyes"],"picked":"Cold Snap","floor":1.0},{"not_picked":["Chaos","Go for the Eyes"],"picked":"White Noise","floor":3.0},{"not_picked":["Sweeping Beam","Gash"],"picked":"Static Discharge","floor":7.0},{"not_picked":["Reprogram","Melter","Turbo"],"picked":"SKIP","floor":10.0},{"not_picked":["Double Energy","Hologram"],"picked":"Loop","floor":11.0},{"not_picked":["Force Field","Compile Driver"],"picked":"BootSequence","floor":12.0},{"not_picked":["Coolheaded","Chaos"],"picked":"Capacitor","floor":14.0}],"player_experience":1494187,"relics_obtained":[{"floor":9.0,"key":"Gremlin Horn"},{"floor":11.0,"key":"CaptainsWheel"},{"floor":14.0,"key":"Regal Pillow"}],"event_choices":[{"cards_removed":["Strike_B"],"damage_healed":0.0,"max_hp_gain":0.0,"max_hp_loss":0.0,"gold_gain":0.0,"event_name":"Golden Wing","player_choice":"Card Removal","floor":2.0,"gold_loss":0.0,"damage_taken":7.0},{"damage_healed":0.0,"max_hp_gain":5.0,"max_hp_loss":0.0,"gold_gain":0.0,"event_name":"Big Fish","player_choice":"Donut","floor":4.0,"gold_loss":0.0,"damage_taken":0.0}],"is_beta":false,"boss_relics":[],"items_purged_floors":[],"is_endless":false,"potions_floor_spawned":[1,7],"killed_by":"The Guardian","ascension_level":20}}