{"host":"4kmvpqjeiacgn1pr","time":1613684045,"event":{"mods":["A Penny For Your Troubles","AchievementEnabler","AlwaysNeverKeys","Aspiration","BaseMod","Bestiary","Better Altar","Better Match","Better Note","Better Sensory Stone","Better Skull","Better Third Choice","Better Vampires","BetterRewards","Colored Map","Colored Powertips","Conspire","Curses Come First","Downfall","Halation","Highlight Path","Infinite Spire","Minty Spire (QoL Compilation)","Permanent Neow","Quick Restart","Rare Cards Sparkle","Relic Sorter","Relic Stats","Replay The Spire","Reworked Bosses","Shop Mod","Smile Girya","Spicy Shops","Spikes Relics","StSLib","Waifu the Spire"],"gold_per_floor":[128,54,73,73,82,82,82],"floor_reached":6,"language":"ENG","playtime":562,"items_purged":[],"score":297,"play_id":"b81b253e-9bb8-4062-8390-d05985a1bb0d","local_time":"20210218163405","is_ascension_mode":true,"campfire_choices":[],"circlet_count":0,"master_deck":["Strike_R","Strike_R","Strike_R","Strike_R","Defend_R","Defend_R","Defend_R","Defend_R","Bash","ReplayTheSpireMod:IOU","ReplayTheSpireMod:IOU","ReplayTheSpireMod:IOU","ReplayTheSpireMod:IOU","ReplayTheSpireMod:IOU","ReplayTheSpireMod:IOU","ReplayTheSpireMod:IOU","ReplayTheSpireMod:IOU","ReplayTheSpireMod:IOU","ReplayTheSpireMod:IOU","ReplayTheSpireMod:IOU","Power Through","PlatinumSkin","ReplayTheSpireMod:IOU","ReplayTheSpireMod:IOU","ReplayTheSpireMod:IOU","ReplayTheSpireMod:IOU","ReplayTheSpireMod:IOU","ReplayTheSpireMod:IOU","ReplayTheSpireMod:IOU","ReplayTheSpireMod:IOU","ReplayTheSpireMod:IOU","ReplayTheSpireMod:IOU","ReplayTheSpireMod:IOU","Burning Pact","ReplayReversal","ReplayTheSpireMod:IOU","ReplayTheSpireMod:IOU","ReplayTheSpireMod:IOU","ReplayTheSpireMod:IOU","ReplayTheSpireMod:IOU","ReplayTheSpireMod:IOU","ReplayTheSpireMod:IOU","ReplayTheSpireMod:IOU","ReplayTheSpireMod:IOU","ReplayTheSpireMod:IOU","ReplayTheSpireMod:IOU","Armaments+1","ReplayTheSpireMod:IOU","ReplayTheSpireMod:IOU","ReplayTheSpireMod:IOU","ReplayTheSpireMod:IOU","ReplayTheSpireMod:IOU","ReplayTheSpireMod:IOU","ReplayTheSpireMod:IOU","ReplayTheSpireMod:IOU","ReplayTheSpireMod:IOU","ReplayTheSpireMod:IOU","Flex+1","Pummel","Evolve","Defy Death+1","Regret"],"relics":["Burning Blood","halation:YellowSoulGem","Replay:Wax Seal","aspiration:Nostalgia","Guardian:ModeShifter","CeramicFish","Blue Doll","infinitespire:Satchel","ExplosiveVial","Incense Burner","halation:QuantumPhysicsTextbook","Champion Belt","TungstenRod","ReplayTheSpireMod:TigerMarble","Magic Flower","Toxic Egg 2","downfall:HeartBlessingBlue","infinitespire:FocusingShard","halation:PrussianBluePaint","Golden Idol","Quantum Egg"],"acts_visited":[],"potions_floor_usage":[2],"damage_taken":[{"damage":45,"enemies":"Small Slimes","floor":1,"turns":16},{"damage":11,"enemies":"Jaw Worm","floor":2,"turns":4},{"damage":1,"enemies":"2 Louse","floor":3,"turns":2},{"damage":46,"enemies":"3 Sentries","floor":6,"turns":6}],"seed_played":"9190828872989969450","potions_obtained":[{"floor":1,"key":"BloodPotion"}],"is_trial":false,"path_per_floor":["M","M","M","?","?","E"],"character_chosen":"IRONCLAD","items_purchased":["Replay:Wax Seal","Panache","aspiration:Nostalgia","CeramicFish","Blue Doll","infinitespire:Satchel","ExplosiveVial","TungstenRod","ReplayTheSpireMod:TigerMarble","Toxic Egg 2","Armaments+1"],"campfire_rested":0,"item_purchase_floors":[0,0,0,0,0,0,0,0,0,0,0],"current_hp_per_floor":[33,58,66,45,45,0,0],"gold":82,"neow_bonus":"","is_daily":false,"chose_seed":false,"campfire_upgraded":0,"win_rate":0.0,"timestamp":1613684045,"path_taken":["M","M","M","?","?","E"],"items_purchased_type":["Relic","Card","Relic","Relic","Relic","Relic","Relic","Relic","Relic","Relic","Card"],"build_version":"2020-12-22","purchased_purges":0,"victory":false,"max_hp_per_floor":[90,90,90,90,90,90,90],"relic_stats":{"counters":[15,71],"Golden Idol":0,"CeramicFish":459,"Magic Flower":[18],"Champion Belt":[1],"obtain_stats":[{"Replay:Accelerometer":9,"CeramicFish":0,"Vajra":11,"Magic Flower":0,"Blue Doll":0,"aspiration:PoetsPen_weak":17,"Replay:Multitool":0,"Incense Burner":0,"Burning Blood":0,"conspire:InfiniteJournal":6,"downfall:HeartBlessingBlue":0,"halation:PrussianBluePaint":0,"Replay:Wax Seal":0,"Toxic Egg 2":0,"halation:YellowSoulGem":0,"Ring of Hypnosis":2,"halation:QuantumPhysicsTextbook":0,"ReplayTheSpireMod:CursedCoin":8,"aspiration:Nostalgia":0,"Golden Idol":4,"Quantum Egg":5,"Guardian:ModeShifter":0,"PreservedInsect":8,"infinitespire:FocusingShard":0,"halation:NonexistentMirror":8,"Ornamental Fan":13,"ExplosiveVial":0,"infinitespire:Satchel":0,"Ring of Fury":2,"ReplayTheSpireMod:TigerMarble":0,"Champion Belt":0,"TungstenRod":0},{"Replay:Accelerometer":5,"CeramicFish":11,"Vajra":7,"Magic Flower":11,"Blue Doll":11,"aspiration:PoetsPen_weak":9,"Replay:Multitool":0,"Incense Burner":11,"Burning Blood":0,"conspire:InfiniteJournal":4,"downfall:HeartBlessingBlue":11,"halation:PrussianBluePaint":11,"Replay:Wax Seal":11,"Toxic Egg 2":11,"halation:YellowSoulGem":11,"Ring of Hypnosis":1,"halation:QuantumPhysicsTextbook":11,"ReplayTheSpireMod:CursedCoin":5,"aspiration:Nostalgia":11,"Golden Idol":14,"Quantum Egg":14,"Guardian:ModeShifter":11,"PreservedInsect":5,"infinitespire:FocusingShard":11,"halation:NonexistentMirror":5,"Ornamental Fan":7,"ExplosiveVial":11,"infinitespire:Satchel":11,"Ring of Fury":1,"ReplayTheSpireMod:TigerMarble":11,"Champion Belt":11,"TungstenRod":11},{"Replay:Accelerometer":15,"CeramicFish":43,"Vajra":22,"Magic Flower":43,"Blue Doll":43,"aspiration:PoetsPen_weak":37,"Replay:Multitool":0,"Incense Burner":43,"Burning Blood":0,"conspire:InfiniteJournal":11,"downfall:HeartBlessingBlue":43,"halation:PrussianBluePaint":43,"Replay:Wax Seal":43,"Toxic Egg 2":43,"halation:YellowSoulGem":43,"Ring of Hypnosis":3,"halation:QuantumPhysicsTextbook":43,"ReplayTheSpireMod:CursedCoin":15,"aspiration:Nostalgia":43,"Golden Idol":65,"Quantum Egg":65,"Guardian:ModeShifter":43,"PreservedInsect":15,"infinitespire:FocusingShard":43,"halation:NonexistentMirror":15,"Ornamental Fan":22,"ExplosiveVial":43,"infinitespire:Satchel":43,"Ring of Fury":3,"ReplayTheSpireMod:TigerMarble":43,"Champion Belt":43,"TungstenRod":43}],"Burning Blood":80,"TungstenRod":18},"card_choices":[{"not_picked":["Clash","Headbutt"],"picked":"Pummel","floor":1},{"not_picked":["Warcry+1","Anger"],"picked":"Evolve","floor":2},{"not_picked":["Power Through+1","Iron Wave"],"picked":"Defy Death+1","floor":3}],"player_experience":494885,"relics_obtained":[],"event_choices":[{"damage_healed":0,"gold_gain":0,"player_choice":"Take Damage","damage_taken":22,"relics_obtained":["Golden Idol"],"max_hp_gain":0,"max_hp_loss":0,"event_name":"Golden Idol","floor":4,"gold_loss":0},{"damage_healed":0,"gold_gain":0,"player_choice":"Box","damage_taken":0,"relics_obtained":["Quantum Egg"],"max_hp_gain":0,"max_hp_loss":0,"event_name":"Big Fish","floor":5,"gold_loss":0,"cards_obtained":["Regret"]}],"is_beta":false,"boss_relics":[],"items_purged_floors":[],"is_endless":false,"potions_floor_spawned":[1],"killed_by":"3 Sentries","ascension_level":6}}