{"host":"ty9fb48q9oru32qm","time":1613653911,"event":{"mods":["2.2 Compatiblity","AchievementEnabler","Act Like it!","Astrologer","BaseMod","Beaked The Cultist","Better Synergies","Block Reminder","Colored Powertips","Conspire","DeckTracker","Downfall","Ekko","Friendly Minions","GifTheSpireLib","Hermit","Hubris","Infinite Spire","Jorbs\u0027s Wanderer Trilogy","Marisa????????","Minty Spire (QoL Compilation)","Permanent Neow","Quick Restart","Random Character Button","Reliquary","Replay The Spire","Somnambulant","StSLib","Stuff the Spire","The Cursed","The Marked","The Runesmith","TheVacant"],"gold_per_floor":[113,113,63,102,138,184,204,204,204,279,311,311,330,330,330],"floor_reached":13,"language":"ENG","playtime":937,"items_purged":[],"score":85,"play_id":"e0d3af58-f273-4c99-bb1a-82b674a92067","local_time":"20210218141151","is_ascension_mode":false,"campfire_choices":[{"floor":8,"key":"REST"},{"floor":12,"key":"REST"}],"circlet_count":0,"master_deck":["sneckomod:Strike","sneckomod:Strike","sneckomod:Defend","sneckomod:Defend","sneckomod:Defend","sneckomod:TailWhip","sneckomod:SnekBite","sneckomod:Unknown","sneckomod:Unknown","Flash of Steel","sneckomod:UnknownWeak","conspire:SpireCoStock","sneckomod:SoulDraw","sneckomod:MasterEye","sneckomod:IronFang","sneckomod:UnknownWeak","sneckomod:SlitherStrike"],"relics":["sneckomod:SneckoSoul","InkBottle","infinitespire:EmpoweringShard"],"acts_visited":["Exordium"],"potions_floor_usage":[],"damage_taken":[{"damage":4,"enemies":"Cultist","floor":1,"turns":4},{"damage":5,"enemies":"Small Slimes","floor":4,"turns":4},{"damage":0,"enemies":"Jaw Worm","floor":5,"turns":4},{"damage":35,"enemies":"3 Sentries","floor":6,"turns":9},{"damage":8,"enemies":"Exordium Wildlife","floor":7,"turns":5},{"damage":10,"enemies":"Exordium Thugs","floor":11,"turns":5},{"damage":28,"enemies":"Lagavulin","floor":13,"turns":5}],"seed_played":"-3601007518611525841","potions_obtained":[{"floor":1,"key":"Energy Potion"},{"floor":5,"key":"Guardian:BlockOnCardUsePotion"},{"floor":11,"key":"Toxic Potion"}],"is_trial":false,"path_per_floor":["M","?","?","M","M","E","M","R","T","?","M","R","E"],"character_chosen":"THE_SNECKO","items_purchased":[],"campfire_rested":2,"item_purchase_floors":[],"current_hp_per_floor":[86,79,79,74,74,39,31,58,58,47,37,64,36,36,36],"gold":330,"neow_bonus":"RANDOM_COLORLESS","is_daily":false,"chose_seed":false,"campfire_upgraded":0,"win_rate":0.0,"timestamp":1613653911,"path_taken":["M","?","?","M","M","E","M","R","T","?","?","R","E"],"items_purchased_type":[],"build_version":"2020-12-22","purchased_purges":0,"victory":false,"max_hp_per_floor":[90,90,90,90,90,90,90,90,90,90,90,90,90,90,90],"card_choices":[{"not_picked":["Dark Shackles","ReplayTheSpireMod:Uncanny Aura"],"picked":"Flash of Steel","floor":0},{"not_picked":["sneckomod:UnknownCommonAttack","sneckomod:QuickMove"],"picked":"sneckomod:UnknownWeak","floor":1},{"not_picked":["sneckomod:SoulRoll","sneckomod:Nope"],"picked":"sneckomod:SoulDraw","floor":4},{"not_picked":["sneckomod:DiceBlock","sneckomod:UnknownUncommonSkill"],"picked":"sneckomod:MasterEye","floor":5},{"not_picked":["sneckomod:WideSting","sneckomod:SoulDraw"],"picked":"sneckomod:IronFang","floor":6},{"not_picked":["sneckomod:SnakeSap","sneckomod:WideSting"],"picked":"sneckomod:UnknownWeak","floor":7},{"not_picked":["sneckomod:UnknownWeak","sneckomod:Restock"],"picked":"sneckomod:SlitherStrike","floor":11}],"player_experience":309782,"relics_obtained":[{"floor":6,"key":"InkBottle"},{"floor":9,"key":"infinitespire:EmpoweringShard"}],"event_choices":[{"cards_removed":["sneckomod:Strike"],"damage_healed":0,"gold_gain":0,"player_choice":"Card Removal","damage_taken":7,"max_hp_gain":0,"max_hp_loss":0,"event_name":"Golden Wing","floor":2,"gold_loss":0},{"damage_healed":0,"gold_gain":0,"player_choice":"Invest 1","damage_taken":0,"max_hp_gain":0,"max_hp_loss":0,"event_name":"conspire:Investor","floor":3,"gold_loss":0},{"damage_healed":0,"gold_gain":75,"player_choice":"Gather Gold","damage_taken":11,"max_hp_gain":0,"max_hp_loss":0,"event_name":"World of Goop","floor":10,"gold_loss":0}],"is_beta":false,"boss_relics":[],"items_purged_floors":[],"is_endless":false,"potions_floor_spawned":[1,5,11],"killed_by":"Lagavulin","ascension_level":0}}