{"host":"ifvrsrzj00f2ebkn","time":1613638757,"event":{"mods":["BaseMod","Colored Map","Colored Powertips","Minty Spire (QoL Compilation)","Random Character Button","Shop Mod","StSLib"],"gold_per_floor":[109,121,6,6,18,18,46,46,46,46,78,78,112,147,147,226,226,181,96,96,96,96,96,96,96,96,96,96,96,96,96,96,96,96,96,96,96,96,96,96,96,96,96,96,96,96,96,96,96,96,96],"floor_reached":50,"language":"ENG","playtime":2891,"items_purged":["Entrench"],"score":1043,"play_id":"f61ba078-3fa5-43d8-b601-8e9579c1cd9d","local_time":"20210218165917","daily_mods":["Draft","Red Cards","Heirloom","Time Dilation","Flight","DeadlyEvents","Elite Swarm"],"is_ascension_mode":true,"campfire_choices":[{"data":"Iron Wave","floor":6,"key":"SMITH"},{"data":"Iron Wave","floor":8,"key":"SMITH"},{"data":"Iron Wave","floor":10,"key":"SMITH"},{"data":"Shockwave","floor":12,"key":"SMITH"},{"data":"Shrug It Off","floor":15,"key":"SMITH"},{"data":"Armaments","floor":23,"key":"SMITH"},{"data":"Armaments","floor":24,"key":"SMITH"},{"data":"Ghostly Armor","floor":32,"key":"SMITH"},{"floor":40,"key":"REST"},{"data":"Immolate","floor":41,"key":"SMITH"},{"data":"Inflame","floor":42,"key":"SMITH"},{"data":"Inflame","floor":44,"key":"SMITH"},{"floor":49,"key":"REST"}],"circlet_count":0,"master_deck":["AscendersBane","Shockwave+1","Iron Wave+1","Inflame+1","Cleave","Armaments+1","Cleave","Ghostly Armor+1","Iron Wave+1","Iron Wave+1","Armaments+1","Headbutt","Shrug It Off+1","Inflame+1","Immolate+1","Ghostly Armor+1","Power Through+1","Immolate"],"relics":["Burning Blood","Mango","FossilizedHelix","White Beast Statue","Boot","Ancient Tea Set","Tiny Chest","Ectoplasm","Self Forming Clay","Paper Frog","Old Coin","Frozen Egg 2","Eternal Feather","Kunai","Empty Cage","War Paint","Meat on the Bone","Regal Pillow","Toxic Egg 2"],"acts_visited":["Exordium","TheCity","TheBeyond"],"potions_floor_usage":[16,16,38,38,50],"damage_taken":[{"damage":0,"enemies":"Cultist","floor":1,"turns":4},{"damage":0,"enemies":"Small Slimes","floor":2,"turns":3},{"damage":6,"enemies":"2 Louse","floor":5,"turns":3},{"damage":1,"enemies":"Lagavulin","floor":7,"turns":6},{"damage":12,"enemies":"Gremlin Nob","floor":11,"turns":5},{"damage":6,"enemies":"Lagavulin","floor":13,"turns":7},{"damage":4,"enemies":"3 Sentries","floor":14,"turns":6},{"damage":31,"enemies":"Hexaghost","floor":16,"turns":9},{"damage":0,"enemies":"2 Thieves","floor":18,"turns":3},{"damage":7,"enemies":"Slavers","floor":25,"turns":3},{"damage":1,"enemies":"Book of Stabbing","floor":27,"turns":4},{"damage":0,"enemies":"Gremlin Leader","floor":29,"turns":4},{"damage":0,"enemies":"Shell Parasite","floor":31,"turns":4},{"damage":62,"enemies":"Automaton","floor":33,"turns":11},{"damage":0,"enemies":"Orb Walker","floor":35,"turns":4},{"damage":51,"enemies":"Giant Head","floor":38,"turns":11},{"damage":6,"enemies":"3 Darklings","floor":39,"turns":5},{"damage":47,"enemies":"Reptomancer","floor":45,"turns":6},{"damage":93,"enemies":"Donu and Deca","floor":50,"turns":9}],"seed_played":"-2157355389187677038","potions_obtained":[{"floor":2,"key":"SkillPotion"},{"floor":7,"key":"DuplicationPotion"},{"floor":13,"key":"LiquidBronze"},{"floor":14,"key":"Fire Potion"},{"floor":16,"key":"Explosive Potion"},{"floor":18,"key":"Weak Potion"},{"floor":29,"key":"SmokeBomb"},{"floor":39,"key":"PowerPotion"},{"floor":45,"key":"SmokeBomb"}],"is_trial":true,"path_per_floor":["M","M","$","?","M","R","E","R","T","R","E","R","E","E","R","B",null,"M","?","?","?","T","R","R","E","T","E","$","E","$","M","R","B",null,"M","?","T","E","M","R","R","R","T","R","E","T","$","$","R","B"],"character_chosen":"IRONCLAD","items_purchased":["Inflame"],"campfire_rested":2,"item_purchase_floors":[3],"current_hp_per_floor":[88,89,89,89,89,89,89,89,89,89,83,83,83,85,85,60,82,88,88,88,88,88,88,88,87,87,89,89,89,89,89,89,33,75,81,81,81,36,36,70,79,85,85,85,56,56,56,56,85,0,0],"gold":96,"neow_bonus":"","is_daily":false,"chose_seed":false,"campfire_upgraded":11,"win_rate":0.0,"timestamp":1613638757,"path_taken":["M","?","$","?","?","R","E","R","T","R","E","R","E","E","R","BOSS","M","?","?","?","?","R","R","E","T","E","$","?","$","?","R","BOSS","M","?","?","?","?","R","R","R","T","R","?","?","?","$","R","BOSS"],"items_purchased_type":["Card"],"build_version":"2020-12-22","purchased_purges":1,"victory":false,"max_hp_per_floor":[89,89,89,89,89,89,89,89,89,89,89,89,89,89,89,89,89,89,89,89,89,89,89,89,89,89,89,89,89,89,89,89,89,89,89,85,85,85,85,85,85,85,85,85,85,85,85,85,85,85,85],"card_choices":[{"not_picked":["Clothesline","Warcry"],"picked":"Shockwave","floor":0},{"not_picked":["Twin Strike","Flex"],"picked":"Iron Wave","floor":0},{"not_picked":["Cleave","Anger"],"picked":"Inflame","floor":0},{"not_picked":["Warcry","Wild Strike"],"picked":"Cleave","floor":0},{"not_picked":["Sever Soul","Warcry"],"picked":"Armaments","floor":0},{"not_picked":["Dropkick","Clash"],"picked":"Cleave","floor":0},{"not_picked":["Perfected Strike","Body Slam"],"picked":"Ghostly Armor","floor":0},{"not_picked":["Pommel Strike","Warcry"],"picked":"Iron Wave","floor":0},{"not_picked":["Rampage","Burning Pact"],"picked":"Iron Wave","floor":0},{"not_picked":["Disarm","Havoc"],"picked":"Sword Boomerang","floor":0},{"not_picked":["Burning Pact","Dropkick"],"picked":"Headbutt","floor":0},{"not_picked":["Perfected Strike","Blood for Blood"],"picked":"Pommel Strike","floor":0},{"not_picked":["Flex","Cleave"],"picked":"Armaments","floor":0},{"not_picked":["Clash","Heavy Blade"],"picked":"Entrench","floor":0},{"not_picked":["Perfected Strike","Flex"],"picked":"Headbutt","floor":0},{"not_picked":["True Grit","Rupture","Clash"],"picked":"SKIP","floor":1},{"not_picked":["Bloodletting","Pommel Strike"],"picked":"Shrug It Off","floor":2},{"not_picked":["Anger","Uppercut","Thunderclap"],"picked":"SKIP","floor":5},{"not_picked":["Reaper","Impervious","Berserk"],"picked":"SKIP","floor":7},{"not_picked":["Reaper","Impervious","Berserk"],"picked":"SKIP","floor":7},{"not_picked":["Juggernaut","Fiend Fire","Impervious"],"picked":"SKIP","floor":11},{"not_picked":["Juggernaut","Fiend Fire","Impervious"],"picked":"SKIP","floor":11},{"not_picked":["Limit Break","Demon Form"],"picked":"Immolate","floor":13},{"not_picked":["Limit Break","Offering","Impervious"],"picked":"SKIP","floor":14},{"not_picked":["Entrench","Thunderclap","Clash+1"],"picked":"SKIP","floor":18},{"not_picked":["Exhume","Double Tap","Bludgeon"],"picked":"SKIP","floor":25},{"not_picked":["Bludgeon","Offering","Immolate"],"picked":"SKIP","floor":27},{"not_picked":["Feed","Demon Form+1","Corruption+1"],"picked":"SKIP","floor":29},{"not_picked":["Feed","Demon Form+1","Corruption+1"],"picked":"SKIP","floor":29},{"not_picked":["Wild Strike","Dual Wield","Sentinel"],"picked":"SKIP","floor":31},{"not_picked":["Rage","Body Slam"],"picked":"Ghostly Armor","floor":35},{"not_picked":["Shrug It Off","Sword Boomerang"],"picked":"Power Through+1","floor":39},{"not_picked":["Demon Form+1","Offering"],"picked":"Immolate","floor":45}],"player_experience":112215,"relics_obtained":[{"floor":7,"key":"FossilizedHelix"},{"floor":9,"key":"White Beast Statue"},{"floor":11,"key":"Boot"},{"floor":13,"key":"Ancient Tea Set"},{"floor":14,"key":"Tiny Chest"},{"floor":22,"key":"Paper Frog"},{"floor":25,"key":"Old Coin"},{"floor":26,"key":"Frozen Egg 2"},{"floor":27,"key":"Eternal Feather"},{"floor":29,"key":"Kunai"},{"floor":37,"key":"War Paint"},{"floor":43,"key":"Meat on the Bone"},{"floor":45,"key":"Regal Pillow"},{"floor":46,"key":"Toxic Egg 2"}],"event_choices":[{"cards_removed":["Sword Boomerang"],"damage_healed":0,"gold_gain":0,"player_choice":"Purged","damage_taken":0,"max_hp_gain":0,"max_hp_loss":0,"event_name":"Purifier","floor":4,"gold_loss":0},{"damage_healed":0,"gold_gain":0,"player_choice":"Obtained Relic","damage_taken":0,"relics_obtained":["Self Forming Clay"],"max_hp_gain":0,"max_hp_loss":0,"event_name":"Addict","floor":19,"gold_loss":85},{"damage_healed":0,"gold_gain":99,"player_choice":"Stole From Cult","damage_taken":0,"max_hp_gain":0,"max_hp_loss":0,"event_name":"Nest","floor":20,"gold_loss":0},{"damage_healed":0,"gold_gain":0,"player_choice":"Ignored","damage_taken":0,"max_hp_gain":0,"max_hp_loss":0,"event_name":"Vampires","floor":21,"gold_loss":0},{"damage_healed":0,"gold_gain":0,"player_choice":"Max HP","damage_taken":0,"max_hp_gain":0,"max_hp_loss":4,"event_name":"Winding Halls","floor":36,"gold_loss":0}],"is_beta":false,"boss_relics":[{"not_picked":["Busted Crown","Astrolabe"],"picked":"Ectoplasm"},{"not_picked":["Coffee Dripper","Calling Bell"],"picked":"Empty Cage"}],"items_purged_floors":[3],"is_endless":false,"potions_floor_spawned":[2,7,11,13,14,16,18,25,27,29,31,33,35,38,39,45],"killed_by":"Donu and Deca","ascension_level":14}}