{"host":"gaqyve1328ta0etl","time":1613640055,"event":{"mods":["BaseMod","Colored Map","Colored Powertips","Duelist Mod","Googly Eyes","Hero for Fun","Minty Spire (QoL Compilation)","Shop Mod","StSLib","SuperFastMode","The Hierophant","The Runesmith"],"gold_per_floor":[143,68,78,78,97,97,97,97,97,97,116,142,142,159,159,236,236,253,266,88,103,120,120,120,120,147,147,147,147,22,35,35,109,109,129,149,71,88,100,100,126,126,151,2,2,2],"floor_reached":45,"language":"ENG","playtime":1746,"items_purged":["theDuelist:CastleWalls","theDuelist:ScrapFactory","theDuelist:SevenCompleted"],"score":753,"play_id":"ccc20c25-3785-4c0b-844c-0318c674e682","local_time":"20210218012055","is_ascension_mode":true,"campfire_choices":[{"data":"theDuelist:DoubleTool","floor":6.0,"key":"SMITH"},{"floor":8.0,"key":"REST"},{"data":"theDuelist:DoubleTool+1","floor":13.0,"key":"SMITH"},{"data":"theDuelist:BeaverWarrior","floor":15.0,"key":"PURGE"},{"floor":23.0,"key":"REST"},{"data":"theDuelist:GravityLash","floor":25.0,"key":"SMITH"},{"data":"theDuelist:RainbowKuriboh","floor":27.0,"key":"SMITH"},{"data":"theDuelist:ForbiddenLance","floor":32.0,"key":"SMITH"},{"floor":40.0,"key":"REST"},{"floor":42,"key":"REST"}],"circlet_count":0,"master_deck":["theDuelist:YamiForm+1","theDuelist:DoubleTool+2","theDuelist:BerserkerCrush","theDuelist:Eva","theDuelist:MeteorDestruction+1","AscendersBane","theDuelist:InfernoFireBlast","theDuelist:AssaultArmor","theDuelist:GravityLash+1","theDuelist:AncientGearFist+1","theDuelist:ImperialOrder","theDuelist:ForbiddenLance+1","theDuelist:RainbowKuriboh+1","theDuelist:RainbowKuriboh","theDuelist:BerserkerCrush","Bandage Up","theDuelist:Reinforcements"],"relics":["theDuelist:MillenniumPuzzle","theDuelist:CardPoolRelic","theDuelist:CardPoolBasicRelic","theDuelist:BoosterPackPoolRelic","theDuelist:CardPoolAddRelic","theDuelist:CardPoolMinusRelic","theDuelist:CardPoolSaveRelic","theDuelist:CardPoolOptionsRelic","Blue Candle","Peace Pipe","Sozu","theDuelist:TributeEggRelic","Snake Skull","Astrolabe","Frozen Eye","Toy Ornithopter","Pen Nib","theDuelist:SummonAnchor"],"acts_visited":["Exordium","TheCity","TheBeyond"],"potions_floor_usage":[41],"damage_taken":[{"damage":0.0,"enemies":"Small Slimes","floor":1.0,"turns":4.0},{"damage":0.0,"enemies":"2 Louse","floor":3.0,"turns":3.0},{"damage":0.0,"enemies":"Cultist","floor":5.0,"turns":4.0},{"damage":1.0,"enemies":"Red Slaver","floor":11.0,"turns":5.0},{"damage":8.0,"enemies":"3 Sentries","floor":12.0,"turns":11.0},{"damage":0.0,"enemies":"3 Louse","floor":14.0,"turns":3.0},{"damage":28.0,"enemies":"Slime Boss","floor":16.0,"turns":16.0},{"damage":3.0,"enemies":"3 Byrds","floor":18.0,"turns":7.0},{"damage":5.0,"enemies":"Spheric Guardian","floor":19.0,"turns":4.0},{"damage":11.0,"enemies":"Centurion and Healer","floor":21.0,"turns":7.0},{"damage":1.0,"enemies":"Snecko","floor":22.0,"turns":5.0},{"damage":6.0,"enemies":"Snake Plant","floor":31.0,"turns":4.0},{"damage":26.0,"enemies":"Collector","floor":33.0,"turns":10.0},{"damage":12.0,"enemies":"Orb Walker","floor":35.0,"turns":4.0},{"damage":29.0,"enemies":"3 Darklings","floor":36.0,"turns":4.0},{"damage":17.0,"enemies":"Sphere and 2 Shapes","floor":38.0,"turns":6.0},{"damage":7.0,"enemies":"Maw","floor":39.0,"turns":6.0},{"damage":24,"enemies":"Giant Head","floor":41,"turns":7},{"damage":29,"enemies":"4 Shapes","floor":45,"turns":1}],"seed_played":"-2954383575362864691","potions_obtained":[{"floor":3.0,"key":"theDuelist:StunPotion"},{"floor":11.0,"key":"Energy Potion"},{"floor":12.0,"key":"Fire Potion"},{"floor":14.0,"key":"theDuelist:TributeBottle"}],"is_trial":false,"path_per_floor":["M","$","M","?","M","R","?","R","T","?","M","E","R","M","R","B",null,"M","M","$","M","M","R","T","R","T","R","?","?","$","M","R","B",null,"M","M","$","M","M","R","E","R","T","$","M"],"character_chosen":"THE_DUELIST","items_purchased":["theDuelist:BerserkerCrush","theDuelist:Reinforcements","theDuelist:SummonAnchor"],"campfire_rested":4,"item_purchase_floors":[20,37,44],"current_hp_per_floor":[45,45,45,45,45,45,38,59,59,59,58,50,50,50,50,22,58,55,50,50,39,38,59,59,59,59,59,59,59,59,53,53,27,59,47,18,18,5,2,23,3,24,24,24,0,0],"gold":2,"neow_bonus":"REMOVE_TWO","is_daily":false,"chose_seed":false,"campfire_upgraded":5,"win_rate":0.0,"timestamp":1613640055,"path_taken":["M","$","M","?","M","R","?","R","T","?","?","E","R","M","R","BOSS","M","M","$","M","M","R","?","R","T","R","?","?","$","M","R","BOSS","M","?","$","M","M","R","E","R","T","$","M"],"items_purchased_type":["Card","Card","Relic"],"build_version":"2020-12-22","purchased_purges":3,"victory":false,"max_hp_per_floor":[70,70,70,70,70,70,70,70,70,70,70,70,70,70,70,70,70,70,70,70,70,70,70,70,70,70,70,70,70,70,70,70,70,70,70,70,70,70,70,70,70,70,70,70,70,70],"card_choices":[{"not_picked":["theDuelist:OnslaughtFireKings","theDuelist:SpiritHarp","theDuelist:PowerKaishin","theDuelist:SwordDeepSeated"],"picked":"theDuelist:DoubleTool","floor":1.0},{"not_picked":["theDuelist:WormKing","theDuelist:DarkCreator","theDuelist:ClearKuriboh","theDuelist:ChangeHeart","theDuelist:MirrorForce"],"picked":"SKIP","floor":3.0},{"not_picked":["theDuelist:Hinotama","theDuelist:WhiteMagicalHat","theDuelist:SpellShatteringArrow","theDuelist:CombinationAttack"],"picked":"theDuelist:Tuningware","floor":5.0},{"not_picked":["theDuelist:Raigeki","theDuelist:PineappleBlast","theDuelist:LightLaser","theDuelist:KamionTimelord"],"picked":"theDuelist:GravityLash","floor":11.0},{"not_picked":["theDuelist:SpellShatteringArrow","theDuelist:Hinotama","theDuelist:CoreBlaster","theDuelist:RainbowNeos"],"picked":"theDuelist:BerserkerCrush","floor":12.0},{"not_picked":["theDuelist:BigFire","theDuelist:Tuningware","theDuelist:SwordDeepSeated","theDuelist:WormApocalypse"],"picked":"theDuelist:RainbowNeos","floor":14.0},{"not_picked":["theDuelist:RainbowNeos","theDuelist:KamionTimelord","theDuelist:Eva","theDuelist:RainbowOverdragon"],"picked":"theDuelist:RainbowKuriboh","floor":16.0},{"not_picked":["theDuelist:RainbowNeos+1","theDuelist:SpiritHarp","theDuelist:Eva","theDuelist:MagnumShield+1"],"picked":"theDuelist:AssaultArmor","floor":18.0},{"not_picked":["theDuelist:DoubleTool","theDuelist:FairyBox+1","theDuelist:Hinotama","theDuelist:ImperialOrder+1"],"picked":"theDuelist:Eva","floor":19.0},{"not_picked":["theDuelist:VendreadCharge","theDuelist:ScrapFactory","theDuelist:Electrowhip","theDuelist:ElectromagneticShield+1","theDuelist:Invigoration"],"picked":"SKIP","floor":21.0},{"not_picked":["theDuelist:RainbowNeos+1","theDuelist:Eva","theDuelist:GreyGreedOni","theDuelist:PurplePainOni"],"picked":"theDuelist:RainbowKuriboh","floor":22.0},{"not_picked":["theDuelist:Hinotama","theDuelist:WhiteMagicalHat","theDuelist:RainbowNeos","theDuelist:FluteKuriboh","theDuelist:UnderworldCannon"],"picked":"SKIP","floor":31.0},{"not_picked":["theDuelist:SpellShatteringArrow+1","theDuelist:Hinotama","theDuelist:SangaEarth","theDuelist:BigFire"],"picked":"theDuelist:InfernoFireBlast","floor":35.0},{"not_picked":["Apotheosis","Dark Shackles","Thinking Ahead"],"picked":"Bandage Up","floor":36.0},{"not_picked":["theDuelist:RainbowNeos","theDuelist:CombinationAttack","theDuelist:SilverApples","theDuelist:WhiteMagicalHat","theDuelist:WhiteHowling"],"picked":"SKIP","floor":38.0},{"not_picked":["theDuelist:CoreBlaster","theDuelist:Downbeat","theDuelist:WhiteMagicalHat","theDuelist:MagnumShield+2","theDuelist:SpellShatteringArrow"],"picked":"SKIP","floor":39.0},{"not_picked":["theDuelist:CoreBlaster+1","theDuelist:MagnumShield+1","theDuelist:Eva+1","theDuelist:PowerKaishin+1","theDuelist:GiantTrunade"],"picked":"SKIP","floor":41}],"player_experience":2212338,"relics_obtained":[{"floor":9.0,"key":"Blue Candle"},{"floor":12.0,"key":"Peace Pipe"},{"floor":24.0,"key":"theDuelist:TributeEggRelic"},{"floor":26.0,"key":"Snake Skull"},{"floor":41,"key":"Toy Ornithopter"},{"floor":43,"key":"Pen Nib"}],"event_choices":[{"damage_healed":0.0,"max_hp_gain":0.0,"max_hp_loss":0.0,"gold_gain":0.0,"event_name":"Liars Game","player_choice":"Ignored","floor":4.0,"gold_loss":0.0,"damage_taken":0.0},{"cards_removed":["theDuelist:CastleWalls"],"damage_healed":0.0,"max_hp_gain":0.0,"max_hp_loss":0.0,"gold_gain":0.0,"event_name":"Golden Wing","player_choice":"Card Removal","floor":7.0,"gold_loss":0.0,"damage_taken":7.0},{"damage_healed":0.0,"max_hp_gain":0.0,"max_hp_loss":0.0,"gold_gain":0.0,"cards_transformed":["theDuelist:BeaverWarrior"],"event_name":"Transmorgrifier","player_choice":"Transformed","floor":10.0,"gold_loss":0.0,"damage_taken":0.0,"cards_obtained":["theDuelist:ImperialOrder"]},{"damage_healed":0.0,"max_hp_gain":0.0,"max_hp_loss":0.0,"gold_gain":0.0,"cards_transformed":["theDuelist:GiantSoldier","theDuelist:GiantSoldier"],"event_name":"Drug Dealer","player_choice":"Became Test Subject","floor":28.0,"gold_loss":0.0,"damage_taken":0.0,"cards_obtained":["theDuelist:SevenCompleted","theDuelist:ForbiddenLance"]},{"damage_healed":0.0,"max_hp_gain":0.0,"max_hp_loss":0.0,"gold_gain":0.0,"event_name":"Visit from Anubis","player_choice":"Leave","duelist":true,"floor":29.0,"gold_loss":0.0,"damage_taken":0.0}],"is_beta":false,"boss_relics":[{"not_picked":["SacredBark","Calling Bell"],"picked":"Sozu"},{"not_picked":["Coffee Dripper","Runesmith:UraniumAnvil"],"picked":"Astrolabe"}],"items_purged_floors":[2,20,30],"is_endless":false,"potions_floor_spawned":[3,11,12,14,19,21,35,38],"killed_by":"4 Shapes","ascension_level":14}}