{"host":"0ssbae92yp6998o9","time":1613642058,"event":{"mods":["ATMod(°¢èªMod)","BaseMod","Marisa£¨ìFÓê¡¡Ä§ÀíÉ³£©","Minty Spire (QoL Compilation)","READ ME - Guardian Mod","Shop Mod","Spicy Shops","StSLib","The Marked","Waifu the Spire"],"gold_per_floor":[116,128,128,141,66,97,97,124,124,139,164,66,81,81,81,202,202,222,222,122,122,146,190,190,190,213,226,259,300,469,589,589,787,850,889,1028,1122,1163,1259,1328,1328,850,850,850,899,963,963,1008,1008,1033,1033,1033,222,306,331],"floor_reached":56,"language":"ZHT","playtime":3448,"items_purged":["Strike_MRS","PowerUp","Defend_MRS","PowerUp","GravityBeat+1","Defend_MRS","Defend_MRS"],"score":1492,"play_id":"b6eb8028-bfd3-48e5-916b-336446b42392","local_time":"20210218175418","is_ascension_mode":true,"campfire_choices":[{"data":"AT_FamilyPortrait","floor":7.0,"key":"SMITH"},{"floor":15.0,"key":"DIG"},{"data":"PulseMagic","floor":25.0,"key":"SMITH"},{"floor":32.0,"key":"DIG"},{"floor":41.0,"key":"DIG"},{"floor":49.0,"key":"RECALL"},{"floor":52.0,"key":"DIG"}],"circlet_count":0,"master_deck":["Defend_MRS","UpSweep+1","AT_FamilyPortrait+1","MagicAbsorber+1","FairyDestructionRay+1","MachineGunSpark+1","PulseMagic+1","ChargingUp","TreasureHunter","Singularity+1","BinaryStars+1","Acceleration+1","OneTimeOff","CasketOfStar","OortCloud+1","EventHorizon+1","Acceleration+1","SprinkleStarSeal+1","ChargingUp","MagicChant+1","PropBag"],"relics":["MiniHakkero","AT_ATBox","NeowsBlessing","BreadOfAWashokuLover","Bag of Preparation","Vajra","Shovel","Smiling Mask","Bag of Marbles","Golden Idol","Singing Bowl","Astrolabe","Torii","Whetstone","Bronze Scales","AT_MibuBalloonWealth","MagicBroom","AT_ArcaneBoots","Tiny House","Centennial Puzzle","AT_GuinsooRageblade","AT_BladeRuinedKing","AmplifyWand","InkBottle","StrikeDummy","HornCleat","Membership Card","Strange Spoon","AT_BellowingDragoncrestRing","Akabeko","Eternal Feather","AT_SilvercatRing","Gremlin Horn","Pantograph"],"acts_visited":["Exordium","TheCity","TheBeyond","TheEnding"],"potions_floor_usage":[55],"damage_taken":[{"damage":0.0,"enemies":"Cultist","floor":1.0,"turns":1.0},{"damage":0.0,"enemies":"2 Louse","floor":2.0,"turns":1.0},{"damage":0.0,"enemies":"Jaw Worm","floor":4.0,"turns":1.0},{"damage":8.0,"enemies":"Gremlin Nob","floor":6.0,"turns":3.0},{"damage":5.0,"enemies":"3 Sentries","floor":8.0,"turns":4.0},{"damage":9.0,"enemies":"Exordium Thugs","floor":10.0,"turns":3.0},{"damage":3.0,"enemies":"Lagavulin","floor":11.0,"turns":6.0},{"damage":11.0,"enemies":"Blue Slaver","floor":13.0,"turns":3.0},{"damage":25.0,"enemies":"Slime Boss","floor":16.0,"turns":7.0},{"damage":0.0,"enemies":"Chosen","floor":18.0,"turns":3.0},{"damage":12.0,"enemies":"Shell Parasite","floor":22.0,"turns":2.0},{"damage":27.0,"enemies":"Gremlin Leader","floor":23.0,"turns":4.0},{"damage":10.0,"enemies":"Shelled Parasite and Fungi","floor":27.0,"turns":5.0},{"damage":1.0,"enemies":"Slavers","floor":28.0,"turns":4.0},{"damage":2.0,"enemies":"Snake Plant","floor":29.0,"turns":2.0},{"damage":7.0,"enemies":"Gremlin Leader","floor":30.0,"turns":6.0},{"damage":1.0,"enemies":"3 Cultists","floor":31.0,"turns":4.0},{"damage":20.0,"enemies":"Automaton","floor":33.0,"turns":6.0},{"damage":0.0,"enemies":"Orb Walker","floor":35.0,"turns":3.0},{"damage":0.0,"enemies":"3 Darklings","floor":36.0,"turns":4.0},{"damage":19.0,"enemies":"Sphere and 2 Shapes","floor":37.0,"turns":5.0},{"damage":2.0,"enemies":"Maw","floor":38.0,"turns":6.0},{"damage":1.0,"enemies":"Jaw Worm Horde","floor":39.0,"turns":4.0},{"damage":11.0,"enemies":"Nemesis","floor":40.0,"turns":5.0},{"damage":0.0,"enemies":"Spire Growth","floor":45.0,"turns":3.0},{"damage":0.0,"enemies":"Giant Head","floor":46.0,"turns":5.0},{"damage":0.0,"enemies":"Writhing Mass","floor":48.0,"turns":1.0},{"damage":13.0,"enemies":"Time Eater","floor":50.0,"turns":4.0},{"damage":6.0,"enemies":"Shield and Spear","floor":54.0,"turns":2.0},{"damage":40,"enemies":"The Heart","floor":55,"turns":4}],"seed_played":"2560963214451291419","potions_obtained":[{"floor":1.0,"key":"Ancient Potion"},{"floor":4.0,"key":"Swift Potion"},{"floor":6.0,"key":"Ancient Potion"},{"floor":16.0,"key":"Dexterity Potion"},{"floor":18.0,"key":"PowerPotion"},{"floor":30.0,"key":"Regen Potion"},{"floor":31.0,"key":"PowerPotion"},{"floor":33.0,"key":"FairyPotion"},{"floor":34.0,"key":"Explosive Potion"},{"floor":37.0,"key":"ColorlessPotion"}],"is_trial":false,"path_per_floor":["M","M","T","M","$","E","R","E","T","M","E","$","M","?","R","B",null,"M","?","$","?","M","E","?","R","T","M","E","M","E","M","R","B",null,"M","M","M","M","M","E","R","$","T","?","M","E","?","M","R","B",null,"R","$","E","B",null],"character_chosen":"MARISA","items_purchased":["Bag of Preparation","PowerPotion","AmplifyWand","InkBottle","Membership Card","Strange Spoon","AT_BellowingDragoncrestRing","Akabeko","PropBag","GamblersBrew","Eternal Feather","AT_SilvercatRing"],"campfire_rested":0,"item_purchase_floors":[5,12,42,42,53,53,53,53,53,53,53,53],"current_hp_per_floor":[75,75,75,75,75,67,67,63,63,54,51,51,40,40,40,19,69,71,71,71,71,61,34,34,34,34,26,27,27,22,21,21,1,86,88,88,69,67,68,63,63,63,63,63,63,65,65,65,65,52,94,94,94,90,62],"gold":331,"neow_bonus":"THREE_ENEMY_KILL","is_daily":false,"chose_seed":false,"campfire_upgraded":2,"win_rate":0.0,"timestamp":1613642058,"path_taken":["M","?","?","M","$","E","R","E","T","M","E","$","M","?","R","BOSS","M","?","$","?","?","E","?","R","T","M","E","M","E","M","R","BOSS","M","?","M","M","M","E","R","$","T","?","M","E","?","M","R","BOSS","R","$","E","BOSS"],"items_purchased_type":["Relic","Potion","Relic","Relic","Relic","Relic","Relic","Relic","Card","Potion","Relic","Relic"],"build_version":"2020-12-22","purchased_purges":7,"victory":true,"max_hp_per_floor":[75,75,75,75,75,75,75,75,75,75,75,75,75,69,69,69,69,71,71,71,71,73,73,73,73,73,75,77,79,81,81,81,81,86,88,88,88,88,90,92,92,92,92,92,92,94,94,94,94,94,94,94,94,96,96],"card_choices":[{"not_picked":["OortCloud","AsteroidBelt"],"picked":"PowerUp","floor":1.0},{"not_picked":["UnstableBomb","AsteroidBelt"],"picked":"MagicAbsorber","floor":2.0},{"not_picked":["UnstableBomb","ChargingUp"],"picked":"FairyDestructionRay","floor":4.0},{"not_picked":["GrandCross","DarkSpark"],"picked":"MachineGunSpark","floor":6.0},{"not_picked":["GrandCross","ManaRampage"],"picked":"PulseMagic","floor":8.0},{"not_picked":["DoubleSpark","SporeBomb"],"picked":"PowerUp","floor":10.0},{"not_picked":["GasGiant","DC"],"picked":"MagicAbsorber","floor":11.0},{"not_picked":["UnstableBomb","GravityBeat"],"picked":"ChargingUp","floor":13.0},{"not_picked":["ManaRampage","EscapeVelocity"],"picked":"TreasureHunter","floor":16.0},{"not_picked":["DoubleSpark","PowerUp+1","WitchOfGreed"],"picked":"Singing Bowl","floor":18.0},{"not_picked":["DC","GrandCross","FairyDestructionRay"],"picked":"Singing Bowl","floor":22.0},{"not_picked":["OpenUniverse","GrandCross"],"picked":"Acceleration+1","floor":23.0},{"not_picked":["6A","PulseMagic","DC"],"picked":"Singing Bowl","floor":27.0},{"not_picked":["DC","GasGiant","MysteriousBeam"],"picked":"Singing Bowl","floor":28.0},{"not_picked":["FinalSpark","DC","SporeBomb"],"picked":"Singing Bowl","floor":29.0},{"not_picked":["DarkSpark","Occultation","MilkyWay+1"],"picked":"Singing Bowl","floor":30.0},{"not_picked":["SporeBomb","WitchLeyline"],"picked":"OneTimeOff","floor":31.0},{"not_picked":["JA","TreasureHunter"],"picked":"CasketOfStar","floor":33.0},{"not_picked":["DC","MeteoricShower"],"picked":"OortCloud+1","floor":34.0},{"not_picked":["StarBarrage+1","WitchLeyline","ShootingEcho"],"picked":"Singing Bowl","floor":35.0},{"not_picked":["MagicAbsorber","PulseMagic"],"picked":"EventHorizon+1","floor":36.0},{"not_picked":["UnstableBomb","WitchOfGreed"],"picked":"Acceleration+1","floor":37.0},{"not_picked":["GalacticHalo","SporeBomb"],"picked":"SprinkleStarSeal+1","floor":38.0},{"not_picked":["IllusionStar","MysteriousBeam","SporeBomb+1"],"picked":"Singing Bowl","floor":39.0},{"not_picked":["MachineGunSpark","MagicAbsorber","WitchLeyline+1"],"picked":"Singing Bowl","floor":40.0},{"not_picked":["Occultation","ManaRampage"],"picked":"ChargingUp","floor":45.0},{"not_picked":["MysteriousBeam+1","AsteroidBelt","MilkyWay"],"picked":"Singing Bowl","floor":46.0},{"not_picked":["SuperPerseids+1","DragonMeteor"],"picked":"MagicChant+1","floor":48.0},{"not_picked":["MaximisePower","DeepEcoloBomb+1","WitchLeyline"],"picked":"Singing Bowl","floor":54.0}],"player_experience":242127,"relics_obtained":[{"floor":3.0,"key":"BreadOfAWashokuLover"},{"floor":6.0,"key":"Vajra"},{"floor":8.0,"key":"Shovel"},{"floor":9.0,"key":"Smiling Mask"},{"floor":11.0,"key":"Bag of Marbles"},{"floor":15.0,"key":"Singing Bowl"},{"floor":23.0,"key":"Torii"},{"floor":26.0,"key":"Whetstone"},{"floor":28.0,"key":"Bronze Scales"},{"floor":28.0,"key":"AT_MibuBalloonWealth"},{"floor":30.0,"key":"MagicBroom"},{"floor":32.0,"key":"AT_SpeedBoots"},{"floor":40.0,"key":"Centennial Puzzle"},{"floor":40.0,"key":"AT_GuinsooRageblade"},{"floor":41.0,"key":"AT_BladeRuinedKing"},{"floor":46.0,"key":"StrikeDummy"},{"floor":52.0,"key":"HornCleat"},{"floor":54.0,"key":"Gremlin Horn"},{"floor":54.0,"key":"Pantograph"}],"event_choices":[{"damage_healed":0.0,"max_hp_gain":0.0,"max_hp_loss":6.0,"gold_gain":0.0,"event_name":"Golden Idol","player_choice":"Lose Max HP","floor":14.0,"gold_loss":0.0,"damage_taken":0.0,"relics_obtained":["Golden Idol"]},{"damage_healed":0.0,"max_hp_gain":0.0,"max_hp_loss":0.0,"gold_gain":0.0,"event_name":"Vampires","player_choice":"Ignored","floor":19.0,"gold_loss":0.0,"damage_taken":0.0},{"damage_healed":0.0,"max_hp_gain":0.0,"max_hp_loss":0.0,"gold_gain":0.0,"event_name":"Upgrade Shrine","player_choice":"Upgraded","floor":21.0,"gold_loss":0.0,"damage_taken":0.0,"cards_upgraded":["MachineGunSpark"]},{"cards_removed":["MasterSpark"],"damage_healed":0.0,"max_hp_gain":0.0,"max_hp_loss":0.0,"gold_gain":0.0,"event_name":"Purifier","player_choice":"Purged","floor":24.0,"gold_loss":0.0,"damage_taken":0.0},{"damage_healed":0.0,"max_hp_gain":0.0,"max_hp_loss":0.0,"gold_gain":0.0,"event_name":"Tomb of Lord Red Mask","player_choice":"Ignored","floor":44.0,"gold_loss":0.0,"damage_taken":0.0},{"cards_removed":["MagicAbsorber"],"damage_healed":0.0,"max_hp_gain":0.0,"max_hp_loss":0.0,"gold_gain":0.0,"event_name":"Falling","player_choice":"Removed Skill","floor":47.0,"gold_loss":0.0,"damage_taken":0.0}],"is_beta":false,"boss_relics":[{"not_picked":["Cursed Key","Runic Pyramid"],"picked":"Astrolabe"},{"not_picked":["Velvet Choker","Snecko Eye"],"picked":"Tiny House"}],"items_purged_floors":[12,20,20,42,42,53,53],"is_endless":false,"potions_floor_spawned":[1,4,6,16,18,22,30,31,33,37,39,45,46,48],"ascension_level":1}}