{"host":"ujyomg7d1f18u2we","time":1613678537,"event":{"mods":["AchievementEnabler","AlwaysNeverKeys","Aspiration","BaseMod","Colored Map","DeckTracker","Gremlin Skip","Highlight Path","Hubris","Minty Spire (QoL Compilation)","Quick Restart","Random Character Button","StSLib"],"gold_per_floor":[109,109,119,119,132,132,163,163,163,163,193,209,243,20,20,122,122,139,139,150,165,12,12,12,12,12,26,39,39,57,57,57,155,155,172,172,272,289,289,321,210,544,544,559,586,586,597,611,611,611,611],"floor_reached":50,"language":"ENG","playtime":1504,"items_purged":["Injury"],"score":627,"play_id":"41d66ad8-5553-4773-a6e1-5953f81fb696","local_time":"20210218170217","is_ascension_mode":false,"campfire_choices":[{"data":"Neutralize","floor":6.0,"key":"SMITH"},{"data":"Bane","floor":8.0,"key":"SMITH"},{"floor":15.0,"key":"REST"},{"floor":23.0,"key":"REST"},{"data":"Backstab","floor":25.0,"key":"SMITH"},{"data":"Poisoned Stab","floor":32.0,"key":"SMITH"},{"data":"Survivor","floor":49,"key":"SMITH"}],"circlet_count":0,"master_deck":["Strike_G","Strike_G","Strike_G","Strike_G","Strike_G","Defend_G","Defend_G","Defend_G","Defend_G","Defend_G","Survivor+1","Neutralize+1","Poisoned Stab+1","Bane+1","Cloak And Dagger+1","Catalyst+1","Terror+1","Backstab+1","Venomology+1","Flex+1","Blur+1","Crippling Poison+1","Spot Weakness+1","Poisoned Stab+1","Adrenaline+1"],"relics":["Ring of the Snake","NeowsBlessing","Sundial","Regal Pillow","Toxic Egg 2","Blood Vial","Pen Nib","Membership Card","aspiration:IroncladSkillbook","aspiration:Nostalgia","PureWater","Lantern","FossilizedHelix","Runic Dome","Snake Skull","Akabeko","Old Coin","Bottled Flame","Eternal Feather"],"acts_visited":["Exordium","TheCity","TheBeyond"],"potions_floor_usage":[35,39,39,42,44,44,45,50,50,50,50],"damage_taken":[{"damage":0.0,"enemies":"Cultist","floor":1.0,"turns":1.0},{"damage":0.0,"enemies":"2 Louse","floor":3.0,"turns":1.0},{"damage":0.0,"enemies":"Small Slimes","floor":5.0,"turns":1.0},{"damage":16.0,"enemies":"Gremlin Nob","floor":7.0,"turns":4.0},{"damage":12.0,"enemies":"3 Sentries","floor":11.0,"turns":7.0},{"damage":8.0,"enemies":"Gremlin Gang","floor":12.0,"turns":4.0},{"damage":10.0,"enemies":"Gremlin Nob","floor":13.0,"turns":4.0},{"damage":44.0,"enemies":"Hexaghost","floor":16.0,"turns":11.0},{"damage":21.0,"enemies":"Spheric Guardian","floor":18.0,"turns":5.0},{"damage":20.0,"enemies":"2 Thieves","floor":20.0,"turns":4.0},{"damage":13.0,"enemies":"Shelled Parasite and Fungi","floor":21.0,"turns":6.0},{"damage":0.0,"enemies":"Snake Plant","floor":27.0,"turns":3.0},{"damage":0.0,"enemies":"Chosen and Byrds","floor":28.0,"turns":3.0},{"damage":10.0,"enemies":"Snecko","floor":30.0,"turns":5.0},{"damage":48.0,"enemies":"Champ","floor":33.0,"turns":10.0},{"damage":1,"enemies":"3 Darklings","floor":35,"turns":4},{"damage":0,"enemies":"3 Shapes","floor":38,"turns":6},{"damage":0,"enemies":"3 Darklings","floor":39,"turns":1},{"damage":0,"enemies":"Giant Head","floor":40,"turns":6},{"damage":13,"enemies":"Reptomancer","floor":42,"turns":5},{"damage":0,"enemies":"Writhing Mass","floor":44,"turns":2},{"damage":0,"enemies":"Giant Head","floor":45,"turns":4},{"damage":13,"enemies":"Sphere and 2 Shapes","floor":47,"turns":5},{"damage":5,"enemies":"4 Shapes","floor":48,"turns":2},{"damage":75,"enemies":"hubris:GrandSnecko","floor":50,"turns":7}],"seed_played":"-848549668015110358","potions_obtained":[{"floor":2.0,"key":"Poison Potion"},{"floor":2.0,"key":"PowerPotion"},{"floor":2.0,"key":"Fruit Juice"},{"floor":3.0,"key":"Energy Potion"},{"floor":13.0,"key":"PowerPotion"},{"floor":16.0,"key":"Block Potion"},{"floor":21.0,"key":"Explosive Potion"},{"floor":27.0,"key":"GamblersBrew"},{"floor":28.0,"key":"CultistPotion"},{"floor":33.0,"key":"Weak Potion"},{"floor":40,"key":"CultistPotion"},{"floor":44,"key":"Dexterity Potion"}],"is_trial":false,"path_per_floor":["M","?","M","$","M","R","E","R","T","?","E","M","E","$","R","B",null,"M","?","M","M","$","R","?","R","T","M","M","$","M","?","R","B",null,"M","?","?","M","M","E","$","E","T","M","E","?","M","M","R","B"],"character_chosen":"THE_SILENT","items_purchased":["Membership Card","Terror+1","Backstab","aspiration:Nostalgia","Lantern","Akabeko"],"campfire_rested":2,"item_purchase_floors":[14,14,14,22,22,41],"current_hp_per_floor":[70,75,75,75,75,75,59,59,59,59,47,41,33,33,70,28,75,58,58,44,37,37,74,74,74,74,75,75,75,69,69,69,27,75,75,75,75,75,75,75,75,66,66,75,75,75,66,67,75,0,0],"gold":611,"neow_bonus":"THREE_ENEMY_KILL","is_daily":false,"chose_seed":false,"campfire_upgraded":5,"win_rate":0.0,"timestamp":1613678537,"path_taken":["M","?","?","$","?","R","E","R","T","?","E","M","E","$","R","BOSS","M","?","?","M","$","R","?","R","T","?","M","$","M","?","R","BOSS","M","?","?","M","?","E","$","E","T","M","E","?","M","?","R","BOSS"],"items_purchased_type":["Relic","Card","Card","Relic","Relic","Relic"],"build_version":"2020-12-22","purchased_purges":1,"victory":false,"max_hp_per_floor":[70,75,75,75,75,75,75,75,75,75,75,75,75,75,75,75,75,75,75,75,75,75,75,75,75,75,75,75,75,75,75,75,75,75,75,75,75,75,75,75,75,75,75,75,75,75,75,75,75,75,75],"card_choices":[{"not_picked":["Terror","Bouncing Flask"],"picked":"Poisoned Stab","floor":1.0},{"not_picked":["Flechettes","Cloak And Dagger"],"picked":"Bane","floor":3.0},{"not_picked":["Quick Slash","Expertise","Backflip"],"picked":"SKIP","floor":5.0},{"not_picked":["Dodge and Roll","Slice","A Thousand Cuts"],"picked":"SKIP","floor":7.0},{"not_picked":["hubris:Sniper+1","Reflex+1"],"picked":"Cloak And Dagger+1","floor":11.0},{"not_picked":["Flying Knee","Slice","Finisher"],"picked":"SKIP","floor":12.0},{"not_picked":["Doppelganger+1","Calculated Gamble+1"],"picked":"Catalyst+1","floor":13.0},{"not_picked":["Night Terror+1","Phantasmal Killer+1"],"picked":"Venomology+1","floor":16.0},{"not_picked":["Carnage","Expertise+1","Dodge and Roll+1"],"picked":"Flex+1","floor":18.0},{"not_picked":["Fire Breathing+1","Wild Strike","Clash"],"picked":"Blur+1","floor":20.0},{"not_picked":["Deflect+1","Dodge and Roll+1","Wild Strike"],"picked":"Crippling Poison+1","floor":21.0},{"not_picked":["hubris:CleavingFinish","Deflect+1","Wild Strike"],"picked":"Poisoned Stab","floor":27.0},{"not_picked":["Tactician+1","Choke","Flame Barrier+1","Blade Dance+1"],"picked":"SKIP","floor":28.0},{"not_picked":["Uppercut+1","Dash","Dropkick","Clothesline"],"picked":"SKIP","floor":30.0},{"not_picked":["Storm of Steel+1","Juggernaut","Night Terror+1"],"picked":"Adrenaline+1","floor":33.0},{"not_picked":["Backflip+1","Sword Boomerang+1","Accuracy+1","Pommel Strike+1"],"picked":"SKIP","floor":35},{"not_picked":["Headbutt","Warcry+1","Impervious+1","Armaments+1"],"picked":"SKIP","floor":38},{"not_picked":["Cloak And Dagger+1","Uppercut","Cleave+1","Warcry+1"],"picked":"SKIP","floor":40},{"not_picked":["Power Through+1","Corruption","Blade Dance+1","Slice+1"],"picked":"SKIP","floor":42},{"not_picked":["hubris:Counter","Acrobatics+1","Shrug It Off+1","Iron Wave+1"],"picked":"SKIP","floor":44},{"not_picked":["hubris:ReadiedAction+1","Whirlwind","Iron Wave","Doppelganger+1"],"picked":"SKIP","floor":45},{"not_picked":["Bane+1","Armaments+1","hubris:ReadiedAction+1","Dropkick"],"picked":"SKIP","floor":47},{"not_picked":["Expertise+1","Warcry+1","Clothesline","Prepared+1"],"picked":"SKIP","floor":48}],"player_experience":1585989,"relics_obtained":[{"floor":7.0,"key":"Sundial"},{"floor":9.0,"key":"Regal Pillow"},{"floor":11.0,"key":"Blood Vial"},{"floor":13.0,"key":"Pen Nib"},{"floor":26.0,"key":"FossilizedHelix"},{"floor":40,"key":"Snake Skull"},{"floor":42,"key":"Old Coin"},{"floor":43,"key":"Bottled Flame"},{"floor":45,"key":"Eternal Feather"}],"event_choices":[{"damage_healed":0.0,"max_hp_gain":0.0,"max_hp_loss":0.0,"gold_gain":0.0,"event_name":"Lab","player_choice":"Got Potions","floor":2.0,"gold_loss":0.0,"damage_taken":0.0},{"damage_healed":0.0,"max_hp_gain":0.0,"max_hp_loss":0.0,"gold_gain":0.0,"event_name":"Upgrade Shrine","player_choice":"Upgraded","floor":19.0,"gold_loss":0.0,"damage_taken":0.0,"cards_upgraded":["Poisoned Stab"]},{"damage_healed":0.0,"max_hp_gain":0.0,"max_hp_loss":0.0,"gold_gain":0.0,"event_name":"The Library","player_choice":"Read","floor":24.0,"gold_loss":0.0,"damage_taken":0.0,"cards_obtained":["Spot Weakness"]},{"damage_healed":0,"gold_gain":100,"player_choice":"Pray","damage_taken":0,"max_hp_gain":0,"max_hp_loss":0,"event_name":"Golden Shrine","floor":37,"gold_loss":0}],"is_beta":false,"boss_relics":[{"not_picked":["hubris:ScarierMask","Coffee Dripper"],"picked":"aspiration:IroncladSkillbook"},{"not_picked":["hubris:TerracottaHorce","hubris:CrackedHourglass"],"picked":"Runic Dome"}],"items_purged_floors":[41],"is_endless":false,"potions_floor_spawned":[3,5,13,16,21,27,28,30,33,40,42,44,48],"killed_by":"hubris:GrandSnecko","ascension_level":0}}