{"host":"zmr8u29ebzxwermy","time":1613621875,"event":{"mods":["AchievementEnabler","BaseMod","BetterRewards","Colored Map","DeckTracker","Hermit","Minty Spire (QoL Compilation)","Quick Restart","Relic Filter","Replay The Spire","Shop Mod","StSLib","SuperFastMode","The Bug Knight","The Cursed","The Disciple","The Runesmith","everything is the same but u backflip on backflip"],"gold_per_floor":[115,115,128,128,140,167,167,167,167,195,214,230,255,270,270,374,374,386,63,63,74,93,93,124,124,150,162,162,370,383,394,394,498,498,517,517,178,190,205,231,75,75,102,113,129,179,179,196,196,96],"floor_reached":51,"language":"KOR","playtime":2448,"items_purged":["TheCursedMod:Strike_TheCursed","TheCursedMod:Defend_TheCursed"],"score":771,"play_id":"b0edba90-41bf-483e-9779-4035327fb843","local_time":"20210218131755","is_ascension_mode":false,"campfire_choices":[{"data":"TheCursedMod:BloodBarrier","floor":8.0,"key":"SMITH"},{"floor":15.0,"key":"REST"},{"data":"TheCursedMod:ForbiddenAlchemy","floor":23.0,"key":"SMITH"},{"data":"TheCursedMod:CursedRelics","floor":25.0,"key":"SMITH"},{"data":"TheCursedMod:CursedSpellbook","floor":28.0,"key":"SMITH"},{"data":"TheCursedMod:SoulReap","floor":32.0,"key":"SMITH"},{"data":"TheCursedMod:Strike_TheCursed","floor":42.0,"key":"SMITH"}],"circlet_count":0,"master_deck":["TheCursedMod:Strike_TheCursed+1","TheCursedMod:Defend_TheCursed+1","TheCursedMod:Defend_TheCursed+1","TheCursedMod:CursedWand","TheCursedMod:CleanUpWorkshop+1","TheCursedMod:Dregs","TheCursedMod:CursedBlade","TheCursedMod:SoulReap+1","TheCursedMod:ForbiddenAlchemy+1","TheCursedMod:BlessingInDisguise","TheCursedMod:CursedShiv","TheCursedMod:BloodBarrier+1","TheCursedMod:StunningStrike+1","TheCursedMod:CursedShiv","TheCursedMod:HellsGateOpen+1","TheCursedMod:CursedRelics+1","TheCursedMod:PrepareRite","TheCursedMod:StunningStrike","TheCursedMod:CursedSpellbook+1","TheCursedMod:SpitefulPlan+1","Mayhem+1","ReplayTheSpireMod:Uncanny Aura","TheCursedMod:AbyssShockwave","TheCursedMod:TacticalStrike"],"relics":["TheCursedMod:BlackMagic101","PreservedInsect","MealTicket","MerchantsRug","Replay:Mystery Machine","Bag of Marbles","Potion Belt","Frozen Egg 2","Bronze Scales","HollowMod:LifeEnderRelic","Philosopher\u0027s Stone","ReplayFunnel","Blood Vial","Empty Cage","Centennial Puzzle","Simple Rune","Whetstone","War Paint","Du-Vu Doll"],"acts_visited":["Exordium","TheCity","TheBeyond"],"potions_floor_usage":[50,50,50,50,50,50,50,50,50,50,50],"damage_taken":[{"damage":0.0,"enemies":"2 Louse","floor":1.0,"turns":2.0},{"damage":0.0,"enemies":"Jaw Worm","floor":3.0,"turns":1.0},{"damage":0.0,"enemies":"Small Slimes","floor":5.0,"turns":5.0},{"damage":0.0,"enemies":"3 Sentries","floor":6.0,"turns":6.0},{"damage":20.0,"enemies":"Lagavulin","floor":10.0,"turns":6.0},{"damage":5.0,"enemies":"Looter","floor":11.0,"turns":3.0},{"damage":0.0,"enemies":"2 Fungi Beasts","floor":12.0,"turns":3.0},{"damage":12.0,"enemies":"HollowMod:MossKnight","floor":13.0,"turns":4.0},{"damage":0.0,"enemies":"Lots of Slimes","floor":14.0,"turns":3.0},{"damage":18.0,"enemies":"Fading Forest","floor":16.0,"turns":11.0},{"damage":3.0,"enemies":"Chosen","floor":18.0,"turns":4.0},{"damage":18.0,"enemies":"2 Thieves","floor":21.0,"turns":3.0},{"damage":0.0,"enemies":"Snake Plant","floor":22.0,"turns":5.0},{"damage":9.0,"enemies":"Book of Stabbing","floor":24.0,"turns":4.0},{"damage":9.0,"enemies":"3 Cultists","floor":27.0,"turns":4.0},{"damage":0.0,"enemies":"Chosen and Byrds","floor":30.0,"turns":4.0},{"damage":7.0,"enemies":"Cultist and Chosen","floor":31.0,"turns":4.0},{"damage":25.0,"enemies":"Collector","floor":33.0,"turns":12.0},{"damage":41.0,"enemies":"3 Darklings","floor":35.0,"turns":7.0},{"damage":23.0,"enemies":"3 Shapes","floor":38.0,"turns":4.0},{"damage":18.0,"enemies":"Writhing Mass","floor":39.0,"turns":6.0},{"damage":13.0,"enemies":"Nemesis","floor":40.0,"turns":4.0},{"damage":0.0,"enemies":"Transient","floor":44.0,"turns":5.0},{"damage":8.0,"enemies":"4 Shapes","floor":45.0,"turns":4.0},{"damage":3.0,"enemies":"Mind Bloom Boss Battle","floor":46.0,"turns":6.0},{"damage":8.0,"enemies":"Jaw Worm Horde","floor":48.0,"turns":3.0},{"damage":90,"enemies":"Donu and Deca","floor":50,"turns":8}],"seed_played":"6360313187029054029","potions_obtained":[{"floor":1.0,"key":"SteroidPotion"},{"floor":5.0,"key":"Swift Potion"},{"floor":10.0,"key":"Strength Potion"},{"floor":12.0,"key":"SkillPotion"},{"floor":14.0,"key":"EssenceOfSteel"},{"floor":18.0,"key":"SteroidPotion"},{"floor":22.0,"key":"Ancient Potion"},{"floor":33.0,"key":"SkillPotion"},{"floor":35.0,"key":"SneckoOil"},{"floor":39.0,"key":"Regen Potion"},{"floor":40.0,"key":"AttackPotion"}],"is_trial":false,"path_per_floor":["M","?","M","?","M","E","?","R","T","E","M","M","E","M","R","B",null,"M","$","?","M","M","R","E","R","T","M","R","?","M","M","R","B",null,"M","?","$","M","M","E","$","R","T","M","M","?","?","M","R_BF","B",null],"character_chosen":"THE_CURSED","items_purchased":["FairyPotion","TheCursedMod:CursedBlade","PreservedInsect","MealTicket","TheCursedMod:SoulReap","MerchantsRug","TheCursedMod:SpitefulPlan+1","Mayhem+1","ReplayTheSpireMod:Uncanny Aura","Centennial Puzzle","Whetstone"],"campfire_rested":1,"item_purchase_floors":[0,0,0,0,0,0,19,19,37,37,41],"current_hp_per_floor":[41,34,34,59,64,69,62,62,62,49,49,54,42,45,67,57,75,72,75,75,57,57,57,53,53,53,46,46,46,56,51,51,38,75,41,85,85,66,53,56,71,71,71,80,77,76,76,70,70,18],"gold":96,"neow_bonus":"","is_daily":false,"chose_seed":false,"campfire_upgraded":6,"win_rate":0.0,"timestamp":1613621875,"path_taken":["M","?","M","?","M","E","?","R","T","E","M","M","E","M","R","BOSS","M","$","?","M","M","R","E","R","T","M","R","?","M","M","R","BOSS","M","?","$","M","M","E","$","R","T","M","?","?","?","M","R_BF","BOSS"],"items_purchased_type":["Potion","Card","Relic","Relic","Card","Relic","Card","Card","Card","Relic","Relic"],"build_version":"2020-12-22","purchased_purges":2,"victory":true,"max_hp_per_floor":[75,75,75,75,75,75,75,75,75,75,75,75,75,75,75,75,75,75,75,75,75,75,75,75,75,75,75,75,75,75,75,75,75,75,75,85,85,85,85,85,85,85,85,85,85,85,81,81,81,81],"card_choices":[{"not_picked":["TheCursedMod:Stigma","TheCursedMod:FleshFromBone"],"picked":"TheCursedMod:BlessingInDisguise","floor":1.0},{"not_picked":["TheCursedMod:FleshFromBone","TheCursedMod:StingEye"],"picked":"TheCursedMod:CursedShiv","floor":3.0},{"not_picked":["TheCursedMod:CircleOfFlame","TheCursedMod:FleshFromBone"],"picked":"TheCursedMod:BloodBarrier","floor":6.0},{"not_picked":["TheCursedMod:BlessingInDisguise","TheCursedMod:EmpowerCircles+1"],"picked":"TheCursedMod:StunningStrike","floor":10.0},{"not_picked":["TheCursedMod:CircleOfCorruption","TheCursedMod:TacticalStrike"],"picked":"TheCursedMod:CursedShiv","floor":11.0},{"not_picked":["TheCursedMod:Evocation","TheCursedMod:SurpriseAttack"],"picked":"TheCursedMod:HellsGateOpen+1","floor":12.0},{"not_picked":["TheCursedMod:RapidMovement","TheCursedMod:FuryStrike"],"picked":"TheCursedMod:CursedRelics","floor":13.0},{"not_picked":["TheCursedMod:CircleOfFocus","TheCursedMod:CursedMace"],"picked":"TheCursedMod:PrepareRite","floor":14.0},{"not_picked":["TheCursedMod:OutForBlood+1","TheCursedMod:CircleOfAbyss"],"picked":"TheCursedMod:StunningStrike","floor":16.0},{"not_picked":["TheCursedMod:FleshFromBone","TheCursedMod:CursedShiv"],"picked":"TheCursedMod:CursedSpellbook","floor":18.0},{"not_picked":["TheCursedMod:CursedAmulet","TheCursedMod:LuckyCharm+1","TheCursedMod:RapidMovement+1"],"picked":"SKIP","floor":27.0},{"not_picked":["TheCursedMod:DarkBarrier","TheCursedMod:ParallelWorld"],"picked":"TheCursedMod:UltimatePain","floor":33.0},{"not_picked":["TheCursedMod:VitalStrike+1","TheCursedMod:PrepareRite+1","TheCursedMod:RapidMovement"],"picked":"SKIP","floor":35.0},{"not_picked":["TheCursedMod:CursedShiv","TheCursedMod:CircleOfFocus"],"picked":"TheCursedMod:AbyssShockwave","floor":44.0},{"not_picked":["TheCursedMod:RapidMovement","TheCursedMod:BlessingInDisguise+1","TheCursedMod:Wield"],"picked":"SKIP","floor":45.0},{"not_picked":["TheCursedMod:CursedShiv","TheCursedMod:Torture"],"picked":"TheCursedMod:TacticalStrike","floor":48.0}],"player_experience":400735,"relics_obtained":[{"floor":6.0,"key":"Bag of Marbles"},{"floor":9.0,"key":"Frozen Egg 2"},{"floor":10.0,"key":"Bronze Scales"},{"floor":13.0,"key":"HollowMod:LifeEnderRelic"},{"floor":24.0,"key":"ReplayFunnel"},{"floor":26.0,"key":"Blood Vial"},{"floor":40.0,"key":"Simple Rune"},{"floor":43.0,"key":"War Paint"},{"floor":46.0,"key":"Du-Vu Doll"}],"event_choices":[{"cards_removed":["TheCursedMod:Strike_TheCursed"],"damage_healed":0.0,"max_hp_gain":0.0,"max_hp_loss":0.0,"gold_gain":0.0,"event_name":"Golden Wing","player_choice":"Card Removal","floor":2.0,"gold_loss":0.0,"damage_taken":7.0},{"damage_healed":25.0,"max_hp_gain":0.0,"max_hp_loss":0.0,"gold_gain":0.0,"event_name":"Big Fish","player_choice":"Banana","floor":4.0,"gold_loss":0.0,"damage_taken":0.0},{"damage_healed":0.0,"max_hp_gain":0.0,"max_hp_loss":0.0,"gold_gain":0.0,"event_name":"Scrap Ooze","player_choice":"Success","floor":7.0,"gold_loss":0.0,"damage_taken":7.0,"relics_obtained":["Potion Belt"]},{"damage_healed":0.0,"max_hp_gain":0.0,"max_hp_loss":0.0,"gold_gain":0.0,"event_name":"Ghosts","player_choice":"Ignored","floor":20.0,"gold_loss":0.0,"damage_taken":0.0},{"cards_removed":["TheCursedMod:UltimatePain"],"damage_healed":34.0,"max_hp_gain":10.0,"max_hp_loss":0.0,"gold_gain":0.0,"event_name":"Bonfire Elementals","player_choice":"Offered Rare","floor":36.0,"gold_loss":0.0,"damage_taken":0.0},{"damage_healed":0.0,"max_hp_gain":0.0,"max_hp_loss":0.0,"gold_gain":0.0,"event_name":"MindBloom","player_choice":"Fight","floor":46.0,"gold_loss":0.0,"damage_taken":0.0},{"damage_healed":0.0,"max_hp_gain":0.0,"max_hp_loss":4.0,"gold_gain":0.0,"event_name":"Winding Halls","player_choice":"Max HP","floor":47.0,"gold_loss":0.0,"damage_taken":0.0},{"damage_healed":0.0,"max_hp_gain":0.0,"max_hp_loss":0.0,"gold_gain":0.0,"event_name":"The Moai Head","player_choice":"Ignored","floor":49.0,"gold_loss":0.0,"damage_taken":0.0}],"is_beta":false,"boss_relics":[{"not_picked":["Busted Crown","Astrolabe"],"picked":"Philosopher\u0027s Stone"},{"not_picked":["TheCursedMod:BlackMagicAdvanced","Runesmith:UraniumAnvil"],"picked":"Empty Cage"}],"items_purged_floors":[19,37],"is_endless":false,"potions_floor_spawned":[1,5,10,12,14,18,22,33,35,39,40,45],"ascension_level":0}}