{"host":"fevvm7bbzuh4s1jc","time":1613675418,"event":{"mods":["BaseMod","Highlight Path","Minty Spire (QoL Compilation)","Relic Stats"],"gold_per_floor":[111,121,271,23,23,23,35,55,109,109,119,154,154,173,173,251,251,264,314,332,349,67,98,117,117,140,140,40,65,65,98,98,173,173,192,192,1191,1191,819,850,230,256,256,281,294,325,338,352,352,352,352,352,352,14,43,43],"floor_reached":57,"language":"ENG","playtime":4140,"items_purged":["Doubt","Seeing Red","Normality","Normality"],"score":2946,"play_id":"17144e67-ae2d-49cb-9136-d535c119c54d","local_time":"20210218141018","is_ascension_mode":true,"campfire_choices":[{"data":"Whirlwind","floor":6.0,"key":"SMITH"},{"data":"Rampage","floor":13.0,"key":"SMITH"},{"data":"Shockwave","floor":15.0,"key":"SMITH"},{"floor":27,"key":"REST"},{"floor":32,"key":"REST"},{"floor":49,"key":"RECALL"},{"data":"Limit Break","floor":53,"key":"SMITH"}],"circlet_count":0,"master_deck":["AscendersBane","Shockwave+1","Corruption","Second Wind","Twin Strike","Intimidate","Whirlwind+1","Armaments","Metallicize+1","True Grit","Shrug It Off","Dropkick+1","Rampage+1","Impervious","Exhume","Shrug It Off","Clothesline","Necronomicurse","Evolve","Limit Break+1","Dark Embrace","Offering","Exhume","Master of Strategy"],"relics":["Pandora\u0027s Box","Toolbox","Happy Flower","Centennial Puzzle","Sozu","Mummified Hand","Bottled Flame","Lantern","Ginger","Necronomicon","Question Card","SlaversCollar","Oddly Smooth Stone","The Courier","Anchor","Chemical X","Pocketwatch","Vajra","Toy Ornithopter","Eternal Feather","Membership Card","Incense Burner","Boot"],"acts_visited":["Exordium","TheCity","TheBeyond","TheEnding"],"potions_floor_usage":[50,56],"damage_taken":[{"damage":7.0,"enemies":"Small Slimes","floor":1.0,"turns":2.0},{"damage":2.0,"enemies":"Jaw Worm","floor":2.0,"turns":3.0},{"damage":0.0,"enemies":"2 Louse","floor":7.0,"turns":2.0},{"damage":12.0,"enemies":"Large Slime","floor":8.0,"turns":5.0},{"damage":0.0,"enemies":"Looter","floor":11.0,"turns":3.0},{"damage":13.0,"enemies":"3 Sentries","floor":12.0,"turns":4.0},{"damage":0.0,"enemies":"3 Louse","floor":14.0,"turns":1.0},{"damage":6.0,"enemies":"Hexaghost","floor":16.0,"turns":9.0},{"damage":11.0,"enemies":"2 Thieves","floor":18.0,"turns":4.0},{"damage":4,"enemies":"Shell Parasite","floor":20,"turns":4},{"damage":17,"enemies":"Cultist and Chosen","floor":21,"turns":5},{"damage":0,"enemies":"Gremlin Leader","floor":23,"turns":5},{"damage":0,"enemies":"Centurion and Healer","floor":24,"turns":5},{"damage":2,"enemies":"Book of Stabbing","floor":29,"turns":5},{"damage":0,"enemies":"Gremlin Leader","floor":31,"turns":4},{"damage":8,"enemies":"Champ","floor":33,"turns":9},{"damage":0,"enemies":"3 Darklings","floor":35,"turns":1},{"damage":2,"enemies":"Giant Head","floor":40,"turns":5},{"damage":0,"enemies":"Reptomancer","floor":42,"turns":2},{"damage":0,"enemies":"3 Shapes","floor":45,"turns":5},{"damage":0,"enemies":"Giant Head","floor":46,"turns":4},{"damage":12,"enemies":"Maw","floor":47,"turns":4},{"damage":6,"enemies":"Sphere and 2 Shapes","floor":48,"turns":5},{"damage":22,"enemies":"Time Eater","floor":50,"turns":8},{"damage":24,"enemies":"Awakened One","floor":51,"turns":6},{"damage":2,"enemies":"Shield and Spear","floor":55,"turns":4},{"damage":78,"enemies":"The Heart","floor":56,"turns":8}],"seed_played":"-4771262442635224327","potions_obtained":[{"floor":1.0,"key":"SpeedPotion"},{"floor":2.0,"key":"GamblersBrew"}],"is_trial":false,"path_per_floor":["M","M","?","$","?","R","M","M","T","?","M","E","R","M","R","B",null,"M","?","M","M","$","E","M","?","T","R","$","E","?","E","R","B",null,"M","?","?","?","$","E","$","E","T","T","M","E","M","M","R","B","B",null,"R","$","E","B",null],"character_chosen":"IRONCLAD","items_purchased":["Toolbox","Mummified Hand","Dark Embrace","Oddly Smooth Stone","Anchor","Chemical X","Pocketwatch","Membership Card","Incense Burner","Master of Strategy"],"campfire_rested":2,"item_purchase_floors":[4,22,39,39,41,41,41,54,54,54],"current_hp_per_floor":[61,59,59,59,64,64,64,52,52,28,28,15,15,15,15,9,62,51,51,47,30,30,30,30,30,30,54,54,52,31,31,55,47,72,72,72,72,72,72,70,70,70,70,70,70,70,58,52,64,47,23,66,78,78,76,3],"gold":43,"neow_bonus":"BOSS_RELIC","is_daily":false,"chose_seed":false,"campfire_upgraded":4,"win_rate":0.0,"timestamp":1613675418,"path_taken":["M","M","?","$","?","R","M","M","T","?","M","E","R","M","R","BOSS","M","?","M","M","$","E","M","?","T","R","$","E","?","E","R","BOSS","M","?","?","?","$","E","$","E","T","?","M","E","M","M","R","BOSS","BOSS","R","$","E","BOSS"],"items_purchased_type":["Relic","Relic","Card","Relic","Relic","Relic","Relic","Relic","Relic","Card"],"build_version":"2020-12-22","purchased_purges":4,"victory":true,"max_hp_per_floor":[75,75,75,75,80,80,80,80,80,80,80,80,80,80,80,80,80,80,80,80,80,80,80,80,80,80,80,80,80,80,80,80,80,80,80,80,80,80,80,80,80,80,80,80,80,80,80,80,80,80,80,80,80,80,80,80],"relic_stats":{"Happy Flower":[36],"counters":[27,122],"Eternal Feather":24,"Ginger":[14],"Question Card":9,"Boot":[0],"Sozu":5,"Centennial Puzzle":[39],"Mummified Hand":[55],"Pandora\u0027s Box":["Shockwave","Corruption","Second Wind","Entrench","Twin Strike","Intimidate","Reckless Charge","Whirlwind","Armaments"],"Necronomicon":[33],"Chemical X":[26],"obtain_stats":[{"Lantern":26,"Happy Flower":9,"Oddly Smooth Stone":39,"Vajra":42,"Eternal Feather":46,"The Courier":40,"Incense Burner":54,"Ginger":29,"Question Card":31,"Boot":55,"Burning Blood":0,"Sozu":17,"SlaversCollar":34,"Centennial Puzzle":12,"Bottled Flame":23,"Anchor":41,"Mummified Hand":22,"Toolbox":4,"Pandora\u0027s Box":0,"Necronomicon":30,"Chemical X":41,"Membership Card":54,"Toy Ornithopter":44,"Pocketwatch":41},{"Lantern":13,"Happy Flower":4,"Oddly Smooth Stone":17,"Vajra":19,"Eternal Feather":21,"The Courier":18,"Incense Burner":25,"Ginger":14,"Question Card":15,"Boot":26,"Burning Blood":0,"Sozu":8,"SlaversCollar":16,"Centennial Puzzle":6,"Bottled Flame":12,"Anchor":18,"Mummified Hand":11,"Toolbox":2,"Pandora\u0027s Box":0,"Necronomicon":14,"Chemical X":18,"Membership Card":25,"Toy Ornithopter":19,"Pocketwatch":18},{"Lantern":52,"Happy Flower":12,"Oddly Smooth Stone":71,"Vajra":78,"Eternal Feather":87,"The Courier":76,"Incense Burner":110,"Ginger":57,"Question Card":61,"Boot":114,"Burning Blood":0,"Sozu":29,"SlaversCollar":70,"Centennial Puzzle":19,"Bottled Flame":47,"Anchor":76,"Mummified Hand":42,"Toolbox":5,"Pandora\u0027s Box":0,"Necronomicon":57,"Chemical X":76,"Membership Card":110,"Toy Ornithopter":78,"Pocketwatch":76}],"Toy Ornithopter":10,"Pocketwatch":[30]},"card_choices":[{"not_picked":["Dual Wield","Anger"],"picked":"Metallicize","floor":1.0},{"not_picked":["Perfected Strike","Armaments"],"picked":"True Grit","floor":2.0},{"not_picked":["Second Wind","Brutality"],"picked":"Shrug It Off","floor":7.0},{"not_picked":["Havoc","Flex"],"picked":"Dropkick","floor":8.0},{"not_picked":["Havoc","Thunderclap"],"picked":"Rampage","floor":11.0},{"not_picked":["Armaments","True Grit"],"picked":"Impervious","floor":12.0},{"not_picked":["Rage","Thunderclap","Perfected Strike"],"picked":"SKIP","floor":14.0},{"not_picked":["Bludgeon","Fiend Fire"],"picked":"Exhume","floor":16.0},{"not_picked":["Cleave","Infernal Blade","Sword Boomerang"],"picked":"SKIP","floor":18},{"not_picked":["Havoc+1","Flex"],"picked":"Shrug It Off","floor":20},{"not_picked":["Pommel Strike","Entrench","Perfected Strike"],"picked":"SKIP","floor":21},{"not_picked":["Infernal Blade","Headbutt","Corruption"],"picked":"SKIP","floor":23},{"not_picked":["Flex","Fire Breathing+1","Inflame"],"picked":"SKIP","floor":24},{"not_picked":["Armaments","Bloodletting+1","Searing Blow"],"picked":"SKIP","floor":29},{"not_picked":["Anger+1","Cleave"],"picked":"Evolve","floor":31},{"not_picked":["Double Tap","Fiend Fire","Corruption"],"picked":"Limit Break","floor":33},{"not_picked":["Cleave+1","Seeing Red+1","Fire Breathing","True Grit"],"picked":"SKIP","floor":35},{"not_picked":["Body Slam","Heavy Blade","Iron Wave","Carnage"],"picked":"SKIP","floor":40},{"not_picked":["Cleave","Metallicize+1","Shrug It Off"],"picked":"Offering","floor":42},{"not_picked":["Carnage+1","Thunderclap+1","Headbutt","Twin Strike"],"picked":"SKIP","floor":45},{"not_picked":["Pommel Strike","Clash","Wild Strike","Anger"],"picked":"SKIP","floor":46},{"not_picked":["Pommel Strike","Rage","Armaments+1","Metallicize+1"],"picked":"SKIP","floor":47},{"not_picked":["Clash+1","Seeing Red","Perfected Strike"],"picked":"Exhume","floor":48},{"not_picked":["Dropkick","Reckless Charge","Evolve","Cleave+1"],"picked":"SKIP","floor":55}],"player_experience":2841913,"relics_obtained":[{"floor":9.0,"key":"Happy Flower"},{"floor":12.0,"key":"Centennial Puzzle"},{"floor":23,"key":"Bottled Flame"},{"floor":26,"key":"Lantern"},{"floor":29,"key":"Ginger"},{"floor":30,"key":"Necronomicon"},{"floor":31,"key":"Question Card"},{"floor":40,"key":"The Courier"},{"floor":42,"key":"Vajra"},{"floor":44,"key":"Toy Ornithopter"},{"floor":46,"key":"Eternal Feather"},{"floor":55,"key":"Boot"}],"event_choices":[{"damage_healed":0.0,"max_hp_gain":0.0,"max_hp_loss":0.0,"gold_gain":150.0,"event_name":"Liars Game","player_choice":"AGREE","floor":3.0,"gold_loss":0.0,"damage_taken":0.0,"cards_obtained":["Doubt"]},{"damage_healed":0.0,"max_hp_gain":5.0,"max_hp_loss":0.0,"gold_gain":0.0,"event_name":"Big Fish","player_choice":"Donut","floor":5.0,"gold_loss":0.0,"damage_taken":0.0},{"damage_healed":0.0,"max_hp_gain":0.0,"max_hp_loss":0.0,"gold_gain":0.0,"event_name":"Shining Light","player_choice":"Entered Light","floor":10.0,"gold_loss":0.0,"damage_taken":24.0,"cards_upgraded":["Dropkick","Metallicize"]},{"damage_healed":0,"gold_gain":50,"player_choice":"Stole From Cult","damage_taken":0,"max_hp_gain":0,"max_hp_loss":0,"event_name":"Nest","floor":19,"gold_loss":0},{"damage_healed":0,"gold_gain":0,"cards_transformed":["Reckless Charge","Entrench"],"player_choice":"Became Test Subject","damage_taken":0,"max_hp_gain":0,"max_hp_loss":0,"event_name":"Drug Dealer","floor":25,"gold_loss":0,"cards_obtained":["Clothesline","Seeing Red"]},{"damage_healed":0,"gold_gain":0,"player_choice":"Obtained Book","damage_taken":21,"max_hp_gain":0,"max_hp_loss":0,"event_name":"Cursed Tome","floor":30,"gold_loss":0},{"cards_removed":["Bash"],"damage_healed":0,"gold_gain":0,"player_choice":"Removed Attack","damage_taken":0,"max_hp_gain":0,"max_hp_loss":0,"event_name":"Falling","floor":36,"gold_loss":0},{"damage_healed":0,"gold_gain":999,"player_choice":"Gold","damage_taken":0,"max_hp_gain":0,"max_hp_loss":0,"event_name":"MindBloom","floor":37,"gold_loss":0,"cards_obtained":["Normality","Normality"]},{"damage_healed":0,"gold_gain":0,"player_choice":"Ignored","damage_taken":0,"max_hp_gain":0,"max_hp_loss":0,"event_name":"Tomb of Lord Red Mask","floor":38,"gold_loss":0}],"is_beta":false,"boss_relics":[{"not_picked":["Black Star","SacredBark"],"picked":"Sozu"},{"not_picked":["Fusion Hammer","Astrolabe"],"picked":"SlaversCollar"}],"items_purged_floors":[4,28,39,41],"is_endless":false,"potions_floor_spawned":[1,2,18,21,23,35,45,48],"ascension_level":20}}