{"host":"4lqqtboa3hvdze4c","time":1613625131,"event":{"mods":["AchievementEnabler","BaseMod","BetterRewards","Colored Map","DeckTracker","Minty Spire (QoL Compilation)","Permanent Neow","SuperFastMode"],"gold_per_floor":[11,25,42,58,58,88,88,114,114,146,146,221,221,254,254,352,352,372,404,344,344],"floor_reached":20,"language":"KOR","playtime":2022,"items_purged":[],"score":236,"play_id":"da7ee0bb-b12d-4c1f-8cb5-a311a52c8bed","local_time":"20210218141211","is_ascension_mode":true,"campfire_choices":[{"floor":7,"key":"REST"},{"floor":15,"key":"REST"}],"circlet_count":0,"master_deck":["Strike_B","Strike_B","Strike_B","Defend_B","Defend_B","Defend_B","Defend_B","Zap","Dualcast","Apotheosis","Rebound","Hologram","BootSequence","FTL","Beam Cell","FTL","Steam","Coolheaded","Creative AI","Compile Driver+1","Ball Lightning"],"relics":["FrozenCore","Regal Pillow","Juzu Bracelet","InkBottle","WingedGreaves","Boot","Ice Cream","Red Mask"],"acts_visited":["Exordium","TheCity"],"potions_floor_usage":[6,19,19],"damage_taken":[{"damage":9,"enemies":"2 Louse","floor":1,"turns":3},{"damage":0,"enemies":"Small Slimes","floor":2,"turns":2},{"damage":6,"enemies":"Jaw Worm","floor":3,"turns":3},{"damage":2,"enemies":"Looter","floor":4,"turns":3},{"damage":25,"enemies":"3 Sentries","floor":6,"turns":6},{"damage":15,"enemies":"Lagavulin","floor":8,"turns":6},{"damage":11,"enemies":"3 Sentries","floor":10,"turns":5},{"damage":0,"enemies":"Lagavulin","floor":14,"turns":5},{"damage":14,"enemies":"Hexaghost","floor":16,"turns":8},{"damage":32,"enemies":"3 Byrds","floor":18,"turns":8},{"damage":42,"enemies":"Masked Bandits","floor":19,"turns":5},{"damage":7,"enemies":"2 Thieves","floor":20,"turns":2}],"seed_played":"-7447280712827478121","potions_obtained":[{"floor":1,"key":"BlessingOfTheForge"},{"floor":3,"key":"BlessingOfTheForge"},{"floor":8,"key":"SteroidPotion"},{"floor":18,"key":"EssenceOfSteel"}],"is_trial":false,"path_per_floor":["M","M","M","M","?","E","R","E","T","E","?","?","?","E","R","B",null,"M","?","M"],"character_chosen":"DEFECT","items_purchased":[],"campfire_rested":2,"item_purchase_floors":[],"current_hp_per_floor":[66,66,60,58,63,38,77,62,62,51,33,22,15,15,54,40,80,48,6,0,0],"gold":344,"neow_bonus":"RANDOM_COLORLESS_2","is_daily":false,"chose_seed":false,"campfire_upgraded":0,"win_rate":0.0,"timestamp":1613625131,"path_taken":["M","M","M","M","?","E","R","E","T","E","?","?","?","E","R","BOSS","M","?","M"],"items_purchased_type":[],"build_version":"2020-12-22","purchased_purges":0,"victory":false,"max_hp_per_floor":[75,75,75,75,80,80,80,80,80,80,80,80,80,80,80,80,80,80,80,80,80],"card_choices":[{"not_picked":["Sadistic Nature","Secret Technique"],"picked":"Apotheosis","floor":0},{"not_picked":["Coolheaded","Capacitor"],"picked":"Rebound","floor":1},{"not_picked":["Conserve Battery","Sweeping Beam"],"picked":"Hologram","floor":2},{"not_picked":["Fusion","Rip and Tear"],"picked":"BootSequence","floor":3},{"not_picked":["Leap","Tempest"],"picked":"FTL","floor":4},{"not_picked":["Melter","Loop"],"picked":"Beam Cell","floor":6},{"not_picked":["Coolheaded","Biased Cognition"],"picked":"FTL","floor":8},{"not_picked":["Streamline","Auto Shields"],"picked":"Steam","floor":10},{"not_picked":["Capacitor","Consume"],"picked":"Coolheaded","floor":14},{"not_picked":["Echo Form","Buffer"],"picked":"Creative AI","floor":16},{"not_picked":["Capacitor","Loop"],"picked":"Compile Driver+1","floor":18},{"not_picked":["Compile Driver","Consume+1"],"picked":"Ball Lightning","floor":19}],"player_experience":57549,"relics_obtained":[{"floor":6,"key":"Regal Pillow"},{"floor":8,"key":"Juzu Bracelet"},{"floor":9,"key":"InkBottle"},{"floor":10,"key":"WingedGreaves"},{"floor":14,"key":"Ice Cream"},{"floor":19,"key":"Red Mask"}],"event_choices":[{"damage_healed":0,"gold_gain":0,"player_choice":"Donut","damage_taken":0,"max_hp_gain":5,"max_hp_loss":0,"event_name":"Big Fish","floor":5,"gold_loss":0},{"damage_healed":0,"gold_gain":0,"player_choice":"Success","damage_taken":18,"relics_obtained":["Boot"],"max_hp_gain":0,"max_hp_loss":0,"event_name":"Scrap Ooze","floor":11,"gold_loss":0},{"damage_healed":0,"gold_gain":75,"player_choice":"Gather Gold","damage_taken":11,"max_hp_gain":0,"max_hp_loss":0,"event_name":"World of Goop","floor":12,"gold_loss":0},{"cards_removed":["Strike_B"],"damage_healed":0,"gold_gain":0,"player_choice":"Card Removal","damage_taken":7,"max_hp_gain":0,"max_hp_loss":0,"event_name":"Golden Wing","floor":13,"gold_loss":0},{"damage_healed":0,"gold_gain":0,"player_choice":"Fought Bandits","damage_taken":0,"max_hp_gain":0,"max_hp_loss":0,"event_name":"Masked Bandits","floor":19,"gold_loss":0}],"is_beta":false,"boss_relics":[{"not_picked":["Empty Cage","Runic Dome"],"picked":"FrozenCore"}],"items_purged_floors":[],"is_endless":false,"potions_floor_spawned":[1,3,8,18],"killed_by":"2 Thieves","ascension_level":1}}