{"host":"n08mv44ohivl39d9","time":1613622926,"event":{"mods":["BaseMod","Bestiary","Highlight Path","Minty Spire (QoL Compilation)","Relic Stats"],"gold_per_floor":[114,114,133,83,34,72,72,72,97,116,135,135,154,173,173,298,298,317,336,355,374,374,374,412,445,520,539,558,577,375,394,394,519,519,538,557,620,639,658,658,106,106,106,125,144,144,182,201,201,201],"floor_reached":51,"language":"ENG","playtime":1576,"items_purged":["Anger","Normality"],"score":957,"play_id":"d928efeb-e09f-44de-ad78-fdb2fcb54547","local_time":"20210217223526","daily_mods":["Cursed Run","Uncertain Future","Lethality"],"is_ascension_mode":false,"campfire_choices":[{"data":"Heavy Blade","floor":7,"key":"SMITH"},{"data":"Inflame","floor":12,"key":"SMITH"},{"data":"Defend_R","floor":15,"key":"SMITH"},{"data":"Rage","floor":23,"key":"SMITH"},{"data":"True Grit","floor":32,"key":"SMITH"},{"data":"1","floor":40,"key":"LIFT"},{"data":"2","floor":46,"key":"LIFT"},{"data":"3","floor":49,"key":"LIFT"}],"circlet_count":0,"master_deck":["Defend_R+1","Defend_R+1","Bash+1","Cleave","Injury","Heavy Blade+1","Inflame+1","Injury","Heavy Blade+1","Sword Boomerang+1","Headbutt+1","Pain","Immolate+1","Rage+1","Sword Boomerang+1","Pummel+1","Shockwave","Bite+1","Bite+1","Bite+1","Bite+1","Bite+1","Decay","Second Wind","True Grit+1","Pummel+1","Limit Break","Whirlwind+1","Shrug It Off","CurseOfTheBell","Heavy Blade+1","Limit Break","Secret Weapon","Regret","Offering","Ghostly Armor+1","Shrug It Off+1","Normality"],"relics":["Cursed Key","Darkstone Periapt","Du-Vu Doll","Golden Idol","Molten Egg 2","Smiling Mask","Runic Dome","Strawberry","Red Mask","Bottled Tornado","Calling Bell","Oddly Smooth Stone","Eternal Feather","Girya","Ice Cream","Brimstone","Boot","Art of War"],"acts_visited":["Exordium","TheCity","TheBeyond"],"potions_floor_usage":[11,20,24,27,28,33,44,50,50,50],"damage_taken":[{"damage":4,"enemies":"Jaw Worm","floor":1,"turns":2},{"damage":0,"enemies":"2 Louse","floor":3,"turns":1},{"damage":17,"enemies":"Gremlin Nob","floor":6,"turns":3},{"damage":0,"enemies":"Cultist","floor":10,"turns":2},{"damage":0,"enemies":"Looter","floor":11,"turns":1},{"damage":0,"enemies":"Blue Slaver","floor":13,"turns":1},{"damage":9,"enemies":"Exordium Wildlife","floor":14,"turns":2},{"damage":22,"enemies":"The Guardian","floor":16,"turns":3},{"damage":16,"enemies":"Chosen","floor":18,"turns":2},{"damage":20,"enemies":"3 Byrds","floor":19,"turns":2},{"damage":16,"enemies":"Shelled Parasite and Fungi","floor":20,"turns":3},{"damage":8,"enemies":"Cultist and Chosen","floor":21,"turns":2},{"damage":10,"enemies":"Book of Stabbing","floor":24,"turns":2},{"damage":4,"enemies":"Masked Bandits","floor":25,"turns":2},{"damage":0,"enemies":"Snake Plant","floor":27,"turns":1},{"damage":0,"enemies":"Chosen and Byrds","floor":28,"turns":2},{"damage":12,"enemies":"Cultist and Chosen","floor":29,"turns":2},{"damage":4,"enemies":"Snake Plant","floor":31,"turns":2},{"damage":16,"enemies":"Automaton","floor":33,"turns":3},{"damage":8,"enemies":"3 Darklings","floor":35,"turns":2},{"damage":6,"enemies":"Orb Walker","floor":36,"turns":2},{"damage":0,"enemies":"Mind Bloom Boss Battle","floor":37,"turns":2},{"damage":13,"enemies":"Writhing Mass","floor":38,"turns":3},{"damage":0,"enemies":"Jaw Worm Horde","floor":39,"turns":1},{"damage":38,"enemies":"4 Shapes","floor":44,"turns":3},{"damage":6,"enemies":"3 Darklings","floor":45,"turns":1},{"damage":3,"enemies":"Reptomancer","floor":47,"turns":2},{"damage":0,"enemies":"Jaw Worm Horde","floor":48,"turns":2},{"damage":11,"enemies":"Awakened One","floor":50,"turns":4}],"seed_played":"-4060160915487772418","potions_obtained":[{"floor":1,"key":"FearPotion"},{"floor":6,"key":"Fire Potion"},{"floor":10,"key":"Dexterity Potion"},{"floor":14,"key":"Fire Potion"},{"floor":19,"key":"SkillPotion"},{"floor":20,"key":"PowerPotion"},{"floor":21,"key":"Regen Potion"},{"floor":25,"key":"DistilledChaos"},{"floor":27,"key":"SkillPotion"},{"floor":35,"key":"HeartOfIron"},{"floor":37,"key":"Block Potion"},{"floor":38,"key":"DistilledChaos"},{"floor":45,"key":"SteroidPotion"}],"is_trial":false,"path_per_floor":["M","?","M","?","$","E","R","?","T","M","M","R","M","M","R","B",null,"M","M","M","M","?","R","E","?","T","M","M","M","$","M","R","B",null,"M","M","?","M","M","R","$","?","T","M","M","R","E","M","R","B",null],"character_chosen":"IRONCLAD","items_purchased":["Heavy Blade","Limit Break","Whirlwind+1","Brimstone","Limit Break","Secret Weapon"],"campfire_rested":0,"item_purchase_floors":[5,30,30,41,41,41],"current_hp_per_floor":[76,82,82,82,82,65,65,48,54,54,54,54,54,45,45,29,98,82,62,46,38,38,38,52,51,57,57,60,54,54,56,56,52,93,85,82,88,81,84,93,93,93,99,64,61,82,85,88,99,97],"gold":201,"neow_bonus":"","is_daily":true,"chose_seed":false,"campfire_upgraded":5,"win_rate":0.0,"timestamp":1613622926,"path_taken":["M","?","M","?","$","E","R","?","T","M","M","R","M","M","R","BOSS","M","M","M","M","?","R","E","?","T","M","M","?","$","M","R","BOSS","M","M","?","M","M","R","$","?","T","?","M","R","E","M","R","BOSS"],"items_purchased_type":["Card","Card","Card","Relic","Card","Card"],"build_version":"2020-12-22","purchased_purges":2,"victory":true,"max_hp_per_floor":[80,86,86,86,86,86,86,86,92,92,92,92,92,92,92,98,98,98,98,98,98,68,68,75,75,81,81,81,81,81,81,81,87,93,93,93,93,93,93,93,93,93,99,99,99,99,99,99,99,105],"relic_stats":{"Darkstone Periapt":48,"counters":[29,60],"Golden Idol":199,"Eternal Feather":41,"Art of War":[0],"Cursed Key":3,"Smiling Mask":75,"Boot":[0],"obtain_stats":[{"Darkstone Periapt":0,"Ice Cream":37,"Girya":34,"Golden Idol":2,"Oddly Smooth Stone":34,"Eternal Feather":34,"Bottled Tornado":26,"Cursed Key":0,"Smiling Mask":9,"Boot":43,"Du-Vu Doll":0,"Calling Bell":34,"Runic Dome":17,"Brimstone":41,"Strawberry":24,"Molten Egg 2":6,"Red Mask":25,"Art of War":47},{"Darkstone Periapt":0,"Ice Cream":22,"Girya":19,"Golden Idol":1,"Oddly Smooth Stone":19,"Eternal Feather":19,"Bottled Tornado":14,"Cursed Key":0,"Smiling Mask":3,"Boot":24,"Du-Vu Doll":0,"Calling Bell":19,"Runic Dome":8,"Brimstone":24,"Strawberry":13,"Molten Egg 2":3,"Red Mask":14,"Art of War":27},{"Darkstone Periapt":0,"Ice Cream":44,"Girya":38,"Golden Idol":2,"Oddly Smooth Stone":38,"Eternal Feather":38,"Bottled Tornado":28,"Cursed Key":0,"Smiling Mask":6,"Boot":48,"Du-Vu Doll":0,"Calling Bell":38,"Runic Dome":15,"Brimstone":48,"Strawberry":26,"Molten Egg 2":6,"Red Mask":28,"Art of War":54}]},"card_choices":[{"not_picked":["Spot Weakness","Evolve"],"picked":"Cleave","floor":1},{"not_picked":["Body Slam","Sentinel"],"picked":"Anger","floor":3},{"not_picked":["Inflame","Entrench","Body Slam+1"],"picked":"SKIP","floor":6},{"not_picked":["Entrench","Body Slam+1"],"picked":"Inflame","floor":6},{"not_picked":["True Grit","Warcry"],"picked":"Heavy Blade+1","floor":10},{"not_picked":["Reckless Charge+1","Clash+1","Sentinel"],"picked":"SKIP","floor":11},{"not_picked":["Rupture","Pommel Strike+1"],"picked":"Sword Boomerang+1","floor":13},{"not_picked":["Hemokinesis+1","Inflame"],"picked":"Headbutt+1","floor":14},{"not_picked":["Demon Form","Bludgeon+1"],"picked":"Immolate+1","floor":16},{"not_picked":["Inflame","Feel No Pain+1"],"picked":"Rage","floor":18},{"not_picked":["Wild Strike+1","Anger+1"],"picked":"Sword Boomerang+1","floor":19},{"not_picked":["Entrench+1","Wild Strike+1"],"picked":"Pummel+1","floor":20},{"not_picked":["Dark Embrace","Twin Strike+1"],"picked":"Shockwave","floor":21},{"not_picked":["Iron Wave+1","Infernal Blade","Body Slam+1"],"picked":"SKIP","floor":24},{"not_picked":["Headbutt+1","Searing Blow+1"],"picked":"Second Wind","floor":27},{"not_picked":["Power Through","Flex"],"picked":"True Grit","floor":28},{"not_picked":["Shrug It Off","Pommel Strike+1"],"picked":"Pummel+1","floor":29},{"not_picked":["Perfected Strike+1","Searing Blow+1"],"picked":"Shrug It Off","floor":31},{"not_picked":["Twin Strike+1","Clothesline+1"],"picked":"Heavy Blade+1","floor":35},{"not_picked":["Wild Strike+1","Bloodletting+1","Intimidate"],"picked":"SKIP","floor":36},{"not_picked":["Body Slam+1","Wild Strike+1","Flex"],"picked":"SKIP","floor":38},{"not_picked":["Warcry+1","Body Slam+1","Fire Breathing+1"],"picked":"SKIP","floor":39},{"not_picked":["Havoc","Shockwave+1"],"picked":"Offering","floor":44},{"not_picked":["Wild Strike+1","Bloodletting","Pommel Strike+1"],"picked":"SKIP","floor":45},{"not_picked":["Cleave+1","Inflame"],"picked":"Ghostly Armor+1","floor":47},{"not_picked":["Cleave+1","Hemokinesis+1"],"picked":"Shrug It Off+1","floor":48}],"player_experience":1464728,"relics_obtained":[{"floor":6,"key":"Molten Egg 2"},{"floor":9,"key":"Smiling Mask"},{"floor":24,"key":"Strawberry"},{"floor":25,"key":"Red Mask"},{"floor":26,"key":"Bottled Tornado"},{"floor":34,"key":"Oddly Smooth Stone"},{"floor":34,"key":"Eternal Feather"},{"floor":34,"key":"Girya"},{"floor":37,"key":"Ice Cream"},{"floor":43,"key":"Boot"},{"floor":47,"key":"Art of War"}],"event_choices":[{"damage_healed":0,"gold_gain":0,"player_choice":"Take Wound","damage_taken":0,"relics_obtained":["Golden Idol"],"max_hp_gain":0,"max_hp_loss":0,"event_name":"Golden Idol","floor":2,"gold_loss":0,"cards_obtained":["Injury"]},{"cards_removed":["Defend_R"],"damage_healed":0,"gold_gain":0,"player_choice":"Card Removal","damage_taken":0,"max_hp_gain":0,"max_hp_loss":0,"event_name":"The Cleric","floor":4,"gold_loss":50},{"damage_healed":0,"gold_gain":0,"player_choice":"Entered Light","damage_taken":17,"max_hp_gain":0,"max_hp_loss":0,"event_name":"Shining Light","floor":8,"gold_loss":0,"cards_upgraded":["Bash","Defend_R"]},{"damage_healed":0,"gold_gain":0,"player_choice":"Became a vampire","damage_taken":0,"max_hp_gain":0,"max_hp_loss":30,"event_name":"Vampires","floor":22,"gold_loss":0,"cards_obtained":["Bite","Bite","Bite","Bite","Bite"]},{"damage_healed":0,"gold_gain":0,"player_choice":"Fought Bandits","damage_taken":0,"max_hp_gain":0,"max_hp_loss":0,"event_name":"Masked Bandits","floor":25,"gold_loss":0},{"damage_healed":0,"gold_gain":0,"player_choice":"Fight","damage_taken":0,"max_hp_gain":0,"max_hp_loss":0,"event_name":"MindBloom","floor":37,"gold_loss":0},{"cards_removed":["Defend_R"],"damage_healed":0,"gold_gain":0,"player_choice":"Purged","damage_taken":0,"max_hp_gain":0,"max_hp_loss":0,"event_name":"Purifier","floor":42,"gold_loss":0}],"is_beta":false,"boss_relics":[{"not_picked":["SlaversCollar","Pandora\u0027s Box"],"picked":"Runic Dome"},{"not_picked":["Runic Pyramid","Fusion Hammer"],"picked":"Calling Bell"}],"items_purged_floors":[30,41],"is_endless":false,"potions_floor_spawned":[1,6,10,14,19,20,21,25,27,35,37,38,45,48],"ascension_level":0}}