{"host":"mo324zvkdr1xwprd","time":1613664821,"event":{"mods":["A Penny For Your Troubles","BaseMod","Better Note","Better Third Choice","BetterRewards","Hermit","Highlight Path","Hubris","Minty Spire (QoL Compilation)","Quick Restart","Rare Cards Sparkle","Shop Mod","StSLib","The Cursed","The Hierophant","The Servant 0.9.4","Transform Curses"],"gold_per_floor":[110,120,139,156,156,156,189,209,209,242,242,268,281,297,297,368,368,385,134,145,145,164,164,199,199,223,138,164,9,26,40,40,113,113,130,144,144,71,71,71,103,113,113,127,161,0,13,41,41,42,42,42,15,50,50,50],"floor_reached":55,"language":"ENG","playtime":2652,"items_purged":[],"score":2283,"play_id":"ccb2619e-6ba4-42e5-864d-b90ab6ec6fd9","local_time":"20210218161341","is_ascension_mode":true,"campfire_choices":[{"floor":6.0,"key":"REST"},{"data":"Apotheosis","floor":11.0,"key":"SMITH"},{"floor":15.0,"key":"RECALL"},{"floor":23.0,"key":"REST"},{"data":"hubris:StunningStrike","floor":32.0,"key":"SMITH"},{"data":"hubris:StunningStrike","floor":40.0,"key":"SMITH"},{"data":"Shockwave","floor":49.0,"key":"SMITH"},{"data":"Flex","floor":52.0,"key":"SMITH"}],"circlet_count":0,"master_deck":["AscendersBane","Strike_R","Strike_R","Strike_R","Strike_R","Strike_R","Defend_R","Defend_R","Defend_R","Bash","Cleave","Swift Strike","Iron Wave","hubris:SharpeningStone","Perfected Strike","Sword Boomerang","Cleave","Thunderclap","Anger","Flex+1","Thunderclap","Flex","Rage","Iron Wave","Pummel","Impervious","Perfected Strike","Bandage Up","Flex","Flame Barrier","Perfected Strike","Dropkick","hubris:StunningStrike+1","Power Through","Anger","Carnage","Exhume","Shrug It Off","Anger","Madness","Madness","Flame Barrier","Shockwave+1","Rage","Parasite","Inflame","Sword Boomerang","Flex+1","Pummel+1","True Grit","hubris:DuctTapeCard","Thunderclap"],"relics":["Burning Blood","hubris:GlazedTorus","Paper Frog","Charon\u0027s Ashes","Pen Nib","Incense Burner","hubris:PeanutButter","Darkstone Periapt","hubris:AstralHammer","Happy Flower","Oddly Smooth Stone","Blood Vial","hubris:Backtick","Ice Cream","hubris:TenFootPole","hubris:ChampionShield","Strawberry","Lizard Tail","hubris:SlimyHat","Cursed Key","hubris:Towel","Mercury Hourglass","hubris:DuctTape","hubris:Spice","Red Mask","Bottled Flame","Vajra"],"acts_visited":["Exordium","TheCity","TheBeyond","TheEnding"],"potions_floor_usage":[54,54,55],"damage_taken":[{"damage":0.0,"enemies":"2 Louse","floor":1.0,"turns":3.0},{"damage":0.0,"enemies":"Small Slimes","floor":2.0,"turns":2.0},{"damage":0.0,"enemies":"Jaw Worm","floor":3.0,"turns":1.0},{"damage":0.0,"enemies":"Looter","floor":4.0,"turns":3.0},{"damage":0.0,"enemies":"Gremlin Nob","floor":7.0,"turns":3.0},{"damage":0.0,"enemies":"Exordium Wildlife","floor":8.0,"turns":3.0},{"damage":7.0,"enemies":"3 Sentries","floor":10.0,"turns":3.0},{"damage":0.0,"enemies":"Gremlin Nob","floor":12.0,"turns":2.0},{"damage":0.0,"enemies":"2 Fungi Beasts","floor":13.0,"turns":2.0},{"damage":0.0,"enemies":"Looter","floor":14.0,"turns":2.0},{"damage":0.0,"enemies":"The Guardian","floor":16.0,"turns":6.0},{"damage":14.0,"enemies":"2 Thieves","floor":18.0,"turns":2.0},{"damage":8.0,"enemies":"Shell Parasite","floor":20.0,"turns":3.0},{"damage":0.0,"enemies":"Chosen and Byrds","floor":22.0,"turns":4.0},{"damage":10.0,"enemies":"Book of Stabbing","floor":24.0,"turns":5.0},{"damage":0.0,"enemies":"Gremlin Leader","floor":28.0,"turns":3.0},{"damage":0.0,"enemies":"Cultist and Chosen","floor":30.0,"turns":3.0},{"damage":0.0,"enemies":"Snecko","floor":31.0,"turns":5.0},{"damage":35.0,"enemies":"Champ","floor":33.0,"turns":10.0},{"damage":0.0,"enemies":"Orb Walker","floor":35.0,"turns":2.0},{"damage":0.0,"enemies":"3 Shapes","floor":36.0,"turns":3.0},{"damage":14.0,"enemies":"Reptomancer","floor":41.0,"turns":6.0},{"damage":0.0,"enemies":"3 Darklings","floor":42.0,"turns":3.0},{"damage":8.0,"enemies":"Jaw Worm Horde","floor":44.0,"turns":2.0},{"damage":0.0,"enemies":"Nemesis","floor":45.0,"turns":5.0},{"damage":0.0,"enemies":"Maw","floor":47.0,"turns":5.0},{"damage":0.0,"enemies":"Reptomancer","floor":48.0,"turns":6.0},{"damage":0.0,"enemies":"hubris:GrandSnecko","floor":50.0,"turns":8.0},{"damage":69,"enemies":"Shield and Spear","floor":54,"turns":5},{"damage":131,"enemies":"The Heart","floor":55,"turns":6}],"seed_played":"-6076872320257581273","potions_obtained":[{"floor":2.0,"key":"Swift Potion"},{"floor":3.0,"key":"SpeedPotion"},{"floor":8.0,"key":"Swift Potion"},{"floor":10.0,"key":"SkillPotion"},{"floor":12.0,"key":"Regen Potion"},{"floor":24.0,"key":"DuplicationPotion"},{"floor":28.0,"key":"BloodPotion"},{"floor":33.0,"key":"Ancient Potion"},{"floor":41.0,"key":"AttackPotion"},{"floor":47.0,"key":"Ancient Potion"},{"floor":48.0,"key":"LiquidBronze"},{"floor":54,"key":"BloodPotion"}],"is_trial":false,"path_per_floor":["M","M","M","M","?","R","E","M","T","E","R","E","M","M","R","B",null,"M","$","M","?","M","R","E","?","T","?","E","$","M","M","R","B",null,"M","M","?","$","?","R","E","M","T","M","E","?","M","E","R","B",null,"R","$","E","B"],"character_chosen":"IRONCLAD","items_purchased":["hubris:GlazedTorus","Paper Frog","Cleave","Pen Nib","Swift Strike","Iron Wave","Apotheosis","hubris:PeanutButter","Darkstone Periapt","Bandage Up","Flex","hubris:StunningStrike","Strength Potion","hubris:SlimyHat","Flame Barrier","True Grit"],"campfire_rested":2,"item_purchase_floors":[0,0,0,0,0,0,0,0,0,19,19,19,19,29,38,53],"current_hp_per_floor":[27,33,39,45,45,66,70,70,70,69,69,70,70,70,70,70,70,62,62,62,42,66,75,71,71,71,78,82,82,82,82,82,59,76,82,82,75,75,75,75,69,81,87,86,96,96,96,96,96,96,96,96,96,71,0,0],"gold":50,"neow_bonus":"","is_daily":false,"chose_seed":false,"campfire_upgraded":5,"win_rate":0.0,"timestamp":1613664821,"path_taken":["M","M","M","M","?","R","E","M","T","E","R","E","M","M","R","BOSS","M","$","M","?","M","R","E","?","T","?","E","?","?","M","R","BOSS","M","M","?","$","?","R","E","M","T","M","E","?","?","E","R","BOSS","R","$","E","BOSS"],"items_purchased_type":["Relic","Relic","Card","Relic","Card","Card","Card","Relic","Relic","Card","Card","Card","Potion","Relic","Card","Card"],"build_version":"2020-12-22","purchased_purges":0,"victory":false,"max_hp_per_floor":[70,70,70,70,70,70,70,70,70,70,70,70,70,70,70,70,70,70,70,70,75,75,75,75,75,75,82,82,82,82,82,82,82,82,82,82,82,82,82,82,82,82,88,88,96,96,96,96,96,96,96,96,96,96,96,96],"card_choices":[{"not_picked":["Iron Wave","Reckless Charge"],"picked":"Sword Boomerang","floor":1.0},{"not_picked":["Body Slam","Clothesline"],"picked":"Cleave","floor":2.0},{"not_picked":["Hemokinesis","Warcry"],"picked":"Thunderclap","floor":3.0},{"not_picked":["Battle Trance","Spot Weakness"],"picked":"Anger","floor":4.0},{"not_picked":["Fire Breathing","hubris:SharpeningStone"],"picked":"Flex","floor":7.0},{"not_picked":["Clash","Dropkick"],"picked":"Thunderclap","floor":8.0},{"not_picked":["Reaper","Hemokinesis"],"picked":"Flex","floor":10.0},{"not_picked":["Twin Strike","Armaments"],"picked":"Rage","floor":12.0},{"not_picked":["Clothesline","Clash"],"picked":"Iron Wave","floor":13.0},{"not_picked":["Sword Boomerang","Headbutt"],"picked":"Pummel","floor":14.0},{"not_picked":["Brutality","Double Tap"],"picked":"Impervious","floor":16.0},{"not_picked":["Headbutt+1","hubris:ReadiedAction+1"],"picked":"Perfected Strike","floor":18.0},{"not_picked":["Heavy Blade","Iron Wave"],"picked":"Flame Barrier","floor":20.0},{"not_picked":["Headbutt","Clothesline"],"picked":"Perfected Strike","floor":22.0},{"not_picked":["Bloodletting","Armaments"],"picked":"Dropkick","floor":24.0},{"not_picked":["Warcry","Clash"],"picked":"Power Through","floor":28.0},{"not_picked":["hubris:SharpeningStone+1","Battle Trance"],"picked":"Anger","floor":30.0},{"not_picked":["Flex","Clothesline"],"picked":"Carnage","floor":31.0},{"not_picked":["Limit Break","Double Tap"],"picked":"Exhume","floor":33.0},{"not_picked":["Iron Wave","Anger"],"picked":"Shrug It Off","floor":35.0},{"not_picked":["Dark Embrace","Entrench"],"picked":"Anger","floor":36.0},{"not_picked":["Warcry","Spot Weakness+1"],"picked":"Shockwave","floor":41.0},{"not_picked":["Sever Soul","Clothesline"],"picked":"Rage","floor":42.0},{"not_picked":["Disarm+1","Evolve+1"],"picked":"Inflame","floor":44.0},{"not_picked":["Searing Blow+1","Bloodletting"],"picked":"Sword Boomerang","floor":45.0},{"not_picked":["Power Through","Fire Breathing"],"picked":"Flex+1","floor":47.0},{"not_picked":["Body Slam","Clash"],"picked":"Pummel+1","floor":48.0},{"not_picked":["Havoc","Headbutt"],"picked":"Thunderclap","floor":54}],"player_experience":760477,"relics_obtained":[{"floor":7.0,"key":"Happy Flower"},{"floor":10.0,"key":"Oddly Smooth Stone"},{"floor":12.0,"key":"Blood Vial"},{"floor":24.0,"key":"hubris:TenFootPole"},{"floor":26.0,"key":"hubris:ChampionShield"},{"floor":28.0,"key":"Lizard Tail"},{"floor":41.0,"key":"Mercury Hourglass"},{"floor":43.0,"key":"hubris:DuctTape"},{"floor":45.0,"key":"hubris:Spice"},{"floor":48.0,"key":"Bottled Flame"},{"floor":54,"key":"Vajra"}],"event_choices":[{"damage_healed":0.0,"max_hp_gain":0.0,"max_hp_loss":0.0,"gold_gain":0.0,"event_name":"Golden Wing","player_choice":"Ignored","floor":5.0,"gold_loss":0.0,"damage_taken":0.0},{"damage_healed":0.0,"max_hp_gain":5.0,"max_hp_loss":0.0,"gold_gain":0.0,"event_name":"Forgotten Altar","player_choice":"Shed Blood","floor":21.0,"gold_loss":0.0,"damage_taken":25.0},{"damage_healed":0.0,"max_hp_gain":0.0,"max_hp_loss":0.0,"gold_gain":0.0,"event_name":"The Library","player_choice":"Read","floor":25.0,"gold_loss":0.0,"damage_taken":0.0,"cards_obtained":["hubris:StunningStrike"]},{"damage_healed":0.0,"max_hp_gain":0.0,"max_hp_loss":0.0,"gold_gain":0.0,"event_name":"Addict","player_choice":"Obtained Relic","floor":27.0,"gold_loss":85.0,"damage_taken":0.0,"relics_obtained":["Strawberry"]},{"damage_healed":0.0,"max_hp_gain":0.0,"max_hp_loss":0.0,"gold_gain":0.0,"event_name":"Winding Halls","player_choice":"Embrace Madness","floor":37.0,"gold_loss":0.0,"damage_taken":15.0,"cards_obtained":["Madness","Madness"]},{"damage_healed":0.0,"max_hp_gain":0.0,"max_hp_loss":0.0,"gold_gain":0.0,"event_name":"Tomb of Lord Red Mask","player_choice":"Paid","floor":46.0,"gold_loss":161.0,"damage_taken":0.0,"relics_obtained":["Red Mask"]}],"is_beta":false,"boss_relics":[{"not_picked":["hubris:Stopwatch","hubris:ScarierMask"],"picked":"hubris:Backtick"},{"not_picked":["Philosopher\u0027s Stone","SacredBark"],"picked":"Cursed Key"}],"items_purged_floors":[],"is_endless":false,"potions_floor_spawned":[2,3,8,10,12,24,28,33,41,42,47,48,54],"killed_by":"The Heart","ascension_level":15}}