{"host":"0z6l31g9ps0v9zzp","time":1613662498,"event":{"mods":["Act Like it!","BaseMod","CapriCore","Minty Spire (QoL Compilation)","MostiFishMod","StSLib","The Marked"],"gold_per_floor":[109,109,119,131,56,88,99,133,133,133,158,177,197,231,231,310,310,327,327,338,338,350,379,379,413,460,460,306,334,348,365,365,439,439,452,70,85,99,113,142,154,194,206,198,224,236,276,306,318,330,342,354,366,41,74,74],"floor_reached":57,"language":"ZHS","playtime":1951,"items_purged":["theMarked:Strike","theMarked:Strike"],"score":3718,"play_id":"24811b15-1b84-4899-8c24-ba9124275e58","local_time":"20210218233457","daily_mods":["Heirloom"],"is_ascension_mode":true,"campfire_choices":[{"data":"theMarked:SoldierOfQuellstein","floor":10,"key":"SMITH"},{"data":"theMarked:OneWithTheBlade","floor":15,"key":"SMITH"},{"data":"theMarked:Challenge","floor":24,"key":"SMITH"},{"data":"theMarked:RepellingDischarge","floor":27,"key":"SMITH"},{"data":"theMarked:ComboAttacks","floor":32,"key":"SMITH"},{"data":"theMarked:MagusForm","floor":46,"key":"SMITH"},{"floor":49,"key":"RECALL"},{"data":"theMarked:Strike","floor":53,"key":"SMITH"}],"circlet_count":0,"master_deck":["AscendersBane","theMarked:Strike","theMarked:Strike+1","theMarked:Defend","theMarked:Defend","theMarked:Defend","theMarked:Defend","theMarked:SoldierOfQuellstein+1","theMarked:OneWithTheBlade+1","theMarked:Challenge+1","theMarked:RepellingDischarge+1","theMarked:ComboAttacks+1","theMarked:MagusForm+1","theMarked:Toughness+1","Flash of Steel+1"],"relics":["theMarked:ArtifactOfAir","DaveBox","Turnip","PatriotShield","SynthV:TestCard","Kunai","Singing Bowl","Molten Egg 2","Anchor","Torii","Coffee Dripper","theMarked:VonisonLock","Bag of Preparation","Bronze Scales","Nunchaku","OneHitWonderSystem","Bottled Lightning","MawBank","ArrowTower","Frozen Egg 2","White Beast Statue"],"acts_visited":["Exordium","TheCity","TheBeyond","TheEnding"],"potions_floor_usage":[11,16,22,33,50,56],"damage_taken":[{"damage":0,"enemies":"2 Louse","floor":1,"turns":2},{"damage":0,"enemies":"Small Slimes","floor":3,"turns":2},{"damage":0,"enemies":"Jaw Worm","floor":4,"turns":1},{"damage":10,"enemies":"Lagavulin","floor":6,"turns":4},{"damage":0,"enemies":"Large Slime","floor":7,"turns":3},{"damage":4,"enemies":"3 Sentries","floor":8,"turns":5},{"damage":0,"enemies":"Lagavulin","floor":11,"turns":2},{"damage":0,"enemies":"Exordium Wildlife","floor":12,"turns":2},{"damage":0,"enemies":"Blue Slaver","floor":13,"turns":1},{"damage":0,"enemies":"3 Sentries","floor":14,"turns":5},{"damage":0,"enemies":"Slime Boss","floor":16,"turns":2},{"damage":0,"enemies":"Chosen","floor":18,"turns":2},{"damage":0,"enemies":"3 Byrds","floor":20,"turns":4},{"damage":0,"enemies":"Cultist and Chosen","floor":22,"turns":3},{"damage":4,"enemies":"Gremlin Leader","floor":23,"turns":3},{"damage":0,"enemies":"Book of Stabbing","floor":25,"turns":3},{"damage":0,"enemies":"Gremlin Leader","floor":29,"turns":7},{"damage":0,"enemies":"Snake Plant","floor":30,"turns":2},{"damage":0,"enemies":"Snecko","floor":31,"turns":2},{"damage":19,"enemies":"Collector","floor":33,"turns":5},{"damage":0,"enemies":"Orb Walker","floor":35,"turns":2},{"damage":0,"enemies":"3 Shapes","floor":37,"turns":3},{"damage":0,"enemies":"Jaw Worm Horde","floor":38,"turns":3},{"damage":0,"enemies":"3 Darklings","floor":39,"turns":4},{"damage":0,"enemies":"Reptomancer","floor":40,"turns":5},{"damage":0,"enemies":"Giant Head","floor":42,"turns":7},{"damage":0,"enemies":"Sphere and 2 Shapes","floor":45,"turns":3},{"damage":0,"enemies":"Reptomancer","floor":47,"turns":4},{"damage":0,"enemies":"Jaw Worm Horde","floor":48,"turns":3},{"damage":0,"enemies":"Donu and Deca","floor":50,"turns":6},{"damage":0,"enemies":"Awakened One","floor":51,"turns":10},{"damage":0,"enemies":"Shield and Spear","floor":55,"turns":5},{"damage":0,"enemies":"The Heart","floor":56,"turns":7}],"seed_played":"-8372996918948540000","potions_obtained":[{"floor":1,"key":"Energy Potion"},{"floor":3,"key":"Energy Potion"},{"floor":13,"key":"SpeedPotion"},{"floor":16,"key":"GamblersBrew"},{"floor":18,"key":"DistilledChaos"},{"floor":25,"key":"SmokeBomb"},{"floor":31,"key":"ColorlessPotion"},{"floor":33,"key":"PowerPotion"}],"is_trial":true,"path_per_floor":["M","?","M","M","?","E","M","E","T","R","E","M","M","E","R","B",null,"M","?","M","?","M","E","R","E","T","R","$","E","M","M","R","B",null,"M","$","M","M","M","E","?","E","T","?","M","R","E","M","R","B","B",null,"R","$","E","B",null],"character_chosen":"THE_DEFAULT","items_purchased":["theMarked:ComboAttacks","Bottled Lightning","theMarked:Toughness+1","Flash of Steel+1","LiquidMemories"],"campfire_rested":0,"item_purchase_floors":[28,36,54,54,54],"current_hp_per_floor":[61,61,61,61,61,51,51,49,49,49,51,53,55,57,57,57,73,75,52,52,52,54,52,52,54,54,54,54,56,58,60,60,41,1,3,1,3,3,3,3,1,3,1,1,3,1,3,3,1,1,1,1,1,1,3,1],"gold":74,"neow_bonus":"","is_daily":false,"chose_seed":false,"campfire_upgraded":7,"win_rate":0.0,"timestamp":1613662497,"path_taken":["M","?","M","M","?","E","M","E","T","R","E","M","M","E","R","BOSS","M","?","M","?","M","E","R","E","T","R","?","E","M","M","R","BOSS","M","$","M","M","M","E","?","E","T","?","?","R","E","M","R","BOSS","BOSS","R","$","E","BOSS"],"items_purchased_type":["Card","Relic","Card","Card","Potion"],"build_version":"2020-12-22","purchased_purges":2,"victory":true,"max_hp_per_floor":[68,68,68,68,68,68,68,70,70,70,72,74,76,78,78,78,78,80,85,85,85,87,89,89,91,91,91,91,93,95,97,97,97,1,3,1,3,3,3,3,1,3,1,1,3,1,3,3,1,1,1,1,1,1,3,1],"card_choices":[{"not_picked":["theMarked:Opportunist","theMarked:SwordAndMagic","theMarked:ElectricStrings"],"picked":"SKIP","floor":1},{"not_picked":["theMarked:WardOff","theMarked:AttractMetal","theMarked:Aftermath","theMarked:Frustration","theMarked:BanishingStrike"],"picked":"SKIP","floor":3},{"not_picked":["theMarked:GodGivenPower","theMarked:TwofoldDefense","theMarked:Frustration","theMarked:Aftermath","theMarked:ContemptForTheProud"],"picked":"SKIP","floor":4},{"not_picked":["theMarked:PowerFlow","theMarked:AttractMetal","theMarked:Determination","theMarked:Snap","theMarked:Maelstrom"],"picked":"SKIP","floor":6},{"not_picked":["theMarked:CreepingChasm","theMarked:Static","theMarked:RepellingDischarge","theMarked:WardOff"],"picked":"theMarked:OneWithTheBlade","floor":7},{"not_picked":["theMarked:EmpowerWeapon","theMarked:ElectricStrings","theMarked:SwordAndMagic","theMarked:WastefulAttack","theMarked:Heritage"],"picked":"Singing Bowl","floor":8},{"not_picked":["theMarked:WardOff","theMarked:ResourceFulStrike+1","theMarked:Memento","theMarked:EnhanceMovement","theMarked:EmpowerWeapon"],"picked":"Singing Bowl","floor":11},{"not_picked":["theMarked:Parkour+1","theMarked:TheMission","theMarked:BanishingStrike+1","theMarked:EmpowerWeapon","theMarked:RepellingDischarge"],"picked":"Singing Bowl","floor":12},{"not_picked":["theMarked:BanishingStrike+1","theMarked:Aftermath","theMarked:TakeOffHeels","theMarked:Parry","theMarked:SwordAndMagic+1"],"picked":"Singing Bowl","floor":13},{"not_picked":["theMarked:KeepCalmAndFight+1","theMarked:ChainLightning+1","theMarked:Improvise","theMarked:ResourceFulStrike+1","theMarked:AttractMetal"],"picked":"Singing Bowl","floor":14},{"not_picked":["theMarked:Defy+1","theMarked:MagusForm","theMarked:Levitate","theMarked:Vacuum+1"],"picked":"theMarked:Challenge","floor":16},{"not_picked":["theMarked:Frustration+1","theMarked:GodGivenPower+1","theMarked:OneWithTheBlade","theMarked:TheMission","theMarked:TwofoldDefense"],"picked":"Singing Bowl","floor":18},{"not_picked":["theMarked:TakeCover+1","theMarked:Frustration+1","theMarked:SwordAndMagic+1","theMarked:ChainLightning+1"],"picked":"theMarked:RepellingDischarge","floor":20},{"not_picked":["theMarked:Frustration+1","theMarked:TakeCover","theMarked:BanishingStrike+1","theMarked:TwofoldDefense","theMarked:ShockingTouch+1"],"picked":"Singing Bowl","floor":22},{"not_picked":["theMarked:Memento","theMarked:SwordAndMagic+1","theMarked:Levitate","theMarked:Friction","theMarked:ResourceFulStrike+1"],"picked":"Singing Bowl","floor":23},{"not_picked":["theMarked:WardOff","theMarked:Determination","theMarked:TakeCover","theMarked:HeightenedSenses+1","theMarked:RepellingDischarge+1"],"picked":"Singing Bowl","floor":25},{"not_picked":["theMarked:Generate","theMarked:WardOff","theMarked:ShockingTouch+1","theMarked:ElectricStrings+1","theMarked:Heritage"],"picked":"Singing Bowl","floor":29},{"not_picked":["theMarked:EmpowerWeapon","theMarked:WardOff","theMarked:PowerFlow","theMarked:RepellingDischarge","theMarked:MagusForm"],"picked":"Singing Bowl","floor":30},{"not_picked":["theMarked:WastefulAttack+1","theMarked:Frustration+1","theMarked:Parkour+1","theMarked:HeightenedSenses","theMarked:TakeCover"],"picked":"Singing Bowl","floor":31},{"not_picked":["theMarked:DispelDoubt+1","theMarked:EternalStudent","theMarked:UnarmedFury+1","theMarked:Challenge"],"picked":"theMarked:MagusForm","floor":33},{"not_picked":["theMarked:Parkour+1","theMarked:SwordAndMagic+1","theMarked:EmpowerWeapon+1","theMarked:TakeCover","theMarked:WardOff+1"],"picked":"Singing Bowl","floor":35},{"not_picked":["theMarked:Heritage+1","theMarked:ResourceFulStrike+1","theMarked:EmpowerWeapon","theMarked:KeepCalmAndFight+1","theMarked:HeightenedSenses+1"],"picked":"Singing Bowl","floor":37},{"not_picked":["theMarked:WardOff","theMarked:Indomitable","theMarked:WastefulAttack+1","theMarked:OneWithTheBlade","theMarked:GodGivenPower+1"],"picked":"Singing Bowl","floor":38},{"not_picked":["theMarked:MysticalArsenal","theMarked:ShockingTouch+1","theMarked:Determination","theMarked:TwofoldDefense+1","theMarked:HeightenedSenses"],"picked":"Singing Bowl","floor":39},{"not_picked":["theMarked:BanishingStrike+1","theMarked:RogueSparks","theMarked:GodGivenPower+1","theMarked:HeightenedSenses","theMarked:UnarmedFury+1"],"picked":"Singing Bowl","floor":40},{"not_picked":["theMarked:Convert+1","theMarked:SwordAndMagic+1","theMarked:StartUp+1","theMarked:MysticalArsenal","theMarked:MagusForm"],"picked":"Singing Bowl","floor":42},{"not_picked":["theMarked:MuscleMemory+1","theMarked:WastefulAttack+1","theMarked:ElectricStrings+1","theMarked:TakeCover","theMarked:ResourceFulStrike+1"],"picked":"Singing Bowl","floor":45},{"not_picked":["theMarked:TwofoldDefense","theMarked:Overthink","theMarked:ThrowWeapon+1","theMarked:HeightenedSenses","theMarked:Memento+1"],"picked":"Singing Bowl","floor":47},{"not_picked":["theMarked:Parkour+1","theMarked:TwofoldDefense","theMarked:Standoff+1","theMarked:WardOff+1","theMarked:BanishingStrike+1"],"picked":"Singing Bowl","floor":48},{"not_picked":["theMarked:TakeCover+1","theMarked:StartUp+1","theMarked:MuscleMemory+1","theMarked:EmpowerWeapon","theMarked:Snap+1"],"picked":"Singing Bowl","floor":55}],"player_experience":297077,"relics_obtained":[{"floor":1,"key":"SynthV:TestCard"},{"floor":6,"key":"Kunai"},{"floor":8,"key":"Singing Bowl"},{"floor":9,"key":"Molten Egg 2"},{"floor":11,"key":"Anchor"},{"floor":14,"key":"Torii"},{"floor":23,"key":"theMarked:VonisonLock"},{"floor":25,"key":"Bag of Preparation"},{"floor":26,"key":"Bronze Scales"},{"floor":29,"key":"Nunchaku"},{"floor":40,"key":"MawBank"},{"floor":42,"key":"ArrowTower"},{"floor":47,"key":"Frozen Egg 2"},{"floor":55,"key":"White Beast Statue"}],"event_choices":[{"damage_healed":0,"gold_gain":0,"player_choice":"Ignored","damage_taken":0,"max_hp_gain":0,"max_hp_loss":0,"event_name":"Liars Game","floor":2,"gold_loss":0},{"cards_removed":["theMarked:Strike"],"damage_healed":0,"gold_gain":0,"player_choice":"Card Removal","damage_taken":0,"max_hp_gain":0,"max_hp_loss":0,"event_name":"The Cleric","floor":5,"gold_loss":75},{"damage_healed":0,"gold_gain":0,"player_choice":"Shed Blood","damage_taken":28,"max_hp_gain":5,"max_hp_loss":0,"event_name":"Forgotten Altar","floor":19,"gold_loss":0},{"damage_healed":0,"gold_gain":0,"player_choice":"Ignored","damage_taken":0,"max_hp_gain":0,"max_hp_loss":0,"event_name":"The Mausoleum","floor":21,"gold_loss":0},{"damage_healed":0,"gold_gain":0,"player_choice":"Max HP","damage_taken":0,"max_hp_gain":0,"max_hp_loss":0,"event_name":"Winding Halls","floor":41,"gold_loss":0},{"damage_healed":0,"gold_gain":0,"player_choice":"Bought 1 Potion","damage_taken":0,"max_hp_gain":0,"max_hp_loss":0,"event_name":"The Woman in Blue","floor":44,"gold_loss":0}],"is_beta":false,"boss_relics":[{"not_picked":["ExusiaiGun","FeatherPendant"],"picked":"Coffee Dripper"},{"not_picked":["SacredBark","EE1DDrone"],"picked":"OneHitWonderSystem"}],"items_purged_floors":[28,36],"is_endless":false,"potions_floor_spawned":[1,3,8,13,16,18,25,29,31,33,35,38,42,47,48],"ascension_level":20}}