{"host":"n91kx4xj3dn3811n","time":1613634181,"event":{"mods":["Act Like it!","BaseMod","Better Third Choice","CapriCore","Colored Powertips","Downfall","Highlight Path","Marisa£®ÏF”Í°°ƒß¿Ì…≥£©","Minty Spire (QoL Compilation)","MostiFishMod","Quick Restart","Reimu£®≤©¿ˆ¡È√Œ£©","Remilia£®¿Ÿ√◊¿Ú—«£©","Spicy Shops","StSLib","The Cursed","The Immortal","The Servant 0.9.4","Waifu the Spire","≤–¡Ù÷ÆŒÔ","ÛÙª÷∏ƒœ"],"gold_per_floor":[99,119,133,133,147,157,157,177,196,196,222,2000,2000,2000,2000,2000,2000,1538,1556,1566,1580,1504,1524,1524,1368,1368,1386,1386,1402,1502,1552,1563,1660,1660,1960,1979,1992,2012,2025,2059,2059,2109,2125,2125,2138,2138,2186,2220,2240,2240],"floor_reached":51,"language":"ZHS","playtime":3648,"items_purged":["champ:MurderStrike+1"],"score":994,"play_id":"d206ccdd-0f30-40e6-be64-22292cf0705e","local_time":"20210218154301","is_ascension_mode":false,"campfire_choices":[{"data":"champ:Execute","floor":1,"key":"SMITH"},{"data":"champ:Duel","floor":10,"key":"SMITH"},{"floor":35,"key":"RECALL"}],"circlet_count":0,"master_deck":["champ:Strike","champ:Strike","champ:Strike","champ:Strike","champ:Defend","champ:Defend","champ:Defend","champ:Defend","champ:Execute+1","champ:Taunt+1","champ:RisingSlash","champ:Duel+1","champ:CalledShot","champ:Encircle","champ:Devastate+1","champ:ShieldSlam+1","champ:HoldFirm+1","champ:BringItOn","champ:UltimateStance+1","champ:DeathBlow","champ:StrikeOfGenius+1"],"relics":["champ:ChampionCrown","DaveBox","BrkXgEgg","Pear","HornCleat","PlaceholderMod:DeVermisMysteriis","Shuriken","Lee\u0027s Waffle","Mercury Hourglass","CaptainsWheel","BirthdayGift-Tetrahedron","Happy Flower","Regal Pillow","HandDrill","champ:DefensiveTrainingManual","Technique","GreenFoldingFan","RuthlessExorcism:ReiMu","Juzu Bracelet","ScarletDevilRocket","Bottled Lightning","downfall:KnowingSkull","downfall:GremlinWheel","Bag of Marbles","SlaversCollar","PreservedInsect","White Beast Statue","Torii","CatCart","Centennial Puzzle"],"acts_visited":["Exordium","TheCity","TheBeyond"],"potions_floor_usage":[],"damage_taken":[{"damage":16,"enemies":"2 Louse","floor":2,"turns":2},{"damage":21,"enemies":"Cultist","floor":3,"turns":3},{"damage":11,"enemies":"Jaw Worm","floor":5,"turns":4},{"damage":24,"enemies":"Blue Slaver","floor":6,"turns":4},{"damage":29,"enemies":"Large Slime","floor":8,"turns":5},{"damage":12,"enemies":"Exordium Thugs","floor":9,"turns":4},{"damage":54,"enemies":"3 Sentries","floor":11,"turns":7},{"damage":35,"enemies":"downfall:FleeingMerchant","floor":12,"turns":4},{"damage":1,"enemies":"downfall:LooterAlt","floor":14,"turns":1},{"damage":2,"enemies":"Large Slime","floor":15,"turns":2},{"damage":21,"enemies":"IC_STATUS_ARCHETYPE","floor":16,"turns":3},{"damage":6,"enemies":"Shell Parasite","floor":19,"turns":2},{"damage":17,"enemies":"3 Byrds","floor":20,"turns":2},{"damage":20,"enemies":"Snake Plant","floor":21,"turns":2},{"damage":30,"enemies":"downfall:FleeingMerchant","floor":22,"turns":3},{"damage":37,"enemies":"Shelled Parasite and Fungi","floor":23,"turns":2},{"damage":7,"enemies":"Sentry and Sphere","floor":27,"turns":2},{"damage":42,"enemies":"Centurion and Healer","floor":29,"turns":2},{"damage":27,"enemies":"Centurion and Healer","floor":30,"turns":2},{"damage":7,"enemies":"Shelled Parasite and Fungi","floor":32,"turns":2},{"damage":35,"enemies":"SI_MIRROR_ARCHETYPE","floor":33,"turns":4},{"damage":23,"enemies":"3 Shapes","floor":36,"turns":2},{"damage":27,"enemies":"Orb Walker","floor":37,"turns":2},{"damage":23,"enemies":"3 Darklings","floor":38,"turns":1},{"damage":46,"enemies":"Maw","floor":39,"turns":3},{"damage":32,"enemies":"Reptomancer","floor":40,"turns":2},{"damage":48,"enemies":"Reptomancer","floor":42,"turns":2},{"damage":22,"enemies":"Jaw Worm Horde","floor":43,"turns":2},{"damage":69,"enemies":"Transient","floor":45,"turns":5},{"damage":66,"enemies":"Orin","floor":47,"turns":3},{"damage":37,"enemies":"Nemesis","floor":48,"turns":3},{"damage":27,"enemies":"3 Darklings","floor":49,"turns":2},{"damage":76,"enemies":"DF_ARCHETYPE_ORBS","floor":50,"turns":3}],"seed_played":"3163104909260326235","potions_obtained":[{"floor":2,"key":"DistilledChaos"},{"floor":3,"key":"SkillPotion"},{"floor":6,"key":"SkillPotion"},{"floor":9,"key":"bronze:BurnAndBuffPotion"}],"is_trial":false,"path_per_floor":["R","M","M","?","M","M","T","M","M","R","E","$","R","M","M","B",null,"R","M","M","M","$","M","T","$","?","M","R","M","?","T","M","B",null,"R","M","M","M","M","E","T","?","M","?","M","?","?","E","M","B",null],"character_chosen":"THE_CHAMP","items_purchased":["champ:ShieldSlam","PlaceholderMod:DeVermisMysteriis","Shuriken","Lee\u0027s Waffle","Mercury Hourglass","CaptainsWheel","BirthdayGift-Tetrahedron","champ:HoldFirm+1","Happy Flower","Regal Pillow","HandDrill","champ:DefensiveTrainingManual","Technique","RuthlessExorcism:ReiMu","Juzu Bracelet","ScarletDevilRocket","champ:UltimateStance+1","Bottled Lightning","champ:DeathBlow"],"campfire_rested":0,"item_purchase_floors":[12,12,12,12,12,12,12,12,13,13,13,13,13,18,18,18,22,22,25],"current_hp_per_floor":[99,93,92,87,81,72,82,68,66,66,32,116,116,115,113,102,116,116,116,116,106,106,99,99,99,90,93,93,96,99,99,102,97,116,116,113,116,116,115,116,116,116,116,116,107,107,106,104,107,106],"gold":2240,"neow_bonus":"TEN_PERCENT_HP_BONUS","is_daily":false,"chose_seed":false,"campfire_upgraded":2,"win_rate":0.0,"timestamp":1613634181,"path_taken":["R","M","M","?","?","M","T","M","M","R","E","$","R","M","M","BOSS","R","M","M","M","$","M","T","$","?","M","R","M","?","?","M","BOSS","R","M","M","M","M","E","T","?","M","?","M","?","?","E","M","BOSS"],"items_purchased_type":["Card","Relic","Relic","Relic","Relic","Relic","Relic","Card","Relic","Relic","Relic","Relic","Relic","Relic","Relic","Relic","Card","Relic","Card"],"build_version":"2020-12-22","purchased_purges":1,"victory":true,"max_hp_per_floor":[99,99,99,99,99,99,109,109,109,109,109,116,116,116,116,116,116,116,116,116,116,116,116,116,116,116,116,116,116,116,116,116,116,116,116,116,116,116,116,116,116,116,116,116,116,116,116,116,116,116],"card_choices":[{"not_picked":["champ:GutPunch","champ:TornadoPunch","champ:Circumvent"],"picked":"SKIP","floor":2},{"not_picked":["champ:ShieldWall","champ:TornadoPunch"],"picked":"champ:RisingSlash","floor":3},{"not_picked":["champ:GutPunch","champ:DeathBlow"],"picked":"champ:Duel","floor":5},{"not_picked":["champ:FaceSlap","champ:IronFortress"],"picked":"champ:CalledShot","floor":6},{"not_picked":["champ:BladeFlurry","champ:Shatter"],"picked":"champ:Encircle","floor":8},{"not_picked":["champ:Backstep","champ:Circumvent","champ:BerserkersShout"],"picked":"SKIP","floor":9},{"not_picked":["champ:FocusedDefense","champ:Encircle"],"picked":"champ:Devastate+1","floor":11},{"not_picked":["champ:AdrenalArmor","champ:GutPunch","champ:SteelEdge+1"],"picked":"SKIP","floor":12},{"not_picked":["champ:Encircle","champ:Haymaker","champ:Lariat"],"picked":"SKIP","floor":14},{"not_picked":["champ:BladeFlurry","champ:FancyFootwork","champ:Backstep"],"picked":"SKIP","floor":15},{"not_picked":["champ:ShieldThrow+1","champ:HoldFirm+1"],"picked":"champ:MurderStrike+1","floor":16},{"not_picked":["champ:AdrenalArmor","champ:Lariat+1","champ:FalseCounter+1"],"picked":"SKIP","floor":19},{"not_picked":["champ:PerfectedStrike+1","champ:TornadoPunch","champ:Backstep"],"picked":"SKIP","floor":20},{"not_picked":["champ:FlashCut","champ:StanceDance"],"picked":"champ:BringItOn","floor":21},{"not_picked":["champ:Haymaker+1","champ:PerfectedStrike","champ:Endure"],"picked":"SKIP","floor":22},{"not_picked":["champ:PreciseThrust+1","champ:PerfectedStrike","champ:CalledShot+1"],"picked":"SKIP","floor":23},{"not_picked":["champ:AdrenalArmor+1","champ:RisingSlash","champ:Shatter+1"],"picked":"SKIP","floor":27},{"not_picked":["champ:AdrenalArmor","champ:Circumvent","champ:Haymaker"],"picked":"SKIP","floor":29},{"not_picked":["champ:RecklessLeap","champ:BladeFlurry","champ:SkillfulDodge"],"picked":"SKIP","floor":32},{"not_picked":["champ:GladiatorForm+1","champ:MurderStrike+1"],"picked":"champ:StrikeOfGenius+1","floor":33},{"not_picked":["champ:Endure","champ:AdrenalArmor","champ:CrownThrow+1"],"picked":"SKIP","floor":36},{"not_picked":["champ:Shatter","champ:ShieldWall","champ:EnragedBash+1"],"picked":"SKIP","floor":37},{"not_picked":["champ:AdrenalArmor+1","champ:BladeFlurry+1","champ:DeathBlow+1"],"picked":"SKIP","floor":38},{"not_picked":["champ:Duel","champ:PreciseThrust+1","champ:DefensiveShout"],"picked":"SKIP","floor":39},{"not_picked":["champ:Devastate+1","champ:Backstep+1","champ:PreciseThrust+1"],"picked":"SKIP","floor":40},{"not_picked":["champ:EndlessRage","champ:FaceSlap","champ:ShieldWall"],"picked":"SKIP","floor":43},{"not_picked":["champ:LastStand+1","champ:Backstep+1","champ:SkillfulDodge"],"picked":"SKIP","floor":45},{"not_picked":["champ:CrownThrow","champ:PreciseThrust","champ:Parry"],"picked":"SKIP","floor":48},{"not_picked":["champ:Circumvent+1","champ:StanceDance+1","champ:FancyFootwork+1"],"picked":"SKIP","floor":49}],"player_experience":261948,"relics_obtained":[{"floor":7,"key":"Pear"},{"floor":11,"key":"HornCleat"},{"floor":30,"key":"downfall:GremlinWheel"},{"floor":31,"key":"Bag of Marbles"},{"floor":40,"key":"PreservedInsect"},{"floor":41,"key":"White Beast Statue"},{"floor":42,"key":"Torii"},{"floor":47,"key":"CatCart"},{"floor":48,"key":"Centennial Puzzle"}],"event_choices":[{"damage_healed":0,"gold_gain":300,"player_choice":"Gold","damage_taken":0,"max_hp_gain":0,"max_hp_loss":0,"event_name":"Wheel of Change","floor":35,"gold_loss":0},{"damage_healed":0,"gold_gain":0,"player_choice":"Ignored","damage_taken":0,"max_hp_gain":0,"max_hp_loss":0,"event_name":"Mysterious Sphere","floor":46,"gold_loss":0},{"damage_healed":0,"gold_gain":0,"player_choice":"Fight","damage_taken":0,"max_hp_gain":0,"max_hp_loss":0,"event_name":"OrinTheCat","floor":47,"gold_loss":0}],"is_beta":false,"boss_relics":[{"not_picked":["Fusion Hammer","xbg"],"picked":"GreenFoldingFan"},{"not_picked":["Calling Bell","Velvet Choker"],"picked":"SlaversCollar"}],"items_purged_floors":[25],"is_endless":false,"potions_floor_spawned":[2,3,6,9,11,16,20,21,23,33,36,38,39,42,43,45,47,48,49],"ascension_level":0}}