{"host":"zy8sn0tmwn4g7fne","time":1613632654,"event":{"mods":["ATMod(阿瑾Mod)","BaseMod","Better-Laid Plans","FanaticalFans","Minty Spire (QoL Compilation)","MostiFishMod","Quick Restart","StSLib","[IsaacMod]以撒尖塔","【功能Mod】Neow奖励","【功能Mod】强力的原版药水"],"gold_per_floor":[-1288,-1138,-1138,-1123,-1123,-1123,-1105,-1105,-1081,-1065,-1065,-1055,-1024,-1014,-1014,-836,-836,-836,-836],"floor_reached":18,"language":"ZHS","playtime":690,"items_purged":[],"score":324,"play_id":"985de3d5-d195-4197-9b02-ec5dd594b9c4","local_time":"20210218151734","is_ascension_mode":true,"campfire_choices":[{"floor":6,"key":"REST"},{"data":"Bash","floor":8,"key":"SMITH"},{"floor":11,"key":"REST"},{"floor":15,"key":"REST"}],"circlet_count":0,"master_deck":["AscendersBane","Strike_R","Strike_R","Strike_R","Strike_R","Strike_R","Defend_R","Defend_R+1","Defend_R+1","Defend_R","Bash+1","Armaments","Inflame","Feel No Pain","Inflame","MostiFishMod:KnuckleDown"],"relics":["Burning Blood","Fans:FanaticalFans","AT_ATBox","DaveBox","HushsDoor","SynthV:MejaisSoulstealer","Leech","Void","SynthV:TestCard","War Paint","Dream Catcher","AT_TheCollector"],"acts_visited":["Exordium","TheCity"],"potions_floor_usage":[13,16],"damage_taken":[{"damage":1,"enemies":"Cultist","floor":1,"turns":3},{"damage":23,"enemies":"2 Louse","floor":4,"turns":3},{"damage":11,"enemies":"Jaw Worm","floor":7,"turns":3},{"damage":15,"enemies":"3 Louse","floor":10,"turns":4},{"damage":41,"enemies":"Exordium Wildlife","floor":12,"turns":5},{"damage":28,"enemies":"Gremlin Nob","floor":13,"turns":4},{"damage":11,"enemies":"Exordium Thugs","floor":14,"turns":4},{"damage":15,"enemies":"Hexaghost","floor":16,"turns":5},{"damage":76,"enemies":"Shell Parasite","floor":18,"turns":10}],"seed_played":"-875443123316020653","potions_obtained":[{"floor":1,"key":"FearPotion"},{"floor":4,"key":"BloodPotion"}],"is_trial":false,"path_per_floor":["M","?","?","M","?","R","M","R","T","M","R","M","E","M","R","B",null,"M"],"character_chosen":"IRONCLAD","items_purchased":[],"campfire_rested":3,"item_purchase_floors":[],"current_hp_per_floor":[68,68,61,46,35,55,52,52,52,46,66,35,29,27,47,42,62,0,0],"gold":-836,"neow_bonus":"ONE_RARE_RELIC","is_daily":false,"chose_seed":false,"campfire_upgraded":1,"win_rate":0.0,"timestamp":1613632654,"path_taken":["M","?","?","M","?","R","M","R","T","M","R","M","E","M","R","BOSS","M"],"items_purchased_type":[],"build_version":"2020-12-22","purchased_purges":0,"victory":false,"max_hp_per_floor":[68,68,68,68,68,68,68,68,68,68,68,68,68,68,68,68,68,68,68],"card_choices":[{"not_picked":["Carnage","Havoc","Clash"],"picked":"SKIP","floor":1},{"not_picked":["Spot Weakness","Warcry","Iron Wave","Fire Breathing","Sever Soul"],"picked":"SKIP","floor":4},{"not_picked":["Infernal Blade","Reckless Charge","Havoc","Anger","Second Wind"],"picked":"SKIP","floor":7},{"not_picked":["Burning Pact","Sword Boomerang","Combust","Iron Wave"],"picked":"Armaments","floor":10},{"not_picked":["Spot Weakness","MostiFishMod:KnuckleDown","Reckless Charge","Bomb"],"picked":"Inflame","floor":11},{"not_picked":["Infernal Blade","Shrug It Off","Body Slam","Clothesline","AT_IchimonjiDouble"],"picked":"SKIP","floor":12},{"not_picked":["Cleave","Flex","Pommel Strike","Thunderclap"],"picked":"Feel No Pain","floor":13},{"not_picked":["Fire Breathing","AT_DrawKnifeCut","Berserk","Disarm"],"picked":"Inflame","floor":14},{"not_picked":["MostiFishMod:FlyOverUtopia","Immolate","MostiFishMod:HellRitual","AT_Dispersion"],"picked":"MostiFishMod:KnuckleDown","floor":16}],"player_experience":461688,"relics_obtained":[{"floor":1,"key":"SynthV:TestCard"},{"floor":9,"key":"Dream Catcher"},{"floor":13,"key":"AT_TheCollector"}],"event_choices":[{"damage_healed":0,"gold_gain":150,"player_choice":"AGREE","damage_taken":0,"max_hp_gain":0,"max_hp_loss":0,"event_name":"Liars Game","floor":2,"gold_loss":0,"cards_obtained":["Doubt"]},{"cards_removed":["Doubt"],"damage_healed":0,"gold_gain":0,"player_choice":"Card Removal","damage_taken":7,"max_hp_gain":0,"max_hp_loss":0,"event_name":"Golden Wing","floor":3,"gold_loss":0},{"damage_healed":0,"gold_gain":0,"player_choice":"Success","damage_taken":11,"relics_obtained":["War Paint"],"max_hp_gain":0,"max_hp_loss":0,"event_name":"Scrap Ooze","floor":5,"gold_loss":0}],"is_beta":false,"boss_relics":[{"not_picked":["Runic Dome","Runic Cube","Coffee Dripper"]}],"items_purged_floors":[],"is_endless":false,"potions_floor_spawned":[1,4,12],"killed_by":"Shell Parasite","ascension_level":20}}