{"host":"z3qs3l37sjzyczji","time":1613618522,"event":{"mods":["AchievementEnabler","BaseMod","Colored Map","Colored Powertips","Keyboard Shortcuts","Minty Spire (QoL Compilation)","Relic Stats","SuperFastMode"],"gold_per_floor":[119,131,131,142,162,162,194,206,218,249,286,324,34,94,94,189,189,209,209,227,238,138,138,173,173,243,158,158,189,199,224,224,320,320,330,384,401,127,142,142,172,172,198,227,227,259,259,259,259,259,259,259,45,79,79],"floor_reached":56,"language":"ENG","playtime":3513,"items_purged":["Strike_R","Hemokinesis","Juggernaut"],"score":1874,"play_id":"058b0cb5-61ac-42c8-802b-5571f03bd51e","local_time":"20210218032202","is_ascension_mode":true,"campfire_choices":[{"data":"Bash","floor":6,"key":"SMITH"},{"data":"Immolate","floor":8,"key":"SMITH"},{"data":"Rampage","floor":15,"key":"SMITH"},{"data":"Corruption","floor":23,"key":"SMITH"},{"floor":25,"key":"REST"},{"data":"Armaments","floor":28,"key":"SMITH"},{"floor":32,"key":"REST"},{"floor":40,"key":"REST"},{"data":"Barricade","floor":42,"key":"SMITH"},{"floor":45,"key":"REST"},{"data":"Fiend Fire","floor":47,"key":"SMITH"},{"floor":49,"key":"RECALL"},{"data":"Offering","floor":52,"key":"SMITH"}],"circlet_count":0,"master_deck":["AscendersBane","Bash+1","Shrug It Off","Heavy Blade","Headbutt","Immolate+1","Shrug It Off","Offering+1","Rampage+1","Rage","Corruption+1","Entrench","Limit Break","Entrench","Uppercut","Twin Strike","Inflame+1","Armaments+1","Headbutt","Barricade+1","Body Slam+1","Havoc+1","Feel No Pain+1","True Grit+1","Fiend Fire+1","Burning Pact","Havoc"],"relics":["Velvet Choker","MawBank","Letter Opener","Odd Mushroom","Dead Branch","Pantograph","Pandora\u0027s Box","Bottled Flame","Tiny Chest","Smiling Mask","Bottled Tornado","Empty Cage","Mango","Blood Vial","Juzu Bracelet","Strawberry","Prayer Wheel","Red Skull","Cauldron","Kunai"],"acts_visited":["Exordium","TheCity","TheBeyond","TheEnding"],"potions_floor_usage":[7,12,21,29,29,29,33,36,36,39,44,55,55,55],"damage_taken":[{"damage":1,"enemies":"Small Slimes","floor":1,"turns":3},{"damage":7,"enemies":"Jaw Worm","floor":2,"turns":3},{"damage":9,"enemies":"2 Louse","floor":4,"turns":2},{"damage":0,"enemies":"Exordium Wildlife","floor":5,"turns":3},{"damage":17,"enemies":"Gremlin Nob","floor":7,"turns":4},{"damage":3,"enemies":"Large Slime","floor":10,"turns":3},{"damage":8,"enemies":"The Mushroom Lair","floor":11,"turns":3},{"damage":2,"enemies":"Lagavulin","floor":12,"turns":3},{"damage":10,"enemies":"3 Sentries","floor":14,"turns":4},{"damage":27,"enemies":"Hexaghost","floor":16,"turns":7},{"damage":11,"enemies":"Chosen","floor":18,"turns":4},{"damage":0,"enemies":"Spheric Guardian","floor":20,"turns":2},{"damage":20,"enemies":"Snake Plant","floor":21,"turns":3},{"damage":24,"enemies":"Gremlin Leader","floor":24,"turns":3},{"damage":20,"enemies":"Slavers","floor":29,"turns":2},{"damage":6,"enemies":"Cultist and Chosen","floor":30,"turns":4},{"damage":8,"enemies":"Gremlin Leader","floor":31,"turns":5},{"damage":24,"enemies":"Champ","floor":33,"turns":6},{"damage":22,"enemies":"Orb Walker","floor":35,"turns":4},{"damage":49,"enemies":"2 Orb Walkers","floor":36,"turns":4},{"damage":34,"enemies":"3 Darklings","floor":37,"turns":3},{"damage":30,"enemies":"Maw","floor":39,"turns":6},{"damage":6,"enemies":"Giant Head","floor":41,"turns":5},{"damage":6,"enemies":"Nemesis","floor":44,"turns":7},{"damage":3,"enemies":"Reptomancer","floor":46,"turns":5},{"damage":34,"enemies":"Time Eater","floor":50,"turns":11},{"damage":75,"enemies":"Shield and Spear","floor":54,"turns":5},{"damage":32,"enemies":"The Heart","floor":55,"turns":7}],"seed_played":"-8934777948504731775","potions_obtained":[{"floor":1,"key":"AttackPotion"},{"floor":5,"key":"EntropicBrew"},{"floor":7,"key":"LiquidMemories"},{"floor":10,"key":"Explosive Potion"},{"floor":16,"key":"ElixirPotion"},{"floor":29,"key":"Fire Potion"},{"floor":31,"key":"SteroidPotion"},{"floor":35,"key":"Regen Potion"},{"floor":37,"key":"Block Potion"},{"floor":39,"key":"PowerPotion"},{"floor":53,"key":"BloodPotion"},{"floor":53,"key":"CultistPotion"},{"floor":53,"key":"PowerPotion"}],"is_trial":false,"path_per_floor":["M","M","?","M","M","R","E","R","T","M","?","E","$","?","R","B",null,"M","?","M","M","$","R","E","R","T","?","R","E","M","E","R","B",null,"M","?","M","$","M","R","E","R","T","E","R","E","R","?","R","B",null,"R","$","E","B",null],"character_chosen":"IRONCLAD","items_purchased":["Offering","Rampage","Blood Vial","EssenceOfSteel","Burning Pact","Cauldron"],"campfire_rested":4,"item_purchase_floors":[13,13,38,38,53,53],"current_hp_per_floor":[71,64,69,60,60,60,43,43,43,40,32,30,30,20,20,18,68,57,57,57,37,37,37,13,38,38,38,38,18,12,4,29,30,71,49,26,29,29,1,30,26,26,33,29,60,59,59,59,59,52,93,93,93,20,36],"gold":79,"neow_bonus":"BOSS_RELIC","is_daily":false,"chose_seed":false,"campfire_upgraded":8,"win_rate":0.0,"timestamp":1613618522,"path_taken":["M","M","?","M","M","R","E","R","T","M","?","E","$","?","R","BOSS","M","?","M","M","$","R","E","R","T","?","R","E","M","E","R","BOSS","M","?","M","$","M","R","E","R","T","E","R","E","R","?","R","BOSS","R","$","E","BOSS"],"items_purchased_type":["Card","Card","Relic","Potion","Card","Relic"],"build_version":"2020-12-22","purchased_purges":3,"victory":true,"max_hp_per_floor":[80,80,85,85,85,85,85,85,85,85,85,85,85,85,85,85,85,85,85,85,85,85,85,85,85,85,85,85,85,85,85,85,85,85,85,99,99,99,99,99,99,99,106,106,106,106,106,106,106,106,106,106,106,106,106],"relic_stats":{"counters":[28,121],"Dead Branch":[213],"Juzu Bracelet":0,"Letter Opener":[198],"MawBank":72,"Smiling Mask":75,"Blood Vial":14,"Pantograph":100,"Pandora\u0027s Box":["Entrench","Limit Break","Hemokinesis","Juggernaut","Entrench","Uppercut","Searing Blow","Twin Strike"],"Tiny Chest":0,"Prayer Wheel":0,"Kunai":[1],"obtain_stats":[{"Dead Branch":12,"Velvet Choker":0,"Mango":36,"Juzu Bracelet":41,"Letter Opener":9,"Odd Mushroom":11,"Bottled Tornado":31,"MawBank":7,"Smiling Mask":29,"Empty Cage":34,"Burning Blood":0,"Blood Vial":38,"Cauldron":53,"Bottled Flame":24,"Pantograph":14,"Strawberry":43,"Pandora\u0027s Box":17,"Tiny Chest":27,"Prayer Wheel":44,"Kunai":54,"Red Skull":46},{"Dead Branch":8,"Velvet Choker":0,"Mango":20,"Juzu Bracelet":23,"Letter Opener":5,"Odd Mushroom":7,"Bottled Tornado":17,"MawBank":5,"Smiling Mask":15,"Empty Cage":18,"Burning Blood":0,"Blood Vial":21,"Cauldron":26,"Bottled Flame":14,"Pantograph":9,"Strawberry":23,"Pandora\u0027s Box":10,"Tiny Chest":14,"Prayer Wheel":24,"Kunai":27,"Red Skull":25},{"Dead Branch":24,"Velvet Choker":0,"Mango":72,"Juzu Bracelet":86,"Letter Opener":15,"Odd Mushroom":21,"Bottled Tornado":58,"MawBank":15,"Smiling Mask":49,"Empty Cage":64,"Burning Blood":0,"Blood Vial":75,"Cauldron":109,"Bottled Flame":47,"Pantograph":28,"Strawberry":86,"Pandora\u0027s Box":35,"Tiny Chest":47,"Prayer Wheel":93,"Kunai":114,"Red Skull":98}]},"card_choices":[{"not_picked":["Power Through","Flex"],"picked":"Shrug It Off","floor":1},{"not_picked":["Shrug It Off","Warcry"],"picked":"Heavy Blade","floor":2},{"not_picked":["Body Slam","Infernal Blade"],"picked":"Hemokinesis","floor":4},{"not_picked":["Clothesline","Perfected Strike"],"picked":"Headbutt","floor":5},{"not_picked":["Body Slam","Twin Strike"],"picked":"Immolate","floor":7},{"not_picked":["Thunderclap","Cleave"],"picked":"Shrug It Off","floor":10},{"not_picked":["Bloodletting","Perfected Strike","Anger"],"picked":"SKIP","floor":12},{"not_picked":["Headbutt","Intimidate"],"picked":"Rage","floor":14},{"not_picked":["Immolate","Berserk"],"picked":"Corruption","floor":16},{"not_picked":["Iron Wave","Warcry","Entrench"],"picked":"SKIP","floor":18},{"not_picked":["Iron Wave","Havoc"],"picked":"Inflame+1","floor":20},{"not_picked":["Wild Strike+1","Searing Blow"],"picked":"Armaments","floor":21},{"not_picked":["Warcry","Flex","Power Through"],"picked":"SKIP","floor":24},{"not_picked":["Pommel Strike","Armaments","Anger"],"picked":"SKIP","floor":29},{"not_picked":["Twin Strike","Flex","Body Slam"],"picked":"SKIP","floor":30},{"not_picked":["Pommel Strike","Anger"],"picked":"Headbutt","floor":31},{"not_picked":["Bludgeon","Impervious"],"picked":"Barricade","floor":33},{"not_picked":["Ghostly Armor+1","Evolve+1"],"picked":"Body Slam+1","floor":35},{"not_picked":["Pommel Strike+1","Clash"],"picked":"Havoc+1","floor":36},{"not_picked":["True Grit","Bloodletting+1"],"picked":"Feel No Pain+1","floor":37},{"not_picked":["Clash+1","Havoc","Cleave"],"picked":"SKIP","floor":39},{"not_picked":["Dark Embrace","Flex+1"],"picked":"True Grit+1","floor":41},{"not_picked":["Intimidate","Wild Strike+1","Rupture+1"],"picked":"SKIP","floor":44},{"not_picked":["Blood for Blood+1","Heavy Blade"],"picked":"Fiend Fire","floor":46},{"not_picked":["Perfected Strike","Infernal Blade+1"],"picked":"Havoc","floor":54}],"player_experience":106380,"relics_obtained":[{"floor":7,"key":"MawBank"},{"floor":9,"key":"Letter Opener"},{"floor":11,"key":"Odd Mushroom"},{"floor":12,"key":"Dead Branch"},{"floor":14,"key":"Pantograph"},{"floor":24,"key":"Bottled Flame"},{"floor":29,"key":"Smiling Mask"},{"floor":31,"key":"Bottled Tornado"},{"floor":36,"key":"Mango"},{"floor":41,"key":"Juzu Bracelet"},{"floor":43,"key":"Strawberry"},{"floor":44,"key":"Prayer Wheel"},{"floor":46,"key":"Red Skull"},{"floor":54,"key":"Kunai"}],"event_choices":[{"damage_healed":0,"gold_gain":0,"player_choice":"Donut","damage_taken":0,"max_hp_gain":5,"max_hp_loss":0,"event_name":"Big Fish","floor":3,"gold_loss":0},{"damage_healed":0,"gold_gain":0,"player_choice":"Fought Mushrooms","damage_taken":0,"max_hp_gain":0,"max_hp_loss":0,"event_name":"Mushrooms","floor":11,"gold_loss":0},{"damage_healed":0,"gold_gain":0,"player_choice":"Searched \u00271\u0027 times","damage_taken":0,"max_hp_gain":0,"max_hp_loss":0,"event_name":"Dead Adventurer","floor":14,"gold_loss":0},{"damage_healed":0,"gold_gain":0,"player_choice":"Ignored","damage_taken":0,"max_hp_gain":0,"max_hp_loss":0,"event_name":"Vampires","floor":19,"gold_loss":0},{"damage_healed":0,"gold_gain":0,"player_choice":"Obtained Relic","damage_taken":0,"relics_obtained":["Tiny Chest"],"max_hp_gain":0,"max_hp_loss":0,"event_name":"Addict","floor":27,"gold_loss":85},{"damage_healed":0,"gold_gain":0,"player_choice":"Fight","damage_taken":0,"max_hp_gain":0,"max_hp_loss":0,"event_name":"Mysterious Sphere","floor":36,"gold_loss":0},{"damage_healed":0,"gold_gain":0,"player_choice":"Ignored","damage_taken":0,"max_hp_gain":0,"max_hp_loss":0,"event_name":"SecretPortal","floor":48,"gold_loss":0}],"is_beta":false,"boss_relics":[{"not_picked":["Busted Crown","Ectoplasm"],"picked":"Pandora\u0027s Box"},{"not_picked":["SlaversCollar","Philosopher\u0027s Stone"],"picked":"Empty Cage"}],"items_purged_floors":[13,22,38],"is_endless":false,"potions_floor_spawned":[1,5,7,10,11,16,29,30,31,35,37,39],"ascension_level":10}}