{"host":"rq7gz685gkaokql0","time":1613620709,"event":{"mods":["BaseMod","Infinite Spire","Minty Spire (QoL Compilation)","Replay The Spire","StSLib"],"gold_per_floor":[109,119,90,90,90,121,121,135,160,195,209,209,78,93,93,170,170,190,192,234,255,263,263,263,263,286,324,324,350,49,71,71,91,91],"floor_reached":33,"language":"ENG","playtime":784,"items_purged":["Regret","Pain"],"score":621,"play_id":"846c81dc-0e4f-4dc3-a9ad-950b34289cf6","local_time":"20210217175829","is_ascension_mode":true,"campfire_choices":[{"data":"ConjureBlade","floor":7,"key":"SMITH"},{"floor":15,"key":"REST"},{"floor":23,"key":"REST"},{"floor":32,"key":"REST"}],"circlet_count":0,"master_deck":["AscendersBane","Strike_P","Strike_P","Strike_P","Strike_P","Defend_P","Defend_P","Defend_P","Defend_P","Eruption","Vigilance","PathToVictory","Prostrate","BowlingBash","ConjureBlade+1","WaveOfTheHand","FollowUp","Prostrate","Sickly","ReplayTheSpireMod:Splinters","infinitespire:Gouge","CarveReality","Wish","SandsOfTime","RitualDagger","WaveOfTheHand","EmptyFist","JustLucky+1","Necronomicurse","infinitespire:DeathsTouch","ThirdEye","Ghostly","Ghostly","Ghostly","Worship","Apotheosis","SignatureMove","Wallop"],"relics":["PureWater","NeowsBlessing","Strawberry","Du-Vu Doll","Replay:WaspNest","infinitespire:Beetle Shell","infinitespire:Midas Blood","SacredBark","Eternal Feather","Necronomicon","MutagenicStrength","infinitespire:BottledMercury","infinitespire:Lucky Rock","Omamori"],"acts_visited":["Exordium","TheCity"],"potions_floor_usage":[10,10,21,27,31,33],"damage_taken":[{"damage":0,"enemies":"Cultist","floor":1,"turns":1},{"damage":0,"enemies":"2 Louse","floor":2,"turns":1},{"damage":0,"enemies":"Gremlin Nob","floor":6,"turns":1},{"damage":0,"enemies":"Small Slimes","floor":8,"turns":2},{"damage":29,"enemies":"Lagavulin","floor":10,"turns":3},{"damage":3,"enemies":"Looter","floor":11,"turns":2},{"damage":0,"enemies":"Large Slime","floor":14,"turns":3},{"damage":17,"enemies":"Slime Boss","floor":16,"turns":6},{"damage":22,"enemies":"Spheric Guardian","floor":18,"turns":5},{"damage":10,"enemies":"Shell Parasite","floor":21,"turns":3},{"damage":12,"enemies":"Book of Stabbing","floor":27,"turns":2},{"damage":11,"enemies":"Snake Plant","floor":29,"turns":3},{"damage":24,"enemies":"Shelled Parasite and Fungi","floor":31,"turns":3},{"damage":33,"enemies":"Pondfish","floor":33,"turns":4}],"seed_played":"-8994609892061223147","potions_obtained":[{"floor":2,"key":"SteroidPotion"},{"floor":8,"key":"ColorlessPotion"},{"floor":16,"key":"Energy Potion"},{"floor":27,"key":"SkillPotion"},{"floor":31,"key":"AttackPotion"}],"is_trial":false,"path_per_floor":["M","M","$","?","?","E","R","M","T","E","M","?","$","M","R","B",null,"M","?","?","M","?","R","?","AVR","T","E","?","M","$","M","R","B"],"character_chosen":"WATCHER","items_purchased":["BowlingBash","Block Potion","Apotheosis","SignatureMove"],"campfire_rested":3,"item_purchase_floors":[3,13,30,30],"current_hp_per_floor":[61,61,61,68,68,68,68,68,68,39,36,36,36,36,58,41,67,45,39,39,29,8,48,48,48,48,36,36,25,25,1,33,0,0],"gold":91,"neow_bonus":"THREE_ENEMY_KILL","is_daily":false,"chose_seed":false,"campfire_upgraded":1,"win_rate":0.0,"timestamp":1613620709,"path_taken":["M","?","$","?","?","E","R","M","T","E","M","?","?","M","R","BOSS","M","?","?","M","?","R","?","AVR","T","E","?","M","?","M","R","BOSS"],"items_purchased_type":["Card","Potion","Card","Card"],"build_version":"2020-12-22","purchased_purges":2,"victory":false,"max_hp_per_floor":[68,68,68,75,75,75,75,75,75,75,75,75,75,75,75,75,75,75,75,75,75,75,75,75,75,75,75,37,37,37,37,37,37,37],"card_choices":[{"not_picked":["SashWhip","Replay:DivineShield"],"picked":"PathToVictory","floor":1},{"not_picked":["Replay:BluntJabs","ClearTheMind"],"picked":"Prostrate","floor":2},{"not_picked":["Indignation","ThirdEye"],"picked":"ConjureBlade","floor":6},{"not_picked":["ThirdEye","SashWhip"],"picked":"WaveOfTheHand","floor":8},{"not_picked":["Replay:AtTheReady","Replay:BluntJabs"],"picked":"FollowUp","floor":10},{"not_picked":["Replay:ManipulateFuture","FlurryOfBlows"],"picked":"Prostrate","floor":11},{"not_picked":["ReplayTheSpireMod:Black Plague","infinitespire:NeuralNetwork"],"picked":"infinitespire:Gouge","floor":12},{"not_picked":["Wallop","Pray"],"picked":"CarveReality","floor":14},{"not_picked":["Blasphemy","DeusExMachina"],"picked":"Wish","floor":16},{"not_picked":["EmptyFist","Weave+1"],"picked":"SandsOfTime","floor":18},{"not_picked":["BowlingBash","Meditate"],"picked":"WaveOfTheHand","floor":20},{"not_picked":["Prostrate","Replay:DivineShield"],"picked":"EmptyFist","floor":20},{"not_picked":["FollowUp","ReachHeaven+1"],"picked":"JustLucky+1","floor":21},{"not_picked":["CrushJoints","Indignation+1"],"picked":"ThirdEye","floor":27},{"not_picked":["Replay:AtTheReady","Meditate"],"picked":"Worship","floor":29},{"not_picked":["MentalFortress","Vault"],"picked":"Wallop","floor":31}],"player_experience":1310379,"relics_obtained":[{"floor":5,"key":"Du-Vu Doll"},{"floor":6,"key":"Replay:WaspNest"},{"floor":9,"key":"infinitespire:Beetle Shell"},{"floor":10,"key":"infinitespire:Midas Blood"},{"floor":20,"key":"Eternal Feather"},{"floor":22,"key":"Necronomicon"},{"floor":26,"key":"infinitespire:Lucky Rock"},{"floor":27,"key":"Omamori"}],"event_choices":[{"damage_healed":0,"gold_gain":0,"player_choice":"Box","damage_taken":0,"relics_obtained":["Strawberry"],"max_hp_gain":0,"max_hp_loss":0,"event_name":"Big Fish","floor":4,"gold_loss":0,"cards_obtained":["Regret"]},{"damage_healed":0,"gold_gain":0,"player_choice":"Joined the Cult","damage_taken":6,"max_hp_gain":0,"max_hp_loss":0,"event_name":"Nest","floor":19,"gold_loss":0,"cards_obtained":["RitualDagger"]},{"damage_healed":0,"gold_gain":0,"player_choice":"Obtained Book","damage_taken":21,"max_hp_gain":0,"max_hp_loss":0,"event_name":"Cursed Tome","floor":22,"gold_loss":0},{"damage_healed":0,"gold_gain":0,"player_choice":"Inject Mutagens","damage_taken":0,"relics_obtained":["MutagenicStrength"],"max_hp_gain":0,"max_hp_loss":0,"event_name":"Drug Dealer","floor":24,"gold_loss":0},{"damage_healed":0,"gold_gain":0,"player_choice":"Became a Ghost","damage_taken":0,"max_hp_gain":0,"max_hp_loss":38,"event_name":"Ghosts","floor":28,"gold_loss":0,"cards_obtained":["Ghostly","Ghostly","Ghostly"]}],"is_beta":false,"boss_relics":[{"not_picked":["Empty Cage","Painkiller Herb"],"picked":"SacredBark"}],"items_purged_floors":[13,25],"is_endless":false,"potions_floor_spawned":[2,8,16,27,31],"killed_by":"Pondfish","ascension_level":20}}