{"host":"t7mx8yfj1no5p62f","time":1613670377,"event":{"mods":["BaseMod","Bestiary","Colored Map","Colored Powertips","Curses Come First","Minty Spire (QoL Compilation)","Relic Stats","StSLib"],"gold_per_floor":[215,232,68,84,97,125,125,125,151,151,0,0,30,44,44,44,44],"floor_reached":16,"language":"ENG","playtime":449,"items_purged":["Strike_R"],"score":220,"play_id":"3c0f8b5b-aa27-4c42-b53a-81f1f451c898","local_time":"20210218124617","is_ascension_mode":true,"campfire_choices":[{"data":"Sever Soul","floor":8.0,"key":"SMITH"},{"data":"Wild Strike","floor":10.0,"key":"SMITH"},{"data":"Fire Breathing","floor":15.0,"key":"SMITH"}],"circlet_count":0,"master_deck":["AscendersBane","Strike_R","Strike_R","Strike_R","Strike_R","Defend_R","Defend_R","Defend_R","Defend_R","Bash","Armaments","Sever Soul+1","Evolve","Wild Strike+1","Cleave","Anger","Berserk","Impervious","Fire Breathing+1","Pain","Flame Barrier"],"relics":["Burning Blood","Bag of Preparation","Vajra","WarpedTongs","Orichalcum"],"acts_visited":["Exordium"],"potions_floor_usage":[16,16],"damage_taken":[{"damage":0.0,"enemies":"2 Louse","floor":1.0,"turns":2.0},{"damage":6.0,"enemies":"Cultist","floor":2.0,"turns":3.0},{"damage":7.0,"enemies":"Small Slimes","floor":4.0,"turns":3.0},{"damage":29.0,"enemies":"Gremlin Gang","floor":5.0,"turns":6.0},{"damage":29.0,"enemies":"3 Sentries","floor":6.0,"turns":8.0},{"damage":9.0,"enemies":"Gremlin Nob","floor":13.0,"turns":3.0},{"damage":0.0,"enemies":"Looter","floor":14.0,"turns":3.0},{"damage":30,"enemies":"Slime Boss","floor":16,"turns":3}],"seed_played":"-3168677790577265246","potions_obtained":[{"floor":1.0,"key":"Explosive Potion"},{"floor":13.0,"key":"SpeedPotion"},{"floor":14.0,"key":"Strength Potion"}],"is_trial":false,"path_per_floor":["M","M","$","M","M","E","?","R","T","R","$","?","E","M","R","B"],"character_chosen":"IRONCLAD","items_purchased":["Evolve","Wild Strike","Cleave","Fire Breathing"],"campfire_rested":0,"item_purchase_floors":[3,3,3,11],"current_hp_per_floor":[74,74,74,73,50,27,27,27,27,27,27,27,24,30,30,0,0],"gold":44,"neow_bonus":"HUNDRED_GOLD","is_daily":false,"chose_seed":false,"campfire_upgraded":3,"win_rate":0.0,"timestamp":1613670377,"path_taken":["M","M","$","M","M","E","?","R","T","R","?","?","E","M","R","BOSS"],"items_purchased_type":["Card","Card","Card","Card"],"build_version":"2020-12-22","purchased_purges":1,"victory":false,"max_hp_per_floor":[75,75,75,75,75,75,75,75,75,75,75,75,75,75,75,75,75],"relic_stats":{"counters":[8,31],"Bag of Preparation":[6],"Orichalcum":[12],"obtain_stats":[{"Vajra":9,"Bag of Preparation":6,"Orichalcum":13,"Burning Blood":0,"WarpedTongs":12},{"Vajra":5,"Bag of Preparation":5,"Orichalcum":6,"Burning Blood":0,"WarpedTongs":5},{"Vajra":22,"Bag of Preparation":22,"Orichalcum":25,"Burning Blood":0,"WarpedTongs":22}],"Burning Blood":42,"WarpedTongs":[9]},"card_choices":[{"not_picked":["Dark Embrace","Heavy Blade"],"picked":"Armaments","floor":1.0},{"not_picked":["Second Wind","Flex"],"picked":"Sever Soul","floor":2.0},{"not_picked":["Iron Wave","Body Slam","Rampage"],"picked":"SKIP","floor":4.0},{"not_picked":["Sword Boomerang","Headbutt"],"picked":"Anger","floor":5.0},{"not_picked":["Searing Blow","Bloodletting"],"picked":"Berserk","floor":6.0},{"not_picked":["Perfected Strike","Intimidate"],"picked":"Flame Barrier","floor":13.0},{"not_picked":["Twin Strike","Flex","Clash"],"picked":"SKIP","floor":14.0}],"player_experience":1979591,"relics_obtained":[{"floor":6.0,"key":"Bag of Preparation"},{"floor":9.0,"key":"Vajra"},{"floor":13.0,"key":"Orichalcum"}],"event_choices":[{"damage_healed":0.0,"max_hp_gain":0.0,"max_hp_loss":0.0,"gold_gain":0.0,"event_name":"Match and Keep!","player_choice":"1 cards matched","floor":7.0,"gold_loss":0.0,"damage_taken":0.0,"cards_obtained":["Impervious"]},{"damage_healed":0.0,"max_hp_gain":0.0,"max_hp_loss":0.0,"gold_gain":0.0,"event_name":"Accursed Blacksmith","player_choice":"Rummage","floor":12.0,"gold_loss":0.0,"damage_taken":0.0,"relics_obtained":["WarpedTongs"],"cards_obtained":["Pain"]}],"is_beta":false,"boss_relics":[],"items_purged_floors":[11],"is_endless":false,"potions_floor_spawned":[1,13,14],"killed_by":"Slime Boss","ascension_level":20}}