{"host":"igj4vwc42ivwqexo","time":1613685036,"event":{"mods":["BaseMod","Better Third Choice","Koishi","Marisa????????","Minty Spire (QoL Compilation)","Potionbrewer","Shop Mod","StSLib","The Disciple","The Hierophant","The Sage","The Servant 0.9.4"],"gold_per_floor":[134,134,134,186,186,231,231,311,311,353,418,418,129,79,79,200,200,210,250,525,564,603,603,614,632,656,666,666,666],"floor_reached":28,"language":"ENG","playtime":3266,"items_purged":["Shame"],"score":252,"play_id":"3066b00b-c001-4935-9cce-2c7f11f22eab","local_time":"20210218225036","is_ascension_mode":true,"campfire_choices":[{"data":"HandOfGreed","floor":7,"key":"SMITH"},{"floor":12,"key":"REST"},{"data":"Seeing Red","floor":15,"key":"SMITH"},{"data":"Seeing Red","floor":23,"key":"SMITH"}],"circlet_count":0,"master_deck":["Strike_R","Strike_R","Strike_R","Strike_R","Defend_R","Defend_R","Defend_R","Bash","HandOfGreed+1","Warcry","Battle Trance","Clash","Heavy Blade","Seeing Red+1","Fiend Fire","Shrug It Off","Perfected Strike","Clash","True Grit","Intimidate","Rampage","Impervious","Flame Barrier","Reaper","Whirlwind+1","Seeing Red+1","Regret","Burning Pact","Combust","Iron Wave+1","Uppercut"],"relics":["Burning Blood","potionbrewer:DrinkingBird","Spirit Poop","Bottled Flame","Incense Burner","Gremlin Horn","potionbrewer:BoosterPack","potionbrewer:BhaskarasWheel","Pen Nib"],"acts_visited":["Exordium","TheCity"],"potions_floor_usage":[6,6,8,11,16,16,18,21,22,22,24,24,25,27,27,27,27,28,28],"damage_taken":[{"damage":1,"enemies":"Cultist","floor":1,"turns":4},{"damage":18,"enemies":"Small Slimes","floor":4,"turns":5},{"damage":36,"enemies":"Lagavulin","floor":6,"turns":8},{"damage":24,"enemies":"3 Sentries","floor":8,"turns":9},{"damage":0,"enemies":"2 Louse","floor":10,"turns":2},{"damage":20,"enemies":"Gremlin Nob","floor":11,"turns":5},{"damage":27,"enemies":"Hexaghost","floor":16,"turns":11},{"damage":16,"enemies":"Shell Parasite","floor":18,"turns":5},{"damage":9,"enemies":"3 Byrds","floor":19,"turns":7},{"damage":32,"enemies":"Shelled Parasite and Fungi","floor":21,"turns":5},{"damage":10,"enemies":"3 Cultists","floor":22,"turns":4},{"damage":8,"enemies":"Chosen and Byrds","floor":24,"turns":5},{"damage":46,"enemies":"Shelled Parasite and Fungi","floor":25,"turns":5},{"damage":20,"enemies":"Snecko","floor":27,"turns":6},{"damage":27,"enemies":"Gremlin Leader","floor":28,"turns":4}],"seed_played":"4802734723530130065","potions_obtained":[{"floor":4,"key":"potionbrewer:BarricadePotion"},{"floor":6,"key":"FearPotion"},{"floor":16,"key":"SkillPotion"},{"floor":21,"key":"SkillPotion"},{"floor":24,"key":"potionbrewer:InfectionPotion"},{"floor":25,"key":"Block Potion"},{"floor":27,"key":"BloodPotion"}],"is_trial":false,"path_per_floor":["M","?","?","M","?","E","R","E","T","M","?","R","$","?","R","B",null,"M","M","?","M","M","R","M","M","T","M","E"],"character_chosen":"IRONCLAD","items_purchased":["potionbrewer:BoosterPack","Flame Barrier"],"campfire_rested":1,"item_purchase_floors":[13,13],"current_hp_per_floor":[80,80,80,68,68,38,38,20,20,26,12,36,36,36,36,15,80,70,69,69,51,59,59,61,21,21,11,0,0],"gold":666,"neow_bonus":"RANDOM_COLORLESS_2","is_daily":false,"chose_seed":false,"campfire_upgraded":3,"win_rate":0.0,"timestamp":1613685036,"path_taken":["M","?","?","?","?","E","R","E","T","M","?","R","$","?","R","BOSS","M","M","?","M","M","R","M","M","T","M","E"],"items_purchased_type":["Relic","Card"],"build_version":"2020-12-22","purchased_purges":1,"victory":false,"max_hp_per_floor":[80,80,80,80,80,80,80,80,80,80,80,80,80,80,80,80,80,80,80,80,80,80,80,80,80,80,80,80,80],"card_choices":[{"not_picked":["Thinking Ahead","Metamorphosis"],"picked":"HandOfGreed","floor":0},{"not_picked":["Iron Wave","Cleave"],"picked":"Warcry","floor":1},{"not_picked":["Sword Boomerang","Warcry"],"picked":"Battle Trance","floor":4},{"not_picked":["Perfected Strike","Flex"],"picked":"Heavy Blade","floor":6},{"not_picked":["Shrug It Off","Hemokinesis"],"picked":"Seeing Red","floor":8},{"not_picked":["Feel No Pain","Pommel Strike"],"picked":"Fiend Fire","floor":10},{"not_picked":["Headbutt","Twin Strike"],"picked":"Shrug It Off","floor":11},{"not_picked":["Impervious","Offering"],"picked":"Reaper","floor":16},{"not_picked":["Twin Strike+1","Reckless Charge"],"picked":"Whirlwind+1","floor":18},{"not_picked":["Bloodletting","Pommel Strike"],"picked":"Seeing Red","floor":19},{"not_picked":["Flex","True Grit"],"picked":"Burning Pact","floor":21},{"not_picked":["Heavy Blade","Cleave+1","Headbutt"],"picked":"SKIP","floor":22},{"not_picked":["True Grit","Rage"],"picked":"Combust","floor":24},{"not_picked":["True Grit","Sword Boomerang"],"picked":"Iron Wave+1","floor":25},{"not_picked":["Anger","Twin Strike"],"picked":"Uppercut","floor":27}],"player_experience":430575,"relics_obtained":[{"floor":6,"key":"Bottled Flame"},{"floor":8,"key":"Incense Burner"},{"floor":26,"key":"Pen Nib"}],"event_choices":[{"damage_healed":0,"gold_gain":0,"player_choice":"Box","damage_taken":0,"relics_obtained":["potionbrewer:DrinkingBird"],"max_hp_gain":0,"max_hp_loss":0,"event_name":"Big Fish","floor":2,"gold_loss":0,"cards_obtained":["Regret"]},{"cards_removed":["Regret"],"damage_healed":0,"gold_gain":0,"player_choice":"Offered Curse","damage_taken":0,"relics_obtained":["Spirit Poop"],"max_hp_gain":0,"max_hp_loss":0,"event_name":"Bonfire Elementals","floor":3,"gold_loss":0},{"damage_healed":0,"gold_gain":0,"cards_transformed":["Strike_R"],"player_choice":"Change","damage_taken":0,"max_hp_gain":0,"max_hp_loss":0,"event_name":"Living Wall","floor":5,"gold_loss":0,"cards_obtained":["Clash"]},{"damage_healed":0,"gold_gain":30,"player_choice":"Searched \u00273\u0027 times","damage_taken":0,"relics_obtained":["Gremlin Horn"],"max_hp_gain":0,"max_hp_loss":0,"event_name":"Dead Adventurer","floor":11,"gold_loss":0},{"cards_removed":["Defend_R"],"damage_healed":0,"gold_gain":0,"player_choice":"Card Removal","damage_taken":0,"max_hp_gain":0,"max_hp_loss":0,"event_name":"The Cleric","floor":14,"gold_loss":50},{"damage_healed":0,"gold_gain":275,"player_choice":"Desecrate","damage_taken":0,"max_hp_gain":0,"max_hp_loss":0,"event_name":"Golden Shrine","floor":20,"gold_loss":0,"cards_obtained":["Regret"]}],"is_beta":false,"boss_relics":[{"not_picked":["Cursed Key","Philosopher\u0027s Stone"],"picked":"potionbrewer:BhaskarasWheel"}],"items_purged_floors":[13],"is_endless":false,"potions_floor_spawned":[4,6,16,21,24,25,27],"killed_by":"Gremlin Leader","ascension_level":2}}