{"host":"pc7bizyp7423q6r6","time":1613622712,"event":{"mods":["BaseMod","Better Note","Block Reminder","Emptier Cage","Minty Spire (QoL Compilation)","Rare Cards Sparkle","Relic Stats","StSLib"],"gold_per_floor":[110,122,139,60,78,78,113,113,113,126,126,91,114,132,132,213,213,224,224,224,237,253,288,288,288,288],"floor_reached":25,"language":"ENG","playtime":722,"items_purged":[],"score":446,"play_id":"ca8480e6-551d-41c7-8322-008b2c6a2c4f","local_time":"20210217223152","is_ascension_mode":true,"campfire_choices":[{"data":"Deadly Poison","floor":6,"key":"SMITH"},{"data":"Poisoned Stab","floor":8,"key":"SMITH"},{"data":"Neutralize","floor":15,"key":"SMITH"},{"floor":24,"key":"REST"}],"circlet_count":0,"master_deck":["AscendersBane","Strike_G","Strike_G","Defend_G","Defend_G","Defend_G","Defend_G","Defend_G","Survivor","Neutralize+1","Deadly Poison+1","Acrobatics","Dodge and Roll","Poisoned Stab+1","Cloak And Dagger","Dagger Spray","Burst","Blade Dance"],"relics":["Busted Crown","Pen Nib","Letter Opener","CeramicFish","Empty Cage","Turnip"],"acts_visited":["Exordium","TheCity"],"potions_floor_usage":[7,16,21,23,23],"damage_taken":[{"damage":0,"enemies":"Cultist","floor":1,"turns":4},{"damage":0,"enemies":"Small Slimes","floor":2,"turns":3},{"damage":0,"enemies":"2 Louse","floor":3,"turns":3},{"damage":3,"enemies":"Blue Slaver","floor":5,"turns":4},{"damage":35,"enemies":"Lagavulin","floor":7,"turns":6},{"damage":0,"enemies":"Large Slime","floor":10,"turns":4},{"damage":0,"enemies":"2 Fungi Beasts","floor":14,"turns":2},{"damage":9,"enemies":"The Guardian","floor":16,"turns":8},{"damage":8,"enemies":"Chosen","floor":18,"turns":6},{"damage":12,"enemies":"Shell Parasite","floor":21,"turns":4},{"damage":13,"enemies":"3 Cultists","floor":22,"turns":6},{"damage":21,"enemies":"Book of Stabbing","floor":23,"turns":4},{"damage":22,"enemies":"Slavers","floor":25,"turns":1}],"seed_played":"-257970636110456815","potions_obtained":[{"floor":5,"key":"LiquidBronze"},{"floor":10,"key":"Fire Potion"},{"floor":18,"key":"LiquidMemories"},{"floor":19,"key":"ColorlessPotion"},{"floor":22,"key":"Weak Potion"}],"is_trial":false,"path_per_floor":["M","M","M","$","M","R","E","R","T","M","?","?","T","M","R","B",null,"M","?","?","M","M","E","R","E"],"character_chosen":"THE_SILENT","items_purchased":["Poisoned Stab","Cloak And Dagger"],"campfire_rested":1,"item_purchase_floors":[4,4],"current_hp_per_floor":[59,59,59,59,56,56,21,21,21,21,21,37,37,37,37,28,57,49,49,49,37,24,3,22,0,0],"gold":288,"neow_bonus":"BOSS_RELIC","is_daily":false,"chose_seed":false,"campfire_upgraded":3,"win_rate":0.0,"timestamp":1613622712,"path_taken":["M","M","?","$","M","R","E","R","T","?","?","?","?","M","R","BOSS","M","?","?","M","M","E","R","E"],"items_purchased_type":["Card","Card"],"build_version":"2020-12-22","purchased_purges":0,"victory":false,"max_hp_per_floor":[66,66,66,66,66,66,66,66,66,66,66,66,66,66,66,66,66,66,66,66,66,66,66,66,66,66],"relic_stats":{"Busted Crown":24,"counters":[13,55],"CeramicFish":18,"Pen Nib":[6],"Turnip":[0],"Letter Opener":[110],"obtain_stats":[{"Busted Crown":0,"CeramicFish":13,"Pen Nib":7,"Turnip":23,"Letter Opener":9,"Empty Cage":17,"Ring of the Snake":0},{"Busted Crown":0,"CeramicFish":6,"Pen Nib":5,"Turnip":12,"Letter Opener":5,"Empty Cage":8,"Ring of the Snake":0},{"Busted Crown":0,"CeramicFish":24,"Pen Nib":20,"Turnip":54,"Letter Opener":20,"Empty Cage":34,"Ring of the Snake":0}]},"card_choices":[{"not_picked":[],"picked":"Deadly Poison","floor":1},{"not_picked":[],"picked":"Acrobatics","floor":2},{"not_picked":[],"picked":"Dodge and Roll","floor":3},{"not_picked":["Bane"],"picked":"SKIP","floor":5},{"not_picked":[],"picked":"Dagger Spray","floor":7},{"not_picked":["Quick Slash"],"picked":"SKIP","floor":10},{"not_picked":["Setup"],"picked":"SKIP","floor":14},{"not_picked":["Setup"],"picked":"SKIP","floor":14},{"not_picked":["Setup"],"picked":"SKIP","floor":14},{"not_picked":[],"picked":"Burst","floor":16},{"not_picked":["Predator"],"picked":"SKIP","floor":18},{"not_picked":["Cloak And Dagger"],"picked":"SKIP","floor":21},{"not_picked":["Quick Slash"],"picked":"SKIP","floor":22},{"not_picked":[],"picked":"Blade Dance","floor":23}],"player_experience":1680921,"relics_obtained":[{"floor":7,"key":"Pen Nib"},{"floor":9,"key":"Letter Opener"},{"floor":13,"key":"CeramicFish"},{"floor":23,"key":"Turnip"}],"event_choices":[{"damage_healed":0,"gold_gain":0,"player_choice":"Ignored","damage_taken":0,"max_hp_gain":0,"max_hp_loss":0,"event_name":"Shining Light","floor":11,"gold_loss":0},{"damage_healed":16,"gold_gain":0,"player_choice":"Healed","damage_taken":0,"max_hp_gain":0,"max_hp_loss":0,"event_name":"The Cleric","floor":12,"gold_loss":35},{"damage_healed":0,"gold_gain":0,"player_choice":"Got Potions","damage_taken":0,"max_hp_gain":0,"max_hp_loss":0,"event_name":"Lab","floor":19,"gold_loss":0},{"cards_removed":["Burst"],"damage_healed":0,"gold_gain":0,"player_choice":"Give","damage_taken":0,"max_hp_gain":0,"max_hp_loss":0,"event_name":"betterNote:BetterNote","floor":20,"gold_loss":0,"cards_obtained":["Strike_B"]}],"is_beta":false,"boss_relics":[{"not_picked":["Runic Dome","Black Star"],"picked":"Empty Cage"}],"items_purged_floors":[],"is_endless":false,"potions_floor_spawned":[5,10,18,22],"killed_by":"Slavers","ascension_level":20}}