{"host":"6pietnjer90du4bs","time":1613659335,"event":{"mods":["Aspiration","BaseMod","Bossed Relics","Colored Map","Infinite Spire","Minty Spire (QoL Compilation)","Replay The Spire","StSLib"],"gold_per_floor":[112,112,23,23,41,71,71,90,165,2,2,2,12,87,87,162,462,472,522,522,522,14,14,31,31,31],"floor_reached":25,"language":"ENG","playtime":502,"items_purged":["Languid"],"score":433,"play_id":"be48cb68-f928-4e63-8ac2-b6f63aa8ea71","local_time":"20210218154215","is_ascension_mode":true,"campfire_choices":[{"data":"Hemogenesis","floor":7,"key":"SMITH"},{"data":"Limit Break","floor":12,"key":"SMITH"},{"floor":15,"key":"REST"},{"floor":23,"key":"REST"}],"circlet_count":0,"master_deck":["AscendersBane","Strike_R","Strike_R","Strike_R","Strike_R+1","Strike_R","Defend_R","Defend_R","Defend_R","Bash","Rupture","Inflame","Flex","Hemogenesis+1","Limit Break+1","Reaper","CurseOfTheBell","Heavy Blade","Shame","infinitespire:Starlight","Brutality","Massacre"],"relics":["Burning Blood","NeowsBlessing","Anchor","Bottled Tornado","Calling Bell","Vajra","Mercury Hourglass","Old Coin","Akabeko"],"acts_visited":["Exordium","TheCity"],"potions_floor_usage":[13,16],"damage_taken":[{"damage":0,"enemies":"Jaw Worm","floor":1,"turns":1},{"damage":0,"enemies":"Cultist","floor":5,"turns":1},{"damage":0,"enemies":"Gremlin Nob","floor":6,"turns":1},{"damage":3,"enemies":"2 Louse","floor":8,"turns":3},{"damage":8,"enemies":"Blue Slaver","floor":13,"turns":3},{"damage":73,"enemies":"The Guardian","floor":16,"turns":8},{"damage":42,"enemies":"2 Thieves","floor":18,"turns":5},{"damage":22,"enemies":"Chosen","floor":24,"turns":5},{"damage":63,"enemies":"Snake Plant","floor":25,"turns":5}],"seed_played":"2556386817428494483","potions_obtained":[{"floor":1,"key":"Explosive Potion"},{"floor":6,"key":"Energy Potion"},{"floor":16,"key":"Elixir"},{"floor":18,"key":"Venom Potion"}],"is_trial":false,"path_per_floor":["M","?","$","?","M","E","R","M","T","$","?","R","M","?","R","B",null,"M","?","?","?","$","R","M","M"],"character_chosen":"IRONCLAD","items_purchased":["Inflame","Limit Break","Brutality","Akabeko","Massacre"],"campfire_rested":2,"item_purchase_floors":[3,10,22,22,22],"current_hp_per_floor":[74,74,74,74,75,75,75,75,75,75,68,68,66,55,75,8,58,22,22,22,22,22,44,47,0,0],"gold":31,"neow_bonus":"THREE_ENEMY_KILL","is_daily":false,"chose_seed":false,"campfire_upgraded":2,"win_rate":0.0,"timestamp":1613659335,"path_taken":["M","?","$","?","M","E","R","?","T","?","?","R","M","?","R","BOSS","M","?","?","?","?","R","M","M"],"items_purchased_type":["Card","Card","Card","Relic","Card"],"build_version":"2020-12-22","purchased_purges":1,"victory":false,"max_hp_per_floor":[75,75,75,75,75,75,75,75,75,75,75,75,75,75,75,75,75,75,75,75,75,75,75,75,75,75],"card_choices":[{"not_picked":["Metallicize","Pommel Strike"],"picked":"Rupture","floor":1},{"not_picked":["Power Through","Sword Boomerang"],"picked":"Flex","floor":5},{"not_picked":["Headbutt","Warcry"],"picked":"Hemogenesis","floor":6},{"not_picked":["Disarm","True Grit","Spot Weakness"],"picked":"SKIP","floor":8},{"not_picked":["Run Through","Replay:Undeath\u0027s Touch","Clothesline"],"picked":"SKIP","floor":13},{"not_picked":["Feed","Exhume"],"picked":"Reaper","floor":16},{"not_picked":["Shrug It Off","True Grit+1"],"picked":"Heavy Blade","floor":18},{"not_picked":["infinitespire:SevenWalls","infinitespire:Gouge"],"picked":"infinitespire:Starlight","floor":21},{"not_picked":["Thunderclap","Run Through","Pommel Strike"],"picked":"SKIP","floor":24}],"player_experience":745022,"relics_obtained":[{"floor":6,"key":"Anchor"},{"floor":9,"key":"Bottled Tornado"},{"floor":17,"key":"Vajra"},{"floor":17,"key":"Mercury Hourglass"},{"floor":17,"key":"Old Coin"}],"event_choices":[{"cards_removed":["Defend_R"],"damage_healed":0,"gold_gain":0,"player_choice":"Card Removal","damage_taken":7,"max_hp_gain":0,"max_hp_loss":0,"event_name":"Golden Wing","floor":11,"gold_loss":0},{"damage_healed":0,"gold_gain":75,"player_choice":"Gather Gold","damage_taken":11,"max_hp_gain":0,"max_hp_loss":0,"event_name":"World of Goop","floor":14,"gold_loss":0},{"damage_healed":0,"gold_gain":50,"player_choice":"Stole From Cult","damage_taken":0,"max_hp_gain":0,"max_hp_loss":0,"event_name":"Nest","floor":19,"gold_loss":0},{"damage_healed":0,"gold_gain":0,"player_choice":"Ignored","damage_taken":0,"max_hp_gain":0,"max_hp_loss":0,"event_name":"Ghosts","floor":20,"gold_loss":0}],"is_beta":false,"boss_relics":[{"not_picked":["Honey Jar","Painkiller Herb"],"picked":"Calling Bell"}],"items_purged_floors":[22],"is_endless":false,"potions_floor_spawned":[1,6,16,18,24],"killed_by":"Snake Plant","ascension_level":19}}