{"host":"en4narc5947t7k9n","time":1613633158,"event":{"mods":["AchievementEnabler","BaseMod","Colored Map","Minty Spire (QoL Compilation)","SuperFastMode"],"gold_per_floor":[114,114,164,41,6,31,51,80,80,80,5,30,45,45,45,146,146,164,21,21,36,36,69,69,87,87,102,102,102],"floor_reached":28,"language":"KOR","playtime":1720,"items_purged":["Strike_G"],"score":254,"play_id":"2a68b797-cabd-484b-aca6-c67da5f3e7e5","local_time":"20210218162558","is_ascension_mode":false,"campfire_choices":[{"data":"Cloak And Dagger","floor":10,"key":"SMITH"},{"data":"Cloak And Dagger","floor":15,"key":"SMITH"},{"floor":24,"key":"REST"}],"circlet_count":0,"master_deck":["Strike_G+1","Strike_G","Strike_G","Strike_G","Defend_G","Defend_G","Defend_G","Defend_G","Defend_G","Survivor","Neutralize+1","Backflip","Infinite Blades","Cloak And Dagger+1","Cloak And Dagger+1","Blur","Quick Slash+1","Prepared","Tools of the Trade","Corpse Explosion","Blade Dance","Bouncing Flask","Shame","Poisoned Stab+1","PiercingWail","Masterful Stab+1"],"relics":["Ring of the Snake","Singing Bowl","Toy Ornithopter","Lizard Tail","Molten Egg 2","Ninja Scroll","Darkstone Periapt","SlaversCollar","HandDrill","White Beast Statue","Strawberry","Bottled Tornado","Whetstone"],"acts_visited":["Exordium","TheCity"],"potions_floor_usage":[6,6,16,16,18,23,27,27,28],"damage_taken":[{"damage":0,"enemies":"Jaw Worm","floor":1,"turns":6},{"damage":10,"enemies":"Lagavulin","floor":6,"turns":7},{"damage":0,"enemies":"Small Slimes","floor":7,"turns":3},{"damage":32,"enemies":"3 Sentries","floor":8,"turns":12},{"damage":12,"enemies":"Gremlin Nob","floor":12,"turns":5},{"damage":0,"enemies":"Cultist","floor":13,"turns":4},{"damage":26,"enemies":"The Guardian","floor":16,"turns":15},{"damage":29,"enemies":"Spheric Guardian","floor":18,"turns":6},{"damage":4,"enemies":"3 Byrds","floor":21,"turns":3},{"damage":35,"enemies":"Book of Stabbing","floor":23,"turns":6},{"damage":24,"enemies":"Snecko","floor":25,"turns":5},{"damage":24,"enemies":"Snake Plant","floor":27,"turns":5},{"damage":12,"enemies":"Gremlin Leader","floor":28,"turns":1}],"seed_played":"3876370288683814269","potions_obtained":[{"floor":0,"key":"CultistPotion"},{"floor":0,"key":"DistilledChaos"},{"floor":0,"key":"SmokeBomb"},{"floor":1,"key":"LiquidMemories"},{"floor":8,"key":"Dexterity Potion"},{"floor":14,"key":"DistilledChaos"},{"floor":14,"key":"Energy Potion"},{"floor":16,"key":"EssenceOfSteel"},{"floor":21,"key":"CultistPotion"},{"floor":23,"key":"BlessingOfTheForge"},{"floor":25,"key":"Swift Potion"},{"floor":27,"key":"LiquidBronze"}],"is_trial":false,"path_per_floor":["M","?","T","$","?","E","M","E","T","R","$","E","M","?","R","B",null,"M","$","T","M","?","E","R","M","T","M","E"],"character_chosen":"THE_SILENT","items_purchased":["Infinite Blades","Cloak And Dagger","HandDrill"],"campfire_rested":1,"item_purchase_floors":[4,4,19],"current_hp_per_floor":[70,52,52,52,69,60,60,28,28,28,28,16,16,16,16,35,70,41,41,41,37,50,20,44,20,20,6,0,0],"gold":102,"neow_bonus":"THREE_SMALL_POTIONS","is_daily":false,"chose_seed":false,"campfire_upgraded":2,"win_rate":0.0,"timestamp":1613633158,"path_taken":["M","?","?","$","?","E","M","E","T","R","?","E","?","?","R","BOSS","M","$","?","M","?","E","R","M","T","M","E"],"items_purchased_type":["Card","Card","Relic"],"build_version":"2020-12-22","purchased_purges":1,"victory":false,"max_hp_per_floor":[70,70,70,70,70,70,70,70,70,70,70,70,70,70,70,70,70,70,70,70,70,83,83,83,83,83,83,83,83],"card_choices":[{"not_picked":["Sucker Punch","Flying Knee"],"picked":"Backflip","floor":1},{"not_picked":["Quick Slash","Reflex"],"picked":"Cloak And Dagger","floor":6},{"not_picked":["Well Laid Plans","Deadly Poison"],"picked":"Blur","floor":7},{"not_picked":["Prepared","Escape Plan"],"picked":"Quick Slash+1","floor":8},{"not_picked":["Underhanded Strike+1","Expertise"],"picked":"Prepared","floor":12},{"not_picked":["Riddle With Holes+1","Slice+1"],"picked":"Tools of the Trade","floor":13},{"not_picked":["Phantasmal Killer","After Image"],"picked":"Corpse Explosion","floor":16},{"not_picked":["Backflip","Endless Agony+1"],"picked":"Blade Dance","floor":18},{"not_picked":["Reflex","Underhanded Strike+1"],"picked":"Bouncing Flask","floor":21},{"not_picked":["Sucker Punch+1","Prepared+1"],"picked":"Poisoned Stab+1","floor":23},{"not_picked":["Well Laid Plans","Deadly Poison"],"picked":"PiercingWail","floor":25},{"not_picked":["Dash+1","Blade Dance"],"picked":"Masterful Stab+1","floor":27}],"player_experience":52851,"relics_obtained":[{"floor":3,"key":"Toy Ornithopter"},{"floor":6,"key":"Lizard Tail"},{"floor":8,"key":"Molten Egg 2"},{"floor":9,"key":"Ninja Scroll"},{"floor":12,"key":"Darkstone Periapt"},{"floor":20,"key":"White Beast Statue"},{"floor":23,"key":"Bottled Tornado"},{"floor":26,"key":"Whetstone"}],"event_choices":[{"damage_healed":0,"gold_gain":0,"player_choice":"Success","damage_taken":18,"relics_obtained":["Singing Bowl"],"max_hp_gain":0,"max_hp_loss":0,"event_name":"Scrap Ooze","floor":2,"gold_loss":0},{"damage_healed":17,"gold_gain":0,"player_choice":"Healed","damage_taken":0,"max_hp_gain":0,"max_hp_loss":0,"event_name":"The Cleric","floor":5,"gold_loss":35},{"damage_healed":0,"gold_gain":0,"player_choice":"Got Potions","damage_taken":0,"max_hp_gain":0,"max_hp_loss":0,"event_name":"Lab","floor":14,"gold_loss":0},{"damage_healed":0,"gold_gain":0,"player_choice":"Stole Relic","damage_taken":0,"relics_obtained":["Strawberry"],"max_hp_gain":0,"max_hp_loss":0,"event_name":"Addict","floor":22,"gold_loss":0,"cards_obtained":["Shame"]}],"is_beta":false,"boss_relics":[{"not_picked":["SacredBark","Black Star"],"picked":"SlaversCollar"}],"items_purged_floors":[11],"is_endless":false,"potions_floor_spawned":[1,8,16,21,23,25,27],"killed_by":"Gremlin Leader","ascension_level":0}}