{"host":"5zhjtp2pgwgfdund","time":1613628115,"event":{"mods":["2.2 Compatiblity","AchievementEnabler","Act Like it!","BaseMod","Colored Map","Colored Powertips","Downfall","Gensokyo","Infinite Spire","Minty Spire (QoL Compilation)","Replay The Spire","Shop Mod","StSLib","The Bug Knight","The Jungle"],"gold_per_floor":[99,115,115,132,150,179,179,179,0,0,0,0,0,15,34,131,131,131,141,241,241,251,351,351,367,367,367,367,83,100,200,217,317,317,317,334,351,351,351,351,374,391,404,404,404,404,404,464,484,508],"floor_reached":51,"language":"ENG","playtime":4269,"items_purged":[],"score":699,"play_id":"9b533cad-14df-4b06-b5be-30b7a324d185","local_time":"20210218010155","is_ascension_mode":true,"campfire_choices":[{"floor":10,"key":"REST"},{"floor":13,"key":"REST"},{"data":"bronze:AlphaBuild","floor":18,"key":"SMITH"},{"floor":26,"key":"REST"},{"data":"bronze:Strike","floor":28,"key":"SMITH"},{"data":"bronze:AlphaBuild","floor":35,"key":"SMITH"},{"floor":40,"key":"REST"},{"floor":46,"key":"REST"}],"circlet_count":0,"master_deck":["bronze:Strike","bronze:Strike","bronze:Strike+1","bronze:Defend","bronze:Defend","bronze:Defend","bronze:Defend","bronze:Replicate","m_Survivalism","bronze:OilSpill","bronze:WhirlingStrike","bronze:WildBeam","bronze:Separator","bronze:Overheat","bronze:Fortify","bronze:AlphaBuild+1","bronze:BronzeOrb","bronze:InfiniteLoop","bronze:Assembly","bronze:InfiniteBeams","bronze:Branch","bronze:Turbo","bronze:ChosenStrike","bronze:Format","bronze:Repair","bronze:Branch","expansioncontent:Hexaburn","bronze:DigitalCarnage","bronze:Shell","bronze:Flail","bronze:Constructor","bronze:DecaBeam","bronze:ItsAFeature+1","bronze:WhirlingStrike","bronze:AlphaBuild+1","bronze:BugBarrage+1","bronze:Fortify","bronze:Safeguard+1","bronze:BugBarrage","infinitespire:Starlight","infinitespire:TheBestDefense","infinitespire:Gouge","Doubt","bronze:DelayedSlice+1","bronze:DarkDash+1"],"relics":["bronze:BronzeCore","Ring of Fury","HollowMod:LifeEnderRelic","Quantum Egg","Strawberry","SlaversCollar","Pantograph","Replay:PocketPolymizer","infinitespire:Bottled Soul","infinitespire:Lucky Rock","Eternal Feather","Bird Faced Urn","ReplayTheSpireMod:DimensionalGlitch","Blue Candle","bronze:SilverBullet","Bronze Scales","infinitespire:Midas Blood","Replay:Kaleidoscope"],"acts_visited":["Gensokyo:Gensokyo","TheCity","TheBeyond"],"potions_floor_usage":[25,30,48,50],"damage_taken":[{"damage":0,"enemies":"Gensokyo:3_Fairies","floor":2,"turns":6},{"damage":6,"enemies":"Gensokyo:2_Kodama","floor":4,"turns":3},{"damage":0,"enemies":"Gensokyo:Python","floor":5,"turns":2},{"damage":10,"enemies":"Gensokyo:Mamizou","floor":6,"turns":6},{"damage":10,"enemies":"downfall:FleeingMerchant","floor":11,"turns":4},{"damage":6,"enemies":"Gensokyo:Kitsune","floor":14,"turns":2},{"damage":0,"enemies":"Gensokyo:LivingMonolith","floor":15,"turns":3},{"damage":36,"enemies":"WA_ARCHETYPE_RETAIN","floor":16,"turns":5},{"damage":5,"enemies":"Chosen","floor":19,"turns":3},{"damage":17,"enemies":"Colosseum Nobs","floor":20,"turns":4},{"damage":5,"enemies":"downfall:LooterAlt2","floor":22,"turns":2},{"damage":30,"enemies":"Snake Plant","floor":25,"turns":4},{"damage":12,"enemies":"downfall:FleeingMerchant","floor":29,"turns":4},{"damage":37,"enemies":"Shelled Parasite and Fungi","floor":30,"turns":4},{"damage":9,"enemies":"Shelled Parasite and Fungi","floor":31,"turns":3},{"damage":2,"enemies":"3 Cultists","floor":32,"turns":5},{"damage":68,"enemies":"DF_ARCHETYPE_CLAW","floor":33,"turns":10},{"damage":28,"enemies":"3 Darklings","floor":36,"turns":5},{"damage":17,"enemies":"3 Shapes","floor":37,"turns":2},{"damage":0,"enemies":"Jaw Worm Horde","floor":42,"turns":3},{"damage":27,"enemies":"Maw","floor":43,"turns":7},{"damage":34,"enemies":"2 Orb Walkers","floor":48,"turns":4},{"damage":2,"enemies":"3 Darklings","floor":49,"turns":3},{"damage":76,"enemies":"IC_BLOCK_ARCHETYPE","floor":50,"turns":12}],"seed_played":"7653105357137681998","potions_obtained":[{"floor":2,"key":"sneckomod:MuddlingPotion"},{"floor":4,"key":"SteroidPotion"},{"floor":5,"key":"DuplicationPotion"},{"floor":16,"key":"SpeedPotion"},{"floor":20,"key":"AttackPotion"},{"floor":25,"key":"Energy Potion"},{"floor":30,"key":"EssenceOfSteel"},{"floor":31,"key":"SneckoOil"},{"floor":36,"key":"Slimebound:ThreeZeroPotion"},{"floor":49,"key":"LifebloodPotion"}],"is_trial":false,"path_per_floor":["R_BF","M","?","M","M","E","T","?","COS","R","$","?","R","M","M","B",null,"R_BF","M","?","?","M","?","T","M","R","?","R","$","M","?","M","B",null,"R","M","M","?","?","R","T","M","M","AVR","?","R","T","?","M","B",null],"character_chosen":"THE_AUTOMATON","items_purchased":["expansioncontent:Hexaburn","bronze:DigitalCarnage","bronze:Shell","bronze:Flail"],"campfire_rested":5,"item_purchase_floors":[29,29,29,29],"current_hp_per_floor":[84,84,84,78,78,68,68,68,68,84,74,71,91,85,85,49,91,91,86,69,69,64,64,64,34,76,76,91,81,57,73,80,29,91,91,63,51,51,43,91,91,91,70,70,38,89,89,61,59,9],"gold":508,"neow_bonus":"TWENTY_PERCENT_HP_BONUS","is_daily":false,"chose_seed":false,"campfire_upgraded":3,"win_rate":0.0,"timestamp":1613628115,"path_taken":["R_BF","M","?","M","M","E","T","?","COS","R","$","?","R","M","M","BOSS","R_BF","M","?","?","M","?","T","?","R","?","R","?","M","?","M","BOSS","R","M","M","?","?","R","T","M","M","AVR","?","R","?","?","M","BOSS"],"items_purchased_type":["Card","Card","Card","Card"],"build_version":"2020-12-22","purchased_purges":0,"victory":true,"max_hp_per_floor":[84,84,84,84,84,84,84,84,84,84,84,91,91,91,91,91,91,91,91,91,91,91,91,91,91,91,91,91,91,91,91,91,91,91,91,91,91,91,91,91,91,91,91,91,91,91,91,91,91,91],"card_choices":[{"not_picked":["bronze:Iterate","bronze:Overheat"],"picked":"bronze:WhirlingStrike","floor":2},{"not_picked":["bronze:OilSpill","bronze:Philosophize"],"picked":"bronze:WildBeam","floor":4},{"not_picked":["bronze:BugBarrage","bronze:Shell"],"picked":"bronze:Separator","floor":5},{"not_picked":["bronze:BugBarrage","bronze:Repulsor"],"picked":"bronze:Overheat","floor":6},{"not_picked":["bronze:Overheat","bronze:DelayedSlice"],"picked":"bronze:Fortify","floor":11},{"not_picked":["bronze:MaxOutput","bronze:DelayedSlice"],"picked":"bronze:AlphaBuild","floor":14},{"not_picked":["bronze:Shield","bronze:BugBarrage"],"picked":"bronze:BronzeOrb","floor":15},{"not_picked":["bronze:RecursiveStrike","bronze:HardenedForm"],"picked":"bronze:InfiniteLoop","floor":16},{"not_picked":["bronze:ShipIt","bronze:CleanCode"],"picked":"bronze:Assembly","floor":19},{"not_picked":["bronze:DelayedSlice+1","bronze:ForLoop"],"picked":"bronze:InfiniteBeams","floor":19},{"not_picked":["bronze:WildBeam+1","bronze:Philosophize+1"],"picked":"bronze:Branch","floor":20},{"not_picked":["bronze:GetLatest","bronze:Repulsor"],"picked":"bronze:Turbo","floor":22},{"not_picked":["bronze:DelayedSlice","bronze:Overheat"],"picked":"bronze:ChosenStrike","floor":25},{"not_picked":["bronze:Shell","bronze:MaxOutput"],"picked":"bronze:Branch","floor":29},{"not_picked":["bronze:Safeguard","bronze:BugBarrage"],"picked":"bronze:Constructor","floor":30},{"not_picked":[],"picked":"bronze:DecaBeam","floor":31},{"not_picked":["bronze:Optimize","bronze:BitShift"],"picked":"bronze:ItsAFeature+1","floor":31},{"not_picked":["bronze:Turbo","bronze:InfiniteBeams"],"picked":"bronze:WhirlingStrike","floor":32},{"not_picked":["bronze:Format","bronze:SpaghettiCode"],"picked":"bronze:AlphaBuild","floor":33},{"not_picked":["bronze:Deprecate","bronze:DarkDash"],"picked":"bronze:BugBarrage+1","floor":36},{"not_picked":["bronze:Shield+1","bronze:ForLoop"],"picked":"bronze:Fortify","floor":37},{"not_picked":["bronze:ChosenStrike+1","bronze:Shield"],"picked":"bronze:Safeguard+1","floor":42},{"not_picked":["bronze:WhirlingStrike","bronze:DelayedGuard+1"],"picked":"bronze:BugBarrage","floor":43},{"not_picked":["infinitespire:FutureSight","infinitespire:FinalStrike"],"picked":"infinitespire:Gouge","floor":45},{"not_picked":["bronze:WildBeam","bronze:BugBarrage"],"picked":"bronze:DelayedSlice+1","floor":48},{"not_picked":["bronze:Turbo+1","bronze:BitShift+1"],"picked":"bronze:DarkDash+1","floor":49}],"player_experience":158117,"relics_obtained":[{"floor":3,"key":"Ring of Fury"},{"floor":6,"key":"HollowMod:LifeEnderRelic"},{"floor":7,"key":"Quantum Egg"},{"floor":20,"key":"Replay:PocketPolymizer"},{"floor":20,"key":"infinitespire:Bottled Soul"},{"floor":24,"key":"Eternal Feather"},{"floor":41,"key":"bronze:SilverBullet"},{"floor":47,"key":"infinitespire:Midas Blood"},{"floor":48,"key":"Replay:Kaleidoscope"}],"event_choices":[{"damage_healed":0,"gold_gain":0,"player_choice":"Fight","damage_taken":0,"max_hp_gain":0,"max_hp_loss":0,"event_name":"Mysterious Sphere","floor":48,"gold_loss":0}],"is_beta":false,"boss_relics":[{"not_picked":["Coffee Dripper","Fusion Hammer"],"picked":"SlaversCollar"},{"not_picked":["Sozu","Replay:Ancient Bell"],"picked":"ReplayTheSpireMod:DimensionalGlitch"}],"items_purged_floors":[],"is_endless":false,"potions_floor_spawned":[2,4,5,16,20,25,30,31,33,36,49],"ascension_level":1}}