{"host":"eglukmwb6rueyn6u","time":1613660398,"event":{"mods":["AchievementEnabler","BaseMod","Colored Powertips","Highlight Path","Minty Spire (QoL Compilation)"],"gold_per_floor":[115,115,115,115,133,133,58,58,58,58,83,98,113,124,124,124,124],"floor_reached":16,"language":"ENG","playtime":1094,"items_purged":["Strike_R"],"score":100,"play_id":"bca8d955-4359-4720-8778-c897fdf1cc71","local_time":"20210218165958","is_ascension_mode":false,"campfire_choices":[{"data":"Bash","floor":6,"key":"SMITH"},{"data":"Iron Wave","floor":8,"key":"SMITH"},{"floor":10,"key":"RECALL"},{"data":"Armaments","floor":15,"key":"SMITH"}],"circlet_count":0,"master_deck":["Strike_R","Strike_R","Strike_R","Strike_R","Defend_R","Defend_R","Defend_R","Defend_R","Bash+1","Iron Wave+1","Shrug It Off","Iron Wave","Shrug It Off","Armaments+1"],"relics":["Burning Blood","Centennial Puzzle","Pen Nib","Matryoshka","Omamori","Orichalcum","Regal Pillow"],"acts_visited":["Exordium"],"potions_floor_usage":[],"damage_taken":[{"damage":6,"enemies":"Jaw Worm","floor":1,"turns":5},{"damage":1,"enemies":"Cultist","floor":5,"turns":3},{"damage":12,"enemies":"3 Sentries","floor":11,"turns":8},{"damage":0,"enemies":"2 Louse","floor":12,"turns":3},{"damage":2,"enemies":"Blue Slaver","floor":13,"turns":4},{"damage":15,"enemies":"Exordium Thugs","floor":14,"turns":6},{"damage":72,"enemies":"Hexaghost","floor":16,"turns":15}],"seed_played":"-1136721695301692274","potions_obtained":[{"floor":5,"key":"SkillPotion"},{"floor":12,"key":"Strength Potion"},{"floor":14,"key":"Fruit Juice"}],"is_trial":false,"path_per_floor":["M","?","$","?","M","R","$","R","T","R","E","M","M","M","R","B"],"character_chosen":"IRONCLAD","items_purchased":[],"campfire_rested":0,"item_purchase_floors":[],"current_hp_per_floor":[80,80,80,77,80,80,80,80,80,80,74,80,80,71,71,0,0],"gold":124,"neow_bonus":"RANDOM_COMMON_RELIC","is_daily":false,"chose_seed":false,"campfire_upgraded":3,"win_rate":0.0,"timestamp":1613660398,"path_taken":["M","?","?","?","M","R","?","R","T","R","E","M","M","M","R","BOSS"],"items_purchased_type":[],"build_version":"2020-12-22","purchased_purges":1,"victory":false,"max_hp_per_floor":[80,80,80,80,80,80,80,80,80,80,80,80,80,80,80,80,80],"card_choices":[{"not_picked":["True Grit","Disarm"],"picked":"Dropkick","floor":1},{"not_picked":["Combust","Twin Strike"],"picked":"Iron Wave","floor":5},{"not_picked":["Reckless Charge","Hemokinesis"],"picked":"Shrug It Off","floor":11},{"not_picked":["Clothesline","Sword Boomerang"],"picked":"Iron Wave","floor":12},{"not_picked":["Clothesline","Body Slam"],"picked":"Shrug It Off","floor":13},{"not_picked":["Power Through","Infernal Blade"],"picked":"Armaments","floor":14}],"player_experience":95339,"relics_obtained":[{"floor":9,"key":"Omamori"},{"floor":9,"key":"Orichalcum"},{"floor":11,"key":"Regal Pillow"}],"event_choices":[{"cards_removed":["Dropkick"],"damage_healed":0,"gold_gain":0,"player_choice":"Gave Card","damage_taken":0,"relics_obtained":["Pen Nib"],"max_hp_gain":0,"max_hp_loss":0,"event_name":"WeMeetAgain","floor":2,"gold_loss":0},{"damage_healed":0,"gold_gain":0,"player_choice":"Success","damage_taken":3,"relics_obtained":["Matryoshka"],"max_hp_gain":0,"max_hp_loss":0,"event_name":"Scrap Ooze","floor":4,"gold_loss":0}],"is_beta":false,"boss_relics":[],"items_purged_floors":[7],"is_endless":false,"potions_floor_spawned":[5,12,14],"killed_by":"Hexaghost","ascension_level":0}}