{"host":"hbrjinenk1akq1dy","time":1613649132,"event":{"mods":["BaseMod","Colored Map","Colored Powertips","Highlight Path","Minty Spire (QoL Compilation)","Quick Restart","StSLib","SuperFastMode"],"gold_per_floor":[118,138,138,2,14,49,63,63,63,91,105,139,152,162,162,258,258,271,271,291,291,303,334,334,352,352,383,8,36,135,151,151,250,250,250,250],"floor_reached":35,"language":"ENG","playtime":9252,"items_purged":["Defend_R"],"score":552,"play_id":"aee87108-941f-418b-853b-8a1450f0f82d","local_time":"20210218195212","is_ascension_mode":true,"campfire_choices":[{"data":"Sword Boomerang","floor":8.0,"key":"SMITH"},{"floor":15.0,"key":"REST"},{"floor":24.0,"key":"REST"},{"floor":32.0,"key":"REST"}],"circlet_count":0,"master_deck":["Strike_R","Strike_R+1","Bash","True Grit","Feel No Pain","Inflame","Sword Boomerang+1","Flame Barrier","Sword Boomerang+1","Exhume","True Grit","Spot Weakness","Shrug It Off","Inflame","Shrug It Off","Fiend Fire","Sentinel+1","Headbutt+1","Double Tap+1","Shockwave","Ghostly","Ghostly","Ghostly","Ghostly","Ghostly","Whirlwind","Ghostly","Burning Pact","Armaments+1","Reaper","Shockwave","Reaper"],"relics":["Philosopher\u0027s Stone","Darkstone Periapt","Ornamental Fan","Juzu Bracelet","Whetstone","Astrolabe","Bottled Lightning","Letter Opener","Blue Candle","Turnip","Strawberry","Empty Cage"],"acts_visited":["Exordium","TheCity","TheBeyond"],"potions_floor_usage":[33],"damage_taken":[{"damage":6.0,"enemies":"2 Louse","floor":1.0,"turns":2.0},{"damage":0.0,"enemies":"Cultist","floor":2.0,"turns":3.0},{"damage":7.0,"enemies":"Small Slimes","floor":5.0,"turns":4.0},{"damage":8.0,"enemies":"Gremlin Nob","floor":6.0,"turns":4.0},{"damage":5.0,"enemies":"Red Slaver","floor":7.0,"turns":3.0},{"damage":25.0,"enemies":"Lagavulin","floor":10.0,"turns":6.0},{"damage":0.0,"enemies":"Large Slime","floor":11.0,"turns":4.0},{"damage":19.0,"enemies":"Gremlin Nob","floor":12.0,"turns":4.0},{"damage":0.0,"enemies":"3 Louse","floor":13.0,"turns":1.0},{"damage":0.0,"enemies":"Exordium Thugs","floor":14.0,"turns":4.0},{"damage":17.0,"enemies":"Hexaghost","floor":16.0,"turns":6.0},{"damage":1.0,"enemies":"Chosen","floor":18.0,"turns":3.0},{"damage":14.0,"enemies":"2 Thieves","floor":20.0,"turns":5.0},{"damage":19.0,"enemies":"Shelled Parasite and Fungi","floor":22.0,"turns":6.0},{"damage":3.0,"enemies":"Slavers","floor":23.0,"turns":3.0},{"damage":0.0,"enemies":"Snecko","floor":25.0,"turns":5.0},{"damage":5.0,"enemies":"Book of Stabbing","floor":27.0,"turns":6.0},{"damage":1.0,"enemies":"Gremlin Leader","floor":29.0,"turns":6.0},{"damage":3.0,"enemies":"Snake Plant","floor":31.0,"turns":5.0},{"damage":4,"enemies":"Champ","floor":33,"turns":11},{"damage":53,"enemies":"3 Shapes","floor":35,"turns":3}],"seed_played":"-3195000249626923559","potions_obtained":[{"floor":10.0,"key":"Explosive Potion"},{"floor":12.0,"key":"Fire Potion"},{"floor":13.0,"key":"Swift Potion"},{"floor":14.0,"key":"PowerPotion"},{"floor":16.0,"key":"LiquidMemories"},{"floor":18.0,"key":"FearPotion"},{"floor":23.0,"key":"Regen Potion"},{"floor":27.0,"key":"DistilledChaos"},{"floor":31.0,"key":"Energy Potion"}],"is_trial":false,"path_per_floor":["M","M","?","$","M","E","M","R","T","E","M","E","M","M","R","B",null,"M","?","M","?","M","E","R","M","T","E","$","E","?","M","R","B",null,"M"],"character_chosen":"IRONCLAD","items_purchased":["Inflame","Sword Boomerang","PowerPotion","Turnip"],"campfire_rested":3,"item_purchase_floors":[4,4,4,28],"current_hp_per_floor":[74,74,74,74,67,59,54,54,54,29,29,10,10,10,34,17,80,79,40,26,26,7,4,16,16,16,11,11,17,17,14,28,47,47,0,0],"gold":250,"neow_bonus":"BOSS_RELIC","is_daily":false,"chose_seed":false,"campfire_upgraded":1,"win_rate":0.0,"timestamp":1613649132,"path_taken":["M","M","?","$","M","E","M","R","T","E","M","E","M","M","R","BOSS","M","?","M","?","M","E","R","M","T","E","$","E","?","M","R","BOSS","M"],"items_purchased_type":["Card","Card","Potion","Relic"],"build_version":"2020-12-22","purchased_purges":1,"victory":false,"max_hp_per_floor":[80,80,80,80,80,80,80,80,80,80,80,80,80,80,80,80,80,80,40,40,40,40,40,40,40,40,40,40,47,47,47,47,47,47,47,47],"card_choices":[{"not_picked":["Clothesline","Warcry","Clash"],"picked":"SKIP","floor":1.0},{"not_picked":["Body Slam","Perfected Strike"],"picked":"True Grit","floor":2.0},{"not_picked":["Thunderclap","Ghostly Armor"],"picked":"Flame Barrier","floor":5.0},{"not_picked":["Intimidate","Flex"],"picked":"Sword Boomerang","floor":6.0},{"not_picked":["Hemokinesis","Ghostly Armor"],"picked":"Exhume","floor":7.0},{"not_picked":["Thunderclap","Whirlwind"],"picked":"True Grit","floor":10.0},{"not_picked":["Ghostly Armor","Flex"],"picked":"Spot Weakness","floor":11.0},{"not_picked":["Heavy Blade","Flex"],"picked":"Shrug It Off","floor":12.0},{"not_picked":["Heavy Blade","Rupture"],"picked":"Inflame","floor":13.0},{"not_picked":["Perfected Strike","Cleave"],"picked":"Shrug It Off","floor":14.0},{"not_picked":["Barricade","Berserk"],"picked":"Fiend Fire","floor":16.0},{"not_picked":["Perfected Strike","Dual Wield+1"],"picked":"Shockwave","floor":18.0},{"not_picked":["Armaments","Inflame"],"picked":"Whirlwind","floor":20.0},{"not_picked":["Cleave+1","Body Slam","Clothesline"],"picked":"SKIP","floor":22.0},{"not_picked":["Headbutt","Rampage"],"picked":"Burning Pact","floor":23.0},{"not_picked":["Anger","Shrug It Off","Clash+1"],"picked":"SKIP","floor":25.0},{"not_picked":["Dropkick","True Grit"],"picked":"Armaments+1","floor":27.0},{"not_picked":["Rage","Havoc+1"],"picked":"Reaper","floor":29.0},{"not_picked":["Perfected Strike","Seeing Red"],"picked":"Shockwave","floor":31.0},{"not_picked":["Bludgeon","Immolate"],"picked":"Reaper","floor":33}],"player_experience":189912,"relics_obtained":[{"floor":6.0,"key":"Darkstone Periapt"},{"floor":9.0,"key":"Ornamental Fan"},{"floor":10.0,"key":"Juzu Bracelet"},{"floor":12.0,"key":"Whetstone"},{"floor":23.0,"key":"Bottled Lightning"},{"floor":26.0,"key":"Letter Opener"},{"floor":27.0,"key":"Blue Candle"},{"floor":29.0,"key":"Strawberry"}],"event_choices":[{"damage_healed":0.0,"max_hp_gain":0.0,"max_hp_loss":0.0,"gold_gain":0.0,"cards_transformed":["Strike_R"],"event_name":"Transmorgrifier","player_choice":"Transformed","floor":3.0,"gold_loss":0.0,"damage_taken":0.0,"cards_obtained":["Feel No Pain"]},{"damage_healed":0.0,"max_hp_gain":0.0,"max_hp_loss":40.0,"gold_gain":0.0,"event_name":"Ghosts","player_choice":"Became a Ghost","floor":19.0,"gold_loss":0.0,"damage_taken":0.0,"cards_obtained":["Ghostly","Ghostly","Ghostly","Ghostly","Ghostly"]},{"damage_healed":0.0,"max_hp_gain":0.0,"max_hp_loss":0.0,"gold_gain":0.0,"event_name":"Duplicator","player_choice":"Copied","floor":21.0,"gold_loss":0.0,"damage_taken":0.0,"cards_obtained":["Ghostly"]},{"damage_healed":0.0,"max_hp_gain":0.0,"max_hp_loss":0.0,"gold_gain":99.0,"event_name":"Nest","player_choice":"Stole From Cult","floor":30.0,"gold_loss":0.0,"damage_taken":0.0}],"is_beta":false,"boss_relics":[{"not_picked":["Snecko Eye","Ectoplasm"],"picked":"Astrolabe"},{"not_picked":["Velvet Choker","Runic Dome"],"picked":"Empty Cage"}],"items_purged_floors":[28],"is_endless":false,"potions_floor_spawned":[10,12,13,14,16,18,23,27,31],"killed_by":"3 Shapes","ascension_level":4}}