{"host":"iv5atf0fne3n7zmv","time":1613607792,"event":{"mods":["BaseMod","Minty Spire (QoL Compilation)","StSLib"],"gold_per_floor":[112,124,124,299,299,342,342,358,383,383,423,443,482,498,498,619,619,639,2,2,20,43,82,105,105,105],"floor_reached":25,"language":"ENG","playtime":1729,"items_purged":["Strike_P"],"score":333,"play_id":"11ebf4e7-10b3-4bff-8a1f-972def9b23a1","local_time":"20210217162312","is_ascension_mode":true,"campfire_choices":[{"data":"BattleHymn","floor":7,"key":"SMITH"},{"data":"Eruption","floor":10,"key":"SMITH"},{"data":"MasterReality","floor":15,"key":"SMITH"}],"circlet_count":0,"master_deck":["Strike_P","Strike_P","Defend_P","Defend_P","Defend_P","Eruption+1","Vigilance","FlurryOfBlows","ReachHeaven","BattleHymn+1","CrushJoints","Consecrate","Prostrate","MasterReality+1","DeceiveReality","Judgement","JustLucky","Adaptation","Indignation+1","EmptyFist","InnerPeace","WheelKick"],"relics":["PureWater","NeowsBlessing","Golden Idol","Potion Belt","Bag of Preparation","Mango","Ginger","Empty Cage","Letter Opener","Omamori","CultistMask","Bag of Marbles"],"acts_visited":["Exordium","TheCity"],"potions_floor_usage":[11,12,13,21,23,23,25],"damage_taken":[{"damage":0,"enemies":"Small Slimes","floor":1,"turns":1},{"damage":0,"enemies":"2 Louse","floor":2,"turns":1},{"damage":0,"enemies":"3 Sentries","floor":6,"turns":1},{"damage":0,"enemies":"Cultist","floor":8,"turns":2},{"damage":0,"enemies":"Gremlin Nob","floor":11,"turns":2},{"damage":0,"enemies":"3 Louse","floor":12,"turns":2},{"damage":5,"enemies":"3 Sentries","floor":13,"turns":5},{"damage":13,"enemies":"Lots of Slimes","floor":14,"turns":3},{"damage":31,"enemies":"Hexaghost","floor":16,"turns":7},{"damage":1,"enemies":"3 Byrds","floor":18,"turns":3},{"damage":24,"enemies":"Shell Parasite","floor":21,"turns":9},{"damage":22,"enemies":"Centurion and Healer","floor":22,"turns":5},{"damage":35,"enemies":"Slavers","floor":23,"turns":5},{"damage":7,"enemies":"Chosen and Byrds","floor":24,"turns":3},{"damage":2,"enemies":"Shelled Parasite and Fungi","floor":25,"turns":1}],"seed_played":"789535473362765","potions_obtained":[{"floor":2,"key":"Energy Potion"},{"floor":6,"key":"SneckoOil"},{"floor":8,"key":"Block Potion"},{"floor":11,"key":"Strength Potion"},{"floor":16,"key":"Dexterity Potion"},{"floor":18,"key":"BottledMiracle"},{"floor":24,"key":"BlessingOfTheForge"}],"is_trial":false,"path_per_floor":["M","M","?","?","?","E","R","M","T","R","E","M","E","M","R","B",null,"M","$","?","M","M","E","M","M"],"character_chosen":"WATCHER","items_purchased":["Letter Opener","Omamori","Adaptation","Fruit Juice"],"campfire_rested":0,"item_purchase_floors":[19,19,19,19],"current_hp_per_floor":[72,72,72,72,72,72,72,72,72,72,86,86,81,68,68,37,86,85,85,85,66,44,9,2,0,0],"gold":105,"neow_bonus":"THREE_ENEMY_KILL","is_daily":false,"chose_seed":false,"campfire_upgraded":3,"win_rate":0.0,"timestamp":1613607792,"path_taken":["M","M","?","?","?","E","R","M","T","R","E","?","E","M","R","BOSS","M","$","?","M","M","E","?","M"],"items_purchased_type":["Relic","Relic","Card","Potion"],"build_version":"2020-12-22","purchased_purges":1,"victory":false,"max_hp_per_floor":[72,72,72,72,72,72,72,72,72,72,86,86,86,86,86,86,86,86,86,86,91,91,91,91,91,91],"card_choices":[{"not_picked":["CrushJoints","Conclude"],"picked":"FlurryOfBlows","floor":1},{"not_picked":["Evaluate","Swivel"],"picked":"ReachHeaven","floor":2},{"not_picked":["Vengeance","InnerPeace"],"picked":"BattleHymn","floor":6},{"not_picked":["Fasting2","BowlingBash"],"picked":"CrushJoints","floor":8},{"not_picked":["Halt","Conclude"],"picked":"Consecrate","floor":11},{"not_picked":["Pray","FlurryOfBlows"],"picked":"Prostrate","floor":12},{"not_picked":["FlyingSleeves","ClearTheMind"],"picked":"MasterReality","floor":13},{"not_picked":["Halt","FlurryOfBlows"],"picked":"DeceiveReality","floor":14},{"not_picked":["Scrawl","MasterReality"],"picked":"Judgement","floor":16},{"not_picked":["Protect","SandsOfTime"],"picked":"JustLucky","floor":18},{"not_picked":["JustLucky","EmptyMind"],"picked":"Indignation+1","floor":21},{"not_picked":["CarveReality","EmptyMind"],"picked":"EmptyFist","floor":22},{"not_picked":["Conclude","JustLucky"],"picked":"InnerPeace","floor":23},{"not_picked":["Prostrate","Crescendo"],"picked":"WheelKick","floor":24}],"player_experience":349115,"relics_obtained":[{"floor":6,"key":"Potion Belt"},{"floor":9,"key":"Bag of Preparation"},{"floor":11,"key":"Mango"},{"floor":13,"key":"Ginger"},{"floor":23,"key":"Bag of Marbles"}],"event_choices":[{"damage_healed":0,"gold_gain":0,"player_choice":"Take Wound","damage_taken":0,"relics_obtained":["Golden Idol"],"max_hp_gain":0,"max_hp_loss":0,"event_name":"Golden Idol","floor":3,"gold_loss":0,"cards_obtained":["Injury"]},{"damage_healed":0,"gold_gain":175,"player_choice":"AGREE","damage_taken":0,"max_hp_gain":0,"max_hp_loss":0,"event_name":"Liars Game","floor":4,"gold_loss":0,"cards_obtained":["Doubt"]},{"cards_removed":["Doubt","Injury"],"damage_healed":0,"gold_gain":0,"player_choice":"Removed Curses","damage_taken":0,"max_hp_gain":0,"max_hp_loss":0,"event_name":"Fountain of Cleansing","floor":5,"gold_loss":0},{"damage_healed":0,"gold_gain":0,"player_choice":"Trade","damage_taken":0,"relics_obtained":["CultistMask"],"max_hp_gain":0,"max_hp_loss":0,"event_name":"FaceTrader","floor":20,"gold_loss":0}],"is_beta":false,"boss_relics":[{"not_picked":["Coffee Dripper","Snecko Eye"],"picked":"Empty Cage"}],"items_purged_floors":[19],"is_endless":false,"potions_floor_spawned":[2,6,8,11,16,18,24],"killed_by":"Shelled Parasite and Fungi","ascension_level":1}}