{"host":"ilrepnd391jk07a9","time":1613621044,"event":{"mods":["Aspiration","BaseMod","Better Altar","Better Note","Better Skull","Better Third Choice","BetterRewards","Colored Powertips","Defuse TimeMaze Blight","GifTheSpireLib","Gremlin Skip","Halation","Highlight Path","Hubris","Infinite Spire","Minty Spire (QoL Compilation)","Quick Restart","Relic Stats","Replay The Spire","StSLib","Stuff the Spire","everything is the same but u backflip on backflip"],"gold_per_floor":[119,119,119,119,207,207,220,220,271,304,304,337,349,369,369,446,446,465,485,503,503,503],"floor_reached":21,"language":"ENG","playtime":1039,"items_purged":["Strike_B"],"score":628,"play_id":"d22e2367-b3f6-4c91-977f-28e34e1bd5eb","local_time":"20210218170404","is_ascension_mode":true,"campfire_choices":[{"floor":6,"key":"REST"},{"data":"Beam Cell","floor":8,"key":"SMITH"}],"circlet_count":0,"master_deck":["AscendersBane","Strike_B","Strike_B","Strike_B","Defend_B","Defend_B","Defend_B","Defend_B","Zap","Dualcast","Sweeping Beam","Beam Cell","Beam Cell+1","Turbo","FTL","Go for the Eyes+1","Beam Cell+1","Violence+1","Gash+1","Turbo","Steam","infinitespire:Starlight","Pain","StuffTheSpire:CleanHardDrive","BootSequence","StuffTheSpire:Rend+1","Gash+1","Reprogram"],"relics":["Cracked Core","aspiration:HatOfInfinitePower","TungstenRod","Molten Egg 2","Replay:Multitool","Golden Egg","hubris:Icosahedron","hubris:BallOfYels","halation:Trompette","halation:PinkSoulGem","infinitespire:BottledMercury","Black Star"],"acts_visited":["TheCity"],"potions_floor_usage":[12],"damage_taken":[{"damage":3,"enemies":"Jaw Worm","floor":1,"turns":2},{"damage":0,"enemies":"2 Louse","floor":7,"turns":2},{"damage":27,"enemies":"Replay:BlueRogue","floor":10,"turns":5},{"damage":23,"enemies":"Gremlin Nob","floor":12,"turns":4},{"damage":0,"enemies":"infinitespire:Voidling","floor":13,"turns":2},{"damage":8,"enemies":"Gremlin Gang","floor":14,"turns":5},{"damage":36,"enemies":"Hexaghost","floor":16,"turns":10},{"damage":20,"enemies":"Spheric Guardian","floor":18,"turns":4},{"damage":21,"enemies":"3 Byrds","floor":19,"turns":3},{"damage":29,"enemies":"Shelled Parasite and Fungi","floor":20,"turns":5},{"damage":11,"enemies":"Centurion and Healer","floor":21,"turns":1}],"seed_played":"6291368177800488232","potions_obtained":[{"floor":1,"key":"Energy Potion"},{"floor":10,"key":"Swift Potion"},{"floor":12,"key":"Energy Potion"}],"is_trial":false,"path_per_floor":["M","?","?","AVR","?","R","M","R","T","E","?","E","M","M","R","B",null,"M","M","M","M"],"character_chosen":"DEFECT","items_purchased":["Sweeping Beam","Beam Cell","Turbo","FTL","Molten Egg 2","Go for the Eyes+1","Beam Cell+1","Golden Egg","Violence"],"campfire_rested":1,"item_purchase_floors":[0,0,0,0,0,0,0,0,0],"current_hp_per_floor":[19,19,19,19,19,40,40,40,40,33,33,20,20,22,43,17,58,48,27,8,0,0],"gold":503,"neow_bonus":"","is_daily":false,"chose_seed":false,"campfire_upgraded":1,"win_rate":0.0,"timestamp":1613621044,"path_taken":["M","?","?","AVR","?","R","M","R","T","E","?","E","M","?","R","BOSS","M","M","M","M"],"items_purchased_type":["Card","Card","Card","Card","Relic","Card","Card","Relic","Card"],"build_version":"2020-12-22","purchased_purges":1,"victory":false,"max_hp_per_floor":[71,71,71,71,71,71,71,71,71,71,71,71,71,71,71,71,71,71,71,71,71,71],"relic_stats":{"counters":[358,1313],"Black Star":0,"obtain_stats":[{"Replay:Accelerometer":9,"StuffTheSpire:Rhapsscallions":67,"StuffTheSpire:BottledEssence":0,"Blood Vial":97,"StuffTheSpire:SapphireSignet":0,"vexMod:InvisibilityCloak":107,"infinitespire:ShieldingShard":107,"hubris:AstralHammer":89,"Fusion Hammer":137,"halation:PromiseList":42,"Replay:Bottled Flurry":42,"aspiration:DSix":0,"Replay:Bottled Steam":9,"Runic Cube":123,"hubris:MobiusCoin":39,"Blue Candle":2,"Eternal Feather":58,"Tingsha":141,"Pen Nib":61,"infinitespire:Magic Flask":0,"infinitespire:EvilPickle":39,"Snecko Scales":144,"StuffTheSpire:MayFlowers":31,"infinitespire:Broken Mirror":48,"infinitespire:Lychee Nut":116,"Bird Faced Urn":0,"Snecko Eye":170,"StuffTheSpire:DullRazor":0,"vexMod:ImprovementManual":121,"Unceasing Top":37,"hubris:Reverence":83,"Regal Pillow":176,"Torii":148,"Singing Bowl":95,"halation:TrafficLight":68,"King of Hearts":26,"StuffTheSpire:GrapeVine":59,"hubris:EmptyBottle":100,"Smiling Mask":93,"Ancient Tea Set":118,"Burning Blood":0,"Pet Ghost":103,"halation:Pancakes":25,"StuffTheSpire:Gunfinga":151,"hubris:Backtick":88,"WristBlade":99,"infinitespire:Bottled Soul":43,"aspiration:AnachronicSnailShell":0,"hubris:CuriousFeather":72,"Chemical X":74,"Replay:Bottled Eggs":11,"aspiration:FutureDiary":85,"InkBottle":114,"aspiration:ChemicalBlood":10,"Ring of the Snake":72,"Potion Belt":143,"NeowsBlessing":0,"hubris:64BitClover":0,"halation:BottledLove":7,"Golden Idol":10,"Circlet":60,"vexMod:BerryBomb":144,"PreservedInsect":0,"infinitespire:Lucky Rock":61,"hubris:Towel":39,"Replay:Arrowhead":63,"StuffTheSpire:Mouthbags":127,"Ornamental Fan":1,"betterThird:SlimedRelic":108,"Art of War":167,"Durian":0,"Garlic":46,"halation:PinkSoulGem":3,"halation:Trompette":28,"hubris:BottledRain":113,"infinitespire:Midas Blood":117,"Ice Cream":37,"Calipers":36,"Tiny House":68,"Gremlin Horn":50,"HoveringKite":37,"Centennial Puzzle":7,"halation:PrussianBluePaint":125,"Philosopher\u0027s Stone":17,"Prayer Wheel":0,"Iron Hammer":35,"halation:KoshaPiece":152,"Girya":17,"hubris:Teleporter":126,"Replay:Grab Bag":17,"StuffTheSpire:ForceGauntlet":77,"hubris:FruitBowl":38,"hubris:HollowSoul":5,"Charon\u0027s Ashes":117,"vexMod:PaidLearning":55,"halation:Thesaurus":126,"Du-Vu Doll":40,"hubris:Zylophone":0,"OrangePellets":0,"Onion Ring":122,"hubris:PeanutButter":31,"StuffTheSpire:PointBlank":48,"infinitespire:EmpoweringShard":0,"Mirror":79,"aspiration:HatOfInfinitePower":0,"Symbiotic Virus":6,"StuffTheSpire:OldFever":162,"Pocketwatch":8,"Black Blood":34,"Enchiridion":74,"aspiration:TomeofQuesting":59,"halation:WeightlessCrab":24,"Juzu Bracelet":87,"Replay:Mystery Machine":139,"Empty Cage":34,"PrismaticShard":0,"aspiration:StickyExplosives_weak":5,"Tough Bandages":9,"Nunchaku":29,"Dream Catcher":154,"hubris:Icosahedron":90,"Chameleon Ring":146,"StuffTheSpire:Nightcore":165,"Replay:Bottled Snecko":9,"halation:LettersToHer":0,"Runic Pyramid":156,"Guide Book":0,"aspiration:RunicSpoon":91,"halation:IllGainedPizza":75,"hubris:MedicalManual":42,"Replay:WaspNest":111,"Odd Mushroom":106,"Mercury Hourglass":51,"Calling Bell":17,"Pondfish Scales":0,"infinitespire:Satchel":97,"halation:EternalFortune":19,"StuffTheSpire:CocoNut":177,"hubris:BundleOfHerbs":0,"infinitespire:Burning Sword":69,"Bag of Marbles":0,"Membership Card":159,"hubris:OldNail":0,"hubris:AncientText":156,"Golden Egg":18,"infinitespire:BottledMercury":47,"hubris:BallOfYels":9,"vexMod:MemoryStick":40,"StuffTheSpire:Barrel":97,"halation:ForbiddenBikini":2,"vexMod:TanglingVine":174,"Whetstone":16,"Boot":47,"halation:HeavySnake":178,"FrozenCore":19,"vexMod:CardConverter":0,"aspiration:EnhancedActuators":25,"vexMod:EndlessSickness":86,"hubris:DeckOfHolding":57,"MealTicket":133,"infinitespire:Golems Mask":0,"vexMod:DeviousBotling":34,"Kunai":36,"Replay:Wax Seal":125,"Electric Blood":121,"hubris:TinFlute":18,"StuffTheSpire:NeowsTribute":98,"Pear":111,"halation:QuantumPhysicsTextbook":70,"hubris:SphereOfDissonance":13,"Replay:Ancient Bell":34,"Paper Crane":131,"aspiration:FrozenJewel":13,"SlaversCollar":1,"Runic Dome":7,"Ooze Armor":17,"halation:Jellyphish":36,"halation:PenCase":82,"Pandora\u0027s Box":34,"hubris:TenFootPole":63,"Kintsugi":69,"infinitespire:PuzzleCube":43,"Abe\u0027s Treasure":134,"Ring of the Serpent":71,"infinitespire:Cupcake":138,"vexMod:BigBerry":17,"Lantern":62,"aspiration:Lifesprig":73,"hubris:Metronome":0,"halation:Sosunser":0,"Magic Flower":26,"StoneCalendar":6,"Painkiller Herb":169,"Blue Doll":56,"StuffTheSpire:EmeraldSignet":26,"Replay:Multitool":27,"Bag of Preparation":45,"Cursed Key":17,"Replay:Rubber Ducky":130,"StuffTheSpire:RunicConfusion":102,"Shovel":0,"Matryoshka":18,"hubris:ScarierMask":17,"halation:Toothbrush":35,"hubris:FunFungus":96,"WingedGreaves":8,"halation:PinkAlligatorPlush":52,"hubris:ChampionShield":14,"StuffTheSpire:RedRose":5,"hubris:GlazedTorus":0,"Self Forming Clay":34,"Basket Of Snakes":0,"halation:Yufonium":27,"StuffTheSpire:Expresso":0,"Thread and Needle":0,"infinitespire:Joker Card":42,"Omamori":0,"infinitespire:CheckeredPen":27,"Frozen Egg 2":84,"halation:SelfBoilingWater":17,"MawBank":30,"Orrery":111,"Turnip":42,"Bottled Lightning":109,"halation:AfternoonTea":78,"halation:TwoAmDonut":137,"Toy Ornithopter":125,"hubris:CrystalStatue":109,"Vajra":172,"halation:Prosthetics":40,"Lizard Tail":62,"DollysMirror":39,"Strawberry":100,"halation:VictoryRuler":0,"Toxic Egg 2":0,"Replay:Blank Codex":71,"Happy Flower":66,"vexMod:ScavengeHelm":71,"aspiration:Nostalgia":72,"Dead Branch":27,"Astrolabe":52,"Oddly Smooth Stone":139,"vexMod:TimeEaterHat":0,"infinitespire:Beetle Shell":95,"Letter Opener":13,"aspiration:SeaSaltIceCream":0,"Replay:Kaleidoscope":0,"War Paint":113,"Question Card":38,"Replay:Baseball":0,"Shuriken":40,"Bronze Scales":8,"Simple Rune":50,"StuffTheSpire:DarkSteelAnvil":120,"Molten Egg 2":128,"hubris:ToyBattleship":24,"ReplayTheSpireMod:TigerMarble":9,"Black Star":17,"Grinning Jar":79,"Meat on the Bone":29,"ReplayFunnel":50,"Darkstone Periapt":127,"halation:PapillonHeart":45,"Replay:PocketPolymizer":41,"Snecko Heart":155,"SacredBark":73,"Mango":0,"Incense Burner":0,"hubris:SlimyHat":64,"ClockworkSouvenir":0,"StuffTheSpire:Experiment12":125,"Frozen Eye":44,"Replay:Bandana":79,"Mummified Hand":0,"Pantograph":54,"Gambling Chip":93,"StuffTheSpire:HeavyRock":161,"Tiny Chest":27,"Cracked Core":0,"Red Skull":17,"StuffTheSpire:Tea":147,"Gremlin Food":13,"hubris:DisguiseKit":68,"ReplayTheSpireMod:Ninjato":28,"Replay:Towering Pillar of Hats":0,"infinitespire:CursedDice":31,"aspiration:FetidBarrel":134,"Quantum Egg":154,"aspiration:HummingbirdHeart":0,"aspiration:SecretTechniqueScroll":38,"White Beast Statue":26,"Peace Pipe":0,"halation:LoveArrow":62,"CaptainsWheel":64,"Anchor":78,"infinitespire:WardingShard":26,"ChewingGum":16,"Another Sword":51,"StuffTheSpire:Kangaroo":2,"Snack Pack":105,"Coffee Dripper":151,"StuffTheSpire:RubySignet":23,"TungstenRod":83,"hubris:Potato":150},{"Replay:Accelerometer":31,"StuffTheSpire:Rhapsscallions":271,"StuffTheSpire:BottledEssence":105,"Blood Vial":66,"StuffTheSpire:SapphireSignet":105,"vexMod:InvisibilityCloak":70,"infinitespire:ShieldingShard":154,"hubris:AstralHammer":63,"Fusion Hammer":83,"halation:PromiseList":24,"Replay:Bottled Flurry":259,"aspiration:DSix":105,"Replay:Bottled Steam":3,"Runic Cube":78,"hubris:MobiusCoin":20,"Blue Candle":106,"Eternal Feather":268,"Tingsha":305,"Pen Nib":134,"infinitespire:Magic Flask":27,"infinitespire:EvilPickle":341,"Snecko Scales":307,"StuffTheSpire:MayFlowers":39,"infinitespire:Broken Mirror":46,"infinitespire:Lychee Nut":74,"Bird Faced Urn":318,"Snecko Eye":100,"StuffTheSpire:DullRazor":105,"vexMod:ImprovementManual":161,"Unceasing Top":207,"hubris:Reverence":59,"Regal Pillow":103,"Torii":89,"Singing Bowl":148,"halation:TrafficLight":271,"King of Hearts":36,"StuffTheSpire:GrapeVine":133,"hubris:EmptyBottle":150,"Smiling Mask":64,"Ancient Tea Set":76,"Burning Blood":0,"Pet Ghost":68,"halation:Pancakes":228,"StuffTheSpire:Gunfinga":91,"hubris:Backtick":281,"WristBlade":285,"infinitespire:Bottled Soul":124,"aspiration:AnachronicSnailShell":105,"hubris:CuriousFeather":272,"Chemical X":139,"Replay:Bottled Eggs":32,"aspiration:FutureDiary":60,"InkBottle":73,"aspiration:ChemicalBlood":31,"Ring of the Snake":139,"Potion Belt":86,"NeowsBlessing":0,"hubris:64BitClover":27,"halation:BottledLove":31,"Golden Idol":244,"Circlet":269,"vexMod:BerryBomb":88,"PreservedInsect":161,"infinitespire:Lucky Rock":52,"hubris:Towel":257,"Replay:Arrowhead":53,"StuffTheSpire:Mouthbags":80,"Ornamental Fan":239,"betterThird:SlimedRelic":154,"Art of War":98,"Durian":105,"Garlic":211,"halation:PinkSoulGem":163,"halation:Trompette":175,"hubris:BottledRain":156,"infinitespire:Midas Blood":159,"Ice Cream":18,"Calipers":43,"Tiny House":271,"Gremlin Horn":25,"HoveringKite":232,"Centennial Puzzle":165,"halation:PrussianBluePaint":78,"Philosopher\u0027s Stone":8,"Prayer Wheel":105,"Iron Hammer":255,"halation:KoshaPiece":91,"Girya":8,"hubris:Teleporter":78,"Replay:Grab Bag":8,"StuffTheSpire:ForceGauntlet":57,"hubris:FruitBowl":232,"hubris:HollowSoul":29,"Charon\u0027s Ashes":75,"vexMod:PaidLearning":50,"halation:Thesaurus":298,"Du-Vu Doll":22,"hubris:Zylophone":105,"OrangePellets":105,"Onion Ring":77,"hubris:PeanutButter":253,"StuffTheSpire:PointBlank":24,"infinitespire:EmpoweringShard":161,"Mirror":277,"aspiration:HatOfInfinitePower":318,"Symbiotic Virus":322,"StuffTheSpire:OldFever":97,"Pocketwatch":3,"Black Blood":17,"Enchiridion":274,"aspiration:TomeofQuesting":51,"halation:WeightlessCrab":11,"Juzu Bracelet":61,"Replay:Mystery Machine":304,"Empty Cage":41,"PrismaticShard":105,"aspiration:StickyExplosives_weak":190,"Tough Bandages":218,"Nunchaku":253,"Dream Catcher":314,"hubris:Icosahedron":63,"Chameleon Ring":88,"StuffTheSpire:Nightcore":98,"Replay:Bottled Snecko":323,"halation:LettersToHer":216,"Runic Pyramid":94,"Guide Book":105,"aspiration:RunicSpoon":282,"halation:IllGainedPizza":140,"hubris:MedicalManual":46,"Replay:WaspNest":73,"Odd Mushroom":154,"Mercury Hourglass":262,"Calling Bell":8,"Pondfish Scales":161,"infinitespire:Satchel":149,"halation:EternalFortune":197,"StuffTheSpire:CocoNut":103,"hubris:BundleOfHerbs":161,"infinitespire:Burning Sword":55,"Bag of Marbles":161,"Membership Card":95,"hubris:OldNail":105,"hubris:AncientText":314,"Golden Egg":35,"infinitespire:BottledMercury":185,"hubris:BallOfYels":349,"vexMod:MemoryStick":21,"StuffTheSpire:Barrel":65,"halation:ForbiddenBikini":240,"vexMod:TanglingVine":102,"Whetstone":246,"Boot":345,"halation:HeavySnake":103,"FrozenCore":329,"vexMod:CardConverter":105,"aspiration:EnhancedActuators":332,"vexMod:EndlessSickness":61,"hubris:DeckOfHolding":50,"MealTicket":80,"infinitespire:Golems Mask":105,"vexMod:DeviousBotling":41,"Kunai":42,"Replay:Wax Seal":78,"Electric Blood":77,"hubris:TinFlute":34,"StuffTheSpire:NeowsTribute":66,"Pear":72,"halation:QuantumPhysicsTextbook":56,"hubris:SphereOfDissonance":32,"Replay:Ancient Bell":179,"Paper Crane":300,"aspiration:FrozenJewel":245,"SlaversCollar":27,"Runic Dome":30,"Ooze Armor":34,"halation:Jellyphish":18,"halation:PenCase":59,"Pandora\u0027s Box":120,"hubris:TenFootPole":53,"Kintsugi":138,"infinitespire:PuzzleCube":46,"Abe\u0027s Treasure":81,"Ring of the Serpent":272,"infinitespire:Cupcake":84,"vexMod:BigBerry":111,"Lantern":52,"aspiration:Lifesprig":56,"hubris:Metronome":161,"halation:Sosunser":161,"Magic Flower":12,"StoneCalendar":2,"Painkiller Herb":99,"Blue Doll":131,"StuffTheSpire:EmeraldSignet":228,"Replay:Multitool":13,"Bag of Preparation":46,"Cursed Key":8,"Replay:Rubber Ducky":80,"StuffTheSpire:RunicConfusion":67,"Shovel":105,"Matryoshka":247,"hubris:ScarierMask":247,"halation:Toothbrush":41,"hubris:FunFungus":64,"WingedGreaves":165,"halation:PinkAlligatorPlush":129,"hubris:ChampionShield":33,"StuffTheSpire:RedRose":107,"hubris:GlazedTorus":105,"Self Forming Clay":179,"Basket Of Snakes":216,"halation:Yufonium":251,"StuffTheSpire:Expresso":105,"Thread and Needle":105,"infinitespire:Joker Card":45,"Omamori":105,"infinitespire:CheckeredPen":174,"Frozen Egg 2":278,"halation:SelfBoilingWater":8,"MawBank":177,"Orrery":292,"Turnip":23,"Bottled Lightning":72,"halation:AfternoonTea":141,"halation:TwoAmDonut":303,"Toy Ornithopter":78,"hubris:CrystalStatue":291,"Vajra":101,"halation:Prosthetics":44,"Lizard Tail":135,"DollysMirror":44,"Strawberry":67,"halation:VictoryRuler":161,"Toxic Egg 2":161,"Replay:Blank Codex":139,"Happy Flower":54,"vexMod:ScavengeHelm":56,"aspiration:Nostalgia":139,"Dead Branch":36,"Astrolabe":48,"Oddly Smooth Stone":84,"vexMod:TimeEaterHat":105,"infinitespire:Beetle Shell":64,"Letter Opener":6,"aspiration:SeaSaltIceCream":105,"Replay:Kaleidoscope":105,"War Paint":73,"Question Card":43,"Replay:Baseball":105,"Shuriken":45,"Bronze Scales":243,"Simple Rune":47,"StuffTheSpire:DarkSteelAnvil":76,"Molten Egg 2":80,"hubris:ToyBattleship":36,"ReplayTheSpireMod:TigerMarble":108,"Black Star":354,"Grinning Jar":59,"Meat on the Bone":38,"ReplayFunnel":46,"Darkstone Periapt":298,"halation:PapillonHeart":210,"Replay:PocketPolymizer":22,"Snecko Heart":93,"SacredBark":273,"Mango":105,"Incense Burner":161,"hubris:SlimyHat":271,"ClockworkSouvenir":161,"StuffTheSpire:Experiment12":78,"Frozen Eye":124,"Replay:Bandana":276,"Mummified Hand":239,"Pantograph":49,"Gambling Chip":63,"StuffTheSpire:HeavyRock":317,"Tiny Chest":37,"Cracked Core":0,"Red Skull":8,"StuffTheSpire:Tea":89,"Gremlin Food":219,"hubris:DisguiseKit":54,"ReplayTheSpireMod:Ninjato":37,"Replay:Towering Pillar of Hats":161,"infinitespire:CursedDice":16,"aspiration:FetidBarrel":301,"Quantum Egg":92,"aspiration:HummingbirdHeart":105,"aspiration:SecretTechniqueScroll":19,"White Beast Statue":200,"Peace Pipe":105,"halation:LoveArrow":269,"CaptainsWheel":53,"Anchor":58,"infinitespire:WardingShard":251,"ChewingGum":33,"Another Sword":26,"StuffTheSpire:Kangaroo":28,"Snack Pack":69,"Coffee Dripper":90,"StuffTheSpire:RubySignet":250,"TungstenRod":60,"hubris:Potato":311},{"Replay:Accelerometer":134,"StuffTheSpire:Rhapsscallions":985,"StuffTheSpire:BottledEssence":389,"Blood Vial":293,"StuffTheSpire:SapphireSignet":389,"vexMod:InvisibilityCloak":313,"infinitespire:ShieldingShard":590,"hubris:AstralHammer":284,"Fusion Hammer":343,"halation:PromiseList":97,"Replay:Bottled Flurry":964,"aspiration:DSix":389,"Replay:Bottled Steam":3,"Runic Cube":333,"hubris:MobiusCoin":73,"Blue Candle":391,"Eternal Feather":980,"Tingsha":1052,"Pen Nib":508,"infinitespire:Magic Flask":112,"infinitespire:EvilPickle":1217,"Snecko Scales":1054,"StuffTheSpire:MayFlowers":174,"infinitespire:Broken Mirror":212,"infinitespire:Lychee Nut":322,"Bird Faced Urn":1088,"Snecko Eye":382,"StuffTheSpire:DullRazor":389,"vexMod:ImprovementManual":613,"Unceasing Top":756,"hubris:Reverence":270,"Regal Pillow":387,"Torii":359,"Singing Bowl":562,"halation:TrafficLight":985,"King of Hearts":162,"StuffTheSpire:GrapeVine":504,"hubris:EmptyBottle":575,"Smiling Mask":287,"Ancient Tea Set":326,"Burning Blood":0,"Pet Ghost":303,"halation:Pancakes":854,"StuffTheSpire:Gunfinga":366,"hubris:Backtick":1004,"WristBlade":1011,"infinitespire:Bottled Soul":471,"aspiration:AnachronicSnailShell":389,"hubris:CuriousFeather":986,"Chemical X":527,"Replay:Bottled Eggs":139,"aspiration:FutureDiary":274,"InkBottle":320,"aspiration:ChemicalBlood":134,"Ring of the Snake":527,"Potion Belt":351,"NeowsBlessing":0,"hubris:64BitClover":112,"halation:BottledLove":134,"Golden Idol":911,"Circlet":982,"vexMod:BerryBomb":356,"PreservedInsect":613,"infinitespire:Lucky Rock":241,"hubris:Towel":954,"Replay:Arrowhead":242,"StuffTheSpire:Mouthbags":336,"Ornamental Fan":895,"betterThird:SlimedRelic":590,"Art of War":377,"Durian":389,"Garlic":776,"halation:PinkSoulGem":615,"halation:Trompette":647,"hubris:BottledRain":596,"infinitespire:Midas Blood":605,"Ice Cream":63,"Calipers":195,"Tiny House":985,"Gremlin Horn":99,"HoveringKite":865,"Centennial Puzzle":622,"halation:PrussianBluePaint":333,"Philosopher\u0027s Stone":23,"Prayer Wheel":389,"Iron Hammer":949,"halation:KoshaPiece":366,"Girya":23,"hubris:Teleporter":333,"Replay:Grab Bag":23,"StuffTheSpire:ForceGauntlet":260,"hubris:FruitBowl":865,"hubris:HollowSoul":120,"Charon\u0027s Ashes":324,"vexMod:PaidLearning":236,"halation:Thesaurus":1039,"Du-Vu Doll":86,"hubris:Zylophone":389,"OrangePellets":389,"Onion Ring":329,"hubris:PeanutButter":943,"StuffTheSpire:PointBlank":97,"infinitespire:EmpoweringShard":613,"Mirror":997,"aspiration:HatOfInfinitePower":1088,"Symbiotic Virus":1101,"StuffTheSpire:OldFever":376,"Pocketwatch":3,"Black Blood":59,"Enchiridion":991,"aspiration:TomeofQuesting":238,"halation:WeightlessCrab":35,"Juzu Bracelet":279,"Replay:Mystery Machine":1049,"Empty Cage":188,"PrismaticShard":389,"aspiration:StickyExplosives_weak":679,"Tough Bandages":808,"Nunchaku":943,"Dream Catcher":1070,"hubris:Icosahedron":284,"Chameleon Ring":356,"StuffTheSpire:Nightcore":377,"Replay:Bottled Snecko":1109,"halation:LettersToHer":798,"Runic Pyramid":372,"Guide Book":389,"aspiration:RunicSpoon":1005,"halation:IllGainedPizza":532,"hubris:MedicalManual":212,"Replay:WaspNest":320,"Odd Mushroom":590,"Mercury Hourglass":971,"Calling Bell":23,"Pondfish Scales":613,"infinitespire:Satchel":568,"halation:EternalFortune":712,"StuffTheSpire:CocoNut":387,"hubris:BundleOfHerbs":613,"infinitespire:Burning Sword":251,"Bag of Marbles":613,"Membership Card":373,"hubris:OldNail":389,"hubris:AncientText":1070,"Golden Egg":155,"infinitespire:BottledMercury":664,"hubris:BallOfYels":1274,"vexMod:MemoryStick":80,"StuffTheSpire:Barrel":289,"halation:ForbiddenBikini":897,"vexMod:TanglingVine":385,"Whetstone":918,"Boot":1246,"halation:HeavySnake":387,"FrozenCore":1150,"vexMod:CardConverter":389,"aspiration:EnhancedActuators":1165,"vexMod:EndlessSickness":279,"hubris:DeckOfHolding":236,"MealTicket":336,"infinitespire:Golems Mask":389,"vexMod:DeviousBotling":188,"Kunai":191,"Replay:Wax Seal":333,"Electric Blood":329,"hubris:TinFlute":149,"StuffTheSpire:NeowsTribute":293,"Pear":316,"halation:QuantumPhysicsTextbook":256,"hubris:SphereOfDissonance":139,"Replay:Ancient Bell":656,"Paper Crane":1042,"aspiration:FrozenJewel":916,"SlaversCollar":112,"Runic Dome":123,"Ooze Armor":149,"halation:Jellyphish":63,"halation:PenCase":270,"Pandora\u0027s Box":452,"hubris:TenFootPole":242,"Kintsugi":525,"infinitespire:PuzzleCube":212,"Abe\u0027s Treasure":338,"Ring of the Serpent":986,"infinitespire:Cupcake":347,"vexMod:BigBerry":421,"Lantern":241,"aspiration:Lifesprig":256,"hubris:Metronome":613,"halation:Sosunser":613,"Magic Flower":39,"StoneCalendar":2,"Painkiller Herb":379,"Blue Doll":500,"StuffTheSpire:EmeraldSignet":854,"Replay:Multitool":41,"Bag of Preparation":212,"Cursed Key":23,"Replay:Rubber Ducky":336,"StuffTheSpire:RunicConfusion":299,"Shovel":389,"Matryoshka":927,"hubris:ScarierMask":927,"halation:Toothbrush":188,"hubris:FunFungus":287,"WingedGreaves":622,"halation:PinkAlligatorPlush":496,"hubris:ChampionShield":144,"StuffTheSpire:RedRose":394,"hubris:GlazedTorus":389,"Self Forming Clay":656,"Basket Of Snakes":798,"halation:Yufonium":938,"StuffTheSpire:Expresso":389,"Thread and Needle":389,"infinitespire:Joker Card":205,"Omamori":389,"infinitespire:CheckeredPen":646,"Frozen Egg 2":998,"halation:SelfBoilingWater":23,"MawBank":650,"Orrery":1031,"Turnip":91,"Bottled Lightning":316,"halation:AfternoonTea":534,"halation:TwoAmDonut":1047,"Toy Ornithopter":333,"hubris:CrystalStatue":1029,"Vajra":383,"halation:Prosthetics":198,"Lizard Tail":512,"DollysMirror":198,"Strawberry":299,"halation:VictoryRuler":613,"Toxic Egg 2":613,"Replay:Blank Codex":527,"Happy Flower":245,"vexMod:ScavengeHelm":256,"aspiration:Nostalgia":527,"Dead Branch":162,"Astrolabe":227,"Oddly Smooth Stone":347,"vexMod:TimeEaterHat":389,"infinitespire:Beetle Shell":287,"Letter Opener":12,"aspiration:SeaSaltIceCream":389,"Replay:Kaleidoscope":389,"War Paint":320,"Question Card":195,"Replay:Baseball":389,"Shuriken":205,"Bronze Scales":906,"Simple Rune":220,"StuffTheSpire:DarkSteelAnvil":326,"Molten Egg 2":336,"hubris:ToyBattleship":162,"ReplayTheSpireMod:TigerMarble":397,"Black Star":1300,"Grinning Jar":270,"Meat on the Bone":171,"ReplayFunnel":212,"Darkstone Periapt":1039,"halation:PapillonHeart":772,"Replay:PocketPolymizer":86,"Snecko Heart":370,"SacredBark":988,"Mango":389,"Incense Burner":613,"hubris:SlimyHat":985,"ClockworkSouvenir":613,"StuffTheSpire:Experiment12":333,"Frozen Eye":471,"Replay:Bandana":994,"Mummified Hand":895,"Pantograph":231,"Gambling Chip":284,"StuffTheSpire:HeavyRock":1078,"Tiny Chest":167,"Cracked Core":0,"Red Skull":23,"StuffTheSpire:Tea":359,"Gremlin Food":811,"hubris:DisguiseKit":245,"ReplayTheSpireMod:Ninjato":167,"Replay:Towering Pillar of Hats":613,"infinitespire:CursedDice":52,"aspiration:FetidBarrel":1043,"Quantum Egg":368,"aspiration:HummingbirdHeart":389,"aspiration:SecretTechniqueScroll":67,"White Beast Statue":722,"Peace Pipe":389,"halation:LoveArrow":982,"CaptainsWheel":242,"Anchor":264,"infinitespire:WardingShard":938,"ChewingGum":144,"Another Sword":106,"StuffTheSpire:Kangaroo":116,"Snack Pack":312,"Coffee Dripper":363,"StuffTheSpire:RubySignet":936,"TungstenRod":274,"hubris:Potato":1063}],"TungstenRod":72},"card_choices":[{"not_picked":["Coolheaded","Double Energy"],"picked":"Turbo","floor":1},{"not_picked":["Mirror Shield","Conserve Battery"],"picked":"StuffTheSpire:CleanHardDrive","floor":5},{"not_picked":["Coolheaded","Rebound+1"],"picked":"BootSequence","floor":5},{"not_picked":["StuffTheSpire:GlassShard+1","Coolheaded"],"picked":"StuffTheSpire:Rend","floor":7},{"not_picked":["Doom and Gloom+1","Hello World"],"picked":"Gash+1","floor":10},{"not_picked":["Sweeping Beam+1","Mirror Shield","Turbo"],"picked":"SKIP","floor":12},{"not_picked":["ReplayTheSpireMod:Calculation Training","Crystallizer","Force Field"],"picked":"SKIP","floor":13},{"not_picked":["Steam","Go for the Eyes+1","Chill"],"picked":"SKIP","floor":14},{"not_picked":["Conserve Battery","Beam Cell+1"],"picked":"Reprogram","floor":18},{"not_picked":["Go for the Eyes+1","StuffTheSpire:ForEach","StuffTheSpire:Plugnplay"],"picked":"SKIP","floor":19},{"not_picked":["BasicCrystalCard","Loop","Conserve Battery"],"picked":"SKIP","floor":20}],"player_experience":794199,"relics_obtained":[{"floor":9,"key":"hubris:BallOfYels"},{"floor":10,"key":"halation:Trompette"},{"floor":12,"key":"infinitespire:BottledMercury"}],"event_choices":[],"is_beta":false,"boss_relics":[{"not_picked":["Replay:Grab Bag","aspiration:Stellarator"],"picked":"Black Star"}],"items_purged_floors":[4],"is_endless":false,"potions_floor_spawned":[1,10,12,13,20],"killed_by":"Centurion and Healer","ascension_level":20}}