{"host":"95opfxp0quumjm7q","time":1613675493,"event":{"mods":["2.2 Compatiblity","BaseMod","Hubris","Minty Spire (QoL Compilation)","StSLib"],"gold_per_floor":[15,26,26,26,46,74,74,92,117,82,132,132,146,177,177,280,280,294,308,321,40,40,66,66,66,89,89,15,48,59,92,92,194,194,206,206,206,224,234,267,267,302,355,355,365,394,409,409,409,409,409,409,91,126,126],"floor_reached":56,"language":"DEU","playtime":3998,"items_purged":["Strike_B"],"score":1463,"play_id":"210a963b-bfe7-475d-8261-f96e2a417f66","local_time":"20210218201133","is_ascension_mode":true,"campfire_choices":[{"data":"Self Repair","floor":7,"key":"SMITH"},{"data":"Storm","floor":15,"key":"SMITH"},{"data":"Thunder Strike","floor":24,"key":"SMITH"},{"floor":27,"key":"REST"},{"data":"Loop","floor":32,"key":"SMITH"},{"floor":41,"key":"RECALL"},{"data":"Capacitor","floor":44,"key":"SMITH"},{"data":"Defragment","floor":49,"key":"SMITH"},{"data":"Machine Learning","floor":52,"key":"SMITH"}],"circlet_count":0,"master_deck":["Strike_B","Strike_B","Defend_B","Defend_B","Defend_B","Zap","Dualcast","Creative AI+1","Self Repair+1","Hello World","BootSequence","Double Energy","Heatsinks","Storm+1","Stack","Machine Learning+1","CurseOfTheBell","Loop+1","Hologram","Thunder Strike+1","Echo Form","hubris:Ukulele","Necronomicurse","Self Repair","Force Field","Buffer","Swift Strike","Capacitor+1","Loop","Defragment+1","Apotheosis","Storm","Storm+1"],"relics":["Cracked Core","Anchor","hubris:SphereOfDissonance","Ancient Tea Set","Bag of Preparation","Centennial Puzzle","Calling Bell","Happy Flower","White Beast Statue","FossilizedHelix","Art of War","Emotion Chip","Necronomicon","hubris:ToyBattleship","InkBottle","Nunchaku","SlaversCollar","Bronze Scales","Blue Candle","Smiling Mask","Orichalcum"],"acts_visited":["Exordium","TheCity","TheBeyond","TheEnding"],"potions_floor_usage":[6,8,16,19,20,23,30,30,31,33,39,40,46,55],"damage_taken":[{"damage":11.0,"enemies":"Small Slimes","floor":1.0,"turns":3.0},{"damage":13.0,"enemies":"2 Louse","floor":2.0,"turns":6.0},{"damage":1,"enemies":"Cultist","floor":5,"turns":4},{"damage":29,"enemies":"Gremlin Nob","floor":6,"turns":5},{"damage":21,"enemies":"Gremlin Gang","floor":8,"turns":4},{"damage":9,"enemies":"Red Slaver","floor":13,"turns":4},{"damage":8,"enemies":"Lagavulin","floor":14,"turns":6},{"damage":12,"enemies":"Slime Boss","floor":16,"turns":6},{"damage":22,"enemies":"Spheric Guardian","floor":18,"turns":4},{"damage":2,"enemies":"Shell Parasite","floor":19,"turns":4},{"damage":32,"enemies":"Shelled Parasite and Fungi","floor":20,"turns":8},{"damage":27,"enemies":"Gremlin Leader","floor":23,"turns":5},{"damage":0,"enemies":"Book of Stabbing","floor":29,"turns":2},{"damage":0,"enemies":"Snake Plant","floor":30,"turns":2},{"damage":19,"enemies":"Gremlin Leader","floor":31,"turns":4},{"damage":0,"enemies":"Champ","floor":33,"turns":4},{"damage":0,"enemies":"3 Shapes","floor":35,"turns":3},{"damage":14,"enemies":"Orb Walker","floor":38,"turns":3},{"damage":0,"enemies":"Sphere and 2 Shapes","floor":39,"turns":3},{"damage":0,"enemies":"Giant Head","floor":40,"turns":3},{"damage":25,"enemies":"Reptomancer","floor":42,"turns":3},{"damage":0,"enemies":"Jaw Worm Horde","floor":45,"turns":3},{"damage":20,"enemies":"Giant Head","floor":46,"turns":6},{"damage":0,"enemies":"Spire Growth","floor":47,"turns":3},{"damage":16,"enemies":"hubris:GrandSnecko","floor":50,"turns":5},{"damage":0,"enemies":"Shield and Spear","floor":54,"turns":3},{"damage":38,"enemies":"The Heart","floor":55,"turns":5}],"seed_played":"-5198173379596337863","potions_obtained":[{"floor":1.0,"key":"Dexterity Potion"},{"floor":5,"key":"LiquidMemories"},{"floor":8,"key":"Swift Potion"},{"floor":13,"key":"PowerPotion"},{"floor":16,"key":"PotionOfCapacity"},{"floor":18,"key":"SkillPotion"},{"floor":19,"key":"SpeedPotion"},{"floor":20,"key":"PowerPotion"},{"floor":23,"key":"AttackPotion"},{"floor":29,"key":"Energy Potion"},{"floor":30,"key":"Energy Potion"},{"floor":31,"key":"PotionOfCapacity"},{"floor":33,"key":"Weak Potion"},{"floor":35,"key":"FairyPotion"},{"floor":38,"key":"DistilledChaos"},{"floor":39,"key":"SkillPotion"},{"floor":40,"key":"FairyPotion"},{"floor":46,"key":"Fruit Juice"},{"floor":47,"key":"SneckoOil"},{"floor":54,"key":"LiquidBronze"}],"is_trial":false,"path_per_floor":["M","M","?","?","M","E","R","M","T","?","T","$","M","E","R","B",null,"M","M","M","$","T","E","R","?","T","R","$","E","M","E","R","B",null,"M","?","?","M","M","E","R","E","T","R","M","E","M","?","R","B",null,"R","$","E","B",null],"character_chosen":"DEFECT","items_purchased":["Thunder Strike","Echo Form","Self Repair","Apotheosis","Storm"],"campfire_rested":1,"item_purchase_floors":[21,21,28,53,53],"current_hp_per_floor":[64,58,58,40,46,24,24,13,13,31,31,31,32,34,34,32,75,63,71,49,49,49,32,32,16,16,38,38,48,65,56,56,73,75,75,75,75,61,75,75,75,67,67,67,67,69,80,76,76,76,76,76,76,76,45],"gold":126,"neow_bonus":"TRANSFORM_TWO_CARDS","is_daily":false,"chose_seed":false,"campfire_upgraded":7,"win_rate":0.0,"timestamp":1613675493,"path_taken":["M","M","?","?","M","E","R","M","T","?","?","$","M","E","R","BOSS","M","?","?","$","?","E","R","?","T","R","?","E","M","E","R","BOSS","M","?","?","M","M","E","R","E","T","R","M","E","M","?","R","BOSS","R","$","E","BOSS"],"items_purchased_type":["Card","Card","Card","Card","Card"],"build_version":"2020-12-22","purchased_purges":1,"victory":true,"max_hp_per_floor":[75,75,75,75,75,75,75,75,75,75,75,75,75,75,75,75,75,75,75,75,75,75,75,75,75,75,75,75,75,75,75,75,75,75,75,75,75,75,75,75,75,75,75,75,75,80,80,76,76,76,76,76,76,76,76],"card_choices":[{"not_picked":["Cold Snap","Doom and Gloom"],"picked":"Hello World","floor":1.0},{"not_picked":["Aggregate","Barrage","Reprogram"],"picked":"SKIP","floor":2},{"not_picked":["Ball Lightning","Go for the Eyes"],"picked":"BootSequence","floor":5},{"not_picked":["Rebound","Self Repair"],"picked":"Double Energy","floor":6},{"not_picked":["Turbo","Rip and Tear"],"picked":"Heatsinks","floor":8},{"not_picked":["Redo","Chill"],"picked":"Storm","floor":13},{"not_picked":["Sweeping Beam","Coolheaded"],"picked":"Stack","floor":14},{"not_picked":["hubris:DoWhile","Reboot"],"picked":"Machine Learning","floor":16},{"not_picked":["Go for the Eyes","Steam Power+1"],"picked":"Loop","floor":18},{"not_picked":["Glacier","Cold Snap"],"picked":"Hologram","floor":19},{"not_picked":["Gash+1","Steam Power","Stack"],"picked":"SKIP","floor":20},{"not_picked":["Genetic Algorithm+1","Chill"],"picked":"hubris:Ukulele","floor":23},{"not_picked":["Ball Lightning","Stack"],"picked":"Force Field","floor":29},{"not_picked":["Redo","Barrage","Aggregate"],"picked":"SKIP","floor":30},{"not_picked":["Sweeping Beam","Blizzard","Amplify"],"picked":"SKIP","floor":31},{"not_picked":["Seek","Multi-Cast"],"picked":"Buffer","floor":33},{"not_picked":["Lockon+1","Chaos+1","Cold Snap+1"],"picked":"SKIP","floor":35},{"not_picked":["Trip","Bandage Up"],"picked":"Swift Strike","floor":37},{"not_picked":["Gash","hubris:PowerSurge","Stack"],"picked":"SKIP","floor":38},{"not_picked":["Turbo","Darkness","Hologram+1"],"picked":"SKIP","floor":39},{"not_picked":["Beam Cell+1","Sweeping Beam","Barrage+1"],"picked":"SKIP","floor":40},{"not_picked":["hubris:Prefetch","Sweeping Beam"],"picked":"Capacitor","floor":42},{"not_picked":["Steam Power","Stack"],"picked":"Loop","floor":45},{"not_picked":["Leap","Reprogram"],"picked":"Defragment","floor":46},{"not_picked":["Coolheaded+1","Redo","Blizzard+1"],"picked":"SKIP","floor":47},{"not_picked":["Rebound+1","Undo"],"picked":"Storm+1","floor":54}],"player_experience":581185,"relics_obtained":[{"floor":6,"key":"hubris:SphereOfDissonance"},{"floor":9,"key":"Ancient Tea Set"},{"floor":11,"key":"Bag of Preparation"},{"floor":14,"key":"Centennial Puzzle"},{"floor":17,"key":"Happy Flower"},{"floor":17,"key":"White Beast Statue"},{"floor":17,"key":"FossilizedHelix"},{"floor":22,"key":"Art of War"},{"floor":23,"key":"Emotion Chip"},{"floor":25,"key":"Necronomicon"},{"floor":26,"key":"hubris:ToyBattleship"},{"floor":29,"key":"InkBottle"},{"floor":31,"key":"Nunchaku"},{"floor":40,"key":"Bronze Scales"},{"floor":42,"key":"Blue Candle"},{"floor":46,"key":"Smiling Mask"},{"floor":54,"key":"Orichalcum"}],"event_choices":[{"damage_healed":0,"gold_gain":0,"player_choice":"Success","damage_taken":18,"relics_obtained":["Anchor"],"max_hp_gain":0,"max_hp_loss":0,"event_name":"Scrap Ooze","floor":4,"gold_loss":0},{"damage_healed":18,"gold_gain":0,"player_choice":"Healed","damage_taken":0,"max_hp_gain":0,"max_hp_loss":0,"event_name":"The Cleric","floor":10,"gold_loss":35},{"damage_healed":0,"gold_gain":0,"player_choice":"Obtained Book","damage_taken":16,"max_hp_gain":0,"max_hp_loss":0,"event_name":"Cursed Tome","floor":25,"gold_loss":0},{"damage_healed":0,"gold_gain":0,"player_choice":"Ignored","damage_taken":0,"max_hp_gain":0,"max_hp_loss":0,"event_name":"Tomb of Lord Red Mask","floor":36,"gold_loss":0},{"damage_healed":0,"gold_gain":0,"player_choice":"Memory 1","damage_taken":0,"max_hp_gain":0,"max_hp_loss":0,"event_name":"SensoryStone","floor":37,"gold_loss":0},{"damage_healed":0,"gold_gain":0,"player_choice":"Max HP","damage_taken":0,"max_hp_gain":0,"max_hp_loss":4,"event_name":"Winding Halls","floor":48,"gold_loss":0}],"is_beta":false,"boss_relics":[{"not_picked":["FrozenCore","Empty Cage"],"picked":"Calling Bell"},{"not_picked":["hubris:BlackHole","hubris:ScarierMask"],"picked":"SlaversCollar"}],"items_purged_floors":[53],"is_endless":false,"potions_floor_spawned":[1,5,8,13,16,18,19,20,23,29,30,31,33,35,38,39,40,42,45,46,47,54],"ascension_level":2}}