{"host":"vk2xyavtylxbvrfq","time":1613682396,"event":{"mods":["Bard","BaseMod","Bestiary","Better Altar","Better Match","Better Note","Better Sensory Stone","Better Skull","Better Vampires","Block Reminder","Bossed Relics","Colored Map","Curses Come First","Displayed Cursed Tome","Downfall","Fox Events","Hermit","Ironclad Rager","Marked Mod","Minty Spire (QoL Compilation)","Quick Restart","Rare Cards Sparkle","Relic Sorter","Reliquary","Robot Space Explorer","StSLib","The Hayseed","The Runesmith","TheSurvivalist","Unceasing Turn Reminder"],"gold_per_floor":[118,27,41,41,53,78,91,91,91],"floor_reached":8,"language":"ENG","playtime":213,"items_purged":[],"score":75,"play_id":"2055f45f-c2a8-4a5f-aa45-423fe7e26fcd","local_time":"20210218160636","is_ascension_mode":true,"campfire_choices":[],"circlet_count":0,"master_deck":["hermit:Strike_Hermit","hermit:Strike_Hermit","hermit:Strike_Hermit","hermit:Strike_Hermit","hermit:Defend_Hermit","hermit:Defend_Hermit","hermit:Defend_Hermit","hermit:Defend_Hermit","hermit:Snapshot","hermit:Covet","hermit:BigShot","hermit:BigShot","hermit:CalledShot","hermit:Combo","hermit:CalledShot","hermit:RoundhouseKick","hermit:Vantage"],"relics":["hermit:Momento","NeowsBlessing","reliquary:SharkskinSheath","Happy Flower"],"acts_visited":["Exordium"],"potions_floor_usage":[8,8],"damage_taken":[{"damage":0,"enemies":"Cultist","floor":1,"turns":1},{"damage":0,"enemies":"Small Slimes","floor":3,"turns":1},{"damage":0,"enemies":"Jaw Worm","floor":5,"turns":1},{"damage":30,"enemies":"Lagavulin","floor":6,"turns":6},{"damage":13,"enemies":"Large Slime","floor":7,"turns":5},{"damage":6,"enemies":"Gremlin Nob","floor":8,"turns":3}],"seed_played":"-5162095810208637841","potions_obtained":[{"floor":3,"key":"SneckoOil"},{"floor":6,"key":"Weak Potion"},{"floor":7,"key":"champ:CounterPotion"}],"is_trial":false,"path_per_floor":["M","$","M","?","M","E","M","E"],"character_chosen":"HERMIT","items_purchased":["hermit:BigShot","hermit:CalledShot"],"campfire_rested":0,"item_purchase_floors":[2,2],"current_hp_per_floor":[68,68,68,68,68,38,25,19,19],"gold":91,"neow_bonus":"THREE_ENEMY_KILL","is_daily":false,"chose_seed":false,"campfire_upgraded":0,"win_rate":0.0,"timestamp":1613682396,"path_taken":["M","?","?","?","?","E","?","E"],"items_purchased_type":["Card","Card"],"build_version":"2020-12-22","purchased_purges":0,"victory":false,"max_hp_per_floor":[75,75,75,75,75,75,75,75,75],"card_choices":[{"not_picked":["hermit:ItchyTrigger","hermit:DeadMansHand"],"picked":"hermit:BigShot","floor":1},{"not_picked":["hermit:Headshot","hermit:Shortfuse"],"picked":"hermit:Combo","floor":3},{"not_picked":["hermit:Misfire","hermit:HoleUp"],"picked":"hermit:CalledShot","floor":5},{"not_picked":["hermit:Ricochet","hermit:HoleUp"],"picked":"hermit:RoundhouseKick","floor":6},{"not_picked":["hermit:Snipe","hermit:LoneWolf"],"picked":"hermit:Vantage","floor":7}],"player_experience":1426287,"relics_obtained":[{"floor":6,"key":"Happy Flower"}],"event_choices":[{"damage_healed":0,"gold_gain":0,"player_choice":"Gave Potion","damage_taken":0,"relics_obtained":["reliquary:SharkskinSheath"],"max_hp_gain":0,"max_hp_loss":0,"event_name":"WeMeetAgain","floor":4,"gold_loss":0}],"is_beta":false,"boss_relics":[],"items_purged_floors":[],"is_endless":false,"potions_floor_spawned":[3,6,7],"killed_by":"Gremlin Nob","ascension_level":6}}