{"host":"fv2k0lzl4ivow5fw","time":1613640673,"event":{"mods":["Aspiration","BaseMod","Downfall","Infinite Spire","Marisa????????","Minty Spire (QoL Compilation)","Reliquary","Replay The Spire","StSLib","The Animator","The Servant 0.9.4"],"gold_per_floor":[99,116,136,146,158,189,189,289,289,33,58,78,97,142,153,251,251,251,284,3,18,58,95,145,172,220,235,235,280,280,310,326,451,451,451,491,522,561,391,391,391,391,436,469,369,83,83,83,103,103],"floor_reached":51,"language":"ENG","playtime":5794,"items_purged":["Guardian:Defend_Guardian","Guardian:Strike_Guardian","Guardian:Strike_Guardian"],"score":818,"play_id":"c9466958-40b0-40ad-9102-038894f9f033","local_time":"20210218013113","is_ascension_mode":false,"campfire_choices":[{"floor":9.0,"key":"REST"},{"data":"Guardian:BaubleBeam","floor":18.0,"key":"SMITH"},{"data":"1","floor":30.0,"key":"LIFT"},{"data":"2","floor":35,"key":"LIFT"},{"data":"3","floor":40,"key":"LIFT"},{"data":"ReplayTheSpireMod:??????????????????????","floor":45,"key":"SMITH"}],"circlet_count":0,"master_deck":["Guardian:Strike_Guardian","Guardian:CurlUp","Guardian:TwinSlam","Guardian:TemporalStrike","Guardian:Reroute","Guardian:TemporalStrike","Guardian:Incinerate","Guardian:Incinerate","Guardian:SentryBeam","HandOfGreed","Jack Of All Trades","Flash of Steel","Guardian:FastForward","Guardian:Suspension","Guardian:TemporalShield","Guardian:BaubleBeam+1","Guardian:CrystalBeam","Guardian:SentryBeam","Guardian:ChargeCore+1","Guardian:BronzeOrb","Guardian:ShieldCharger","ReplayTheSpireMod:??????????????????????+1","Guardian:ChargeCore+1","Guardian:Gem_Cyan","Guardian:Planning","Guardian:Planning","Guardian:Gem_Blue","Guardian:TemporalStrike","Guardian:TimeCapacitor","downfall:Aged","Guardian:Repulse+1"],"relics":["Guardian:ModeShifter","aspiration:AnachronicSnailShell","Mango","ReplayTheSpireMod:ShopPack","reliquary:PorcupineQuills","Replay:Grab Bag","reliquary:RedPaperclip","Painkiller Herb","Replay:Drink Me","Simple Rune","Lizard Tail","Peace Pipe","Girya","Akabeko","ChewingGum","Membership Card","Pen Nib","aspiration:HatOfInfinitePower","ReplayTheSpireMod:Ninjato","reliquary:HotPoker","Replay:Multitool","downfall:HeartBlessingGreen","infinitespire:CheckeredPen","Bottled Lightning","Guardian:StasisEgg","Bird Faced Urn"],"acts_visited":["Exordium","TheCity","TheBeyond"],"potions_floor_usage":[],"damage_taken":[{"damage":3.0,"enemies":"Jaw Worm","floor":2.0,"turns":4.0},{"damage":0.0,"enemies":"Cultist","floor":3.0,"turns":3.0},{"damage":0.0,"enemies":"Small Slimes","floor":4.0,"turns":3.0},{"damage":11.0,"enemies":"Red Slaver","floor":5.0,"turns":3.0},{"damage":32.0,"enemies":"Gremlin Nob","floor":6.0,"turns":5.0},{"damage":33.0,"enemies":"downfall:LadyInBlue","floor":8.0,"turns":14.0},{"damage":0.0,"enemies":"downfall:FleeingMerchant","floor":10.0,"turns":4.0},{"damage":10.0,"enemies":"Lagavulin","floor":11.0,"turns":7.0},{"damage":14.0,"enemies":"3 Louse","floor":12.0,"turns":2.0},{"damage":4.0,"enemies":"Exordium Thugs","floor":13.0,"turns":2.0},{"damage":13.0,"enemies":"Gremlin Nob","floor":14.0,"turns":4.0},{"damage":5.0,"enemies":"Large Slime","floor":15.0,"turns":3.0},{"damage":6.0,"enemies":"SI_SHIV_ARCHETYPE","floor":16.0,"turns":6.0},{"damage":16.0,"enemies":"3 Byrds","floor":19.0,"turns":3.0},{"damage":5.0,"enemies":"downfall:FleeingMerchant","floor":20.0,"turns":4.0},{"damage":6.0,"enemies":"Shell Parasite","floor":21.0,"turns":2.0},{"damage":0.0,"enemies":"Chosen and Byrds","floor":22.0,"turns":3.0},{"damage":0.0,"enemies":"Shelled Parasite and Fungi","floor":23.0,"turns":2.0},{"damage":13.0,"enemies":"Gremlin Leader","floor":26.0,"turns":3.0},{"damage":9.0,"enemies":"Snake Plant","floor":27.0,"turns":3.0},{"damage":9.0,"enemies":"Book of Stabbing","floor":29.0,"turns":3.0},{"damage":0.0,"enemies":"3 Cultists","floor":31.0,"turns":2.0},{"damage":0.0,"enemies":"Snecko","floor":32.0,"turns":2.0},{"damage":8.0,"enemies":"IC_MUSHROOM_ARCHETYPE","floor":33.0,"turns":4.0},{"damage":0,"enemies":"3 Darklings","floor":36,"turns":3},{"damage":0,"enemies":"Orb Walker","floor":37,"turns":2},{"damage":0,"enemies":"Spire Growth","floor":38,"turns":3},{"damage":0,"enemies":"downfall:FleeingMerchant","floor":39,"turns":1},{"damage":0,"enemies":"Nemesis","floor":43,"turns":3},{"damage":0,"enemies":"Sphere and 2 Shapes","floor":44,"turns":2},{"damage":0,"enemies":"Writhing Mass","floor":49,"turns":2},{"damage":28,"enemies":"DF_ARCHETYPE_ORBS","floor":50,"turns":3}],"seed_played":"-6592364752006820417","potions_obtained":[{"floor":3.0,"key":"GamblersBrew"},{"floor":6.0,"key":"PowerPotion"},{"floor":8.0,"key":"hexamod:SoulburnPotion"},{"floor":8.0,"key":"Dexterity Potion"},{"floor":8.0,"key":"Weak Potion"},{"floor":13.0,"key":"Fire Potion"},{"floor":14.0,"key":"bronze:BurnAndBuffPotion"},{"floor":15.0,"key":"Languid Potion"},{"floor":16.0,"key":"CultistPotion"},{"floor":21.0,"key":"Dexterity Potion"},{"floor":26.0,"key":"sneckomod:MuddlingPotion"},{"floor":32.0,"key":"ColorlessPotion"},{"floor":33.0,"key":"Block Potion"},{"floor":38,"key":"CultistPotion"},{"floor":44,"key":"BlessingOfTheForge"}],"is_trial":false,"path_per_floor":["R","M","M","M","M","E","T","?","R","$","E","M","M","E","M","B",null,"T","?","T","?","?","?","T","?","E","?","AVR","E","T","?","?","B",null,"T","?","?","?","T","T","T","AVR","E","?","T","T","?","T","?","B",null],"character_chosen":"GUARDIAN","items_purchased":["ReplayTheSpireMod:ShopPack","Guardian:Gem_Fragmented","Guardian:SentryBeam","Guardian:Gem_Red","Guardian:Gem_White","Guardian:Planning","Membership Card","Pen Nib","aspiration:HatOfInfinitePower","Guardian:Gem_Blue","infinitespire:CheckeredPen","Bottled Lightning","Guardian:TimeCapacitor"],"campfire_rested":1,"item_purchase_floors":[10,10,20,20,20,39,39,39,39,39,46,46,46],"current_hp_per_floor":[88,85,85,85,74,42,56,23,53,63,53,39,35,22,17,16,77,77,61,56,50,50,50,50,50,37,28,28,19,19,19,19,11,77,77,77,77,77,77,77,77,77,77,77,77,77,77,77,77,49],"gold":103,"neow_bonus":"TEN_PERCENT_HP_BONUS","is_daily":false,"chose_seed":false,"campfire_upgraded":2,"win_rate":0.0,"timestamp":1613640673,"path_taken":["R","M","M","M","M","E","T","?","R","$","E","M","?","E","M","BOSS","T","?","T","?","?","?","T","?","E","?","AVR","E","T","?","?","BOSS","T","?","?","?","T","T","T","AVR","E","?","T","T","?","?","?","BOSS"],"items_purchased_type":["Relic","Card","Card","Card","Card","Card","Relic","Relic","Relic","Card","Relic","Relic","Card"],"build_version":"2020-12-22","purchased_purges":3,"victory":true,"max_hp_per_floor":[88,88,88,88,88,88,102,102,102,102,102,102,102,102,102,102,77,77,77,77,77,77,77,77,77,77,77,77,77,77,77,77,77,77,77,77,77,77,77,77,77,77,77,77,77,77,77,77,77,77],"card_choices":[{"not_picked":["Guardian:BronzeArmor","Guardian:WalkerClaw"],"picked":"Guardian:Reroute","floor":2.0},{"not_picked":["Guardian:Gem_Cyan","Guardian:TemporalShield"],"picked":"Guardian:TemporalStrike","floor":3.0},{"not_picked":["Guardian:RollAttack","Guardian:CrystalBeam"],"picked":"Guardian:Incinerate","floor":4.0},{"not_picked":["Guardian:PrismaticBeam","Guardian:VentSteam"],"picked":"Guardian:Gem_Yellow","floor":5.0},{"not_picked":["Guardian:EvasiveProtocol","Guardian:Gem_Purple"],"picked":"Guardian:Gem_White","floor":6.0},{"not_picked":["Guardian:Repulse","Guardian:PolyBeam"],"picked":"Guardian:Incinerate","floor":8.0},{"not_picked":["Guardian:Incinerate","Guardian:PiercingHide"],"picked":"Guardian:SentryBeam","floor":10.0},{"not_picked":["Violence","Secret Weapon"],"picked":"HandOfGreed","floor":10.0},{"not_picked":["Panacea","Specialist"],"picked":"Jack Of All Trades","floor":10.0},{"not_picked":["ReplayTheSpireMod:Uncanny Aura","Swift Strike"],"picked":"Flash of Steel","floor":10.0},{"not_picked":["Guardian:Repulse","Guardian:GuardianWhirl"],"picked":"Guardian:FastForward","floor":11.0},{"not_picked":["Guardian:TemporalShield","Guardian:Gem_Green"],"picked":"Guardian:Gem_Crimson","floor":12.0},{"not_picked":["Guardian:PrimingBeam","Guardian:Gem_Crimson"],"picked":"Guardian:Suspension","floor":13.0},{"not_picked":["Guardian:TemporalStrike","Guardian:RollAttack"],"picked":"Guardian:TemporalShield","floor":14.0},{"not_picked":["Guardian:Incinerate","Guardian:PiercingHide"],"picked":"Guardian:Gem_Lightblue","floor":15.0},{"not_picked":["Guardian:ExploitGems","Guardian:SphericShield"],"picked":"Guardian:BaubleBeam","floor":16.0},{"not_picked":["Guardian:BodySlam","Guardian:Gem_Cyan"],"picked":"Guardian:CrystalBeam","floor":19.0},{"not_picked":["Guardian:PrimingBeam","Guardian:PrismaticBarrier","Guardian:Emergency+1"],"picked":"SKIP","floor":20.0},{"not_picked":["Guardian:CrystalBeam","Guardian:VentSteam"],"picked":"Guardian:ChargeCore+1","floor":21.0},{"not_picked":["Guardian:Recover","Guardian:TimeCapacitor"],"picked":"Guardian:BronzeOrb","floor":22.0},{"not_picked":["Guardian:PiercingHide","Guardian:BodySlam","Guardian:Emergency+1"],"picked":"SKIP","floor":23.0},{"not_picked":["Guardian:DonusPower","Guardian:Gem_Lightblue"],"picked":"Guardian:Gem_Orange","floor":25.0},{"not_picked":["Guardian:PiercingHide","Guardian:BodySlam"],"picked":"Guardian:ShieldCharger","floor":26.0},{"not_picked":["Guardian:Incinerate+1","Guardian:DonusPower"],"picked":"Guardian:Gem_Yellow","floor":27.0},{"not_picked":["Guardian:Gem_Cyan","Guardian:ShieldSpikes"],"picked":"Guardian:Gem_Blue","floor":29.0},{"not_picked":["Guardian:ShieldSpikes","Guardian:DecasProtection+1"],"picked":"Guardian:ChargeCore+1","floor":31.0},{"not_picked":["Guardian:Gem_Blue","Guardian:VentSteam"],"picked":"Guardian:Gem_Cyan","floor":32.0},{"not_picked":["Guardian:BaubleBeam","Guardian:AncientConstruct"],"picked":"Guardian:Gem_Orange","floor":33.0},{"not_picked":["Guardian:TemporalStrike","Guardian:RollAttack+1"],"picked":"Guardian:Planning","floor":36},{"not_picked":["Guardian:Recover+1","Guardian:PiercingHide+1"],"picked":"Guardian:Gem_Crimson","floor":37},{"not_picked":["Guardian:Gem_Green","Guardian:Reroute"],"picked":"Guardian:Gem_White","floor":38},{"not_picked":["Guardian:RollAttack","Guardian:BronzeArmor+1","Guardian:MultiBeam+1"],"picked":"SKIP","floor":39},{"not_picked":["Guardian:Recover+1","Guardian:BronzeArmor"],"picked":"Guardian:TemporalStrike","floor":43},{"not_picked":["Guardian:Gem_Red","Guardian:TemporalShield","Guardian:ShieldSpikes"],"picked":"SKIP","floor":44},{"not_picked":["Guardian:Gem_Green","Guardian:Incinerate+1"],"picked":"Guardian:Repulse+1","floor":49}],"player_experience":105518,"relics_obtained":[{"floor":6.0,"key":"aspiration:AnachronicSnailShell"},{"floor":7.0,"key":"Mango"},{"floor":8.0,"key":"Toy Ornithopter"},{"floor":11.0,"key":"reliquary:FerryPass"},{"floor":14.0,"key":"reliquary:PorcupineQuills"},{"floor":24.0,"key":"Simple Rune"},{"floor":25.0,"key":"Lizard Tail"},{"floor":26.0,"key":"Peace Pipe"},{"floor":29.0,"key":"Akabeko"},{"floor":41,"key":"ReplayTheSpireMod:Ninjato"},{"floor":43,"key":"Replay:Multitool"},{"floor":48,"key":"Bird Faced Urn"}],"event_choices":[],"is_beta":false,"boss_relics":[{"not_picked":["aspiration:DefectSkillbook","aspiration:SecretTechniqueScroll"],"picked":"Replay:Grab Bag"},{"not_picked":["infinitespire:Cupcake","reliquary:Craggleroot"],"picked":"reliquary:RedPaperclip"},{"not_picked":["reliquary:KinkedSpring","reliquary:WritOfMandamus"],"picked":"Painkiller Herb"},{"not_picked":["SacredBark","Calling Bell"],"picked":"Replay:Drink Me"},{"not_picked":["Fusion Hammer","Honey Jar"],"picked":"ChewingGum"}],"items_purged_floors":[10,20,39],"is_endless":false,"potions_floor_spawned":[3,6,13,14,15,16,21,26,27,32,33,38,44],"ascension_level":0}}