{"host":"x7btokbb0w2jhl7e","time":1613655241,"event":{"mods":["Act Like it!","BaseMod","Gensokyo","Marisa£®ÏF”Í°°ƒß¿Ì…≥£©","Minty Spire (QoL Compilation)","Quick Restart","StSLib","°æ“≈ŒÔø®≈∆°øREMEMod"],"gold_per_floor":[116,116,41,57,57,89,89,89,89,89,89,101,101,51,51,128,128,142,162,162,162,173,173,183,183,208,228,261,261,281,231,231,308,308,323,323,141,154,465,465,498,498,498,515,573,257,270,270,270,270,270,270,270,20,54,54],"floor_reached":57,"language":"ZHS","playtime":2679,"items_purged":["Defend_P","Strike_P","Defend_P","Strike_P+1"],"score":3241,"play_id":"e9c31c59-d84e-40fc-a8be-8322f5759902","local_time":"20210218213401","is_ascension_mode":true,"campfire_choices":[{"data":"Eruption","floor":7.0,"key":"SMITH"},{"data":"Adaptation","floor":11.0,"key":"SMITH"},{"data":"Vigilance","floor":13.0,"key":"SMITH"},{"floor":15.0,"key":"RECALL"},{"data":"REME_CRH","floor":23.0,"key":"SMITH"},{"data":"Strike_P","floor":25.0,"key":"SMITH"},{"data":"Scrawl","floor":32.0,"key":"SMITH"},{"floor":40.0,"key":"REST"},{"data":"MentalFortress","floor":49.0,"key":"SMITH"},{"data":"Adaptation","floor":53.0,"key":"SMITH"}],"circlet_count":0,"master_deck":["AscendersBane","Eruption+1","Vigilance+1","Tantrum+1","Adaptation+1","REME_CRH+1","Scrawl+1","Adaptation+1","Scrawl","MentalFortress+1","Fasting2"],"relics":["PureWater","REME_ComplimentaryCards","NeowsBlessing","Smiling Mask","Gensokyo:CelestialsFlawlessClothing","Pantograph","Gensokyo:YoukaiFlower","VioletLotus","MealTicket","Philosopher\u0027s Stone","Bag of Marbles","PreservedInsect","Orichalcum","Torii","Ice Cream","Potion Belt","Bottled Lightning","ClockworkSouvenir"],"acts_visited":["Gensokyo:Gensokyo","Gensokyo:Gensokyoer","Gensokyo:Gensokyoest","TheEnding"],"potions_floor_usage":[56],"damage_taken":[{"damage":0.0,"enemies":"Gensokyo:3_Fairies","floor":1.0,"turns":2.0},{"damage":0.0,"enemies":"Gensokyo:Python","floor":4.0,"turns":1.0},{"damage":0.0,"enemies":"Gensokyo:Mamizou","floor":6.0,"turns":2.0},{"damage":0.0,"enemies":"Gensokyo:Gryphon","floor":12.0,"turns":1.0},{"damage":51.0,"enemies":"Gensokyo:Kokoro","floor":16.0,"turns":7.0},{"damage":0.0,"enemies":"Gensokyo:3_Dogs","floor":18.0,"turns":4.0},{"damage":0.0,"enemies":"Gensokyo:2_Gloops","floor":19.0,"turns":2.0},{"damage":9.0,"enemies":"Gensokyo:Slime_Group","floor":22.0,"turns":2.0},{"damage":17.0,"enemies":"Gensokyo:Mirror_and_Dog","floor":24.0,"turns":6.0},{"damage":0.0,"enemies":"Gensokyo:Chomper_and_Gloop","floor":27.0,"turns":1.0},{"damage":0.0,"enemies":"Gensokyo:Koishi","floor":28.0,"turns":2.0},{"damage":0.0,"enemies":"Gensokyo:3_Gloops","floor":30.0,"turns":1.0},{"damage":0.0,"enemies":"Gensokyo:Kaguya","floor":33.0,"turns":1.0},{"damage":0.0,"enemies":"Gensokyo:AncientGuardian","floor":35.0,"turns":1.0},{"damage":22.0,"enemies":"Gensokyo:3_Bats","floor":38.0,"turns":4.0},{"damage":0.0,"enemies":"Gensokyo:Sharpion","floor":39.0,"turns":3.0},{"damage":0.0,"enemies":"Gensokyo:Marisa","floor":41.0,"turns":1.0},{"damage":0.0,"enemies":"Gensokyo:Rafflesia","floor":44.0,"turns":2.0},{"damage":0.0,"enemies":"Gensokyo:Doremy","floor":45.0,"turns":3.0},{"damage":0.0,"enemies":"Gensokyo:AtlasGolem","floor":47.0,"turns":3.0},{"damage":0.0,"enemies":"Gensokyo:Scarlet_Devils","floor":50.0,"turns":3.0},{"damage":0.0,"enemies":"Gensokyo:Shinki","floor":51.0,"turns":3.0},{"damage":0.0,"enemies":"Shield and Spear","floor":55.0,"turns":3.0},{"damage":12,"enemies":"The Heart","floor":56,"turns":4}],"seed_played":"6548201148581048379","potions_obtained":[{"floor":1.0,"key":"StancePotion"},{"floor":12.0,"key":"AttackPotion"},{"floor":19.0,"key":"Regen Potion"},{"floor":27.0,"key":"BlessingOfTheForge"},{"floor":28.0,"key":"Swift Potion"},{"floor":41.0,"key":"FairyPotion"},{"floor":44.0,"key":"REME_GoldPotion"},{"floor":45.0,"key":"SpeedPotion"}],"is_trial":false,"path_per_floor":["M","?","$","M","?","E","R","?","T","?","R","M","R","$","R","B",null,"M","M","?","?","M","R","M","R","T","M","E","?","M","$","R","B",null,"M","?","COS","M","M","R","E","?","T","M","E","$","M","?","R","B","B",null,"R","$","E","B",null],"character_chosen":"WATCHER","items_purchased":["Bottled Lightning","Fasting2","ClockworkSouvenir"],"campfire_rested":1,"item_purchase_floors":[46,54,54],"current_hp_per_floor":[61,61,61,61,61,61,61,41,41,41,41,41,41,41,41,15,55,55,55,55,55,46,46,44,44,44,44,44,44,44,59,59,62,62,62,62,62,40,40,58,58,58,58,58,58,62,62,62,62,62,62,62,62,62,62,50],"gold":54,"neow_bonus":"THREE_ENEMY_KILL","is_daily":false,"chose_seed":false,"campfire_upgraded":8,"win_rate":0.0,"timestamp":1613655241,"path_taken":["M","?","$","M","?","E","R","?","T","?","R","?","R","?","R","BOSS","M","M","?","?","M","R","?","R","T","M","E","?","?","?","R","BOSS","M","?","COS","M","M","R","E","?","T","M","E","$","?","?","R","BOSS","BOSS","R","$","E","BOSS"],"items_purchased_type":["Relic","Card","Relic"],"build_version":"2020-12-22","purchased_purges":4,"victory":true,"max_hp_per_floor":[68,68,68,68,68,68,68,68,68,68,68,68,68,68,68,68,68,68,68,62,62,62,62,62,62,62,62,62,62,62,62,62,62,62,62,62,62,62,62,62,62,62,62,62,62,62,62,62,62,62,62,62,62,62,62,62],"card_choices":[{"not_picked":["SashWhip","Swivel","EmptyMind"],"picked":"SKIP","floor":1.0},{"not_picked":["Wireheading","Evaluate"],"picked":"Adaptation","floor":4.0},{"not_picked":["CrushJoints","Consecrate","Protect"],"picked":"SKIP","floor":6.0},{"not_picked":["ClearTheMind","EmptyFist"],"picked":"BattleHymn","floor":12.0},{"not_picked":["Establishment","REME_EmptyShield"],"picked":"REME_CRH","floor":16.0},{"not_picked":["Consecrate","EmptyBody","EmptyFist"],"picked":"SKIP","floor":18.0},{"not_picked":["SashWhip","FollowUp","Swivel"],"picked":"SKIP","floor":19.0},{"not_picked":["Protect","EmptyFist","CutThroughFate"],"picked":"SKIP","floor":22.0},{"not_picked":["Nirvana","FollowUp","Vengeance"],"picked":"SKIP","floor":24.0},{"not_picked":["EmptyFist","FlurryOfBlows"],"picked":"Scrawl","floor":27.0},{"not_picked":["Evaluate","CarveReality","Sanctity"],"picked":"SKIP","floor":28.0},{"not_picked":["Meditate","Evaluate","SandsOfTime"],"picked":"SKIP","floor":30.0},{"not_picked":["CrushJoints","Crescendo+1","Consecrate+1"],"picked":"SKIP","floor":35.0},{"not_picked":["REME_Repentance","CarveReality"],"picked":"Adaptation","floor":38.0},{"not_picked":["ThirdEye+1","Weave","EmptyFist"],"picked":"SKIP","floor":39.0},{"not_picked":["CutThroughFate","BowlingBash","ClearTheMind"],"picked":"SKIP","floor":41.0},{"not_picked":["JustLucky","Ragnarok","Evaluate+1"],"picked":"SKIP","floor":44.0},{"not_picked":["JustLucky","TalkToTheHand"],"picked":"MentalFortress","floor":45.0},{"not_picked":["FearNoEvil","Pray","Prostrate"],"picked":"SKIP","floor":47.0},{"not_picked":["REME_Repentance","Ragnarok","EmptyFist"],"picked":"SKIP","floor":55.0}],"player_experience":285213,"relics_obtained":[{"floor":6.0,"key":"Smiling Mask"},{"floor":9.0,"key":"Pantograph"},{"floor":28.0,"key":"Bag of Preparation"},{"floor":41.0,"key":"Orichalcum"},{"floor":43.0,"key":"Torii"},{"floor":45.0,"key":"Potion Belt"}],"event_choices":[],"is_beta":false,"boss_relics":[{"not_picked":["Empty Cage","SacredBark"],"picked":"VioletLotus"},{"not_picked":["REME_ChargedStone","Cursed Key"],"picked":"Philosopher\u0027s Stone"}],"items_purged_floors":[3,14,31,46],"is_endless":false,"potions_floor_spawned":[1,12,16,19,27,28,41,44,45],"ascension_level":20}}