{"host":"kmd7yw11mgzs6kox","time":1613631114,"event":{"mods":["100% Spire Juice","ATMod(阿瑾Mod)","BaseMod","Decade(王小明)","Downfall","GungeonMod","Lobotomy","LobotomyExtend","Marisa（F雨　魔理沙）","Minty Spire (QoL Compilation)","Reliquary","Remilia（蕾米莉亚）","Replay The Spire","Shop Mod","StSLib","The Bladedancer","The Bug Knight","The Marked","The Poker Player","The Servant 0.9.4","TheWitcher","Waifu the Spire","WarShipGirlsR/战舰少女R mod","Warlord Emblem","Yakumo Yukari mod","Youmu（魂魄妖梦）","Yuri Mod","【遗物卡牌】REMEMod"],"gold_per_floor":[113,127,145,159,216,216,228,243,243,243,262,273,307,318,318,419,419,437,453,465,482,482,511,531,548,620,652,652,669,687,704,704,808,808,808,808],"floor_reached":35,"language":"ZHS","playtime":1990,"items_purged":[],"score":561,"play_id":"f7302253-ad2e-4655-aed4-119c9c102364","local_time":"20210218145154","is_ascension_mode":false,"campfire_choices":[{"data":"WarlordEmblem:Frostmourne","floor":6.0,"key":"SMITH"},{"floor":10.0,"key":"REST"},{"data":"DevaForm","floor":15.0,"key":"SMITH"},{"floor":28,"key":"REST"},{"data":"WarlordEmblem:BlackCommand","floor":32,"key":"SMITH"}],"circlet_count":0,"master_deck":["WarlordEmblem:RuneStrike","WarlordEmblem:RuneStrike","WarlordEmblem:RuneStrike","WarlordEmblem:Defend_DK","WarlordEmblem:Defend_DK","WarlordEmblem:Defend_DK","WarlordEmblem:Defend_DK","WarlordEmblem:RuneDefend","WarlordEmblem:Frostmourne+1","DevaForm+1","AT_OneInchPunch","WarlordEmblem:RuneRegen","WarlordEmblem:Execute","WarlordEmblem:DarkSimulation","WarlordEmblem:UndeadWill+1","WarlordEmblem:RuneFocus","WarlordEmblem:EvilPower","WarlordEmblem:EvilStrike","WarlordEmblem:Withstand","WarlordEmblem:BodyStrike","WarlordEmblem:ForceDeflexion","WarlordEmblem:FrozenTouch","WarlordEmblem:UltimateCold","WarlordEmblem:BlackCommand+1","WarlordEmblem:BlackCommand","WarlordEmblem:DeathStrike+1","WarlordEmblem:Execute","WarlordEmblem:DeathShake","WarlordEmblem:BloodStrike","WarlordEmblem:BloodBoiling","WarlordEmblem:RuneRegen","WarlordEmblem:FrostbiteStrike","WarlordEmblem:FrostbiteStrike","WarlordEmblem:HungeringCold+1"],"relics":["WarlordEmblem:RuneSword","WarlordEmblem:DKHelm","AT_ATBox","REME_ComplimentaryCards","RabbitCall","WarlordEmblem:DK_Ghoul","LetterFromLob","Replay:Bottled Snecko","Regal Pillow","Honey Jar","Replay:Kaleidoscope","Replay:Ringing Soul","Replay:WaspNest","DemoMod:GlassGuonStoneRelic","MagicBullet_r","Moonlight_r"],"acts_visited":["Exordium","TheCity","TheBeyond"],"potions_floor_usage":[19,19,29],"damage_taken":[{"damage":1.0,"enemies":"Cultist","floor":1.0,"turns":4.0},{"damage":6.0,"enemies":"2 Louse","floor":2.0,"turns":2.0},{"damage":10.0,"enemies":"Jaw Worm","floor":3.0,"turns":5.0},{"damage":0.0,"enemies":"Exordium Wildlife","floor":4.0,"turns":2.0},{"damage":11.0,"enemies":"3 Louse","floor":7.0,"turns":2.0},{"damage":0.0,"enemies":"Large Slime","floor":8.0,"turns":3.0},{"damage":0.0,"enemies":"Exordium Thugs","floor":11.0,"turns":3.0},{"damage":0.0,"enemies":"Gremlin Gang","floor":12.0,"turns":2.0},{"damage":0.0,"enemies":"3 Sentries","floor":13.0,"turns":2.0},{"damage":0.0,"enemies":"Lots of Slimes","floor":14.0,"turns":1.0},{"damage":6,"enemies":"The Guardian","floor":16,"turns":6},{"damage":0,"enemies":"Spheric Guardian","floor":18,"turns":3},{"damage":0,"enemies":"2 Thieves","floor":19,"turns":2},{"damage":0,"enemies":"Snecko","floor":20,"turns":3},{"damage":0,"enemies":"Sentry and Sphere","floor":21,"turns":3},{"damage":0,"enemies":"Gremlin Leader","floor":23,"turns":3},{"damage":0,"enemies":"3 Cultists","floor":24,"turns":2},{"damage":0,"enemies":"Shelled Parasite and Fungi","floor":25,"turns":3},{"damage":19,"enemies":"REME_1_Revenger","floor":27,"turns":3},{"damage":0,"enemies":"Cultist and Chosen","floor":29,"turns":2},{"damage":2,"enemies":"Sentry and Sphere","floor":30,"turns":3},{"damage":0,"enemies":"Snake Plant","floor":31,"turns":2},{"damage":0,"enemies":"Champ","floor":33,"turns":5}],"seed_played":"7211841355789041660","potions_obtained":[{"floor":2.0,"key":"Toxic Potion"},{"floor":4.0,"key":"Dexterity Potion"},{"floor":7.0,"key":"Fire Potion"},{"floor":13.0,"key":"PowerPotion"},{"floor":18,"key":"Energy Potion"},{"floor":21,"key":"Fire Potion"},{"floor":22,"key":"Adrenaline Potion"},{"floor":22,"key":"Explosive Potion"},{"floor":22,"key":"Languid Potion"},{"floor":25,"key":"Explosive Potion"},{"floor":30,"key":"bronze:BurnAndBuffPotion"}],"is_trial":false,"path_per_floor":["M","M","M","M","?","R","M","M","T","R","M","M","E","M","R","B",null,"M","M","M","M","?","E","M","M","T","E","R","M","M","M","R","B",null,"M"],"character_chosen":"DeathKnight","items_purchased":[],"campfire_rested":2,"item_purchase_floors":[],"current_hp_per_floor":[79,73,63,63,63,63,52,52,52,76,76,76,76,76,76,74,80,80,80,80,80,80,80,80,80,80,64,83,86,89,92,92,95,95,0,0],"gold":808,"neow_bonus":"","is_daily":false,"chose_seed":false,"campfire_upgraded":3,"win_rate":0.0,"timestamp":1613631114,"path_taken":["M","M","M","M","?","R","M","M","T","R","M","M","E","M","R","BOSS","M","M","M","M","?","E","M","M","T","E","R","M","M","M","R","BOSS","M"],"items_purchased_type":[],"build_version":"2020-12-22","purchased_purges":0,"victory":false,"max_hp_per_floor":[80,80,80,80,80,80,80,80,80,80,80,80,80,80,80,80,80,80,80,80,80,80,80,80,80,80,83,83,86,89,92,92,95,95,95,95],"card_choices":[{"not_picked":["WarlordEmblem:RuneDiffer","WarlordEmblem:DeathStrike"],"picked":"WarlordEmblem:RuneRegen","floor":1.0},{"not_picked":["WarlordEmblem:WillOfTheNecropolis","WarlordEmblem:WinterHorn"],"picked":"WarlordEmblem:Execute","floor":2.0},{"not_picked":["WarlordEmblem:RuneFocus","WarlordEmblem:EvilEager"],"picked":"WarlordEmblem:DarkSimulation","floor":3.0},{"not_picked":["WarlordEmblem:FrostbiteStrike","WarlordEmblem:RuneBlade"],"picked":"WarlordEmblem:UndeadWill","floor":4.0},{"not_picked":["WarlordEmblem:RuneRecast","WarlordEmblem:HeartStrike"],"picked":"WarlordEmblem:RuneFocus","floor":7.0},{"not_picked":["WarlordEmblem:FrostbiteStrike","WarlordEmblem:ForceDeflexion"],"picked":"WarlordEmblem:EvilPower","floor":8.0},{"not_picked":["WarlordEmblem:SwordWave","WarlordEmblem:EvilSee"],"picked":"WarlordEmblem:EvilStrike","floor":11.0},{"not_picked":["WarlordEmblem:FrostbiteStrike","WarlordEmblem:FrozenDeath"],"picked":"WarlordEmblem:Withstand","floor":12.0},{"not_picked":["WarlordEmblem:HeartStrike","WarlordEmblem:RuneDiffer"],"picked":"WarlordEmblem:BodyStrike","floor":13.0},{"not_picked":["WarlordEmblem:RuneRecover","WarlordEmblem:Execute"],"picked":"WarlordEmblem:ForceDeflexion","floor":14.0},{"not_picked":["WarlordEmblem:BloodBoiling","WarlordEmblem:EvilEager"],"picked":"WarlordEmblem:FrozenTouch","floor":16},{"not_picked":["WarlordEmblem:ForceDeflexion","WarlordEmblem:Potential+1","WarlordEmblem:FrostbiteStrike"],"picked":"WarlordEmblem:UltimateCold","floor":18},{"not_picked":["WarlordEmblem:CurseStrike","WarlordEmblem:Execute","WarlordEmblem:RuneInspire+1"],"picked":"WarlordEmblem:BlackCommand","floor":19},{"not_picked":["WarlordEmblem:Execute+1","WarlordEmblem:EvilSee","WarlordEmblem:WindStrike"],"picked":"WarlordEmblem:BlackCommand","floor":20},{"not_picked":["WarlordEmblem:HeartStrike","WarlordEmblem:RuneRecover","WarlordEmblem:CurseStrike"],"picked":"WarlordEmblem:DeathStrike+1","floor":21},{"not_picked":["WarlordEmblem:DiseaseCloud","WarlordEmblem:EvilSee","WarlordEmblem:WrathOfSindragosa"],"picked":"WarlordEmblem:Execute","floor":23},{"not_picked":["WarlordEmblem:VoidStrike","WarlordEmblem:EvilSee","WarlordEmblem:RuneMelter+1"],"picked":"WarlordEmblem:DeathShake","floor":24},{"not_picked":["WarlordEmblem:RuneRecast+1","WarlordEmblem:RuneRecover+1","WarlordEmblem:FrozenDeath"],"picked":"WarlordEmblem:BloodStrike","floor":25},{"not_picked":["WarlordEmblem:HeartStrike+1","WarlordEmblem:DeathGateway+1","WarlordEmblem:CurseBlade"],"picked":"WarlordEmblem:BloodBoiling","floor":27},{"not_picked":["WarlordEmblem:CurseStrike+1","WarlordEmblem:RuneExplode","WarlordEmblem:ForceDeflexion"],"picked":"WarlordEmblem:RuneRegen","floor":29},{"not_picked":["WarlordEmblem:EvilSee","WarlordEmblem:RealmStorm","WarlordEmblem:RuneRecast"],"picked":"WarlordEmblem:FrostbiteStrike","floor":30},{"not_picked":["WarlordEmblem:RunePerfusion","WarlordEmblem:RuneRecast+1","WarlordEmblem:DeathStrike+1"],"picked":"WarlordEmblem:FrostbiteStrike","floor":31},{"not_picked":["WarlordEmblem:EvilEager","WarlordEmblem:BloodBoiling","WarlordEmblem:CurseBlade"],"picked":"WarlordEmblem:HungeringCold","floor":33}],"player_experience":75803,"relics_obtained":[{"floor":1.0,"key":"LetterFromLob"},{"floor":9.0,"key":"Replay:Bottled Snecko"},{"floor":13.0,"key":"Regal Pillow"},{"floor":23,"key":"Replay:Kaleidoscope"},{"floor":26,"key":"Replay:Ringing Soul"},{"floor":27,"key":"Replay:WaspNest"}],"event_choices":[{"damage_healed":0.0,"max_hp_gain":0.0,"max_hp_loss":0.0,"gold_gain":57.0,"event_name":"Golden Wing","player_choice":"Gained Gold","floor":5.0,"gold_loss":0.0,"damage_taken":0.0},{"damage_healed":0,"gold_gain":0,"player_choice":"Got Potions","damage_taken":0,"max_hp_gain":0,"max_hp_loss":0,"event_name":"Lab","floor":22,"gold_loss":0}],"is_beta":false,"boss_relics":[{"not_picked":["Replay:Wanted Poster","Astrolabe"],"picked":"Honey Jar"},{"not_picked":[]}],"items_purged_floors":[],"is_endless":false,"potions_floor_spawned":[2,4,7,11,13,16,18,21,25,30],"ascension_level":0}}