{"host":"d0jyg0jyhr2o2pjc","time":1613643544,"event":{"mods":["BaseMod","Colored Map","Colored Powertips","Downfall","Hermit","Highlight Path","Marisa£®ÏF”Í°°ƒß¿Ì…≥£©","Minty Spire (QoL Compilation)","Replay The Spire","StSLib","The Cursed","The Marked","The Servant 0.9.4"],"gold_per_floor":[111,123,123,123,43,43,61,82,137,155,155,14,32,32,32,157,157,181,206,221,246,246,246],"floor_reached":22,"language":"ZHS","playtime":1371,"items_purged":[],"score":180,"play_id":"54517697-ded6-4fd9-b338-7f8c9e9337a5","local_time":"20210218181904","is_ascension_mode":false,"campfire_choices":[{"floor":6,"key":"REST"},{"floor":11,"key":"REST"},{"data":"Sword Boomerang","floor":15,"key":"SMITH"}],"circlet_count":0,"master_deck":["Strike_R","Strike_R","Strike_R","Strike_R","Defend_R","Defend_R","Defend_R","Defend_R","Bash","Carnage","Flex","Warcry+1","Sword Boomerang+1","Rampage","Metallicize","Replay:Sssssssssshield","Twin Strike","Inflame","Offering","True Grit+1","True Grit","Heavy Blade","Whirlwind+1"],"relics":["Burning Blood","Golden Idol","Dream Catcher","Empty Cage"],"acts_visited":["Exordium","TheCity"],"potions_floor_usage":[],"damage_taken":[{"damage":2,"enemies":"Small Slimes","floor":1,"turns":4},{"damage":1,"enemies":"Jaw Worm","floor":2,"turns":7},{"damage":1,"enemies":"Cultist","floor":7,"turns":3},{"damage":20,"enemies":"Looter","floor":8,"turns":3},{"damage":32,"enemies":"Gremlin Gang","floor":10,"turns":5},{"damage":6,"enemies":"2 Fungi Beasts","floor":13,"turns":4},{"damage":46,"enemies":"The Guardian","floor":16,"turns":10},{"damage":8,"enemies":"3 Byrds","floor":18,"turns":7},{"damage":11,"enemies":"Spheric Guardian","floor":19,"turns":5},{"damage":30,"enemies":"Centurion and Healer","floor":20,"turns":9},{"damage":29,"enemies":"Snake Plant","floor":21,"turns":5},{"damage":34,"enemies":"Sentry and Sphere","floor":22,"turns":6}],"seed_played":"942165132397481811","potions_obtained":[{"floor":10,"key":"Weak Potion"},{"floor":13,"key":"SkillPotion"},{"floor":16,"key":"AttackPotion"},{"floor":19,"key":"GamblersBrew"},{"floor":20,"key":"Death Potion"},{"floor":21,"key":"Explosive Potion"}],"is_trial":false,"path_per_floor":["M","M","?","?","$","R","M","M","T","M","R","$","M","?","R","B",null,"M","M","M","M","M"],"character_chosen":"IRONCLAD","items_purchased":["Flex","Warcry+1","Replay:Sssssssssshield","Twin Strike"],"campfire_rested":2,"item_purchase_floors":[5,5,12,12],"current_hp_per_floor":[88,88,88,66,66,88,88,74,74,48,74,74,74,79,79,39,88,86,81,57,34,0,0],"gold":246,"neow_bonus":"TEN_PERCENT_HP_BONUS","is_daily":false,"chose_seed":false,"campfire_upgraded":1,"win_rate":0.0,"timestamp":1613643544,"path_taken":["M","M","?","?","$","R","M","M","T","?","R","?","M","?","R","BOSS","M","M","M","M","?"],"items_purchased_type":["Card","Card","Card","Card"],"build_version":"2020-12-22","purchased_purges":0,"victory":false,"max_hp_per_floor":[88,88,88,88,88,88,88,88,88,88,88,88,88,88,88,88,88,88,88,88,88,88,88],"card_choices":[{"not_picked":["Headbutt","Rupture"],"picked":"Sword Boomerang","floor":1},{"not_picked":["Clash","Ghostly Armor"],"picked":"Carnage","floor":2},{"not_picked":["Defy Death","True Grit"],"picked":"Sword Boomerang","floor":7},{"not_picked":["Dark Embrace","Thunderclap"],"picked":"Rampage","floor":8},{"not_picked":["ReplayTheSpireMod:Strike From Hell","Pommel Strike"],"picked":"Metallicize","floor":10},{"not_picked":["Pommel Strike","Thunderclap"],"picked":"Anger","floor":11},{"not_picked":["Run Through","Cleave"],"picked":"Inflame","floor":13},{"not_picked":["Double Tap","Brutality"],"picked":"Offering","floor":16},{"not_picked":["Iron Wave","Replay:Undeath\u0027s Touch"],"picked":"True Grit+1","floor":18},{"not_picked":["Power Through","Burning Pact"],"picked":"True Grit","floor":19},{"not_picked":["Warcry","ReplayTheSpireMod:Muscle Training"],"picked":"Heavy Blade","floor":20},{"not_picked":["Uppercut","Thunderclap+1"],"picked":"Whirlwind+1","floor":21}],"player_experience":15664,"relics_obtained":[{"floor":9,"key":"Dream Catcher"}],"event_choices":[{"damage_healed":0,"gold_gain":0,"player_choice":"Ignored","damage_taken":0,"max_hp_gain":0,"max_hp_loss":0,"event_name":"Liars Game","floor":3,"gold_loss":0},{"damage_healed":0,"gold_gain":0,"player_choice":"Take Damage","damage_taken":22,"relics_obtained":["Golden Idol"],"max_hp_gain":0,"max_hp_loss":0,"event_name":"Golden Idol","floor":4,"gold_loss":0},{"cards_removed":["Sword Boomerang"],"damage_healed":5,"gold_gain":0,"player_choice":"Offered Common","damage_taken":0,"max_hp_gain":0,"max_hp_loss":0,"event_name":"Bonfire Elementals","floor":14,"gold_loss":0},{"cards_removed":["Sword Boomerang"],"damage_healed":5,"gold_gain":0,"player_choice":"Offered Special","damage_taken":0,"max_hp_gain":0,"max_hp_loss":0,"event_name":"Bonfire Elementals","floor":14,"gold_loss":0}],"is_beta":false,"boss_relics":[{"not_picked":["Runic Dome","Coffee Dripper"],"picked":"Empty Cage"}],"items_purged_floors":[],"is_endless":false,"potions_floor_spawned":[10,13,16,19,20,21],"killed_by":"Sentry and Sphere","ascension_level":0}}