{"host":"st1kg310ms6sytc5","time":1613607012,"event":{"mods":["ATMod(°¢èªMod)","Act Like it!","BaseMod","Bossed Relics","CapriCore","Gensokyo","Minty Spire (QoL Compilation)","StSLib","SuperFastMode","Wide Potions","Yakumo Yukari mod","¡¾ÒÅÎï¿¨ÅÆ¡¿REMEMod"],"gold_per_floor":[130,210,210,210,235,263,280,308,334,378,378,417,100,153,153,280,280,367,367,367,609,153,213,213,316,316,357,357,413,474,583,583,735,735,1106,714,714,759,759,813,813,813,813,1094,1132,648,806,849,849,974,974,974,627,706,731],"floor_reached":56,"language":"ZHS","playtime":2609,"items_purged":["AT_purpleEX","AT_purpleEX+1","Defend_purpleEX","Defend_purpleEX"],"score":2158,"play_id":"a3befbe7-3261-41cc-a3d3-6fc48bab2784","local_time":"20210218081012","is_ascension_mode":true,"campfire_choices":[{"data":"Umbrella_purple","floor":11.0,"key":"SMITH"},{"data":"WatchEChange_purple","floor":15.0,"key":"SMITH"},{"data":"MeetDecomposer_purple","floor":28.0,"key":"SMITH"},{"floor":32.0,"key":"REST"},{"data":"DimensionStaggered_purple","floor":41,"key":"SMITH"},{"floor":49,"key":"RECALL"},{"data":"Observe_purple_2","floor":52,"key":"SMITH"}],"circlet_count":0,"master_deck":["Observe_purple_1","Observe_purple_2+1","Umbrella_purple+1","MeetDecomposer_purple+1","WatchEChange_purple+1","WeekHit_purple","ProofOfUnderstanding_purple","AT_EmpoweredMortalDraw","DimensionStaggered_purple+1","REME_TheoryOfElimination","MeetDecomposer_purple+1","DimensionStaggered_purple+1","ContainerChange_purple","Boundary_LifeAndDeath_purple","REME_FirmDetermination","Umbrella_purple+1","Photoelasticity_Doppler_Effect_purple","Panacea"],"relics":["Boundary_crack","Memoryfragments_purpleEX","AT_ATBox","REME_ComplimentaryCards","Gensokyo:OccultBall","Bag of Preparation","AT_MibuBalloonWealth","Regal Pillow","ClockworkSouvenir","Happy Flower","Tiny Chest","AT_MortalBlade","Parasol_purpleEX","HornCleat","Kunai","Whetstone","AT_ChloranthyRing","InkBottle","AT_BellDemon","ThegodofHakurei_purpleEX","Bronze Scales","Anchor","Runic Dome","Membership Card","AT_ArchangelStaff","Pear","Gensokyo:DualWield","Pantograph","AT_TimeSand","AT_SunfireAegis","REME_IWantAll","AT_LudenTempest","Chemical X","Toy Ornithopter","Juzu Bracelet","AT_DeathDance","Sling","AT_BladeRuinedKing"],"acts_visited":["Gensokyo:Gensokyo","Gensokyo:Gensokyoer","Gensokyo:Gensokyoest","TheEnding"],"potions_floor_usage":[55,55],"damage_taken":[{"damage":2.0,"enemies":"Gensokyo:3_Fairies","floor":1.0,"turns":4.0},{"damage":22.0,"enemies":"Gensokyo:Mamizou","floor":6.0,"turns":9.0},{"damage":3.0,"enemies":"Gensokyo:Gryphon","floor":7.0,"turns":3.0},{"damage":23.0,"enemies":"Gensokyo:Cirno","floor":8.0,"turns":5.0},{"damage":0.0,"enemies":"Gensokyo:Python","floor":10.0,"turns":3.0},{"damage":0.0,"enemies":"Gensokyo:LivingMonolith","floor":12.0,"turns":2.0},{"damage":7.0,"enemies":"Gensokyo:Aya","floor":14.0,"turns":2.0},{"damage":40.0,"enemies":"Gensokyo:Reimu","floor":16.0,"turns":13.0},{"damage":0.0,"enemies":"Gensokyo:3_Dogs","floor":18.0,"turns":1.0},{"damage":13.0,"enemies":"Gensokyo:Chomper","floor":21.0,"turns":3.0},{"damage":11.0,"enemies":"Gensokyo:Koishi","floor":23.0,"turns":2.0},{"damage":0.0,"enemies":"Gensokyo:Reisen","floor":25.0,"turns":1.0},{"damage":0.0,"enemies":"Gensokyo:Wraith","floor":27.0,"turns":1.0},{"damage":0.0,"enemies":"Gensokyo:Koishi","floor":29.0,"turns":1.0},{"damage":16.0,"enemies":"Gensokyo:Slime_Group","floor":30.0,"turns":2.0},{"damage":0.0,"enemies":"Gensokyo:Reisen","floor":31.0,"turns":2.0},{"damage":44.0,"enemies":"Gensokyo:Eternal_Rivals","floor":33.0,"turns":3.0},{"damage":22.0,"enemies":"Gensokyo:3_Bats","floor":35.0,"turns":1.0},{"damage":0,"enemies":"Gensokyo:AncientGuardian","floor":38,"turns":1},{"damage":0,"enemies":"Gensokyo:Doremy","floor":40,"turns":3},{"damage":17,"enemies":"Gensokyo:Marisa","floor":44,"turns":2},{"damage":0,"enemies":"Gensokyo:Rafflesia","floor":45,"turns":3},{"damage":0,"enemies":"Gensokyo:Kasen","floor":47,"turns":3},{"damage":0,"enemies":"Gensokyo:AtlasGolem","floor":48,"turns":2},{"damage":0,"enemies":"Gensokyo:Yuyuko","floor":50,"turns":2},{"damage":0,"enemies":"Shield and Spear","floor":54,"turns":1},{"damage":0,"enemies":"The Heart","floor":55,"turns":2}],"seed_played":"3653643284121781581","potions_obtained":[{"floor":6.0,"key":"Explosive Potion"},{"floor":8.0,"key":"Fire Potion"},{"floor":10.0,"key":"Regen Potion"},{"floor":16.0,"key":"FearPotion"},{"floor":21.0,"key":"GamblersBrew"}],"is_trial":false,"path_per_floor":["M","?","?","?","T","E","M","E","T","M","R","M","COS","E","R","B",null,"M","?","?","M","$","E","T","E","T","M","R","E","M","E","R","B",null,"M","$","?","M","?","E","R","T","T","E","M","$","E","M","R","B",null,"R","$","E","B",null],"character_chosen":"Youkari","items_purchased":["Parasol_purpleEX","REME_TheoryOfElimination","Membership Card","AT_ArchangelStaff","Pear","AT_LudenTempest","Chemical X","Boundary_LifeAndDeath_purple","REME_FirmDetermination","Toy Ornithopter","AT_DeathDance","Sling","Panacea","SpeedPotion"],"campfire_rested":1,"item_purchase_floors":[22,22,36,36,36,46,46,46,46,46,53,53,53,53],"current_hp_per_floor":[63,63,63,63,63,45,43,20,20,22,22,22,22,15,15,5,49,49,49,49,38,38,30,30,30,30,30,30,30,14,14,46,3,44,22,32,32,32,32,35,35,35,35,23,25,25,30,33,33,33,59,59,59,62,67],"gold":731,"neow_bonus":"REMOVE_TWO","is_daily":false,"chose_seed":false,"campfire_upgraded":5,"win_rate":0.0,"timestamp":1613607012,"path_taken":["M","?","?","?","?","E","?","E","T","M","R","M","COS","E","R","BOSS","M","?","?","M","?","E","?","E","T","M","R","E","M","E","R","BOSS","M","$","?","?","?","E","R","?","T","E","M","$","E","M","R","BOSS","R","$","E","BOSS"],"items_purchased_type":["Relic","Card","Relic","Relic","Relic","Relic","Relic","Card","Card","Relic","Relic","Relic","Card","Potion"],"build_version":"2020-12-22","purchased_purges":4,"victory":true,"max_hp_per_floor":[63,63,63,63,63,63,63,63,63,63,63,63,63,63,63,63,63,63,57,57,57,57,57,57,57,57,57,57,57,57,57,57,57,57,57,67,67,67,67,67,67,67,67,67,67,67,67,67,67,67,67,67,67,67,67],"card_choices":[{"not_picked":["Anti_communist_purple","Charmbait_purple"],"picked":"Umbrella_purple","floor":1.0},{"not_picked":["RuleDissolution_purple","Mirror_FormAndEmptin_purple","Computing_the_future_purpleEX"],"picked":"SKIP","floor":6.0},{"not_picked":["Boundary_of_Extermination_purpleEX","MeetDecomposer_purple","Shallow_ocean_purpleEX"],"picked":"SKIP","floor":7.0},{"not_picked":["Boundary_of_Extermination_purpleEX","Shallow_ocean_purpleEX"],"picked":"MeetDecomposer_purple","floor":7.0},{"not_picked":["StateDuplicate_purple","Fantasy_PerpetualMotionMachine_purple"],"picked":"WatchEChange_purple","floor":8.0},{"not_picked":["WingOfChimera_purple","WorldDissolvedintheRealm_purple"],"picked":"WeekHit_purple","floor":10.0},{"not_picked":["Charmbait_purple","RealityDreamConfluencek_purple","Realm_recovery_purpleEX"],"picked":"SKIP","floor":12.0},{"not_picked":["Line_surface_state_purple","StateErode_purple"],"picked":"ProofOfUnderstanding_purple","floor":14.0},{"not_picked":["Boundary_DreamRealityDamnation_purple","Mirror_Drifter_purple"],"picked":"DimensionStaggered_purple","floor":18.0},{"not_picked":["Boundary_DreamRealityDamnation_purple","Worldmountain_purple","Nest_LightFlightworm_purple+1"],"picked":"SKIP","floor":21.0},{"not_picked":["Realm_recovery_purpleEX","Line_surface_state_purple+1","Nest_LightFlightworm_purple+1"],"picked":"SKIP","floor":23.0},{"not_picked":["MeetDecomposer_purple","Mirror_FormAndEmptin_purple","Charmbait_purple+1"],"picked":"SKIP","floor":25.0},{"not_picked":["Mirror_Drifter_purple+1","Realm_recovery_purpleEX","AdvanceAttack_purple"],"picked":"SKIP","floor":27.0},{"not_picked":["Mirror_FormAndEmptin_purple","Line_surface_state_purple","WeekHit_purple"],"picked":"SKIP","floor":29.0},{"not_picked":["RuleDissolution_purple","MonsterNeedle_purple","Shallow_ocean_purpleEX"],"picked":"SKIP","floor":30.0},{"not_picked":["ExistenceContinue_purple","EighthInstrument_OneDividesIntoTwo_purple+1","WingOfChimera_purple"],"picked":"SKIP","floor":31.0},{"not_picked":["WatchEChange_purple","AdvanceAttack_purple"],"picked":"MeetDecomposer_purple+1","floor":35.0},{"not_picked":["MNeedle_purple+1","DimensionStaggered_purple+1","OmniscientAndOmnipotent_Monster_purple"],"picked":"SKIP","floor":38},{"not_picked":["OmniscientAndOmnipotent_Monster_purple","RealityDreamConfluencek_purple"],"picked":"DimensionStaggered_purple+1","floor":40},{"not_picked":["SharpContractionReality_purple","Shallow_ocean_purpleEX"],"picked":"ContainerChange_purple","floor":44},{"not_picked":["MeetDecomposer_purple","Realm_recovery_purpleEX+1","ExistenceContinue_purple"],"picked":"SKIP","floor":45},{"not_picked":["Boundary_DynamicStaticEquilibrium_purple+1","Extrememeaning_purpleEX"],"picked":"Umbrella_purple+1","floor":47},{"not_picked":["StateDuplicate_purple","Worldmountain_purple+1"],"picked":"Photoelasticity_Doppler_Effect_purple","floor":48},{"not_picked":["Fantasy_PerpetualMotionMachine_purple+1","RealityDreamConfluencek_purple+1","Boundary_ObjectiveBoundary_purple+1"],"picked":"SKIP","floor":54}],"player_experience":1423505,"relics_obtained":[{"floor":6.0,"key":"Bag of Preparation"},{"floor":8.0,"key":"AT_MibuBalloonWealth"},{"floor":9.0,"key":"Regal Pillow"},{"floor":14.0,"key":"Happy Flower"},{"floor":16.0,"key":"Gensokyo:OccultBall"},{"floor":23.0,"key":"Gensokyo:OccultBall"},{"floor":23.0,"key":"Kunai"},{"floor":24.0,"key":"Whetstone"},{"floor":25.0,"key":"AT_ChloranthyRing"},{"floor":26.0,"key":"InkBottle"},{"floor":29.0,"key":"AT_BellDemon"},{"floor":30.0,"key":"Gensokyo:OccultBall"},{"floor":30.0,"key":"ThegodofHakurei_purpleEX"},{"floor":31.0,"key":"Bronze Scales"},{"floor":31.0,"key":"Anchor"},{"floor":33.0,"key":"Gensokyo:OccultBall"},{"floor":40,"key":"Pantograph"},{"floor":42,"key":"AT_TimeSand"},{"floor":43,"key":"AT_SunfireAegis"},{"floor":44,"key":"REME_IWantAll"},{"floor":47,"key":"Juzu Bracelet"},{"floor":54,"key":"AT_BladeRuinedKing"}],"event_choices":[],"is_beta":false,"boss_relics":[{"not_picked":["Runic Pyramid","Philosopher\u0027s Stone"],"picked":"AT_MortalBlade"},{"not_picked":["REME_DemonsWealth","REME_ChargedStone"],"picked":"Runic Dome"}],"items_purged_floors":[22,36,46,53],"is_endless":false,"potions_floor_spawned":[6,8,10,12,16,21,23,25,27,30,35,45,47,48],"ascension_level":7}}