{"host":"p9fmk1zxjhqthrxg","time":1613676988,"event":{"mods":["BaseMod","Bestiary","Colored Map","Colored Powertips","Friendly Minions","Highlight Path","Minty Spire (QoL Compilation)","Random Character Button","Rare Cards Sparkle"],"gold_per_floor":[111,286,19,34,34,61,77,47,47,47,62,77,96,108,108,203,203,218,228,228,241,252,267,267,280,303,335,335,355,386,386,386,386,386],"floor_reached":33,"language":"ENG","playtime":3376,"items_purged":[],"score":320,"play_id":"d96aec86-d86d-4f6b-b953-cfaaae03dc2b","local_time":"20210218133628","is_ascension_mode":false,"campfire_choices":[{"floor":10,"key":"REST"},{"floor":15,"key":"REST"},{"floor":24,"key":"REST"},{"floor":28,"key":"REST"},{"floor":32,"key":"REST"}],"circlet_count":0,"master_deck":["Strike_G","Strike_G","Strike_G","Strike_G","Strike_G","Defend_G","Defend_G","Defend_G","Defend_G","Defend_G","Survivor","Neutralize","Well Laid Plans","Doubt","Underhanded Strike","Backflip","Crippling Poison","Escape Plan","After Image","Acrobatics","Expertise","Backstab","After Image","Reflex+1","Outmaneuver","After Image","Slice","Slice+1","Prepared","Prepared+1","Venomology","Skewer","Envenom"],"relics":["Ring of the Snake","Lizard Tail","Letter Opener","Ornamental Fan","Singing Bowl","Oddly Smooth Stone","HoveringKite","Snake Skull","Centennial Puzzle","Kunai"],"acts_visited":["Exordium","TheCity"],"potions_floor_usage":[16,16,21,29,30,30,30,31,31,33],"damage_taken":[{"damage":1,"enemies":"Small Slimes","floor":1,"turns":4},{"damage":0,"enemies":"Jaw Worm","floor":4,"turns":4},{"damage":8,"enemies":"Lagavulin","floor":6,"turns":10},{"damage":7,"enemies":"Cultist","floor":7,"turns":6},{"damage":0,"enemies":"Exordium Wildlife","floor":11,"turns":5},{"damage":14,"enemies":"Lots of Slimes","floor":12,"turns":5},{"damage":10,"enemies":"2 Fungi Beasts","floor":13,"turns":5},{"damage":0,"enemies":"Large Slime","floor":14,"turns":7},{"damage":69,"enemies":"Hexaghost","floor":16,"turns":19},{"damage":8,"enemies":"Shell Parasite","floor":18,"turns":7},{"damage":0,"enemies":"Chosen","floor":19,"turns":7},{"damage":10,"enemies":"Snake Plant","floor":21,"turns":8},{"damage":25,"enemies":"3 Cultists","floor":22,"turns":8},{"damage":15,"enemies":"Centurion and Healer","floor":23,"turns":10},{"damage":8,"enemies":"Sentry and Sphere","floor":25,"turns":9},{"damage":0,"enemies":"Book of Stabbing","floor":27,"turns":7},{"damage":7,"enemies":"Snake Plant","floor":29,"turns":4},{"damage":13,"enemies":"Gremlin Leader","floor":30,"turns":6},{"damage":0,"enemies":"Shelled Parasite and Fungi","floor":31,"turns":1},{"damage":54,"enemies":"Automaton","floor":33,"turns":6}],"seed_played":"-2719113784165035800","potions_obtained":[{"floor":6,"key":"FairyPotion"},{"floor":8,"key":"Explosive Potion"},{"floor":8,"key":"FearPotion"},{"floor":13,"key":"PowerPotion"},{"floor":16,"key":"Weak Potion"},{"floor":18,"key":"Block Potion"},{"floor":21,"key":"SmokeBomb"},{"floor":23,"key":"Energy Potion"},{"floor":27,"key":"Poison Potion"},{"floor":30,"key":"Swift Potion"}],"is_trial":false,"path_per_floor":["M","?","$","M","?","E","M","?","T","R","M","M","M","M","R","B",null,"M","M","?","M","M","M","R","M","T","E","R","M","E","M","R","B"],"character_chosen":"THE_SILENT","items_purchased":["Letter Opener","Underhanded Strike"],"campfire_rested":5,"item_purchase_floors":[3,3],"current_hp_per_floor":[48,48,48,48,41,33,26,26,26,47,47,33,23,23,44,35,70,62,62,62,52,27,12,33,25,25,25,46,39,26,26,47,0,0],"gold":386,"neow_bonus":"ONE_RARE_RELIC","is_daily":false,"chose_seed":false,"campfire_upgraded":0,"win_rate":0.0,"timestamp":1613676988,"path_taken":["M","?","?","M","?","E","M","?","T","R","M","?","M","M","R","BOSS","M","M","?","?","M","M","R","M","T","E","R","M","E","M","R","BOSS"],"items_purchased_type":["Relic","Card"],"build_version":"2020-12-22","purchased_purges":0,"victory":false,"max_hp_per_floor":[70,70,70,70,70,70,70,70,70,70,70,70,70,70,70,70,70,70,70,70,70,70,70,70,70,70,70,70,70,70,70,70,70,70],"card_choices":[{"not_picked":["Dagger Spray","Cloak And Dagger"],"picked":"Well Laid Plans","floor":1},{"not_picked":["Well Laid Plans","Blade Dance"],"picked":"Backflip","floor":4},{"not_picked":["Masterful Stab","Quick Slash"],"picked":"Crippling Poison","floor":6},{"not_picked":["Quick Slash","Endless Agony"],"picked":"Escape Plan","floor":7},{"not_picked":["Endless Agony","Acrobatics"],"picked":"After Image","floor":11},{"not_picked":["Bane","Expertise"],"picked":"Acrobatics","floor":12},{"not_picked":["Sucker Punch","Finisher"],"picked":"Expertise","floor":13},{"not_picked":["Prepared","Deadly Poison"],"picked":"Backstab","floor":14},{"not_picked":["Malaise","Die Die Die"],"picked":"After Image","floor":16},{"not_picked":["Expertise","Calculated Gamble"],"picked":"Reflex+1","floor":18},{"not_picked":["Quick Slash","Dagger Throw"],"picked":"Outmaneuver","floor":19},{"not_picked":["Choke","Calculated Gamble+1"],"picked":"Slice","floor":21},{"not_picked":["Cloak And Dagger+1","Expertise"],"picked":"Slice+1","floor":22},{"not_picked":["Dodge and Roll","Bane"],"picked":"Prepared","floor":23},{"not_picked":["Deadly Poison","Backflip"],"picked":"Prepared+1","floor":25},{"not_picked":["Dagger Spray","Flechettes+1"],"picked":"Venomology","floor":27},{"not_picked":["Expertise","Bane"],"picked":"Skewer","floor":29},{"not_picked":["Acrobatics+1","Dagger Spray+1"],"picked":"Envenom","floor":30}],"player_experience":131829,"relics_obtained":[{"floor":6,"key":"Singing Bowl"},{"floor":9,"key":"Oddly Smooth Stone"},{"floor":26,"key":"Snake Skull"},{"floor":27,"key":"Centennial Puzzle"},{"floor":30,"key":"Kunai"}],"event_choices":[{"damage_healed":0,"gold_gain":175,"player_choice":"AGREE","damage_taken":0,"max_hp_gain":0,"max_hp_loss":0,"event_name":"Liars Game","floor":2,"gold_loss":0,"cards_obtained":["Doubt"]},{"damage_healed":0,"gold_gain":0,"player_choice":"Success","damage_taken":7,"relics_obtained":["Ornamental Fan"],"max_hp_gain":0,"max_hp_loss":0,"event_name":"Scrap Ooze","floor":5,"gold_loss":0},{"damage_healed":0,"gold_gain":0,"player_choice":"Bought 2 Potions","damage_taken":0,"max_hp_gain":0,"max_hp_loss":0,"event_name":"The Woman in Blue","floor":8,"gold_loss":0},{"damage_healed":0,"gold_gain":0,"player_choice":"Copied","damage_taken":0,"max_hp_gain":0,"max_hp_loss":0,"event_name":"Duplicator","floor":20,"gold_loss":0,"cards_obtained":["After Image"]}],"is_beta":false,"boss_relics":[{"not_picked":["Velvet Choker","Coffee Dripper"],"picked":"HoveringKite"}],"items_purged_floors":[],"is_endless":false,"potions_floor_spawned":[6,13,14,16,18,21,23,27,30,31],"killed_by":"Automaton","ascension_level":0}}