{"host":"373g0ui1bgeshz9m","time":1613660428,"event":{"mods":["Act Like it!","Aspiration","BaseMod","Beaked The Cultist","Better Third Choice","Colored Map","Conspire","Downfall","Halation","Hermit","Hubris","Infinite Spire","Minty Spire (QoL Compilation)","Pale of the Ancients","Permanent Neow","Quick Restart","Replay The Spire","Shade Mod","Shop Mod","Spikes Relics","StSLib","The Animator","The Bladedancer","The Florist","The Jungle","The Necromancer","The Sage","Trackpad"],"gold_per_floor":[110,110,110,60,34,64,64,12,12,32,59,18,36,54,54,152,152,162,162,162,162,162,191,211,211,211,211,226,226,259,271,271,387,387,424,179,211,211,256,256,290,290,337,83,102,129,109,129,129,129,129],"floor_reached":50,"language":"ENG","playtime":2727,"items_purged":["Strike_P+1"],"score":713,"play_id":"f92ed457-8f4e-4a59-a725-095b1db1abcc","local_time":"20210218100028","is_ascension_mode":false,"campfire_choices":[{"data":"Eruption","floor":7,"key":"SMITH"},{"floor":15,"key":"REST"},{"data":"Ragnarok","floor":25,"key":"SMITH"},{"data":"CutThroughFate","floor":27,"key":"SMITH"},{"floor":32,"key":"REST"},{"data":"FlurryOfBlows","floor":40,"key":"SMITH"},{"data":"Consecrate","floor":42,"key":"SMITH"},{"floor":49,"key":"REST"}],"circlet_count":0,"master_deck":["Strike_P+1","Strike_P+1","Defend_P+1","Defend_P+1","Defend_P+1","Defend_P+1","Eruption+1","Vigilance","JustLucky","FlurryOfBlows+1","Tantrum","EmptyFist","CutThroughFate+1","FollowUp","Ragnarok+1","ClearTheMind","Crescendo+1","Nirvana","Consecrate+1","CutThroughFate+1","DeceiveReality+1","EmptyBody+1","Crescendo"],"relics":["PureWater","NeowsBlessing","hubris:Icosahedron","halation:PinkSoulGem","infinitespire:Eraser","The Courier","infinitespire:WardingShard","SacredBark","aspiration:RitualStick","halation:SwordOfLegend","Iron Hammer","infinitespire:BottledMercury","infinitespire:EvilPickle","conspire:SpecialSausage","Lee\u0027s Waffle","PreservedInsect","trackpad:WindUpAutoDealer","hubris:ToyBattleship","Pantograph"],"acts_visited":["Exordium","TheCity","TheBeyond"],"potions_floor_usage":[24,46],"damage_taken":[{"damage":0,"enemies":"Jaw Worm","floor":1,"turns":1},{"damage":0,"enemies":"Gremlin Nob","floor":6,"turns":1},{"damage":0,"enemies":"2 Louse","floor":10,"turns":1},{"damage":38,"enemies":"3 Sentries","floor":11,"turns":4},{"damage":0,"enemies":"Small Slimes","floor":13,"turns":3},{"damage":0,"enemies":"Blue Slaver","floor":14,"turns":1},{"damage":32,"enemies":"Hexaghost","floor":16,"turns":6},{"damage":0,"enemies":"conspire:FuzzyDice","floor":18,"turns":6},{"damage":17,"enemies":"Gremlin Leader","floor":23,"turns":4},{"damage":0,"enemies":"2 Thieves","floor":24,"turns":1},{"damage":16,"enemies":"Shelled Parasite and Fungi","floor":28,"turns":3},{"damage":0,"enemies":"Slavers","floor":30,"turns":1},{"damage":0,"enemies":"Snecko","floor":31,"turns":2},{"damage":22,"enemies":"Pondfish","floor":33,"turns":5},{"damage":0,"enemies":"Orb Walker","floor":35,"turns":2},{"damage":0,"enemies":"3 Darklings","floor":37,"turns":3},{"damage":51,"enemies":"2 Orb Walkers","floor":39,"turns":5},{"damage":0,"enemies":"Sphere and 2 Shapes","floor":41,"turns":3},{"damage":3,"enemies":"Writhing Mass","floor":45,"turns":5},{"damage":0,"enemies":"3 Darklings","floor":46,"turns":4},{"damage":0,"enemies":"Maw","floor":48,"turns":6},{"damage":80,"enemies":"conspire:OrnateMirror","floor":50,"turns":4}],"seed_played":"-6381540244439732803","potions_obtained":[{"floor":13,"key":"bronze:BurnAndBuffPotion"},{"floor":14,"key":"SpeedPotion"},{"floor":24,"key":"Explosive Potion"},{"floor":37,"key":"Toxic Potion"},{"floor":47,"key":"Adrenaline Potion"}],"is_trial":false,"path_per_floor":["M","?","?","?","$","E","R","$","T","M","E","$","M","M","R","B",null,"M","?","?","?","?","E","M","R","T","R","M","?","E","M","R","B",null,"M","$","M","?","?","R","M","R","T","$","M","M","?","M","R_BF","B"],"character_chosen":"WATCHER","items_purchased":["FlurryOfBlows","EmptyFist","SkillPotion","Lee\u0027s Waffle","PreservedInsect","Pantograph"],"campfire_rested":3,"item_purchase_floors":[5,8,12,36,36,44],"current_hp_per_floor":[72,72,72,72,72,72,72,72,72,72,34,34,34,34,55,23,72,72,72,58,58,65,48,48,47,47,47,31,31,31,31,61,39,72,72,79,79,79,28,37,37,40,40,40,37,37,37,37,66,0,0],"gold":129,"neow_bonus":"THREE_ENEMY_KILL","is_daily":false,"chose_seed":false,"campfire_upgraded":5,"win_rate":0.0,"timestamp":1613660428,"path_taken":["M","?","?","?","$","E","R","?","T","M","E","$","M","M","R","BOSS","M","?","?","?","?","E","?","R","T","R","M","?","E","M","R","BOSS","M","$","M","?","?","R","M","R","T","$","M","M","?","?","R_BF","BOSS"],"items_purchased_type":["Card","Card","Potion","Relic","Relic","Relic"],"build_version":"2020-12-22","purchased_purges":1,"victory":false,"max_hp_per_floor":[72,72,72,72,72,72,72,72,72,72,72,72,72,72,72,72,72,72,72,72,72,72,72,72,72,72,72,72,72,72,72,72,72,72,72,79,79,79,79,79,79,79,79,79,79,79,79,79,79,79,79],"card_choices":[{"not_picked":["Replay:ManipulateFuture","Replay:BluntJabs"],"picked":"JustLucky","floor":1},{"not_picked":["ClearTheMind","SashWhip"],"picked":"Tantrum","floor":6},{"not_picked":["FlurryOfBlows","Pray","Evaluate"],"picked":"SKIP","floor":10},{"not_picked":["Pray","DevaForm"],"picked":"CutThroughFate","floor":11},{"not_picked":["Pray","CutThroughFate","Replay:Battleflow"],"picked":"SKIP","floor":13},{"not_picked":["Scrawl","Replay:AtTheReady"],"picked":"FollowUp","floor":14},{"not_picked":["Scrawl","Vault"],"picked":"Ragnarok","floor":16},{"not_picked":["FollowUp","EmptyBody"],"picked":"ClearTheMind","floor":18},{"not_picked":["Establishment","EmptyFist+1"],"picked":"Crescendo+1","floor":23},{"not_picked":["InnerPeace","Halt"],"picked":"Nirvana","floor":24},{"not_picked":["EmptyFist","SignatureMove","Replay:BluntJabs"],"picked":"SKIP","floor":28},{"not_picked":["Replay:AtTheReady+1","Protect"],"picked":"Consecrate","floor":30},{"not_picked":["EmptyBody","Protect"],"picked":"CutThroughFate+1","floor":31},{"not_picked":["Fasting2+1","Replay:DivineShield+1","FollowUp+1"],"picked":"SKIP","floor":35},{"not_picked":["ClearTheMind+1","WheelKick"],"picked":"DeceiveReality+1","floor":37},{"not_picked":["Tantrum+1","CrushJoints"],"picked":"EmptyBody+1","floor":41},{"not_picked":["SashWhip","Replay:Anticipation+1","Replay:AtTheReady+1"],"picked":"SKIP","floor":45},{"not_picked":["WindmillStrike","ClearTheMind+1"],"picked":"Crescendo","floor":46},{"not_picked":["WreathOfFlame+1","CrushJoints+1","Crescendo+1"],"picked":"SKIP","floor":48}],"player_experience":376737,"relics_obtained":[{"floor":6,"key":"infinitespire:Eraser"},{"floor":9,"key":"The Courier"},{"floor":11,"key":"infinitespire:WardingShard"},{"floor":23,"key":"halation:SwordOfLegend"},{"floor":26,"key":"Iron Hammer"},{"floor":30,"key":"infinitespire:BottledMercury"},{"floor":39,"key":"trackpad:WindUpAutoDealer"},{"floor":43,"key":"hubris:ToyBattleship"}],"event_choices":[{"cards_removed":["Strike_P"],"damage_healed":0,"gold_gain":0,"player_choice":"Card Removal","damage_taken":0,"max_hp_gain":0,"max_hp_loss":0,"event_name":"The Cleric","floor":4,"gold_loss":50},{"damage_healed":0,"gold_gain":0,"player_choice":"Ignored","damage_taken":0,"max_hp_gain":0,"max_hp_loss":0,"event_name":"Beggar","floor":19,"gold_loss":0},{"damage_healed":0,"gold_gain":0,"player_choice":"Simplicity","damage_taken":0,"max_hp_gain":0,"max_hp_loss":7,"event_name":"betterThird:BetterWriting","floor":21,"gold_loss":0},{"damage_healed":0,"gold_gain":0,"player_choice":"Leave","damage_taken":0,"max_hp_gain":0,"max_hp_loss":0,"event_name":"conspire:Investor","floor":29,"gold_loss":0},{"damage_healed":0,"gold_gain":0,"player_choice":"Fight","damage_taken":0,"max_hp_gain":0,"max_hp_loss":0,"event_name":"Mysterious Sphere","floor":39,"gold_loss":0},{"damage_healed":0,"gold_gain":0,"player_choice":"Bought 1 Potion","damage_taken":0,"max_hp_gain":0,"max_hp_loss":0,"event_name":"The Woman in Blue","floor":47,"gold_loss":0}],"is_beta":false,"boss_relics":[{"not_picked":["aspiration:SecretTechniqueScroll","Ectoplasm"],"picked":"SacredBark"},{"not_picked":["Runic Dome","infinitespire:Cupcake"],"picked":"conspire:SpecialSausage"}],"items_purged_floors":[44],"is_endless":false,"potions_floor_spawned":[13,14,16,18,24,33,37,41,48],"killed_by":"conspire:OrnateMirror","ascension_level":0}}