{"host":"ffqn1azj9urswy62","time":1613667766,"event":{"mods":["BaseMod","Better Third Choice","Googly Eyes","Minty Spire (QoL Compilation)","StSLib","The Disciple","Wandering Minibosses","slay the spire mod where everything is the same but ironclad has a cowboy hat"],"gold_per_floor":[362,382,399,412,430,430,150,150,174,188,188,207,207,34,34,34,34],"floor_reached":16,"language":"ENG","playtime":1068,"items_purged":["Strike_Br","Defend_Br+1"],"score":94,"play_id":"148529ce-a7c3-482b-a2e0-c5d2391d2e00","local_time":"20210218120246","is_ascension_mode":false,"campfire_choices":[{"data":"BiteCommand","floor":6,"key":"SMITH"},{"floor":11,"key":"REST"},{"data":"LockedAnchor","floor":13,"key":"SMITH"},{"data":"Goo","floor":15,"key":"SMITH"}],"circlet_count":0,"master_deck":["Strike_Br","Strike_Br","Strike_Br","Defend_Br","Defend_Br","Defend_Br","SecondHand","PatternShift","ExoVibe","BlueShift","AlternateTimeline+1","Parity","BiteCommand+1","WindUp","LockedAnchor+1","Goo+3"],"relics":["Chronometer","Bag of Marbles","War Paint"],"acts_visited":["Exordium"],"potions_floor_usage":[16,16],"damage_taken":[{"damage":2,"enemies":"Cultist","floor":1,"turns":4},{"damage":0,"enemies":"Small Slimes","floor":2,"turns":5},{"damage":0,"enemies":"2 Louse","floor":3,"turns":3},{"damage":0,"enemies":"Blue Slaver","floor":4,"turns":7},{"damage":3,"enemies":"3 Louse","floor":5,"turns":5},{"damage":0,"enemies":"2 Fungi Beasts","floor":10,"turns":4},{"damage":5,"enemies":"Exordium Thugs","floor":12,"turns":4},{"damage":23,"enemies":"Slime Boss","floor":16,"turns":7}],"seed_played":"8480111055903050506","potions_obtained":[{"floor":2,"key":"FearPotion"},{"floor":3,"key":"BlessingOfTheForge"},{"floor":4,"key":"SkillPotion"},{"floor":10,"key":"Strength Potion"}],"is_trial":false,"path_per_floor":["M","M","M","M","M","R","$","?","T","M","R","M","R","$","R","B"],"character_chosen":"CHRONO_CLASS","items_purchased":["Bag of Marbles","WindUp","Goo"],"campfire_rested":1,"item_purchase_floors":[7,7,14],"current_hp_per_floor":[45,45,45,45,42,42,42,1,1,1,20,15,15,15,15,0,0],"gold":34,"neow_bonus":"TWO_FIFTY_GOLD","is_daily":false,"chose_seed":false,"campfire_upgraded":3,"win_rate":0.0,"timestamp":1613667766,"path_taken":["M","M","?","M","M","R","$","?","T","M","R","M","R","$","R","BOSS"],"items_purchased_type":["Relic","Card","Card"],"build_version":"2020-12-22","purchased_purges":2,"victory":false,"max_hp_per_floor":[65,65,65,65,65,65,65,65,65,65,65,65,65,65,65,65,65],"card_choices":[{"not_picked":["CrunchTime","BiteCommand"],"picked":"ExoVibe","floor":1},{"not_picked":["CrunchTime","PrimeTime"],"picked":"BlueShift","floor":2},{"not_picked":["LockedBlood","LockedWarPaint"],"picked":"AlternateTimeline","floor":3},{"not_picked":["ExoVibe","LockedBell"],"picked":"Parity","floor":4},{"not_picked":["CrunchTime","LockedTornado"],"picked":"BiteCommand","floor":5},{"not_picked":["LockedMedicine","WindUp","HandsUpB"],"picked":"SKIP","floor":10},{"not_picked":["LockedWarPaint","SlimeSpray"],"picked":"LockedAnchor","floor":12}],"player_experience":697935,"relics_obtained":[],"event_choices":[{"damage_healed":0,"gold_gain":1,"player_choice":"Relic ","damage_taken":41,"max_hp_gain":0,"max_hp_loss":0,"event_name":"betterThird:BetterScrap","floor":8,"gold_loss":0,"cards_obtained":["Spot Weakness"]}],"is_beta":false,"boss_relics":[],"items_purged_floors":[7,14],"is_endless":false,"potions_floor_spawned":[2,3,4,10],"killed_by":"Slime Boss","ascension_level":0}}