{"host":"4epvxsx6d4oxmc67","time":1613625562,"event":{"mods":["AchievementEnabler","BaseMod","Colored Map","Highlight Path","Minty Spire (QoL Compilation)"],"gold_per_floor":[213,225,46,58,58,58,82,82,82,120,134,134,209,222,222,345,345,368,293,308,331,355,355,371,371,371,371,371],"floor_reached":27,"language":"ENG","playtime":896,"items_purged":["Strike_R"],"score":293,"play_id":"ba8a0013-1194-44bb-a7c3-be9a06df905a","local_time":"20210218051922","is_ascension_mode":true,"campfire_choices":[{"data":"Apotheosis","floor":6.0,"key":"SMITH"},{"data":"Uppercut","floor":8.0,"key":"SMITH"},{"floor":12.0,"key":"REST"},{"floor":15.0,"key":"DIG"},{"floor":23,"key":"DIG"}],"circlet_count":0,"master_deck":["Strike_R","Strike_R","Strike_R","Strike_R","Defend_R","Defend_R","Defend_R+1","Defend_R+1","Bash","Sword Boomerang","Uppercut+1","Apotheosis+1","Injury","Twin Strike","Whirlwind","Shrug It Off","Demon Form","Shrug It Off","Pommel Strike+1","Cleave"],"relics":["Burning Blood","Golden Idol","Lizard Tail","Shovel","War Paint","Coffee Dripper","FossilizedHelix"],"acts_visited":["Exordium","TheCity"],"potions_floor_usage":[22],"damage_taken":[{"damage":6.0,"enemies":"Small Slimes","floor":1.0,"turns":4.0},{"damage":6.0,"enemies":"Jaw Worm","floor":2.0,"turns":5.0},{"damage":2.0,"enemies":"2 Louse","floor":4.0,"turns":4.0},{"damage":9.0,"enemies":"Blue Slaver","floor":7.0,"turns":4.0},{"damage":27.0,"enemies":"Lagavulin","floor":10.0,"turns":8.0},{"damage":29.0,"enemies":"Exordium Thugs","floor":11.0,"turns":6.0},{"damage":11.0,"enemies":"Looter","floor":14.0,"turns":2.0},{"damage":17.0,"enemies":"The Guardian","floor":16.0,"turns":15.0},{"damage":22.0,"enemies":"Shell Parasite","floor":18.0,"turns":5.0},{"damage":4.0,"enemies":"Chosen","floor":20.0,"turns":3.0},{"damage":20.0,"enemies":"Snake Plant","floor":21.0,"turns":4.0},{"damage":31,"enemies":"Chosen and Byrds","floor":22,"turns":5},{"damage":9,"enemies":"Centurion and Healer","floor":24,"turns":5},{"damage":0,"enemies":"3 Cultists","floor":27,"turns":2}],"seed_played":"8247900549962516573","potions_obtained":[{"floor":4.0,"key":"Fruit Juice"},{"floor":11.0,"key":"Block Potion"},{"floor":14.0,"key":"BlessingOfTheForge"},{"floor":22,"key":"DistilledChaos"}],"is_trial":false,"path_per_floor":["M","M","$","M","?","R","M","R","T","E","M","R","?","M","R","B",null,"M","$","M","M","M","R","M","?","T","M"],"character_chosen":"IRONCLAD","items_purchased":["Apotheosis"],"campfire_rested":1,"item_purchase_floors":[3],"current_hp_per_floor":[72,72,72,76,76,76,73,73,73,52,29,53,42,37,37,26,67,51,51,53,39,19,19,16,16,16,16,16],"gold":371,"neow_bonus":"HUNDRED_GOLD","is_daily":false,"chose_seed":false,"campfire_upgraded":2,"win_rate":0.0,"timestamp":1613625562,"path_taken":["M","M","$","M","?","R","M","R","T","E","M","R","?","M","R","BOSS","M","$","M","M","M","R","M","?","T","M"],"items_purchased_type":["Card"],"build_version":"2020-12-22","purchased_purges":1,"victory":false,"max_hp_per_floor":[80,80,80,80,80,80,80,80,80,80,80,80,80,80,80,80,80,80,80,80,80,85,85,85,85,85,85,85],"card_choices":[{"not_picked":["Sentinel","Twin Strike"],"picked":"Sword Boomerang","floor":1.0},{"not_picked":["Hemokinesis","Pommel Strike"],"picked":"Uppercut","floor":2.0},{"not_picked":["Blood for Blood","Armaments","Burning Pact"],"picked":"SKIP","floor":4.0},{"not_picked":["Armaments","Clash"],"picked":"Twin Strike","floor":7.0},{"not_picked":["Heavy Blade","Berserk"],"picked":"Whirlwind","floor":10.0},{"not_picked":["Warcry","Whirlwind","Perfected Strike"],"picked":"SKIP","floor":11.0},{"not_picked":["Perfected Strike","Clothesline"],"picked":"Shrug It Off","floor":14.0},{"not_picked":["Berserk","Double Tap"],"picked":"Demon Form","floor":16.0},{"not_picked":["True Grit","Clothesline"],"picked":"Shrug It Off","floor":18.0},{"not_picked":["Reckless Charge","Blood for Blood"],"picked":"Pommel Strike+1","floor":20.0},{"not_picked":["Warcry","Havoc+1"],"picked":"Cleave","floor":21.0},{"not_picked":["Body Slam","Entrench","Shrug It Off"],"picked":"SKIP","floor":22},{"not_picked":["Wild Strike+1","Offering","Fire Breathing"],"picked":"SKIP","floor":24}],"player_experience":140422,"relics_obtained":[{"floor":9.0,"key":"Lizard Tail"},{"floor":10.0,"key":"Shovel"},{"floor":15.0,"key":"War Paint"},{"floor":26,"key":"FossilizedHelix"}],"event_choices":[{"damage_healed":0.0,"max_hp_gain":0.0,"max_hp_loss":0.0,"gold_gain":0.0,"event_name":"Golden Idol","player_choice":"Take Wound","floor":5.0,"gold_loss":0.0,"damage_taken":0.0,"relics_obtained":["Golden Idol"],"cards_obtained":["Injury"]},{"damage_healed":0.0,"max_hp_gain":0.0,"max_hp_loss":0.0,"gold_gain":75.0,"event_name":"World of Goop","player_choice":"Gather Gold","floor":13.0,"gold_loss":0.0,"damage_taken":11.0},{"damage_healed":0,"gold_gain":0,"player_choice":"Ignored","damage_taken":0,"max_hp_gain":0,"max_hp_loss":0,"event_name":"The Mausoleum","floor":25,"gold_loss":0}],"is_beta":false,"boss_relics":[{"not_picked":["Black Blood","Calling Bell"],"picked":"Coffee Dripper"}],"items_purged_floors":[19],"is_endless":false,"potions_floor_spawned":[4,11,14,16,22],"killed_by":"3 Cultists","ascension_level":7}}