{"host":"imy0w7zcgpxryx7c","time":1613675741,"event":{"mods":["AchievementEnabler","BaseMod","Colored Map","Colored Powertips","Minty Spire (QoL Compilation)","Relic Sorter","StSLib"],"gold_per_floor":[214,61,79,99,99,99,130,130,156,121,136,161,161,176,176,274,274,284,294,294,308,308,308],"floor_reached":22,"language":"ENG","playtime":1487,"items_purged":[],"score":339,"play_id":"f5b4ba40-0d28-47a9-bae3-ab334c7ec9b2","local_time":"20210218141541","is_ascension_mode":true,"campfire_choices":[{"data":"Infinite Blades","floor":6,"key":"SMITH"},{"floor":8,"key":"REST"},{"floor":13,"key":"REST"},{"floor":15,"key":"REST"}],"circlet_count":0,"master_deck":["AscendersBane","Strike_G","Strike_G","Strike_G","Strike_G","Strike_G","Defend_G","Defend_G","Defend_G","Defend_G","Survivor","Neutralize","Infinite Blades+1","Dagger Spray","Dagger Spray","Slice","Dodge and Roll","Slice","Riddle With Holes+1","Blur","Slice+1","Unload+1","Slice+1","PiercingWail"],"relics":["Ring of the Snake","Bag of Marbles","Dream Catcher","Orichalcum","Molten Egg 2","Runic Pyramid"],"acts_visited":["Exordium","TheCity"],"potions_floor_usage":[7,16,21],"damage_taken":[{"damage":15,"enemies":"Cultist","floor":1,"turns":5},{"damage":0,"enemies":"Jaw Worm","floor":3,"turns":5},{"damage":0,"enemies":"2 Louse","floor":4,"turns":2},{"damage":34,"enemies":"Lagavulin","floor":7,"turns":8},{"damage":7,"enemies":"Large Slime","floor":11,"turns":5},{"damage":23,"enemies":"3 Sentries","floor":12,"turns":5},{"damage":0,"enemies":"Exordium Thugs","floor":14,"turns":2},{"damage":40,"enemies":"Hexaghost","floor":16,"turns":13},{"damage":16,"enemies":"2 Thieves","floor":18,"turns":3},{"damage":0,"enemies":"Chosen","floor":19,"turns":4},{"damage":20,"enemies":"Centurion and Healer","floor":21,"turns":4},{"damage":11,"enemies":"3 Cultists","floor":22,"turns":3}],"seed_played":"1024241717487381428","potions_obtained":[{"floor":1,"key":"Dexterity Potion"},{"floor":12,"key":"ColorlessPotion"},{"floor":14,"key":"Ancient Potion"},{"floor":16,"key":"FearPotion"},{"floor":19,"key":"GhostInAJar"},{"floor":21,"key":"Swift Potion"}],"is_trial":false,"path_per_floor":["M","$","M","M","?","R","E","R","T","?","M","E","R","M","R","B",null,"M","M","?","M","M"],"character_chosen":"THE_SILENT","items_purchased":["Bag of Marbles"],"campfire_rested":3,"item_purchase_floors":[2],"current_hp_per_floor":[48,48,48,48,41,41,7,28,28,45,38,15,36,36,57,17,57,41,41,28,8,0,0],"gold":308,"neow_bonus":"HUNDRED_GOLD","is_daily":false,"chose_seed":false,"campfire_upgraded":1,"win_rate":0.0,"timestamp":1613675741,"path_taken":["M","$","M","M","?","R","E","R","T","?","M","E","R","M","R","BOSS","M","M","?","M","M"],"items_purchased_type":["Relic"],"build_version":"2020-12-22","purchased_purges":0,"victory":false,"max_hp_per_floor":[70,70,70,70,70,70,70,70,70,70,70,70,70,70,70,70,70,70,70,75,75,75,75],"card_choices":[{"not_picked":["Slice","Eviscerate"],"picked":"Infinite Blades","floor":1},{"not_picked":["Well Laid Plans","Backflip"],"picked":"Dagger Spray","floor":3},{"not_picked":["Masterful Stab","Skewer"],"picked":"Dagger Spray","floor":4},{"not_picked":["Endless Agony","Glass Knife"],"picked":"Slice","floor":7},{"not_picked":["Prepared","Distraction"],"picked":"Dodge and Roll","floor":8},{"not_picked":["Eviscerate","Flying Knee"],"picked":"Slice","floor":11},{"not_picked":["Poisoned Stab+1","Dash+1"],"picked":"Riddle With Holes+1","floor":12},{"not_picked":["Riddle With Holes+1","Phantasmal Killer"],"picked":"Blur","floor":13},{"not_picked":["Poisoned Stab+1","Deadly Poison"],"picked":"Slice+1","floor":14},{"not_picked":["Glass Knife+1","Phantasmal Killer"],"picked":"Unload+1","floor":16},{"not_picked":["Catalyst","Blade Dance","Bouncing Flask"],"picked":"SKIP","floor":18},{"not_picked":["Underhanded Strike+1","Expertise"],"picked":"Slice+1","floor":19},{"not_picked":["Outmaneuver","Blade Dance"],"picked":"PiercingWail","floor":21}],"player_experience":454385,"relics_obtained":[{"floor":7,"key":"Dream Catcher"},{"floor":9,"key":"Orichalcum"},{"floor":12,"key":"Molten Egg 2"}],"event_choices":[{"cards_removed":["Defend_G"],"damage_healed":0,"gold_gain":0,"player_choice":"Card Removal","damage_taken":7,"max_hp_gain":0,"max_hp_loss":0,"event_name":"Golden Wing","floor":5,"gold_loss":0},{"damage_healed":17,"gold_gain":0,"player_choice":"Healed","damage_taken":0,"max_hp_gain":0,"max_hp_loss":0,"event_name":"The Cleric","floor":10,"gold_loss":35},{"damage_healed":0,"gold_gain":0,"player_choice":"Shed Blood","damage_taken":18,"max_hp_gain":5,"max_hp_loss":0,"event_name":"Forgotten Altar","floor":20,"gold_loss":0}],"is_beta":false,"boss_relics":[{"not_picked":["Coffee Dripper","Calling Bell"],"picked":"Runic Pyramid"}],"items_purged_floors":[],"is_endless":false,"potions_floor_spawned":[1,12,14,16,19,21],"killed_by":"3 Cultists","ascension_level":12}}