{"host":"fuszjwm6fqgjjp4d","time":1613680446,"event":{"mods":["BaseMod","Colored Map","Minty Spire (QoL Compilation)","Permanent Neow","Relic Sorter","Relic Stats","StSLib"],"gold_per_floor":[20,32,32,50,69,101,101,112,112,112,144,144,177,200,200,274,274,292,207,257,275,21,51,119,119,119,150,166,166,179,214,214,214,214],"floor_reached":33,"language":"ENG","playtime":717,"items_purged":[],"score":646,"play_id":"8bc35e58-8451-437f-9226-5ea6859f594e","local_time":"20210218143406","is_ascension_mode":true,"campfire_choices":[{"data":"1","floor":7.0,"key":"LIFT"},{"data":"2","floor":10.0,"key":"LIFT"},{"data":"3","floor":12.0,"key":"LIFT"},{"data":"Heavy Blade","floor":15.0,"key":"SMITH"},{"data":"Double Tap","floor":25.0,"key":"SMITH"},{"floor":29,"key":"DIG"},{"floor":32,"key":"DIG"}],"circlet_count":0,"master_deck":["AscendersBane","Strike_R","Strike_R","Strike_R","Strike_R","Strike_R","Defend_R","Defend_R","Defend_R","Defend_R","Bash+1","Clothesline","Heavy Blade+1","Pummel","Immolate","Uppercut","Reaper","Sword Boomerang","Double Tap+1","Heavy Blade","Spot Weakness","Whirlwind"],"relics":["Burning Blood","Girya","Dream Catcher","HornCleat","Meat on the Bone","Art of War","Runic Cube","Lantern","Bag of Marbles","PreservedInsect","Letter Opener","Shovel","Oddly Smooth Stone","Toy Ornithopter","TungstenRod","Anchor"],"acts_visited":["Exordium","TheCity"],"potions_floor_usage":[31,33],"damage_taken":[{"damage":2.0,"enemies":"Small Slimes","floor":1.0,"turns":4.0},{"damage":2.0,"enemies":"Jaw Worm","floor":2.0,"turns":5.0},{"damage":7.0,"enemies":"Cultist","floor":4.0,"turns":4.0},{"damage":7.0,"enemies":"Large Slime","floor":5.0,"turns":5.0},{"damage":8.0,"enemies":"Gremlin Nob","floor":6.0,"turns":3.0},{"damage":9.0,"enemies":"Exordium Thugs","floor":8.0,"turns":3.0},{"damage":5.0,"enemies":"3 Sentries","floor":11.0,"turns":3.0},{"damage":16.0,"enemies":"Lagavulin","floor":13.0,"turns":5.0},{"damage":20.0,"enemies":"Slime Boss","floor":16.0,"turns":7.0},{"damage":14.0,"enemies":"3 Byrds","floor":18.0,"turns":5.0},{"damage":11.0,"enemies":"2 Thieves","floor":21.0,"turns":3.0},{"damage":48.0,"enemies":"Slavers","floor":23.0,"turns":5.0},{"damage":11.0,"enemies":"Gremlin Leader","floor":27.0,"turns":4.0},{"damage":4.0,"enemies":"Snecko","floor":28.0,"turns":3.0},{"damage":27,"enemies":"Shelled Parasite and Fungi","floor":30,"turns":2},{"damage":4,"enemies":"Book of Stabbing","floor":31,"turns":2},{"damage":88,"enemies":"Automaton","floor":33,"turns":6}],"seed_played":"40016184509154907","potions_obtained":[{"floor":2.0,"key":"Ancient Potion"},{"floor":4.0,"key":"Weak Potion"},{"floor":6.0,"key":"Energy Potion"},{"floor":21.0,"key":"LiquidBronze"},{"floor":28.0,"key":"Dexterity Potion"},{"floor":30,"key":"DistilledChaos"}],"is_trial":false,"path_per_floor":["M","M","?","M","M","E","R","M","T","R","E","R","E","T","R","B",null,"M","?","?","M","$","E","T","R","T","E","M","R","M","E","R","B"],"character_chosen":"IRONCLAD","items_purchased":["Bag of Marbles","Spot Weakness"],"campfire_rested":0,"item_purchase_floors":[22,22],"current_hp_per_floor":[72,75,75,74,73,71,71,68,68,68,69,69,69,69,69,61,72,68,68,68,63,63,33,33,33,33,40,54,54,53,60,60,0,0],"gold":214,"neow_bonus":"ONE_RARE_RELIC","is_daily":false,"chose_seed":false,"campfire_upgraded":2,"win_rate":0.0,"timestamp":1613680446,"path_taken":["M","M","?","M","M","E","R","M","T","R","E","R","E","?","R","BOSS","M","?","?","?","?","E","?","R","T","E","M","R","M","E","R","BOSS"],"items_purchased_type":["Relic","Card"],"build_version":"2020-12-22","purchased_purges":0,"victory":false,"max_hp_per_floor":[75,75,75,75,75,75,75,75,75,75,75,75,75,75,75,75,75,75,75,75,75,75,75,75,75,75,75,75,75,75,75,75,75,75],"relic_stats":{"Dream Catcher":0,"Shovel":2,"counters":[17,69],"PreservedInsect":91,"Art of War":[1],"Letter Opener":[0],"obtain_stats":[{"Girya":0,"Lantern":19,"Oddly Smooth Stone":27,"PreservedInsect":23,"Letter Opener":24,"Burning Blood":0,"Dream Catcher":6,"Anchor":32,"HornCleat":11,"Shovel":26,"Art of War":14,"Bag of Marbles":22,"Toy Ornithopter":29,"TungstenRod":31,"Meat on the Bone":13,"Runic Cube":17},{"Girya":0,"Lantern":10,"Oddly Smooth Stone":13,"PreservedInsect":12,"Letter Opener":12,"Burning Blood":0,"Dream Catcher":5,"Anchor":16,"HornCleat":7,"Shovel":12,"Art of War":8,"Bag of Marbles":11,"Toy Ornithopter":14,"TungstenRod":16,"Meat on the Bone":8,"Runic Cube":9},{"Girya":0,"Lantern":44,"Oddly Smooth Stone":56,"PreservedInsect":52,"Letter Opener":52,"Burning Blood":0,"Dream Catcher":21,"Anchor":63,"HornCleat":27,"Shovel":52,"Art of War":32,"Bag of Marbles":47,"Toy Ornithopter":59,"TungstenRod":63,"Meat on the Bone":32,"Runic Cube":39}],"Burning Blood":95,"Toy Ornithopter":10,"TungstenRod":8,"Meat on the Bone":36,"Runic Cube":[23]},"card_choices":[{"not_picked":["True Grit","Dropkick"],"picked":"Clothesline","floor":1.0},{"not_picked":["Rampage","True Grit"],"picked":"Heavy Blade","floor":2.0},{"not_picked":["Havoc","Twin Strike"],"picked":"Pummel","floor":4.0},{"not_picked":["Twin Strike","Flex"],"picked":"Immolate","floor":5.0},{"not_picked":["Sever Soul","Rupture"],"picked":"Uppercut","floor":6.0},{"not_picked":["Perfected Strike","Clash","True Grit"],"picked":"SKIP","floor":8.0},{"not_picked":["Bloodletting","Entrench"],"picked":"Reaper","floor":11.0},{"not_picked":["Infernal Blade","Twin Strike"],"picked":"Sword Boomerang","floor":13.0},{"not_picked":["Immolate","Juggernaut"],"picked":"Double Tap","floor":16.0},{"not_picked":["Armaments","True Grit"],"picked":"Heavy Blade","floor":18.0},{"not_picked":["Reckless Charge","Cleave","Armaments"],"picked":"SKIP","floor":21.0},{"not_picked":["Clothesline+1","Battle Trance","Shrug It Off"],"picked":"SKIP","floor":23.0},{"not_picked":["Second Wind","Iron Wave","Clash"],"picked":"SKIP","floor":27.0},{"not_picked":["Warcry","Intimidate","Wild Strike"],"picked":"SKIP","floor":28.0},{"not_picked":["Thunderclap","Cleave+1","Searing Blow"],"picked":"SKIP","floor":30},{"not_picked":["Havoc","Heavy Blade"],"picked":"Whirlwind","floor":31}],"player_experience":1497742,"relics_obtained":[{"floor":6.0,"key":"Dream Catcher"},{"floor":11.0,"key":"HornCleat"},{"floor":13.0,"key":"Meat on the Bone"},{"floor":14.0,"key":"Art of War"},{"floor":23.0,"key":"PreservedInsect"},{"floor":24.0,"key":"Letter Opener"},{"floor":26.0,"key":"Shovel"},{"floor":27.0,"key":"Oddly Smooth Stone"},{"floor":29,"key":"Toy Ornithopter"},{"floor":31,"key":"TungstenRod"},{"floor":32,"key":"Anchor"}],"event_choices":[{"damage_healed":0.0,"max_hp_gain":0.0,"max_hp_loss":0.0,"gold_gain":0.0,"event_name":"Living Wall","player_choice":"Grow","floor":3.0,"gold_loss":0.0,"damage_taken":0.0,"cards_upgraded":["Bash"]},{"damage_healed":0.0,"max_hp_gain":0.0,"max_hp_loss":0.0,"gold_gain":0.0,"event_name":"Addict","player_choice":"Obtained Relic","floor":19.0,"gold_loss":85.0,"damage_taken":0.0,"relics_obtained":["Lantern"]},{"damage_healed":0.0,"max_hp_gain":0.0,"max_hp_loss":0.0,"gold_gain":100.0,"event_name":"The Joust","player_choice":"Bet on Murderer","floor":20.0,"gold_loss":50.0,"damage_taken":0.0}],"is_beta":false,"boss_relics":[{"not_picked":["Black Blood","Runic Dome"],"picked":"Runic Cube"}],"items_purged_floors":[],"is_endless":false,"potions_floor_spawned":[2,4,6,8,21,28,30],"killed_by":"Automaton","ascension_level":20}}