{"host":"7s2d9a8gejctdvjm","time":1613691998,"event":{"mods":["BaseMod","Downfall","Hermit","Marisa????????","Minty Spire (QoL Compilation)","StSLib","The Servant 0.9.4"],"gold_per_floor":[99,111,122,140,240,258,258,68,97,97,112,122,22,47,61,166,166,166,182,282,293,313,340,340,352,383,426,456,486,523,535,562,679,691,503,527,553,610,622,634,646,194,194,244,244,274,292,318,336,336,336,366,4,4,4,4],"floor_reached":57,"language":"ENG","playtime":5000,"items_purged":["Guardian:Strike_Guardian","Guardian:Strike_Guardian"],"score":1535,"play_id":"dc001f38-082d-4fcf-94f7-28ef9d0b8211","local_time":"20210218154638","is_ascension_mode":true,"campfire_choices":[{"floor":1,"key":"RECALL"},{"data":"expansioncontent:QuickStudy","floor":10,"key":"SMITH"},{"data":"Guardian:Orbwalk","floor":13,"key":"SMITH"},{"data":"Guardian:Suspension","floor":18,"key":"SMITH"},{"data":"Guardian:TemporalShield","floor":35,"key":"SMITH"},{"data":"Guardian:TimeSifter","floor":45,"key":"SMITH"},{"data":"Guardian:Emergency","floor":54,"key":"SMITH"}],"circlet_count":0,"master_deck":["Guardian:Defend_Guardian","Guardian:Defend_Guardian+1","Guardian:Defend_Guardian","Guardian:Defend_Guardian","Guardian:CurlUp+1","Guardian:TwinSlam","Guardian:Incinerate","Guardian:Suspension+1","Guardian:TemporalShield+1","Guardian:TimeSifter+1","Guardian:MultiBeam","expansioncontent:QuickStudy+1","Guardian:Orbwalk+1","Guardian:Recover","Guardian:FloatingOrbs","Guardian:ChargeCore+1","Guardian:Planning","CurseOfTheBell","Guardian:TemporalStrike+1","Guardian:Clone","Guardian:StasisStrike+1","Guardian:Recover+1","Guardian:ConstructionForm","Guardian:BronzeArmor","Guardian:ShieldCharger+1","Guardian:Reroute+1","Guardian:BaubleBeam+1","Guardian:ShieldCharger+1","Guardian:TemporalStrike+1","Guardian:CrystalBeam+1","expansioncontent:Chronoboost","Guardian:TemporalStrike+1","Guardian:Incinerate+1","Guardian:Reroute+1","Guardian:TimeBomb+1","Guardian:Emergency+1","Guardian:BodySlam+1","Guardian:VentSteam+1","Guardian:TimeCapacitor","expansioncontent:Chronoboost"],"relics":["SlaversCollar","downfall:GremlinWheel","Shuriken","downfall:HeartBlessingRed","Molten Egg 2","Calling Bell","Pen Nib","Meat on the Bone","Ginger","Prayer Wheel","HornCleat","StoneCalendar","MawBank","Anchor","Potion Belt","Philosopher\u0027s Stone","downfall:HeartBlessingBlue","downfall:HeartBlessingGreen","Calipers","Bag of Marbles","Pear","War Paint","Guardian:BottledStasis","Mango","PreservedInsect","Omamori","CaptainsWheel"],"acts_visited":["Exordium","TheCity","TheBeyond","TheEnding"],"potions_floor_usage":[5,9,20,22,27,29,38,50,50,50,56,56],"damage_taken":[{"damage":0,"enemies":"Cultist","floor":2,"turns":4},{"damage":0,"enemies":"Small Slimes","floor":3,"turns":3},{"damage":10,"enemies":"Jaw Worm","floor":4,"turns":4},{"damage":16,"enemies":"Jaw Worm","floor":5,"turns":5},{"damage":7,"enemies":"Blue Slaver","floor":6,"turns":4},{"damage":2,"enemies":"downfall:FleeingMerchant","floor":8,"turns":4},{"damage":21,"enemies":"Gremlin Nob","floor":9,"turns":5},{"damage":10,"enemies":"Exordium Thugs","floor":11,"turns":3},{"damage":4,"enemies":"2 Fungi Beasts","floor":12,"turns":4},{"damage":3,"enemies":"Lagavulin","floor":14,"turns":6},{"damage":2,"enemies":"Blue Slaver","floor":15,"turns":3},{"damage":24,"enemies":"DF_ARCHETYPE_STREAMLINE","floor":16,"turns":6},{"damage":12,"enemies":"Shell Parasite","floor":19,"turns":4},{"damage":23,"enemies":"Colosseum Nobs","floor":20,"turns":5},{"damage":0,"enemies":"3 Byrds","floor":21,"turns":5},{"damage":20,"enemies":"Shelled Parasite and Fungi","floor":22,"turns":7},{"damage":19,"enemies":"Gremlin Leader","floor":23,"turns":5},{"damage":17,"enemies":"Snecko","floor":26,"turns":6},{"damage":17,"enemies":"Book of Stabbing","floor":27,"turns":5},{"damage":0,"enemies":"Centurion and Healer","floor":28,"turns":5},{"damage":0,"enemies":"3 Cultists","floor":29,"turns":3},{"damage":17,"enemies":"Gremlin Leader","floor":30,"turns":6},{"damage":26,"enemies":"Sentry and Sphere","floor":32,"turns":6},{"damage":11,"enemies":"SI_MIRROR_ARCHETYPE","floor":33,"turns":7},{"damage":16,"enemies":"Orb Walker","floor":36,"turns":4},{"damage":5,"enemies":"3 Shapes","floor":37,"turns":2},{"damage":23,"enemies":"2 Orb Walkers","floor":38,"turns":6},{"damage":0,"enemies":"downfall:FleeingMerchant","floor":42,"turns":4},{"damage":6,"enemies":"downfall:FleeingMerchant","floor":44,"turns":5},{"damage":6,"enemies":"Reptomancer","floor":46,"turns":4},{"damage":21,"enemies":"3 Darklings","floor":47,"turns":4},{"damage":0,"enemies":"Sphere and 2 Shapes","floor":49,"turns":3},{"damage":0,"enemies":"IC_BLOCK_ARCHETYPE","floor":50,"turns":6},{"damage":0,"enemies":"downfall:CharBossMerchant","floor":52,"turns":5},{"damage":0,"enemies":"downfall:NeowBoss","floor":55,"turns":11},{"damage":0,"enemies":"downfall:NeowBossFinal","floor":56,"turns":8}],"seed_played":"7521500563208807569","potions_obtained":[{"floor":2,"key":"SmokeBomb"},{"floor":3,"key":"champ:CounterPotion"},{"floor":6,"key":"Weak Potion"},{"floor":11,"key":"BlessingOfTheForge"},{"floor":16,"key":"Regen Potion"},{"floor":21,"key":"Fire Potion"},{"floor":22,"key":"SpeedPotion"},{"floor":26,"key":"GamblersBrew"},{"floor":28,"key":"BlessingOfTheForge"},{"floor":29,"key":"LiquidMemories"},{"floor":32,"key":"Slimebound:ThreeZeroPotion"},{"floor":38,"key":"SpeedPotion"},{"floor":46,"key":"SpeedPotion"}],"is_trial":false,"path_per_floor":["R","M","M","M","?","M","T","$","E","R","M","M","R","E","M","B",null,"R","M","?","M","M","E","T","?","M","E","M","M","E","?","M","B",null,"R","M","M","?","T","?","T","$","?","?","R","E","M","T","M","B",null,"E","$","R","B","B",null],"character_chosen":"GUARDIAN","items_purchased":["expansioncontent:QuickStudy","War Paint","Guardian:BottledStasis","Guardian:Incinerate+1","Guardian:Gem_Lightblue","Guardian:TimeCapacitor","expansioncontent:Chronoboost","Guardian:Gem_Cyan","PowerPotion"],"campfire_rested":0,"item_purchase_floors":[8,42,42,42,42,53,53,53,53],"current_hp_per_floor":[80,80,80,70,54,47,47,45,24,24,24,20,20,27,25,1,80,80,68,54,54,44,37,37,37,32,27,49,49,44,44,30,31,80,90,74,69,46,46,46,56,56,56,76,76,70,61,61,61,61,114,114,114,114,114,114],"gold":4,"neow_bonus":"BOSS_RELIC","is_daily":false,"chose_seed":false,"campfire_upgraded":6,"win_rate":0.0,"timestamp":1613691998,"path_taken":["R","M","?","M","?","M","T","$","E","R","M","?","R","E","M","BOSS","R","M","?","M","M","E","T","?","?","E","M","M","E","?","M","BOSS","R","M","M","?","?","?","T","$","?","?","R","E","?","?","M","BOSS","E","$","R","BOSS","BOSS"],"items_purchased_type":["Card","Relic","Relic","Card","Card","Card","Card","Card","Potion"],"build_version":"2020-12-22","purchased_purges":2,"victory":true,"max_hp_per_floor":[80,80,80,80,80,80,80,80,80,80,80,80,80,80,80,80,80,80,80,80,80,80,80,80,80,80,80,80,80,80,80,80,80,80,90,90,90,90,90,90,100,100,100,114,114,114,114,114,114,114,114,114,114,114,114,114],"card_choices":[{"not_picked":["Guardian:RefractedBeam","Guardian:Gem_Lightblue"],"picked":"Guardian:Incinerate","floor":2},{"not_picked":["Guardian:VentSteam","Guardian:PiercingHide"],"picked":"Guardian:Suspension","floor":3},{"not_picked":["Guardian:PiercingHide","Guardian:VentSteam"],"picked":"Guardian:TemporalShield","floor":4},{"not_picked":["Guardian:CrystalBeam","Guardian:Gem_Lightblue"],"picked":"Guardian:TimeSifter","floor":6},{"not_picked":["Guardian:RevengeProtocol","Guardian:Gem_Green"],"picked":"Guardian:MultiBeam","floor":8},{"not_picked":["Guardian:Gem_Red","Guardian:Suspension"],"picked":"Guardian:Orbwalk","floor":9},{"not_picked":["Guardian:Gem_Fragmented","Guardian:Suspension"],"picked":"Guardian:Recover","floor":11},{"not_picked":["Guardian:CrystalBeam","Guardian:TemporalStrike"],"picked":"Guardian:FloatingOrbs","floor":12},{"not_picked":["Guardian:TimeBomb","Guardian:Recover"],"picked":"Guardian:ChargeCore+1","floor":14},{"not_picked":["Guardian:Preprogram","Guardian:PrismaticBarrier"],"picked":"Guardian:Planning","floor":15},{"not_picked":["Guardian:RevengeProtocol","Guardian:SphericShield"],"picked":"Guardian:Gem_Synthetic","floor":16},{"not_picked":["Guardian:Harden","Guardian:PrimingBeam+1","Guardian:Suspension"],"picked":"SKIP","floor":19},{"not_picked":["Guardian:BodySlam+1","Guardian:Gem_Blue"],"picked":"Guardian:Gem_Cyan","floor":20},{"not_picked":["Guardian:RollAttack+1","Guardian:TemporalShield"],"picked":"Guardian:TemporalStrike+1","floor":21},{"not_picked":["Guardian:Reroute+1","Guardian:SpikerProtocol+1"],"picked":"Guardian:Clone","floor":21},{"not_picked":["Guardian:CrystalBeam+1","Guardian:Planning"],"picked":"Guardian:StasisStrike+1","floor":22},{"not_picked":["Guardian:DonusPower","Guardian:PiercingHide","Guardian:Suspension+1"],"picked":"SKIP","floor":22},{"not_picked":["Guardian:RollAttack+1","Guardian:RevengeProtocol"],"picked":"Guardian:Recover+1","floor":23},{"not_picked":["Guardian:RollAttack+1","Guardian:VentSteam"],"picked":"Guardian:Gem_Fragmented","floor":26},{"not_picked":["Guardian:PiercingHide","Guardian:SpikerProtocol"],"picked":"Guardian:Gem_Red","floor":26},{"not_picked":["Guardian:TemporalStrike+1","Guardian:EvasiveProtocol"],"picked":"Guardian:ConstructionForm","floor":27},{"not_picked":["Guardian:ShieldSpikes+1","Guardian:TemporalShield+1"],"picked":"Guardian:BronzeArmor","floor":28},{"not_picked":["Guardian:Harden","Guardian:Orbwalk"],"picked":"Guardian:Gem_Cyan","floor":28},{"not_picked":["Guardian:Recover","Guardian:ChargeCore+1"],"picked":"Guardian:Gem_Green","floor":29},{"not_picked":["Guardian:RefractedBeam+1","Guardian:CrystalBeam+1"],"picked":"Guardian:ShieldCharger+1","floor":29},{"not_picked":["Guardian:PiercingHide","Guardian:Emergency"],"picked":"Guardian:Gem_Synthetic","floor":30},{"not_picked":["Guardian:Recover","Guardian:Suspension"],"picked":"Guardian:Gem_Cyan","floor":32},{"not_picked":["Guardian:Orbwalk","Guardian:Planning"],"picked":"Guardian:Reroute+1","floor":32},{"not_picked":["Guardian:TimeSifter","Guardian:Gem_Orange"],"picked":"Guardian:BaubleBeam+1","floor":33},{"not_picked":["Guardian:Harden","Guardian:Recover+1"],"picked":"Guardian:Gem_Red","floor":36},{"not_picked":["Guardian:SentryBeam+1","Guardian:RollAttack+1"],"picked":"Guardian:ShieldCharger+1","floor":36},{"not_picked":["Guardian:EvasiveProtocol+1","Guardian:RefractedBeam+1"],"picked":"Guardian:Gem_White","floor":37},{"not_picked":["Guardian:Gem_Red","Guardian:Planning"],"picked":"Guardian:TemporalStrike+1","floor":37},{"not_picked":["Guardian:Harden+1","Guardian:TemporalShield"],"picked":"Guardian:CrystalBeam+1","floor":38},{"not_picked":["expansioncontent:PrepareCrush","expansioncontent:YouAreMine"],"picked":"expansioncontent:Chronoboost","floor":40},{"not_picked":["Guardian:Gem_Red","Guardian:Reroute+1"],"picked":"Guardian:TemporalStrike+1","floor":42},{"not_picked":["Guardian:Gem_Lightblue","Guardian:PrimingBeam+1"],"picked":"Guardian:Reroute+1","floor":44},{"not_picked":["Guardian:StasisStrike+1","Guardian:Gem_Fragmented"],"picked":"Guardian:TimeBomb+1","floor":46},{"not_picked":["Guardian:Incinerate+1","Guardian:Gem_Lightblue"],"picked":"Guardian:Emergency","floor":47},{"not_picked":["Guardian:PrismaticBeam+1","Guardian:Gem_Cyan"],"picked":"Guardian:Gem_Yellow","floor":47},{"not_picked":["Guardian:PiercingHide+1","Guardian:FloatingOrbs"],"picked":"Guardian:BodySlam+1","floor":49},{"not_picked":["Guardian:TimeBomb","Guardian:SpikerProtocol"],"picked":"Guardian:VentSteam+1","floor":49},{"not_picked":["Guardian:GatlingBeam+1","Guardian:WalkerClaw+1"],"picked":"Guardian:Gem_Green","floor":52}],"player_experience":21104,"relics_obtained":[{"floor":5,"key":"downfall:GremlinWheel"},{"floor":9,"key":"Shuriken"},{"floor":14,"key":"Molten Egg 2"},{"floor":17,"key":"Pen Nib"},{"floor":17,"key":"Meat on the Bone"},{"floor":17,"key":"Ginger"},{"floor":20,"key":"Prayer Wheel"},{"floor":20,"key":"HornCleat"},{"floor":23,"key":"StoneCalendar"},{"floor":24,"key":"MawBank"},{"floor":27,"key":"Anchor"},{"floor":30,"key":"Potion Belt"},{"floor":38,"key":"Calipers"},{"floor":39,"key":"Bag of Marbles"},{"floor":41,"key":"Pear"},{"floor":44,"key":"Mango"},{"floor":46,"key":"PreservedInsect"},{"floor":48,"key":"Omamori"},{"floor":52,"key":"CaptainsWheel"}],"event_choices":[{"cards_removed":["Guardian:Strike_Guardian"],"damage_healed":0,"gold_gain":0,"player_choice":"Card Removal","damage_taken":0,"max_hp_gain":0,"max_hp_loss":0,"event_name":"Wheel of Change","floor":18,"gold_loss":0},{"damage_healed":0,"gold_gain":0,"player_choice":"Fight","damage_taken":0,"max_hp_gain":0,"max_hp_loss":0,"event_name":"Mysterious Sphere","floor":38,"gold_loss":0}],"is_beta":false,"boss_relics":[{"not_picked":["Runic Dome","Empty Cage"],"picked":"Calling Bell"},{"not_picked":["Snecko Eye","Runic Pyramid"],"picked":"Philosopher\u0027s Stone"}],"items_purged_floors":[42,53],"is_endless":false,"potions_floor_spawned":[2,3,6,11,16,21,22,26,28,29,32,38,46,47,49],"ascension_level":1}}