{"host":"Slaske","time":1613651495,"event":{"mods":["AchievementEnabler","BaseMod","Colored Map","Colored Powertips","Minty Spire (QoL Compilation)","Random Character Button","Relic Stats","slay the spire mod where everything is the same but ironclad has a cowboy hat"],"gold_per_floor":[109,109,109,119,133,133,143,143,143,143,143,143],"floor_reached":11,"language":"ENG","playtime":179,"items_purged":[],"score":76,"play_id":"47c9482b-ea3c-4760-b3fa-635a9ec9e21a","local_time":"20210218133135","is_ascension_mode":true,"campfire_choices":[{"floor":6,"key":"DIG"},{"floor":8,"key":"DIG"},{"floor":10,"key":"DIG"}],"circlet_count":0,"master_deck":["Strike_B","Strike_B","Strike_B","Strike_B","Defend_B","Defend_B","Defend_B","Defend_B","Zap","Dualcast","Capacitor","Genetic Algorithm","Thunder Strike"],"relics":["Cracked Core","NeowsBlessing","Shovel","Darkstone Periapt","Ice Cream","Gremlin Horn","Meat on the Bone"],"acts_visited":["Exordium"],"potions_floor_usage":[5,11],"damage_taken":[{"damage":0,"enemies":"Jaw Worm","floor":1,"turns":1},{"damage":0,"enemies":"Small Slimes","floor":4,"turns":1},{"damage":0,"enemies":"Cultist","floor":5,"turns":1},{"damage":17,"enemies":"Looter","floor":7,"turns":3},{"damage":81,"enemies":"Gremlin Nob","floor":11,"turns":4}],"seed_played":"7379646918157840074","potions_obtained":[{"floor":1,"key":"ColorlessPotion"},{"floor":5,"key":"Fruit Juice"}],"is_trial":false,"path_per_floor":["M","?","?","M","M","R","M","R","T","R","E"],"character_chosen":"DEFECT","items_purchased":[],"campfire_rested":0,"item_purchase_floors":[],"current_hp_per_floor":[75,75,75,75,80,80,63,63,63,63,0,0],"gold":143,"neow_bonus":"THREE_ENEMY_KILL","is_daily":false,"chose_seed":false,"campfire_upgraded":0,"win_rate":0.0,"timestamp":1613651495,"path_taken":["M","?","?","?","M","R","M","R","T","R","E"],"items_purchased_type":[],"build_version":"2020-12-18","purchased_purges":0,"victory":false,"max_hp_per_floor":[75,75,75,75,80,80,80,80,80,80,80,80],"relic_stats":{"Darkstone Periapt":0,"Shovel":3,"Gremlin Horn":[0,0],"counters":[5,10],"obtain_stats":[{"Darkstone Periapt":6,"Ice Cream":8,"Shovel":2,"NeowsBlessing":0,"Gremlin Horn":9,"Cracked Core":0,"Meat on the Bone":10},{"Darkstone Periapt":3,"Ice Cream":4,"Shovel":1,"NeowsBlessing":0,"Gremlin Horn":4,"Cracked Core":0,"Meat on the Bone":4},{"Darkstone Periapt":3,"Ice Cream":6,"Shovel":1,"NeowsBlessing":0,"Gremlin Horn":6,"Cracked Core":0,"Meat on the Bone":6}],"Meat on the Bone":0},"card_choices":[{"not_picked":["Reinforced Body","Darkness"],"picked":"Capacitor","floor":1},{"not_picked":["Sweeping Beam","Steam"],"picked":"Genetic Algorithm","floor":4},{"not_picked":["Hologram","Steam","Auto Shields"],"picked":"SKIP","floor":5},{"not_picked":["Redo","Gash"],"picked":"Thunder Strike","floor":7}],"player_experience":516433,"relics_obtained":[{"floor":6,"key":"Darkstone Periapt"},{"floor":8,"key":"Ice Cream"},{"floor":9,"key":"Gremlin Horn"},{"floor":10,"key":"Meat on the Bone"}],"event_choices":[{"damage_healed":0,"gold_gain":0,"player_choice":"Box","damage_taken":0,"relics_obtained":["Shovel"],"max_hp_gain":0,"max_hp_loss":0,"event_name":"Big Fish","floor":2,"gold_loss":0,"cards_obtained":["Regret"]},{"cards_removed":["Regret"],"damage_healed":0,"gold_gain":0,"player_choice":"Removed Curses","damage_taken":0,"max_hp_gain":0,"max_hp_loss":0,"event_name":"Fountain of Cleansing","floor":3,"gold_loss":0}],"is_beta":true,"boss_relics":[],"items_purged_floors":[],"is_endless":false,"potions_floor_spawned":[1,5],"killed_by":"Gremlin Nob","ascension_level":4}}