{"host":"u2qrfxkm3wve0vp3","time":1613660417,"event":{"mods":["AchievementEnabler","BaseMod","Downfall","Minty Spire (QoL Compilation)","Quick Restart","Shop Mod","StSLib","The Cursed","The Marked"],"gold_per_floor":[110,122,72,72,72,100,119,119,119,8,34,34,34,47,47,149,149,162,261,261,261,261],"floor_reached":21,"language":"ZHS","playtime":529,"items_purged":["theMarked:Defend"],"score":210,"play_id":"eb9ab275-bcaf-4512-b66d-0b3158bc5b31","local_time":"20210218230017","is_ascension_mode":false,"campfire_choices":[{"data":"theMarked:SoldierOfQuellstein","floor":8,"key":"SMITH"},{"data":"theMarked:Vacuum","floor":12,"key":"SMITH"},{"data":"theMarked:Polarize","floor":15,"key":"SMITH"}],"circlet_count":0,"master_deck":["theMarked:Strike","theMarked:Strike","theMarked:Strike","theMarked:Strike","theMarked:Defend+1","theMarked:Defend+1","theMarked:SoldierOfQuellstein+1","theMarked:Heritage","theMarked:Vacuum+1","theMarked:Determination","theMarked:Panic","theMarked:Polarize+1","theMarked:FavorableWinds"],"relics":["theMarked:ArtifactOfAir","NeowsBlessing","Meat on the Bone","War Paint","Gambling Chip","theMarked:Gun","Philosopher\u0027s Stone"],"acts_visited":["Exordium","TheCity"],"potions_floor_usage":[18],"damage_taken":[{"damage":0,"enemies":"Jaw Worm","floor":1,"turns":1},{"damage":0,"enemies":"2 Louse","floor":2,"turns":1},{"damage":0,"enemies":"3 Sentries","floor":6,"turns":1},{"damage":5,"enemies":"Small Slimes","floor":7,"turns":4},{"damage":9,"enemies":"Lagavulin","floor":11,"turns":10},{"damage":0,"enemies":"Blue Slaver","floor":14,"turns":4},{"damage":41,"enemies":"Hexaghost","floor":16,"turns":8},{"damage":1,"enemies":"2 Thieves","floor":18,"turns":4},{"damage":0,"enemies":"3 Byrds","floor":21,"turns":2}],"seed_played":"4587330075851172261","potions_obtained":[{"floor":1,"key":"EssenceOfSteel"},{"floor":11,"key":"GamblersBrew"},{"floor":14,"key":"AttackPotion"}],"is_trial":false,"path_per_floor":["M","M","?","?","?","E","M","R","T","$","E","R","T","M","R","B",null,"M","?","?","M"],"character_chosen":"THE_DEFAULT","items_purchased":["theMarked:Panic"],"campfire_rested":0,"item_purchase_floors":[10],"current_hp_per_floor":[72,72,72,77,70,70,65,65,65,65,56,56,56,56,56,27,77,76,76,76,76,76],"gold":261,"neow_bonus":"THREE_ENEMY_KILL","is_daily":false,"chose_seed":false,"campfire_upgraded":3,"win_rate":0.0,"timestamp":1613660417,"path_taken":["M","M","?","?","?","E","M","R","T","?","E","R","?","?","R","BOSS","M","?","?","?"],"items_purchased_type":["Card"],"build_version":"2020-12-22","purchased_purges":1,"victory":false,"max_hp_per_floor":[72,72,72,77,77,77,77,77,77,77,77,77,77,77,77,77,77,77,77,77,77,77],"card_choices":[{"not_picked":["theMarked:WastefulAttack","theMarked:TwofoldDefense"],"picked":"theMarked:Heritage","floor":1},{"not_picked":["theMarked:ChainLightning","theMarked:SelfDefenseTraining","theMarked:Improvise"],"picked":"SKIP","floor":2},{"not_picked":["theMarked:Generate","theMarked:WastefulAttack"],"picked":"theMarked:Vacuum","floor":6},{"not_picked":["theMarked:Aftermath","theMarked:OneWithTheBlade"],"picked":"theMarked:Determination","floor":7},{"not_picked":["theMarked:HeightenedSenses","theMarked:ContemptForTheProud","theMarked:Generate"],"picked":"SKIP","floor":11},{"not_picked":["theMarked:ComboAttacks","theMarked:Electrocute"],"picked":"theMarked:Polarize","floor":14},{"not_picked":["theMarked:BiggerThanFate","theMarked:DispelDoubt"],"picked":"theMarked:FavorableWinds","floor":16},{"not_picked":["theMarked:ShockingTouch","theMarked:Parkour+1","theMarked:RepellingDischarge"],"picked":"SKIP","floor":18}],"player_experience":325730,"relics_obtained":[{"floor":6,"key":"Meat on the Bone"},{"floor":9,"key":"War Paint"},{"floor":11,"key":"Gambling Chip"},{"floor":13,"key":"theMarked:Gun"}],"event_choices":[{"cards_removed":["theMarked:Defend"],"damage_healed":0,"gold_gain":0,"player_choice":"Card Removal","damage_taken":0,"max_hp_gain":0,"max_hp_loss":0,"event_name":"The Cleric","floor":3,"gold_loss":50},{"damage_healed":0,"gold_gain":0,"player_choice":"Donut","damage_taken":0,"max_hp_gain":5,"max_hp_loss":0,"event_name":"Big Fish","floor":4,"gold_loss":0},{"cards_removed":["theMarked:Strike"],"damage_healed":0,"gold_gain":0,"player_choice":"Card Removal","damage_taken":7,"max_hp_gain":0,"max_hp_loss":0,"event_name":"Golden Wing","floor":5,"gold_loss":0},{"damage_healed":0,"gold_gain":99,"player_choice":"Stole From Cult","damage_taken":0,"max_hp_gain":0,"max_hp_loss":0,"event_name":"Nest","floor":19,"gold_loss":0},{"damage_healed":0,"gold_gain":0,"player_choice":"Bought 0 Potions","damage_taken":0,"max_hp_gain":0,"max_hp_loss":0,"event_name":"The Woman in Blue","floor":20,"gold_loss":0}],"is_beta":false,"boss_relics":[{"not_picked":["Runic Dome","Pandora\u0027s Box"],"picked":"Philosopher\u0027s Stone"}],"items_purged_floors":[10],"is_endless":false,"potions_floor_spawned":[1,11,14],"killed_by":"3 Byrds","ascension_level":0}}