{"host":"xltl1aroowo69o4n","time":1613626644,"event":{"mods":["BaseMod","Colored Map","Colored Powertips","Downfall","Marisa????????","Minty Spire (QoL Compilation)","Replay The Spire","StSLib","The Cursed","The Hierophant","The Mystic","The Necromancer","The Servant 0.9.4"],"gold_per_floor":[112,124,299,299,25,25,36,54,54,12,80,94,119,134,134,134,134],"floor_reached":16,"language":"ENG","playtime":778,"items_purged":["Doubt"],"score":102,"play_id":"1e35ac7d-ee0d-4eb4-8575-2a2de4ee3731","local_time":"20210218003724","is_ascension_mode":false,"campfire_choices":[{"data":"mysticmod:Spellstrike","floor":6,"key":"SMITH"},{"floor":15,"key":"REST"}],"circlet_count":0,"master_deck":["mysticmod:Strike_Mystic","mysticmod:Strike_Mystic","mysticmod:Strike_Mystic","mysticmod:Strike_Mystic","mysticmod:Defend_Mystic","mysticmod:Defend_Mystic+1","mysticmod:Defend_Mystic","mysticmod:Defend_Mystic","mysticmod:ArcaneDodge","mysticmod:ShockingGrasp","mysticmod:Spellstrike+1","mysticmod:Fireball","mysticmod:HeavyStrike+1","mysticmod:EarthenWall","mysticmod:EarthenWall","mysticmod:Shield","Forethought","mysticmod:HeavyStrike","mysticmod:TomeOfSpells","mysticmod:Grease","mysticmod:ObscuringMist","mysticmod:Grapple","mysticmod:RapidCaster"],"relics":["mysticmod:SpellBook","BargainBundle","Vajra","Garlic"],"acts_visited":["Exordium"],"potions_floor_usage":[13,13,14],"damage_taken":[{"damage":0,"enemies":"Jaw Worm","floor":1,"turns":2},{"damage":1,"enemies":"2 Louse","floor":2,"turns":2},{"damage":2,"enemies":"Small Slimes","floor":7,"turns":4},{"damage":0,"enemies":"3 Louse","floor":8,"turns":1},{"damage":9,"enemies":"Gremlin Gang","floor":12,"turns":6},{"damage":27,"enemies":"Gremlin Nob","floor":13,"turns":6},{"damage":8,"enemies":"Exordium Thugs","floor":14,"turns":7},{"damage":38,"enemies":"Slime Boss","floor":16,"turns":11}],"seed_played":"5447060519479866399","potions_obtained":[{"floor":1,"key":"Block Potion"}],"is_trial":false,"path_per_floor":["M","M","?","?","$","R","M","M","T","?","?","M","E","M","R","B"],"character_chosen":"MYSTIC_CLASS","items_purchased":["BargainBundle","BlessingOfTheForge","EssenceOfSteel","mysticmod:EarthenWall","mysticmod:Shield","Forethought","mysticmod:HeavyStrike"],"campfire_rested":1,"item_purchase_floors":[5,5,5,5,5,5,5],"current_hp_per_floor":[77,76,76,61,61,61,59,59,59,59,59,50,23,15,38,0,0],"gold":134,"neow_bonus":"ONE_RANDOM_RARE_CARD","is_daily":false,"chose_seed":false,"campfire_upgraded":1,"win_rate":0.0,"timestamp":1613626644,"path_taken":["M","M","?","?","$","R","M","M","T","?","?","M","E","M","R","BOSS"],"items_purchased_type":["Relic","Potion","Potion","Card","Card","Card","Card"],"build_version":"2020-12-13","purchased_purges":1,"victory":false,"max_hp_per_floor":[77,77,77,77,77,77,77,77,77,77,77,77,77,77,77,77,77],"card_choices":[{"not_picked":["mysticmod:PowerAttack","mysticmod:ComponentsPouch"],"picked":"mysticmod:Fireball","floor":1},{"not_picked":["mysticmod:Shield","mysticmod:PowerAttack"],"picked":"mysticmod:HeavyStrike","floor":2},{"not_picked":["mysticmod:BulkUp","mysticmod:Flurry"],"picked":"mysticmod:TomeOfSpells","floor":7},{"not_picked":["mysticmod:PowerSlash","mysticmod:Disengage"],"picked":"mysticmod:Grease","floor":8},{"not_picked":["mysticmod:Flourish","mysticmod:Stoneskin"],"picked":"mysticmod:ObscuringMist","floor":12},{"not_picked":["mysticmod:TomeOfSpells","mysticmod:Shield"],"picked":"mysticmod:Grapple","floor":13},{"not_picked":["mysticmod:Shield","mysticmod:Sideswipe"],"picked":"mysticmod:RapidCaster","floor":14}],"player_experience":209937,"relics_obtained":[{"floor":9,"key":"Vajra"},{"floor":13,"key":"Garlic"}],"event_choices":[{"damage_healed":0,"gold_gain":175,"player_choice":"AGREE","damage_taken":0,"max_hp_gain":0,"max_hp_loss":0,"event_name":"Liars Game","floor":3,"gold_loss":0,"cards_obtained":["Doubt"]},{"damage_healed":0,"gold_gain":0,"player_choice":"Entered Light","damage_taken":15,"max_hp_gain":0,"max_hp_loss":0,"event_name":"Shining Light","floor":4,"gold_loss":0,"cards_upgraded":["mysticmod:Defend_Mystic","mysticmod:HeavyStrike"]},{"damage_healed":0,"gold_gain":0,"player_choice":"Left Gold","damage_taken":0,"max_hp_gain":0,"max_hp_loss":0,"event_name":"World of Goop","floor":10,"gold_loss":42},{"damage_healed":0,"gold_gain":68,"player_choice":"Gained Gold","damage_taken":0,"max_hp_gain":0,"max_hp_loss":0,"event_name":"Golden Wing","floor":11,"gold_loss":0}],"is_beta":false,"boss_relics":[],"items_purged_floors":[5],"is_endless":false,"potions_floor_spawned":[1,8,12],"killed_by":"Slime Boss","ascension_level":0}}