{"host":"d85gwtocd8go8gx0","time":1613627952,"event":{"mods":["AchievementEnabler","BaseMod","Better Altar","Better Skull","Better Third Choice","Block Reminder","Colored Powertips","Curses Come First","Dark Map","Filter the Spire","Highlight Path","Minty Spire (QoL Compilation)","Permanent Neow","Quick Restart","Shop Mod","StSLib","SuperFastMode","UnlockEverythingMod"],"gold_per_floor":[119,131,145,159,169,197,197,231,258,287,287,287,287,229,229,300,300,315,326,355,202,202,202,202,202],"floor_reached":24,"language":"ENG","playtime":1363,"items_purged":["Strike_P"],"score":428,"play_id":"4d8a4657-c2dc-47ee-9987-7e523d3ed28f","local_time":"20210217215912","is_ascension_mode":true,"campfire_choices":[{"floor":7.0,"key":"REST"},{"floor":11,"key":"REST"},{"data":"Eruption","floor":13,"key":"SMITH"},{"floor":15,"key":"REST"},{"floor":23,"key":"REST"}],"circlet_count":0,"master_deck":["AscendersBane","Strike_P","Strike_P+1","Defend_P+1","Defend_P","Defend_P+1","Defend_P","Eruption+1","Vigilance","Consecrate","EmptyBody","ThirdEye","Sanctity","FollowUp","EmptyMind","Wallop","Wireheading","LessonLearned","CutThroughFate","Protect","SashWhip","BowlingBash"],"relics":["PureWater","Lizard Tail","Darkstone Periapt","CaptainsWheel","Orichalcum","Bag of Marbles","Velvet Choker","Red Mask","Enchiridion"],"acts_visited":["Exordium","TheCity"],"potions_floor_usage":[16,18,20,20,24],"damage_taken":[{"damage":0.0,"enemies":"Cultist","floor":1.0,"turns":3.0},{"damage":0.0,"enemies":"2 Louse","floor":2.0,"turns":2.0},{"damage":0.0,"enemies":"Small Slimes","floor":3.0,"turns":2.0},{"damage":11.0,"enemies":"3 Louse","floor":4.0,"turns":5.0},{"damage":0.0,"enemies":"Exordium Wildlife","floor":5.0,"turns":2.0},{"damage":27.0,"enemies":"3 Sentries","floor":6.0,"turns":9.0},{"damage":57,"enemies":"Lagavulin","floor":8,"turns":9},{"damage":17,"enemies":"3 Sentries","floor":10,"turns":10},{"damage":25,"enemies":"The Guardian","floor":16,"turns":10},{"damage":5,"enemies":"Chosen","floor":18,"turns":4},{"damage":17,"enemies":"Shell Parasite","floor":19,"turns":4},{"damage":30,"enemies":"Masked Bandits","floor":20,"turns":5},{"damage":46,"enemies":"Centurion and Healer","floor":24,"turns":7}],"seed_played":"9200521856906299327","potions_obtained":[{"floor":4.0,"key":"FairyPotion"},{"floor":5.0,"key":"FairyPotion"},{"floor":8,"key":"BlessingOfTheForge"},{"floor":10,"key":"SkillPotion"},{"floor":16,"key":"BottledMiracle"},{"floor":18,"key":"LiquidBronze"}],"is_trial":false,"path_per_floor":["M","M","M","M","M","E","R","E","T","E","R","?","R","?","R","B",null,"M","M","?","$","?","R","M"],"character_chosen":"WATCHER","items_purchased":["BowlingBash","Block Potion"],"campfire_rested":4,"item_purchase_floors":[21,21],"current_hp_per_floor":[43,43,43,32,32,5,25,8,8,15,35,28,28,28,48,23,57,52,35,5,5,19,39,0,0],"gold":202,"neow_bonus":"ONE_RARE_RELIC","is_daily":false,"chose_seed":false,"campfire_upgraded":1,"win_rate":0.0,"timestamp":1613627952,"path_taken":["M","M","M","?","M","E","R","E","T","E","R","?","R","?","R","BOSS","M","M","?","$","?","R","M"],"items_purchased_type":["Card","Potion"],"build_version":"2020-12-22","purchased_purges":1,"victory":false,"max_hp_per_floor":[68,68,68,68,68,68,68,68,68,68,68,68,68,68,68,68,68,68,68,68,68,68,68,68,68],"card_choices":[{"not_picked":["CrushJoints","Crescendo"],"picked":"Consecrate","floor":1.0},{"not_picked":["Adaptation","PathToVictory"],"picked":"EmptyBody","floor":2.0},{"not_picked":["Adaptation","Indignation"],"picked":"ThirdEye","floor":3.0},{"not_picked":["SandsOfTime","WreathOfFlame"],"picked":"Sanctity","floor":4.0},{"not_picked":["LikeWater","FlyingSleeves"],"picked":"FollowUp","floor":5.0},{"not_picked":["DevaForm","Nirvana"],"picked":"EmptyMind","floor":6.0},{"not_picked":["Adaptation","WindmillStrike"],"picked":"Wallop","floor":8},{"not_picked":["ClearTheMind","FollowUp"],"picked":"Wireheading","floor":10},{"not_picked":["SpiritShield","Ragnarok"],"picked":"LessonLearned","floor":16},{"not_picked":["Vengeance","SignatureMove+1"],"picked":"CutThroughFate","floor":18},{"not_picked":["Crescendo","Consecrate"],"picked":"Protect","floor":19},{"not_picked":["FlyingSleeves","Collect"],"picked":"SashWhip","floor":20}],"player_experience":58393,"relics_obtained":[{"floor":6.0,"key":"Darkstone Periapt"},{"floor":8,"key":"CaptainsWheel"},{"floor":9,"key":"Orichalcum"},{"floor":10,"key":"Bag of Marbles"},{"floor":20,"key":"Red Mask"},{"floor":22,"key":"Enchiridion"}],"event_choices":[{"cards_removed":["Strike_P"],"damage_healed":0,"gold_gain":0,"player_choice":"Card Removal","damage_taken":7,"max_hp_gain":0,"max_hp_loss":0,"event_name":"Golden Wing","floor":12,"gold_loss":0},{"damage_healed":0,"gold_gain":0,"player_choice":"Left","damage_taken":0,"max_hp_gain":0,"max_hp_loss":0,"event_name":"betterThird:BetterGoop","floor":14,"gold_loss":58},{"damage_healed":0,"gold_gain":0,"player_choice":"Fought Bandits","damage_taken":0,"max_hp_gain":0,"max_hp_loss":0,"event_name":"Masked Bandits","floor":20,"gold_loss":0},{"damage_healed":0,"gold_gain":0,"player_choice":"Obtained Book","damage_taken":21,"max_hp_gain":0,"max_hp_loss":0,"event_name":"Cursed Tome","floor":22,"gold_loss":0}],"is_beta":false,"boss_relics":[{"not_picked":["Astrolabe","Ectoplasm"],"picked":"Velvet Choker"}],"items_purged_floors":[21],"is_endless":false,"potions_floor_spawned":[4,5,8,10,16,18,19],"killed_by":"Centurion and Healer","ascension_level":20}}