{"host":"Vegetablebread","time":1613665624,"event":{"mods":["BaseMod","Bestiary","Minty Spire (QoL Compilation)","Relic Stats","Slay the Relics Exporter"],"gold_per_floor":[111,111,111,111,111,111,138,148,229,243,260,260,260,260,260,260,260],"floor_reached":16,"language":"ENG","playtime":128,"items_purged":[],"score":246,"play_id":"410931e1-f877-4c28-9472-bda92b2e02e6","local_time":"20210218082704","is_ascension_mode":true,"campfire_choices":[{"data":"Reckless Charge","floor":6,"key":"SMITH"},{"data":"Perfected Strike","floor":13,"key":"SMITH"},{"data":"Bash","floor":15,"key":"SMITH"}],"circlet_count":0,"master_deck":["AscendersBane","Strike_R","Strike_R","Strike_R","Strike_R","Strike_R","Defend_R","Defend_R","Defend_R","Defend_R","Bash+1","Reckless Charge+1","Perfected Strike+1","Pummel","Pommel Strike","Twin Strike"],"relics":["Burning Blood","NeowsBlessing","Meat on the Bone","Toxic Egg 2","Mercury Hourglass"],"acts_visited":["Exordium"],"potions_floor_usage":[10],"damage_taken":[{"damage":0,"enemies":"Cultist","floor":1,"turns":1},{"damage":0,"enemies":"3 Sentries","floor":7,"turns":1},{"damage":0,"enemies":"Jaw Worm","floor":8,"turns":1},{"damage":6,"enemies":"Small Slimes","floor":10,"turns":3},{"damage":21,"enemies":"Exordium Thugs","floor":11,"turns":3},{"damage":0,"enemies":"Hexaghost","floor":16,"turns":1}],"seed_played":"3517903101196423217","potions_obtained":[{"floor":1,"key":"Dexterity Potion"},{"floor":8,"key":"EssenceOfSteel"},{"floor":10,"key":"SteroidPotion"}],"is_trial":false,"path_per_floor":["M","?","$","?","?","R","E","M","T","M","M","$","R","T","R","B"],"character_chosen":"IRONCLAD","items_purchased":[],"campfire_rested":0,"item_purchase_floors":[],"current_hp_per_floor":[74,74,74,74,74,74,75,75,75,75,60,60,60,60,60,60,60],"gold":260,"neow_bonus":"THREE_ENEMY_KILL","is_daily":false,"chose_seed":false,"campfire_upgraded":3,"win_rate":0.0,"timestamp":1613665624,"path_taken":["M","?","$","?","?","R","E","?","T","M","M","$","R","?","R","BOSS"],"items_purchased_type":[],"build_version":"2020-12-18","purchased_purges":0,"victory":false,"max_hp_per_floor":[75,75,75,75,75,75,75,75,75,75,75,75,75,75,75,75,75],"relic_stats":{"counters":[6,9],"obtain_stats":[{"NeowsBlessing":0,"Toxic Egg 2":9,"Burning Blood":0,"Meat on the Bone":7,"Mercury Hourglass":14},{"NeowsBlessing":0,"Toxic Egg 2":3,"Burning Blood":0,"Meat on the Bone":2,"Mercury Hourglass":5},{"NeowsBlessing":0,"Toxic Egg 2":3,"Burning Blood":0,"Meat on the Bone":2,"Mercury Hourglass":9}],"Burning Blood":19,"Meat on the Bone":0,"Mercury Hourglass":[0]},"card_choices":[{"not_picked":["Sever Soul","Havoc"],"picked":"Reckless Charge","floor":1},{"not_picked":["Body Slam","Rage"],"picked":"Perfected Strike","floor":7},{"not_picked":["Clash","Pommel Strike"],"picked":"Pummel","floor":8},{"not_picked":["Iron Wave","Seeing Red+1"],"picked":"Pommel Strike","floor":10},{"not_picked":["Body Slam","Clothesline"],"picked":"Twin Strike","floor":11}],"player_experience":10553609,"relics_obtained":[{"floor":7,"key":"Meat on the Bone"},{"floor":9,"key":"Toxic Egg 2"},{"floor":14,"key":"Mercury Hourglass"}],"event_choices":[{"damage_healed":0,"gold_gain":0,"player_choice":"Fled","damage_taken":0,"max_hp_gain":0,"max_hp_loss":0,"event_name":"Scrap Ooze","floor":2,"gold_loss":0},{"damage_healed":0,"gold_gain":0,"player_choice":"Ignored","damage_taken":0,"max_hp_gain":0,"max_hp_loss":0,"event_name":"Golden Idol","floor":4,"gold_loss":0},{"damage_healed":0,"gold_gain":0,"player_choice":"Ignored","damage_taken":0,"max_hp_gain":0,"max_hp_loss":0,"event_name":"Transmorgrifier","floor":5,"gold_loss":0}],"is_beta":true,"boss_relics":[],"items_purged_floors":[],"is_endless":false,"potions_floor_spawned":[1,8,10],"killed_by":"Hexaghost","ascension_level":20}}