{"host":"rb2p2z6v6vieend5","time":1613610796,"event":{"mods":["BaseMod","Block Reminder","Colored Map","DeckTracker","Highlight Path","Minty Spire (QoL Compilation)","Random Character Button","Relic Stats"],"gold_per_floor":[118,118,118,143,103,103,139,139,163,197,215,251,270,295,295,385,385,370,370,370],"floor_reached":19,"language":"ENG","playtime":727,"items_purged":[],"score":403,"play_id":"50d430ae-93dd-47ae-9de3-c28efcfef6f0","local_time":"20210218021316","is_ascension_mode":true,"campfire_choices":[{"data":"Perfected Strike","floor":6,"key":"SMITH"},{"data":"Twin Strike","floor":8,"key":"SMITH"},{"data":"Clothesline","floor":15,"key":"SMITH"}],"circlet_count":0,"master_deck":["AscendersBane","Strike_R","Strike_R","Strike_R","Strike_R","Strike_R","Defend_R","Defend_R","Defend_R","Defend_R","Bash","Perfected Strike+1","Twin Strike+1","Shrug It Off","Clothesline+1","Thunderclap","Shrug It Off"],"relics":["Burning Blood","NeowsBlessing","Golden Idol","Smiling Mask","Anchor","Lantern","Eternal Feather","SlaversCollar"],"acts_visited":["Exordium","TheCity"],"potions_floor_usage":[16,16],"damage_taken":[{"damage":0,"enemies":"Jaw Worm","floor":1,"turns":1},{"damage":0,"enemies":"Cultist","floor":4,"turns":1},{"damage":0,"enemies":"Gremlin Nob","floor":7,"turns":1},{"damage":30,"enemies":"Lagavulin","floor":10,"turns":5},{"damage":3,"enemies":"2 Louse","floor":11,"turns":2},{"damage":22,"enemies":"3 Sentries","floor":12,"turns":10},{"damage":0,"enemies":"Large Slime","floor":13,"turns":4},{"damage":0,"enemies":"Red Slaver","floor":14,"turns":2},{"damage":35,"enemies":"Hexaghost","floor":16,"turns":9},{"damage":7,"enemies":"2 Thieves","floor":18,"turns":4},{"damage":56,"enemies":"3 Byrds","floor":19,"turns":7}],"seed_played":"-7882575990731773865","potions_obtained":[{"floor":5,"key":"LiquidMemories"},{"floor":5,"key":"GamblersBrew"},{"floor":10,"key":"DuplicationPotion"},{"floor":16,"key":"Strength Potion"}],"is_trial":false,"path_per_floor":["M","?","?","M","?","R","E","R","T","E","M","E","M","M","R","B",null,"M","M"],"character_chosen":"IRONCLAD","items_purchased":[],"campfire_rested":0,"item_purchase_floors":[],"current_hp_per_floor":[74,74,68,68,68,68,68,68,68,44,47,31,37,43,52,23,57,56,0,0],"gold":370,"neow_bonus":"THREE_ENEMY_KILL","is_daily":false,"chose_seed":false,"campfire_upgraded":3,"win_rate":0.0,"timestamp":1613610796,"path_taken":["M","?","?","?","?","R","E","R","T","E","M","E","M","?","R","BOSS","M","M"],"items_purchased_type":[],"build_version":"2020-12-22","purchased_purges":0,"victory":false,"max_hp_per_floor":[75,75,68,68,68,68,68,68,68,68,68,68,68,68,68,68,68,68,68,68],"relic_stats":{"counters":[11,46],"Golden Idol":62,"Eternal Feather":9,"Smiling Mask":0,"obtain_stats":[{"SlaversCollar":17,"Anchor":9,"Lantern":10,"NeowsBlessing":0,"Golden Idol":3,"Eternal Feather":12,"Smiling Mask":7,"Burning Blood":0},{"SlaversCollar":9,"Anchor":3,"Lantern":4,"NeowsBlessing":0,"Golden Idol":1,"Eternal Feather":6,"Smiling Mask":3,"Burning Blood":0},{"SlaversCollar":35,"Anchor":3,"Lantern":8,"NeowsBlessing":0,"Golden Idol":1,"Eternal Feather":20,"Smiling Mask":3,"Burning Blood":0}],"Burning Blood":48},"card_choices":[{"not_picked":["Clothesline","Sword Boomerang"],"picked":"Perfected Strike","floor":1},{"not_picked":["Shrug It Off","Armaments"],"picked":"Twin Strike","floor":4},{"not_picked":["Clothesline","Spot Weakness"],"picked":"Shrug It Off","floor":7},{"not_picked":["Barricade","Armaments","Rage"],"picked":"SKIP","floor":10},{"not_picked":["Headbutt","Body Slam"],"picked":"Clothesline","floor":11},{"not_picked":["Rage","Sword Boomerang"],"picked":"Thunderclap","floor":12},{"not_picked":["Clash","Anger","Flex"],"picked":"SKIP","floor":13},{"not_picked":["Sword Boomerang","Warcry"],"picked":"Shrug It Off","floor":14},{"not_picked":["Reckless Charge","Searing Blow","Bloodletting"],"picked":"SKIP","floor":18}],"player_experience":772123,"relics_obtained":[{"floor":7,"key":"Smiling Mask"},{"floor":9,"key":"Anchor"},{"floor":10,"key":"Lantern"},{"floor":12,"key":"Eternal Feather"}],"event_choices":[{"damage_healed":0,"gold_gain":0,"player_choice":"Ignored","damage_taken":0,"max_hp_gain":0,"max_hp_loss":0,"event_name":"Liars Game","floor":2,"gold_loss":0},{"damage_healed":0,"gold_gain":0,"player_choice":"Lose Max HP","damage_taken":0,"relics_obtained":["Golden Idol"],"max_hp_gain":0,"max_hp_loss":7,"event_name":"Golden Idol","floor":3,"gold_loss":0},{"damage_healed":0,"gold_gain":0,"player_choice":"Bought 3 Potions","damage_taken":0,"max_hp_gain":0,"max_hp_loss":0,"event_name":"The Woman in Blue","floor":5,"gold_loss":0}],"is_beta":false,"boss_relics":[{"not_picked":["Runic Dome","Black Blood"],"picked":"SlaversCollar"}],"items_purged_floors":[],"is_endless":false,"potions_floor_spawned":[7,10,16],"killed_by":"3 Byrds","ascension_level":18}}