{"host":"5dhwd44u3dydylwe","time":1613616703,"event":{"mods":["AchievementEnabler","BaseMod","BetterRewards","Dota2Spire","Duelist Mod","GifTheSpireLib","Hubris","Minty Spire (QoL Compilation)","Shop Mod","StSLib","Wandering Minibosses"],"gold_per_floor":[143,143,143,153,170,190,225,225,238,262,278,309,54,88,88,107,132,132,227,227,239,239,114,129,140,140,471,471,497,497,571,33,68,82,82,82,99,116,116,217,217,227,227,227,227,227,227,278,295,344,414,469,537,577,140,173,218,218,238,238,238,179,249,269],"floor_reached":65,"language":"ENG","playtime":5914,"items_purged":["theDuelist:Sparks","theDuelist:CastleWalls","theDuelist:Sparks","theDuelist:CastleWalls","theDuelist:SummoningCurse"],"score":2884,"play_id":"fd2990d7-6986-4aa4-80b4-7be57768c429","local_time":"20210218105143","is_ascension_mode":true,"campfire_choices":[{"data":"theDuelist:GoldenApples","floor":8,"key":"SMITH"},{"data":"theDuelist:DarkHunter","floor":15,"key":"SMITH"},{"data":"theDuelist:Doomdog","floor":18,"key":"SMITH"},{"data":"theDuelist:FeatherShot","floor":26,"key":"SMITH"},{"data":"theDuelist:FeatherShot+1","floor":28,"key":"SMITH"},{"data":"theDuelist:CallGrave","floor":35,"key":"SMITH"},{"data":"theDuelist:FeatherShot+2","floor":39,"key":"SMITH"},{"data":"theDuelist:GracefulCharity","floor":47,"key":"SMITH"},{"floor":58,"key":"RECALL"},{"data":"theDuelist:FeatherShot+3","floor":61,"key":"SMITH"}],"circlet_count":0,"master_deck":["theDuelist:ArchfiendSoldier","theDuelist:ArchfiendSoldier","theDuelist:ArchfiendSoldier","theDuelist:CastleWalls","theDuelist:FiendMegacyber","theDuelist:SummonedSkull","theDuelist:GoblinKing","theDuelist:GoldenApples+1","theDuelist:CyberArchfiend","theDuelist:GoblinKing","theDuelist:Doomdog+1","theDuelist:DarkHunter+1","theDuelist:FeatherShot+4","theDuelist:GracefulCharity+1","theDuelist:CallGrave+1","theDuelist:PotDuality+1","theDuelist:Nameless:Greed:MagnumShield+1","theDuelist:Nameless:Magic:BerserkerCrush","theDuelist:UmbralHorrorGhost"],"relics":["theDuelist:MillenniumPuzzle","theDuelist:CardPoolRelic","theDuelist:CardPoolBasicRelic","theDuelist:BoosterPackPoolRelic","theDuelist:CardPoolAddRelic","theDuelist:CardPoolMinusRelic","theDuelist:CardPoolSaveRelic","theDuelist:CardPoolOptionsRelic","Dota2Spire:DrumOfEndurance","Dota2Spire:Desolator","hubris:Towel","White Beast Statue","hubris:IronBody","MealTicket","Potion Belt","theDuelist:MonsterEggRelic","Ancient Tea Set","theDuelist:GamblerChip","Old Coin","theDuelist:MerchantNecklace","theDuelist:TributeEggRelic","theDuelist:BoosterPackTrapEgg","Vajra","Dota2Spire:EyeOfSkadi","Nunchaku","wanderingMiniBosses:Blackblade","hubris:TerracottaHorce","theDuelist:MillenniumSymbol","Pen Nib","theDuelist:NamelessHungerRelic","hubris:Icosahedron","Bronze Scales","Dota2Spire:PhaseBoots","theDuelist:KaibaToken","War Paint","theDuelist:SolderToken","Bag of Preparation","Bottled Tornado"],"acts_visited":["Exordium","TheCity","TheBeyond","TheEnding"],"potions_floor_usage":[7,12,64,64,64,64,64],"damage_taken":[{"damage":0,"enemies":"Jaw Worm","floor":1,"turns":2},{"damage":0,"enemies":"Cultist","floor":4,"turns":5},{"damage":0,"enemies":"Small Slimes","floor":5,"turns":5},{"damage":4,"enemies":"Exordium Thugs","floor":6,"turns":7},{"damage":0,"enemies":"3 Sentries","floor":7,"turns":7},{"damage":3,"enemies":"Exordium Wildlife","floor":9,"turns":6},{"damage":0,"enemies":"3 Louse","floor":11,"turns":5},{"damage":0,"enemies":"Lagavulin","floor":12,"turns":6},{"damage":17,"enemies":"3 Sentries","floor":14,"turns":6},{"damage":0,"enemies":"Looter","floor":16,"turns":2},{"damage":7,"enemies":"Lagavulin","floor":17,"turns":5},{"damage":4,"enemies":"The Guardian","floor":19,"turns":6},{"damage":0,"enemies":"3 Byrds","floor":21,"turns":6},{"damage":0,"enemies":"Chosen","floor":24,"turns":3},{"damage":13,"enemies":"Snecko","floor":25,"turns":4},{"damage":6,"enemies":"theDuelist:KaibaA2","floor":27,"turns":4},{"damage":0,"enemies":"Gremlin Leader","floor":29,"turns":3},{"damage":13,"enemies":"Slavers","floor":33,"turns":3},{"damage":1,"enemies":"Centurion and Healer","floor":34,"turns":6},{"damage":0,"enemies":"Snake Plant","floor":37,"turns":2},{"damage":7,"enemies":"Snecko","floor":38,"turns":6},{"damage":17,"enemies":"hubris:MusketHawk","floor":40,"turns":4},{"damage":12,"enemies":"3 Shapes","floor":42,"turns":3},{"damage":2,"enemies":"Giant Head","floor":48,"turns":7},{"damage":0,"enemies":"Orb Walker","floor":49,"turns":2},{"damage":0,"enemies":"Nemesis","floor":50,"turns":3},{"damage":0,"enemies":"Writhing Mass","floor":53,"turns":3},{"damage":0,"enemies":"Transient","floor":54,"turns":5},{"damage":0,"enemies":"4 Shapes","floor":56,"turns":2},{"damage":0,"enemies":"Giant Head","floor":57,"turns":4},{"damage":0,"enemies":"hubris:GrandSnecko","floor":59,"turns":10},{"damage":0,"enemies":"Shield and Spear","floor":63,"turns":5},{"damage":41,"enemies":"The Heart","floor":64,"turns":6}],"seed_played":"-7689641824258907674","potions_obtained":[{"floor":4,"key":"Dota2Spire:Clarity"},{"floor":5,"key":"FocusPotion"},{"floor":6,"key":"BlessingOfTheForge"},{"floor":7,"key":"SkillPotion"},{"floor":12,"key":"SpeedPotion"},{"floor":16,"key":"FocusPotion"},{"floor":17,"key":"SteroidPotion"},{"floor":33,"key":"theDuelist:ExtraOrbsBottle"},{"floor":53,"key":"PowerPotion"},{"floor":54,"key":"Fire Potion"}],"is_trial":false,"path_per_floor":["M","?","T","M","M","M","E","R","M","T","M","E","$","E","R","M","E","R","B",null,"M","?","$","M","M","R","E","R","E","T","T","$","E","M","R","?","M","M","R","B",null,"M","?","T","?","?","R","E","M","E","T","T","M","M","$","M","E","R","B",null,"R","$","E","B",null],"character_chosen":"THE_DUELIST","items_purchased":["Dota2Spire:DrumOfEndurance","theDuelist:GoblinKing","Dota2Spire:Desolator","Potion Belt","Vajra","theDuelist:CallGrave","Dota2Spire:EyeOfSkadi","theDuelist:SolderToken","theDuelist:MillenniumElixir"],"campfire_rested":0,"item_purchase_floors":[0,0,0,13,32,32,32,55,62],"current_hp_per_floor":[52,52,52,52,52,48,48,48,45,45,45,45,60,43,43,43,36,36,32,68,68,68,80,80,67,67,61,61,61,61,61,81,68,67,67,59,59,52,52,35,73,61,61,61,51,51,51,49,49,49,49,49,51,53,68,68,68,68,68,84,84,91,91,50],"gold":269,"neow_bonus":"","is_daily":false,"chose_seed":false,"campfire_upgraded":9,"win_rate":0.0,"timestamp":1613616703,"path_taken":["M","?","?","?","M","M","E","R","M","T","?","E","$","E","R","M","E","R","BOSS","M","?","$","?","M","R","E","R","E","T","T","?","E","M","R","?","?","M","R","BOSS","M","?","?","?","?","R","E","?","E","T","T","M","M","$","M","E","R","BOSS","R","$","E","BOSS"],"items_purchased_type":["Relic","Card","Relic","Relic","Relic","Card","Relic","Relic","Potion"],"build_version":"2020-12-22","purchased_purges":5,"victory":true,"max_hp_per_floor":[80,80,80,80,80,80,80,80,80,80,80,80,80,80,80,80,80,80,80,80,80,80,80,80,80,80,80,80,80,80,80,85,85,85,85,85,85,85,85,85,85,85,85,85,85,85,85,85,85,85,85,85,87,89,89,89,89,89,89,89,89,91,91,91],"card_choices":[{"not_picked":["theDuelist:DarkMirrorForce","theDuelist:RainbowGravity","theDuelist:RainbowLife","theDuelist:StormingMirrorForce"],"picked":"theDuelist:GoldenApples","floor":1},{"not_picked":["theDuelist:Pumpking","theDuelist:PortraitSecret","theDuelist:Zombyra","theDuelist:DarkFusion","theDuelist:UmbralHorrorUniform"],"picked":"SKIP","floor":4},{"not_picked":["theDuelist:ArchfiendHeiress","theDuelist:DarklordMarie","theDuelist:GilfordLegend","theDuelist:PreventRat","theDuelist:WanderingKing"],"picked":"SKIP","floor":5},{"not_picked":["theDuelist:FiendMegacyber","theDuelist:Zombyra","theDuelist:DarkTinker","theDuelist:DoomsdayHorror"],"picked":"theDuelist:CyberArchfiend","floor":6},{"not_picked":["theDuelist:WanderingKing","theDuelist:ArchfiendHeiress","theDuelist:GilfordLegend","theDuelist:PotDichotomy","theDuelist:DarklordMarie"],"picked":"SKIP","floor":7},{"not_picked":["theDuelist:FiendSkull","theDuelist:FlyingSaucer","theDuelist:BerserkerCrush","theDuelist:AlienTelepath"],"picked":"theDuelist:GoblinKing","floor":9},{"not_picked":["theDuelist:DoomDonuts","theDuelist:DarknessNeosphere","theDuelist:RedMirror"],"picked":"theDuelist:Doomdog","floor":11},{"not_picked":["theDuelist:Pumpking","theDuelist:DarknessNeosphere","theDuelist:MsJudge","theDuelist:BottomlessTrapHole"],"picked":"theDuelist:DarkHunter","floor":12},{"not_picked":["theDuelist:DarkTinker","theDuelist:CheerfulCoffin","theDuelist:ArchfiendSoldier","theDuelist:DarkFusion","theDuelist:DrivenDaredevil"],"picked":"SKIP","floor":14},{"not_picked":["theDuelist:ArchfiendHeiress","theDuelist:BlackPendant","theDuelist:GilfordLegend","theDuelist:PotDichotomy","theDuelist:WanderingKing"],"picked":"SKIP","floor":16},{"not_picked":["theDuelist:HammerShot","theDuelist:MillenniumGolem","theDuelist:MudGolem","theDuelist:PowerGiant","theDuelist:FuryFire"],"picked":"SKIP","floor":17},{"not_picked":["theDuelist:PutridPudding","theDuelist:ArchfiendGeneral","theDuelist:ArchfiendCommander","theDuelist:FabledGallabas"],"picked":"theDuelist:FeatherShot","floor":19},{"not_picked":["theDuelist:ClearKuriboh+1","theDuelist:FuryFire+1","theDuelist:LightningDarts","theDuelist:OneForOne+1","theDuelist:SphereKuriboh"],"picked":"SKIP","floor":21},{"not_picked":["theDuelist:TerraTerrible+1","theDuelist:FlyingSaucer","theDuelist:Lajinn","theDuelist:CheerfulCoffin","theDuelist:CyberArchfiend+1"],"picked":"SKIP","floor":24},{"not_picked":["theDuelist:DrivenDaredevil","theDuelist:DarkFusion","theDuelist:Lajinn+1","theDuelist:CheerfulCoffin","theDuelist:DarkTinker"],"picked":"SKIP","floor":25},{"not_picked":["theDuelist:FeatherShot+1","theDuelist:BerserkerCrush","theDuelist:TributeDoomed","theDuelist:Wildfire"],"picked":"theDuelist:GracefulCharity","floor":27},{"not_picked":["theDuelist:ClearKuriboh","theDuelist:GilfordLegend+1","theDuelist:PowerGiant","theDuelist:LightningDarts+1","theDuelist:LightningVortex"],"picked":"SKIP","floor":29},{"not_picked":["theDuelist:FeatherShot","theDuelist:DarkEnergy","theDuelist:GracefulCharity","theDuelist:Wildfire"],"picked":"theDuelist:PotDuality","floor":33},{"not_picked":["theDuelist:DoomDonuts","theDuelist:RedMirror","theDuelist:Doomdog"],"picked":"theDuelist:DarknessNeosphere","floor":34},{"not_picked":["theDuelist:TwinHeadedWolf","theDuelist:CheerfulCoffin","theDuelist:Zombyra+1","theDuelist:DarkFusion+1","theDuelist:DarkTinker"],"picked":"SKIP","floor":37},{"not_picked":["theDuelist:GoldenApples+1","theDuelist:Sparks","theDuelist:FeatherShot","theDuelist:PotDuality"],"picked":"theDuelist:CallGrave+1","floor":38},{"not_picked":["theDuelist:GoblinKing+1","theDuelist:TributeDoomed+1","theDuelist:GrossGhost","theDuelist:MsJudge","theDuelist:FlyingSaucer"],"picked":"SKIP","floor":38},{"not_picked":["theDuelist:DestroyerGolem","theDuelist:GraniteLoyalist","theDuelist:PowerGiant","theDuelist:WingedKuriboh","theDuelist:Mudora+1"],"picked":"SKIP","floor":42},{"not_picked":["theDuelist:BattleOx+1","theDuelist:Fissure+1","theDuelist:MudGolem","theDuelist:Mathematician","theDuelist:WormKing"],"picked":"SKIP","floor":48},{"not_picked":["theDuelist:CyberArchfiend","theDuelist:Pumpking+1","theDuelist:KingYami","theDuelist:Relinkuriboh"],"picked":"theDuelist:UmbralHorrorGhost","floor":49},{"not_picked":["theDuelist:DokiDoki+1","theDuelist:GiantSoldierSteel","theDuelist:GolemSentry+1","theDuelist:GraniteLoyalist","theDuelist:PowerGiant"],"picked":"SKIP","floor":50},{"not_picked":["theDuelist:FeatherShot","theDuelist:ArchfiendGeneral","theDuelist:ArchfiendCommander+1","theDuelist:DarkMasterZorc"],"picked":"theDuelist:FabledGallabas","floor":53},{"not_picked":["theDuelist:DarkCubicLord+1","theDuelist:FeatherShot","theDuelist:ArchfiendGeneral+1","theDuelist:ArchfiendCommander","theDuelist:DarkMasterZorc"],"picked":"SKIP","floor":54},{"not_picked":["theDuelist:FeatherShot+1","theDuelist:BerserkerCrush+2","theDuelist:Wildfire+1","theDuelist:DarkFusion+1","theDuelist:SphereKuriboh"],"picked":"SKIP","floor":56},{"not_picked":["theDuelist:DoomcaliberKnight","theDuelist:FiendishChain+1","theDuelist:DarkBlade","theDuelist:GrossGhost","theDuelist:DarkMasterZorc+1"],"picked":"SKIP","floor":57},{"not_picked":["theDuelist:FeatherShot+4","theDuelist:PutridPudding+1","theDuelist:TributeDoomed+1","theDuelist:FabledGallabas+1"],"picked":"theDuelist:Pumprincess+1","floor":63}],"player_experience":211426,"relics_obtained":[{"floor":3,"key":"White Beast Statue"},{"floor":7,"key":"hubris:IronBody"},{"floor":12,"key":"MealTicket"},{"floor":14,"key":"theDuelist:MonsterEggRelic"},{"floor":17,"key":"Ancient Tea Set"},{"floor":27,"key":"Old Coin"},{"floor":29,"key":"theDuelist:MerchantNecklace"},{"floor":30,"key":"theDuelist:TributeEggRelic"},{"floor":31,"key":"theDuelist:BoosterPackTrapEgg"},{"floor":33,"key":"Nunchaku"},{"floor":38,"key":"wanderingMiniBosses:Blackblade"},{"floor":44,"key":"Pen Nib"},{"floor":48,"key":"Bronze Scales"},{"floor":50,"key":"Dota2Spire:PhaseBoots"},{"floor":51,"key":"theDuelist:KaibaToken"},{"floor":52,"key":"War Paint"},{"floor":57,"key":"Bag of Preparation"},{"floor":63,"key":"Bottled Tornado"}],"event_choices":[{"damage_healed":0,"gold_gain":0,"player_choice":"Copied","damage_taken":0,"max_hp_gain":0,"max_hp_loss":0,"event_name":"Duplicator","floor":22,"gold_loss":0,"cards_obtained":["theDuelist:DarkHunter"]},{"damage_healed":0,"gold_gain":0,"player_choice":"Damaged","damage_taken":8,"max_hp_gain":0,"max_hp_loss":0,"event_name":"Wheel of Change","floor":36,"gold_loss":0},{"damage_healed":0,"gold_gain":0,"player_choice":"Took item - Received: Millennium Symbol","duelist":true,"damage_taken":0,"max_hp_gain":0,"max_hp_loss":0,"event_name":"Millennium Items","floor":43,"gold_loss":0},{"total_magic_score":49,"gold_gain":0,"greed_reward":4,"duelist":true,"damage_taken":10,"relics_obtained":["theDuelist:NamelessHungerRelic"],"points":15,"max_hp_gain":0,"max_hp_loss":0,"spent_points":{"magic":4,"greed":4,"war":4,"power":0,"hunger":3},"event_name":"Nameless Tomb","hunger_reward":3,"floor":45,"gold_loss":0,"magic_reward":4,"cards_obtained":["theDuelist:Nameless:Greed:MagnumShield","theDuelist:Nameless:Magic:BerserkerCrush"]}],"is_beta":false,"boss_relics":[{"not_picked":["HoveringKite","theDuelist:HauntedRelic"],"picked":"theDuelist:GamblerChip"},{"not_picked":["Tiny House","theDuelist:ElectricKey"],"picked":"hubris:TerracottaHorce"}],"items_purged_floors":[0,13,23,32,55],"is_endless":false,"potions_floor_spawned":[4,5,6,7,9,11,12,14,16,17,19,21,24,25,27,29,33,34,37,38,40,42,48,49,50,53,54,56,57,63],"ascension_level":13}}