{"host":"7ij4m6ehapfophuy","time":1613639085,"event":{"mods":["BaseMod","Bestiary","Curses Come First","Filter the Spire","Minty Spire (QoL Compilation)","Relic Stats","StSLib","ojb\u0027s Better Paths Mod"],"gold_per_floor":[113,288,302,318,42,70,70,104,104,119,129,149,174,71,71,167,167,180,1,18,28,28,28,62,75,98,98,98,98,98,133,133,234,234,244,119,131,131,131,131,158,158,185,216,266,266,266,291,291,291,291,291,13,43,43],"floor_reached":56,"language":"ENG","playtime":5738,"items_purged":["Doubt","Reckless Charge","Perfected Strike","Blood for Blood"],"score":1503,"play_id":"44811ab7-19b4-40c2-8a8c-87ef0288dfb1","local_time":"20210218040445","is_ascension_mode":true,"campfire_choices":[{"floor":7.0,"key":"REST"},{"data":"True Grit","floor":15.0,"key":"SMITH"},{"data":"Power Through","floor":23,"key":"SMITH"},{"data":"Feel No Pain","floor":27,"key":"SMITH"},{"data":"Burning Pact","floor":29,"key":"SMITH"},{"data":"Pommel Strike","floor":32,"key":"SMITH"},{"data":"Shockwave","floor":40,"key":"SMITH"},{"data":"True Grit","floor":42,"key":"SMITH"},{"floor":47,"key":"RECALL"},{"floor":49,"key":"REST"},{"data":"Brutality","floor":52,"key":"SMITH"}],"circlet_count":0,"master_deck":["Bash","Brutality+1","Brutality","Shockwave+1","Burning Pact+1","Pommel Strike+1","Clothesline","Dropkick","True Grit+1","Feel No Pain+1","Power Through+1","Cleave+1","Dropkick","Sever Soul","Evolve+1","True Grit+1"],"relics":["Pandora\u0027s Box","Medical Kit","Meat on the Bone","Pear","Matryoshka","InkBottle","Mark of Pain","Bag of Marbles","Regal Pillow","Anchor","Runic Pyramid","Red Skull","Oddly Smooth Stone","Orichalcum","Art of War","Lizard Tail","Bottled Tornado","Bronze Scales"],"acts_visited":["Exordium","TheCity","TheBeyond","TheEnding"],"potions_floor_usage":[24,48,50,50,50,55],"damage_taken":[{"damage":12.0,"enemies":"Small Slimes","floor":1.0,"turns":3.0},{"damage":14.0,"enemies":"Jaw Worm","floor":3.0,"turns":2.0},{"damage":22.0,"enemies":"2 Louse","floor":4.0,"turns":3.0},{"damage":18.0,"enemies":"Gremlin Nob","floor":6.0,"turns":3.0},{"damage":3.0,"enemies":"Lagavulin","floor":8.0,"turns":4.0},{"damage":20.0,"enemies":"Exordium Wildlife","floor":10.0,"turns":3.0},{"damage":15.0,"enemies":"3 Louse","floor":11.0,"turns":3.0},{"damage":8.0,"enemies":"Blue Slaver","floor":12.0,"turns":3.0},{"damage":43.0,"enemies":"3 Sentries","floor":13.0,"turns":6.0},{"damage":9.0,"enemies":"Slime Boss","floor":16.0,"turns":6.0},{"damage":12,"enemies":"Shell Parasite","floor":18,"turns":5},{"damage":4,"enemies":"Chosen","floor":20,"turns":5},{"damage":29,"enemies":"Centurion and Healer","floor":21,"turns":4},{"damage":7,"enemies":"Book of Stabbing","floor":24,"turns":4},{"damage":18,"enemies":"Shelled Parasite and Fungi","floor":25,"turns":5},{"damage":3,"enemies":"Gremlin Leader","floor":31,"turns":4},{"damage":13,"enemies":"Collector","floor":33,"turns":4},{"damage":4,"enemies":"3 Darklings","floor":35,"turns":3},{"damage":7,"enemies":"3 Shapes","floor":37,"turns":5},{"damage":5,"enemies":"Reptomancer","floor":41,"turns":4},{"damage":2,"enemies":"Nemesis","floor":44,"turns":3},{"damage":4,"enemies":"Mind Bloom Boss Battle","floor":45,"turns":4},{"damage":17,"enemies":"Reptomancer","floor":48,"turns":4},{"damage":44,"enemies":"Time Eater","floor":50,"turns":17},{"damage":18,"enemies":"Shield and Spear","floor":54,"turns":4},{"damage":24,"enemies":"The Heart","floor":55,"turns":6}],"seed_played":"509260790122917789","potions_obtained":[{"floor":4.0,"key":"LiquidBronze"},{"floor":8.0,"key":"BloodPotion"},{"floor":10.0,"key":"DuplicationPotion"},{"floor":13.0,"key":"PowerPotion"},{"floor":24,"key":"EssenceOfSteel"},{"floor":37,"key":"Weak Potion"},{"floor":48,"key":"DistilledChaos"},{"floor":54,"key":"Fire Potion"}],"is_trial":false,"path_per_floor":["M","?","M","M","$","E","R","E","T","M","M","M","E","$","R","B",null,"M","$","M","M","?","R","E","M","T","R","?","R","$","E","R","B",null,"M","$","M","?","$","R","E","R","T","E","?","?","R","E","R","B",null,"R","$","E","B",null],"character_chosen":"IRONCLAD","items_purchased":["True Grit","Medical Kit","Feel No Pain","Power Through","Dropkick","AttackPotion","DuplicationPotion"],"campfire_rested":2,"item_purchase_floors":[5,5,14,14,19,53,53],"current_hp_per_floor":[68,68,54,32,32,14,38,57,57,49,46,50,37,37,37,40,90,78,78,74,57,57,57,50,44,44,44,74,74,74,71,71,58,90,86,86,79,79,79,79,74,74,74,72,68,68,68,51,85,53,85,85,85,67,43],"gold":43,"neow_bonus":"BOSS_RELIC","is_daily":false,"chose_seed":false,"campfire_upgraded":8,"win_rate":0.0,"timestamp":1613639085,"path_taken":["M","?","M","M","$","E","R","E","T","M","M","M","E","$","R","BOSS","M","$","M","M","?","R","E","M","T","R","?","R","?","E","R","BOSS","M","$","M","?","$","R","E","R","T","E","?","?","R","E","R","BOSS","R","$","E","BOSS"],"items_purchased_type":["Card","Relic","Card","Card","Card","Potion","Potion"],"build_version":"2020-12-22","purchased_purges":4,"victory":true,"max_hp_per_floor":[80,80,80,80,80,80,80,90,90,90,90,90,90,90,90,90,90,90,90,90,90,90,90,90,90,90,90,90,90,90,90,90,90,90,90,90,90,90,90,90,90,90,90,90,90,85,85,85,85,85,85,85,85,85,85],"relic_stats":{"Regal Pillow":9,"Lizard Tail":0,"counters":[26,117],"Bronze Scales":[75],"Pandora\u0027s Box":["Brutality","Brutality","Shockwave","Burning Pact","Pommel Strike","Clothesline","Reckless Charge","Berserk","Blood for Blood"],"Art of War":[5],"Orichalcum":[24],"Medical Kit":[132],"obtain_stats":[{"Regal Pillow":26,"Pear":8,"Oddly Smooth Stone":43,"Orichalcum":43,"Bottled Tornado":48,"Medical Kit":5,"Burning Blood":0,"Anchor":31,"Lizard Tail":45,"Matryoshka":9,"Bronze Scales":54,"Pandora\u0027s Box":0,"Mark of Pain":17,"Bag of Marbles":24,"Art of War":44,"InkBottle":13,"Red Skull":41,"Meat on the Bone":6,"Runic Pyramid":34},{"Regal Pillow":15,"Pear":5,"Oddly Smooth Stone":20,"Orichalcum":20,"Bottled Tornado":23,"Medical Kit":3,"Burning Blood":0,"Anchor":16,"Lizard Tail":22,"Matryoshka":5,"Bronze Scales":25,"Pandora\u0027s Box":0,"Mark of Pain":10,"Bag of Marbles":14,"Art of War":21,"InkBottle":9,"Red Skull":20,"Meat on the Bone":4,"Runic Pyramid":17},{"Regal Pillow":59,"Pear":15,"Oddly Smooth Stone":79,"Orichalcum":79,"Bottled Tornado":90,"Medical Kit":8,"Burning Blood":0,"Anchor":63,"Lizard Tail":86,"Matryoshka":15,"Bronze Scales":111,"Pandora\u0027s Box":0,"Mark of Pain":36,"Bag of Marbles":54,"Art of War":82,"InkBottle":30,"Red Skull":79,"Meat on the Bone":11,"Runic Pyramid":67}],"InkBottle":[43],"Meat on the Bone":108},"card_choices":[{"not_picked":["Clothesline","Intimidate","Iron Wave"],"picked":"SKIP","floor":1.0},{"not_picked":["Cleave","Combust"],"picked":"Dropkick","floor":3.0},{"not_picked":["Rampage","Perfected Strike","Thunderclap"],"picked":"SKIP","floor":4.0},{"not_picked":["Warcry","Whirlwind","Combust"],"picked":"SKIP","floor":6.0},{"not_picked":["Wild Strike","Demon Form","Blood for Blood"],"picked":"SKIP","floor":8.0},{"not_picked":["Thunderclap","Havoc","Twin Strike"],"picked":"SKIP","floor":10.0},{"not_picked":["Flex","Blood for Blood","Anger"],"picked":"SKIP","floor":11.0},{"not_picked":["Havoc","Clash","Anger"],"picked":"SKIP","floor":12.0},{"not_picked":["Perfected Strike","Shockwave"],"picked":"Rupture","floor":13.0},{"not_picked":["Limit Break","Exhume"],"picked":"Barricade","floor":16.0},{"not_picked":["Clash","Anger"],"picked":"Cleave+1","floor":18},{"not_picked":["Sword Boomerang","Warcry","Flex+1"],"picked":"SKIP","floor":20},{"not_picked":["Blood for Blood","Reckless Charge","Havoc"],"picked":"SKIP","floor":21},{"not_picked":["Anger","Warcry","Clothesline"],"picked":"SKIP","floor":24},{"not_picked":["Combust","Rampage"],"picked":"Evolve+1","floor":25},{"not_picked":["Spot Weakness","Body Slam","Barricade"],"picked":"SKIP","floor":31},{"not_picked":["Havoc+1","Seeing Red","Clash"],"picked":"SKIP","floor":35},{"not_picked":["Havoc","Combust","True Grit"],"picked":"SKIP","floor":37},{"not_picked":["True Grit","Clothesline+1","Clash+1"],"picked":"SKIP","floor":41},{"not_picked":["True Grit","Clothesline+1","Clash+1"],"picked":"SKIP","floor":41},{"not_picked":["Clothesline+1","Clash+1"],"picked":"True Grit","floor":41},{"not_picked":["Clothesline+1","Pommel Strike","Entrench"],"picked":"SKIP","floor":44},{"not_picked":["Feed","Infernal Blade+1","Cleave+1"],"picked":"SKIP","floor":48},{"not_picked":["Clash","Warcry+1","Heavy Blade"],"picked":"SKIP","floor":54}],"player_experience":1143403,"relics_obtained":[{"floor":6.0,"key":"Meat on the Bone"},{"floor":8.0,"key":"Pear"},{"floor":9.0,"key":"Matryoshka"},{"floor":13.0,"key":"InkBottle"},{"floor":24,"key":"Bag of Marbles"},{"floor":26,"key":"Regal Pillow"},{"floor":31,"key":"Anchor"},{"floor":41,"key":"Red Skull"},{"floor":43,"key":"Oddly Smooth Stone"},{"floor":43,"key":"Orichalcum"},{"floor":44,"key":"Art of War"},{"floor":45,"key":"Lizard Tail"},{"floor":48,"key":"Bottled Tornado"},{"floor":54,"key":"Bronze Scales"}],"event_choices":[{"damage_healed":0.0,"max_hp_gain":0.0,"max_hp_loss":0.0,"gold_gain":175.0,"event_name":"Liars Game","player_choice":"AGREE","floor":2.0,"gold_loss":0.0,"damage_taken":0.0,"cards_obtained":["Doubt"]},{"damage_healed":0,"gold_gain":0,"cards_transformed":["Berserk","Barricade"],"player_choice":"Became Test Subject","damage_taken":0,"max_hp_gain":0,"max_hp_loss":0,"event_name":"Drug Dealer","floor":22,"gold_loss":0,"cards_obtained":["Sever Soul","Perfected Strike"]},{"damage_healed":30,"gold_gain":0,"player_choice":"Heal","damage_taken":0,"max_hp_gain":0,"max_hp_loss":0,"event_name":"The Library","floor":28,"gold_loss":0},{"cards_removed":["Rupture"],"damage_healed":0,"gold_gain":0,"player_choice":"Removed Power","damage_taken":0,"max_hp_gain":0,"max_hp_loss":0,"event_name":"Falling","floor":38,"gold_loss":0},{"damage_healed":0,"gold_gain":0,"player_choice":"Fight","damage_taken":0,"max_hp_gain":0,"max_hp_loss":0,"event_name":"MindBloom","floor":45,"gold_loss":0},{"damage_healed":0,"gold_gain":0,"player_choice":"Max HP","damage_taken":0,"max_hp_gain":0,"max_hp_loss":5,"event_name":"Winding Halls","floor":46,"gold_loss":0}],"is_beta":false,"boss_relics":[{"not_picked":["Astrolabe","Coffee Dripper"],"picked":"Mark of Pain"},{"not_picked":["Snecko Eye","Tiny House"],"picked":"Runic Pyramid"}],"items_purged_floors":[5,19,36,53],"is_endless":false,"potions_floor_spawned":[4,8,10,12,13,16,18,20,24,25,37,41,44,48,54],"ascension_level":2}}