{"host":"x7btokbb0w2jhl7e","time":1613633758,"event":{"mods":["Act Like it!","BaseMod","Gensokyo","Marisa£®ÏF”Í°°ƒß¿Ì…≥£©","Minty Spire (QoL Compilation)","Quick Restart","StSLib","°æ“≈ŒÔø®≈∆°øREMEMod"],"gold_per_floor":[117,117,127,146,71,97,97,115,139,164,178,196,196,222,234,320,332,354,102,352,352,352,381,381,399,399,399,426,440,465,478,478,549,549,568,568,568,588,606,631,650,650,723,752,752,135,161,181,181,181,181,181,181,31,64,64],"floor_reached":57,"language":"ZHS","playtime":1487,"items_purged":["Defend_P","Defend_P","Writhe","Doubt"],"score":3385,"play_id":"7541f181-0f03-49ab-87f2-c12bf9af25b7","local_time":"20210218153558","is_ascension_mode":true,"campfire_choices":[{"data":"Eruption","floor":7.0,"key":"SMITH"},{"data":"Ragnarok","floor":15.0,"key":"SMITH"},{"data":"TalkToTheHand","floor":24.0,"key":"SMITH"},{"floor":27.0,"key":"RECALL"},{"data":"CutThroughFate","floor":32.0,"key":"SMITH"},{"data":"Scrawl","floor":42.0,"key":"SMITH"},{"data":"Adaptation","floor":45.0,"key":"SMITH"},{"data":"Gensokyo:GreaterSplit","floor":49.0,"key":"SMITH"},{"data":"Indignation","floor":53.0,"key":"SMITH"}],"circlet_count":0,"master_deck":["AscendersBane","Eruption+1","Vigilance","TalkToTheHand+1","CutThroughFate+1","Indignation+1","Ragnarok+1","Gensokyo:GreaterSplit+1","Scrawl+1","Adaptation+1","Tantrum+1"],"relics":["REME_ComplimentaryCards","SlaversCollar","Potion Belt","Bag of Marbles","Nunchaku","Mango","Coffee Dripper","Vajra","Mummified Hand","Akabeko","Bronze Scales","Runic Dome","Happy Flower","Shuriken","Bottled Lightning","ClockworkSouvenir","TungstenRod","Centennial Puzzle","Strawberry"],"acts_visited":["Gensokyo:Gensokyo","Gensokyo:Gensokyoer","Gensokyo:Gensokyoest","TheEnding"],"potions_floor_usage":[56,56],"damage_taken":[{"damage":2.0,"enemies":"Gensokyo:3_Fairies","floor":1.0,"turns":4.0},{"damage":0.0,"enemies":"Gensokyo:Python","floor":3.0,"turns":3.0},{"damage":0.0,"enemies":"Gensokyo:2_Kodama","floor":4.0,"turns":1.0},{"damage":0.0,"enemies":"Gensokyo:Mamizou","floor":6.0,"turns":4.0},{"damage":0.0,"enemies":"Gensokyo:Kitsune","floor":8.0,"turns":1.0},{"damage":0.0,"enemies":"Gensokyo:Aya","floor":10.0,"turns":1.0},{"damage":0.0,"enemies":"Gensokyo:Python_and_Kodama","floor":11.0,"turns":1.0},{"damage":0.0,"enemies":"Gensokyo:3_Kodama","floor":12.0,"turns":1.0},{"damage":0.0,"enemies":"Gensokyo:Mamizou","floor":14.0,"turns":3.0},{"damage":24.0,"enemies":"Gensokyo:Kokoro","floor":16.0,"turns":5.0},{"damage":6.0,"enemies":"Gensokyo:CosmicMonolith","floor":18.0,"turns":2.0},{"damage":2.0,"enemies":"Gensokyo:Koishi","floor":23.0,"turns":3.0},{"damage":0.0,"enemies":"Gensokyo:Chomper","floor":25.0,"turns":2.0},{"damage":15.0,"enemies":"Gensokyo:Tenshi","floor":28.0,"turns":2.0},{"damage":0.0,"enemies":"Gensokyo:Monolith_and_Dog","floor":29.0,"turns":1.0},{"damage":0.0,"enemies":"Gensokyo:Koishi","floor":30.0,"turns":2.0},{"damage":0.0,"enemies":"Gensokyo:Wraith","floor":31.0,"turns":1.0},{"damage":0.0,"enemies":"Gensokyo:Eiki","floor":33.0,"turns":2.0},{"damage":0.0,"enemies":"Gensokyo:3_Boulders","floor":35.0,"turns":1.0},{"damage":8.0,"enemies":"Gensokyo:3_Bats","floor":38.0,"turns":3.0},{"damage":6.0,"enemies":"Gensokyo:Rafflesia","floor":39.0,"turns":4.0},{"damage":0.0,"enemies":"Gensokyo:Kasen","floor":40.0,"turns":3.0},{"damage":0.0,"enemies":"Gensokyo:SeedOfUnknown","floor":41.0,"turns":2.0},{"damage":0.0,"enemies":"Gensokyo:Doremy","floor":44.0,"turns":2.0},{"damage":0.0,"enemies":"Gensokyo:Marisa","floor":47.0,"turns":1.0},{"damage":0.0,"enemies":"Gensokyo:3_Boulders","floor":48.0,"turns":1.0},{"damage":31.0,"enemies":"Gensokyo:Yuyuko","floor":50.0,"turns":2.0},{"damage":0.0,"enemies":"Gensokyo:Scarlet_Devils","floor":51.0,"turns":2.0},{"damage":0.0,"enemies":"Shield and Spear","floor":55.0,"turns":1.0},{"damage":34,"enemies":"The Heart","floor":56,"turns":6}],"seed_played":"3710821696384868135","potions_obtained":[{"floor":4.0,"key":"SteroidPotion"},{"floor":6.0,"key":"ColorlessPotion"},{"floor":10.0,"key":"FairyPotion"},{"floor":11.0,"key":"LiquidBronze"},{"floor":16.0,"key":"Strength Potion"},{"floor":25.0,"key":"Regen Potion"},{"floor":29.0,"key":"DistilledChaos"},{"floor":30.0,"key":"SkillPotion"},{"floor":31.0,"key":"FearPotion"},{"floor":33.0,"key":"StancePotion"},{"floor":35.0,"key":"DistilledChaos"},{"floor":41.0,"key":"BottledMiracle"},{"floor":47.0,"key":"Weak Potion"}],"is_trial":false,"path_per_floor":["M","?","M","M","$","E","R","M","T","E","M","M","?","E","R","B",null,"M","$","?","?","?","E","R","M","T","R","E","M","E","M","R","B",null,"M","?","?","M","M","E","M","R","T","E","R","$","E","M","R","B","B",null,"R","$","E","B",null],"character_chosen":"WATCHER","items_purchased":["Vajra","ClockworkSouvenir","TungstenRod"],"campfire_rested":0,"item_purchase_floors":[19,46,46],"current_hp_per_floor":[59,59,59,59,59,59,59,59,59,59,59,59,45,45,45,21,67,61,61,61,61,61,59,59,59,59,59,44,44,44,44,44,44,68,68,68,68,60,54,54,54,54,54,54,54,54,54,54,54,54,54,71,71,71,78,44],"gold":64,"neow_bonus":"BOSS_RELIC","is_daily":false,"chose_seed":false,"campfire_upgraded":8,"win_rate":0.0,"timestamp":1613633758,"path_taken":["M","?","?","M","?","E","R","M","T","E","M","M","?","E","R","BOSS","M","$","?","?","?","E","R","M","T","R","E","M","E","M","R","BOSS","M","?","?","M","M","E","M","R","T","E","R","$","E","M","R","BOSS","BOSS","R","$","E","BOSS"],"items_purchased_type":["Relic","Relic","Relic"],"build_version":"2020-12-22","purchased_purges":4,"victory":true,"max_hp_per_floor":[68,68,68,68,68,68,68,68,68,68,68,68,82,82,82,82,82,82,82,76,76,76,76,76,76,76,76,76,76,76,76,76,76,76,76,76,76,76,76,76,76,76,76,76,76,76,76,76,76,76,76,76,76,76,83,83],"card_choices":[{"not_picked":["SashWhip","EmptyMind","ThirdEye"],"picked":"SKIP","floor":1.0},{"not_picked":["EmptyMind","ThirdEye"],"picked":"TalkToTheHand","floor":3.0},{"not_picked":["SandsOfTime","FlyingSleeves","CrushJoints"],"picked":"SKIP","floor":4.0},{"not_picked":["BowlingBash","FlyingSleeves"],"picked":"CutThroughFate","floor":6.0},{"not_picked":["CarveReality","Crescendo"],"picked":"Indignation","floor":8.0},{"not_picked":["Swivel","FollowUp"],"picked":"Ragnarok","floor":10.0},{"not_picked":["EmptyFist","Conclude","DeceiveReality"],"picked":"SKIP","floor":11.0},{"not_picked":["FlyingSleeves","ReachHeaven","ForeignInfluence"],"picked":"SKIP","floor":12.0},{"not_picked":["JustLucky","CutThroughFate","FlyingSleeves"],"picked":"SKIP","floor":14.0},{"not_picked":["ForeignInfluence","Indignation","Swivel"],"picked":"SKIP","floor":18.0},{"not_picked":["REME_Repentance","Wireheading","CutThroughFate"],"picked":"SKIP","floor":23.0},{"not_picked":["REME_Repentance","Wireheading","CutThroughFate"],"picked":"SKIP","floor":23.0},{"not_picked":["Evaluate","ThirdEye","ClearTheMind"],"picked":"SKIP","floor":25.0},{"not_picked":["Swivel","Indignation","SandsOfTime"],"picked":"SKIP","floor":28.0},{"not_picked":["CutThroughFate","EmptyMind","FlyingSleeves"],"picked":"SKIP","floor":29.0},{"not_picked":["MentalFortress","PathToVictory","Crescendo"],"picked":"SKIP","floor":30.0},{"not_picked":["PathToVictory","Crescendo","Vengeance"],"picked":"SKIP","floor":31.0},{"not_picked":["Consecrate","Crescendo","Evaluate"],"picked":"SKIP","floor":35.0},{"not_picked":["Protect+1","SashWhip","BowlingBash"],"picked":"SKIP","floor":38.0},{"not_picked":["Conclude+1","Prostrate+1"],"picked":"Scrawl","floor":39.0},{"not_picked":["Evaluate","FlyingSleeves"],"picked":"Adaptation","floor":40.0},{"not_picked":["JustLucky+1","Evaluate"],"picked":"Tantrum+1","floor":41.0},{"not_picked":["BowlingBash+1","ThirdEye+1","CarveReality"],"picked":"SKIP","floor":44.0},{"not_picked":["Evaluate","FlyingSleeves","Consecrate+1"],"picked":"SKIP","floor":47.0},{"not_picked":["Swivel+1","SashWhip","CutThroughFate"],"picked":"SKIP","floor":48.0},{"not_picked":["BowlingBash","Adaptation","Scrawl"],"picked":"SKIP","floor":55}],"player_experience":276717,"relics_obtained":[{"floor":6.0,"key":"Potion Belt"},{"floor":9.0,"key":"Bag of Marbles"},{"floor":10.0,"key":"Nunchaku"},{"floor":14.0,"key":"MawBank"},{"floor":23.0,"key":"Mummified Hand"},{"floor":28.0,"key":"Akabeko"},{"floor":30.0,"key":"Bronze Scales"},{"floor":40.0,"key":"Happy Flower"},{"floor":43.0,"key":"Shuriken"},{"floor":44.0,"key":"Bottled Lightning"},{"floor":47.0,"key":"Centennial Puzzle"},{"floor":55,"key":"Strawberry"}],"event_choices":[],"is_beta":false,"boss_relics":[{"not_picked":["Fusion Hammer","Cursed Key"],"picked":"Coffee Dripper"},{"not_picked":["REME_LowDesire","Tiny House"],"picked":"Runic Dome"}],"items_purged_floors":[5,19,46,54],"is_endless":false,"potions_floor_spawned":[4,6,10,11,14,16,25,29,30,31,33,35,41,47,48],"ascension_level":20}}