{"host":"Ringo","time":1613667344,"event":{"mods":["BaseMod","Colored Map","Conspire","Dota2Spire","Hubris","Minty Spire (QoL Compilation)","Replay The Spire","StSLib","The Construct","[IsaacMod]ÒÔÈö¼âËþ","¡¾ÒÅÎï¿¨ÅÆ¡¿REMEMod"],"gold_per_floor":[117,134,34,109,109,139,168,193,193,227,290,290,321,351,351,428,428,442,742,766,793,805,832,322,354,378,437,437,490,490,490,490,626,626,652,321,321,77,377,476,642,787,869,869,1010,752,817,881,881,941,1006],"floor_reached":52,"language":"ZHS","playtime":1503,"items_purged":["Trip","Looming Evil"],"score":3690,"play_id":"91f6d60f-9180-4cff-af8c-69ca396b2465","local_time":"20210219005544","daily_mods":["SealedDeck","Vintage","Colorless Cards","Heirloom","Time Dilation","Flight","DeadlyEvents","Elite Swarm","Lethality","Binary"],"is_ascension_mode":true,"campfire_choices":[{"data":"ClearTheMind","floor":12.0,"key":"SMITH"},{"data":"Replay:BluntJabs","floor":12.0,"key":"SMITH"},{"data":"FlurryOfBlows","floor":15.0,"key":"SMITH"},{"data":"Replay:Hum","floor":15.0,"key":"SMITH"},{"data":"Crescendo","floor":28.0,"key":"SMITH"},{"data":"Tantrum","floor":28.0,"key":"SMITH"},{"data":"Consecrate","floor":30.0,"key":"SMITH"},{"data":"ThirdEye","floor":30.0,"key":"SMITH"},{"data":"EmptyFist","floor":32.0,"key":"SMITH"},{"data":"InnerPeace","floor":32.0,"key":"SMITH"},{"data":"REME_ProfessionalPlagiarism","floor":49,"key":"SMITH"},{"data":"CutThroughFate","floor":49,"key":"SMITH"}],"circlet_count":0,"master_deck":["AscendersBane","Replay:BluntJabs+1","FlurryOfBlows+1","CutThroughFate+1","Consecrate+1","JustLucky","Replay:Hum+1","EmptyFist+1","InnerPeace+1","EmptyBody","ClearTheMind+1","REME_ProfessionalPlagiarism+1","Ghostly+1","Tantrum+1","Good Instincts","Crescendo+1","ThirdEye+1","FlyingSleeves+1","BattleHymn+1","Prostrate+1"],"relics":["PureWater","Busted Crown","HushsDoor","replay:Trail_Library","Replay:Arrowhead","BookofShadows","Dota2Spire:ArmletOfMordiggian","Vajra","Replay:Multitool","DoctorsRemote","ReplayTheSpireMod:TigerMarble","Damaru","Dota2Spire:BattleFury","Replay:Mystery Machine","Bottled Lightning","Replay:Wax Seal","conspire:SpecialSausage","Kunai","PillsDrop","Dota2Spire:Satanic","Orichalcum","Meat on the Bone","conspire:TreasureMap","Strawberry","Replay:Bandana","TheBible","Dota2Spire:EyeOfSkadi","Nunchaku","Iron Hammer","REME_CardOfGreed","hubris:Metronome","Golden Egg","Black Star","SharpPlug","ReplayFunnel","Sling","ReplayTheSpireMod:Ring of Challenge","SteamSale","Ornamental Fan","Void","SalivaCoin","Ancient Tea Set","Bag of Preparation","Dota2Spire:EtherealBlade","InkBottle","GoldenEye","Dota2Spire:MantaStyle","CeramicFish","ClockworkSouvenir","Garlic","Ice Cream","FossilizedHelix","Dota2Spire:DrumOfEndurance"],"acts_visited":["Exordium","TheCity","TheBeyond"],"potions_floor_usage":[51,51],"damage_taken":[{"damage":0.0,"enemies":"Jaw Worm","floor":1.0,"turns":1.0},{"damage":0.0,"enemies":"2 Louse","floor":2.0,"turns":1.0},{"damage":0.0,"enemies":"Gremlin Nob","floor":6.0,"turns":1.0},{"damage":1.0,"enemies":"3 Sentries","floor":7.0,"turns":2.0},{"damage":0.0,"enemies":"Gremlin Nob","floor":8.0,"turns":2.0},{"damage":0.0,"enemies":"3 Sentries","floor":10.0,"turns":2.0},{"damage":0.0,"enemies":"Gremlin Nob","floor":11.0,"turns":2.0},{"damage":0.0,"enemies":"Lagavulin","floor":13.0,"turns":2.0},{"damage":0.0,"enemies":"3 Sentries","floor":14.0,"turns":2.0},{"damage":0.0,"enemies":"Slime Boss","floor":16.0,"turns":2.0},{"damage":0.0,"enemies":"Shell Parasite","floor":18.0,"turns":1.0},{"damage":0.0,"enemies":"Slavers","floor":21.0,"turns":1.0},{"damage":0.0,"enemies":"3 Byrds","floor":22.0,"turns":1.0},{"damage":0.0,"enemies":"Gremlin Leader","floor":23.0,"turns":1.0},{"damage":0.0,"enemies":"Slavers","floor":25.0,"turns":1.0},{"damage":0.0,"enemies":"conspire:SneckoGhost","floor":27.0,"turns":1.0},{"damage":0.0,"enemies":"Replay:Snechameleon","floor":29.0,"turns":1.0},{"damage":0.0,"enemies":"Automaton","floor":33.0,"turns":3.0},{"damage":0.0,"enemies":"Orb Walker","floor":35.0,"turns":2.0},{"damage":8.0,"enemies":"Nemesis","floor":40.0,"turns":1.0},{"damage":5.0,"enemies":"Giant Head","floor":41.0,"turns":2.0},{"damage":0.0,"enemies":"R_Hoarder","floor":42.0,"turns":2.0},{"damage":0,"enemies":"Giant Head","floor":45,"turns":2},{"damage":0,"enemies":"Reptomancer","floor":47,"turns":1},{"damage":0,"enemies":"R_Hoarder","floor":48,"turns":1},{"damage":0,"enemies":"Donu and Deca","floor":50,"turns":2},{"damage":0,"enemies":"Awakened One","floor":51,"turns":2}],"seed_played":"-8961021846771705639","potions_obtained":[{"floor":2.0,"key":"Dexterity Potion"},{"floor":6.0,"key":"Dexterity Potion"},{"floor":10.0,"key":"REME_GoldPotion"},{"floor":13.0,"key":"Adrenaline Potion"},{"floor":16.0,"key":"Dota2Spire:Clarity"}],"is_trial":true,"path_per_floor":["M","M","?","?","?","E","E","E","T","E","E","R","E","E","R","B",null,"M","?","T","E","M","E","$","E","T","E","R","E","R","$","R","B",null,"M","$","?","$","?","E","E","E","T","?","E","$","E","E","R","B","B",null],"character_chosen":"WATCHER","items_purchased":["Tantrum","Good Instincts","conspire:TreasureMap","Crescendo","ThirdEye","Strawberry","Iron Hammer","REME_CardOfGreed","hubris:Metronome","Golden Egg","ReplayFunnel","Sling","SteamSale","FlyingSleeves","ClockworkSouvenir","Garlic","BattleHymn","Prostrate+1"],"campfire_rested":0,"item_purchase_floors":[17,17,24,24,24,24,31,31,31,31,36,36,38,38,46,46,46,46],"current_hp_per_floor":[61,61,61,50,50,50,49,63,63,63,63,63,63,63,63,63,63,64,64,64,64,64,64,71,66,66,71,71,71,71,13,13,41,64,67,67,67,67,67,59,74,74,74,74,74,74,74,74,74,74,74],"gold":1006,"neow_bonus":"","is_daily":false,"chose_seed":false,"campfire_upgraded":12,"win_rate":0.0,"timestamp":1613667344,"path_taken":["M","M","?","?","?","E","E","E","T","E","E","R","E","?","R","BOSS","M","?","?","?","?","E","$","E","T","E","R","E","R","?","R","BOSS","M","$","?","$","?","E","E","E","T","?","?","$","E","E","R","BOSS","BOSS"],"items_purchased_type":["Card","Card","Relic","Card","Card","Relic","Relic","Relic","Relic","Relic","Relic","Relic","Relic","Card","Relic","Relic","Card","Card"],"build_version":"2020-12-18","purchased_purges":2,"victory":true,"max_hp_per_floor":[68,68,68,68,68,68,68,68,68,68,68,68,68,68,68,68,63,64,64,64,64,64,64,71,66,66,71,71,71,71,71,71,71,71,74,74,74,74,74,74,74,74,74,74,74,74,74,74,74,74,74],"card_choices":[],"player_experience":718380,"relics_obtained":[{"floor":1.0,"key":"Dota2Spire:ArmletOfMordiggian"},{"floor":2.0,"key":"Vajra"},{"floor":6.0,"key":"Replay:Multitool"},{"floor":7.0,"key":"DoctorsRemote"},{"floor":8.0,"key":"ReplayTheSpireMod:TigerMarble"},{"floor":9.0,"key":"Damaru"},{"floor":10.0,"key":"Dota2Spire:BattleFury"},{"floor":11.0,"key":"Replay:Mystery Machine"},{"floor":13.0,"key":"Bottled Lightning"},{"floor":14.0,"key":"Replay:Wax Seal"},{"floor":18.0,"key":"Kunai"},{"floor":20.0,"key":"PillsDrop"},{"floor":21.0,"key":"Dota2Spire:Satanic"},{"floor":22.0,"key":"Orichalcum"},{"floor":23.0,"key":"Meat on the Bone"},{"floor":25.0,"key":"Replay:Bandana"},{"floor":26.0,"key":"TheBible"},{"floor":27.0,"key":"Dota2Spire:EyeOfSkadi"},{"floor":29.0,"key":"Nunchaku"},{"floor":35.0,"key":"SharpPlug"},{"floor":37.0,"key":"ReplayTheSpireMod:Ring of Challenge"},{"floor":40.0,"key":"Ornamental Fan"},{"floor":40.0,"key":"Void"},{"floor":41.0,"key":"SalivaCoin"},{"floor":41.0,"key":"Ancient Tea Set"},{"floor":42.0,"key":"Bag of Preparation"},{"floor":42.0,"key":"Dota2Spire:EtherealBlade"},{"floor":43.0,"key":"InkBottle"},{"floor":45,"key":"GoldenEye"},{"floor":45,"key":"Dota2Spire:MantaStyle"},{"floor":45,"key":"CeramicFish"},{"floor":47,"key":"Ice Cream"},{"floor":47,"key":"FossilizedHelix"},{"floor":48,"key":"MealTicket"},{"floor":48,"key":"Dota2Spire:DrumOfEndurance"}],"event_choices":[{"damage_healed":0.0,"max_hp_gain":0.0,"max_hp_loss":0.0,"gold_gain":0.0,"event_name":"conspire:LoneGhost","player_choice":"Argue","floor":3.0,"gold_loss":0.0,"damage_taken":0.0},{"damage_healed":0.0,"max_hp_gain":0.0,"max_hp_loss":0.0,"gold_gain":75.0,"event_name":"World of Goop","player_choice":"Gather Gold","floor":4.0,"gold_loss":0.0,"damage_taken":11.0},{"damage_healed":0.0,"max_hp_gain":0.0,"max_hp_loss":0.0,"gold_gain":0.0,"event_name":"Living Wall","player_choice":"Grow","floor":5.0,"gold_loss":0.0,"damage_taken":0.0,"cards_upgraded":["Ghostly"]},{"damage_healed":0,"gold_gain":0,"player_choice":"Ignored","damage_taken":0,"max_hp_gain":0,"max_hp_loss":0,"event_name":"Purifier","floor":44,"gold_loss":0}],"is_beta":true,"boss_relics":[{"not_picked":["Runic Dome","REME_ChargedStone"],"picked":"conspire:SpecialSausage"},{"not_picked":[]},{"not_picked":["Replay:Grab Bag","hubris:RunicObelisk"],"picked":"Black Star"},{"not_picked":[]}],"items_purged_floors":[24,38],"is_endless":false,"potions_floor_spawned":[2,6,10,13,16,18,21,22,29,33,41,42,48],"ascension_level":20}}