{"host":"js2su9tbbk4rmjfl","time":1613686329,"event":{"mods":["AchievementEnabler","BaseMod","Block Reminder","Colored Map","Colored Powertips","Highlight Path","Minty Spire (QoL Compilation)","Relic Stats"],"gold_per_floor":[119,138,64,64,79,79,96,96,96,96,114,114,126,178,178,256,256,256,17,17,0,0,0,0,0,0,0,0,0,0],"floor_reached":29,"language":"ENG","playtime":1351,"items_purged":["Defend_R"],"score":490,"play_id":"62792501-6874-4af2-8a2e-3555825bf300","local_time":"20210218231209","is_ascension_mode":true,"campfire_choices":[{"data":"Strike_R","floor":6,"key":"SMITH"},{"data":"Flame Barrier","floor":8,"key":"SMITH"},{"data":"Strike_R","floor":10,"key":"SMITH"},{"data":"Strike_R","floor":12,"key":"SMITH"},{"data":"Strike_R","floor":15,"key":"SMITH"},{"data":"Disarm","floor":24,"key":"SMITH"}],"circlet_count":0,"master_deck":["AscendersBane","Strike_R+1","Strike_R+1","Strike_R+1","Strike_R+1","Strike_R+1","Defend_R","Defend_R","Bash+1","Reckless Charge","Power Through","Flame Barrier+1","Wild Strike+1","Immolate","Disarm+1","Headbutt+1","Ghostly Armor+1"],"relics":["Burning Blood","Bag of Marbles","Tiny Chest","Ectoplasm","Whetstone","Enchiridion","Toxic Egg 2","Molten Egg 2"],"acts_visited":["Exordium","TheCity"],"potions_floor_usage":[7,16,16,21,28],"damage_taken":[{"damage":11,"enemies":"Jaw Worm","floor":1,"turns":5},{"damage":2,"enemies":"2 Louse","floor":2,"turns":3},{"damage":10,"enemies":"Small Slimes","floor":5,"turns":4},{"damage":0,"enemies":"3 Louse","floor":7,"turns":2},{"damage":1,"enemies":"Looter","floor":11,"turns":3},{"damage":8,"enemies":"Blue Slaver","floor":13,"turns":4},{"damage":44,"enemies":"The Guardian","floor":16,"turns":18},{"damage":16,"enemies":"Spheric Guardian","floor":18,"turns":3},{"damage":0,"enemies":"2 Thieves","floor":21,"turns":2},{"damage":0,"enemies":"Gremlin Leader","floor":23,"turns":3},{"damage":28,"enemies":"Shelled Parasite and Fungi","floor":28,"turns":5},{"damage":55,"enemies":"Book of Stabbing","floor":29,"turns":5}],"seed_played":"-2838368951970315371","potions_obtained":[{"floor":1,"key":"SteroidPotion"},{"floor":5,"key":"Explosive Potion"},{"floor":7,"key":"Weak Potion"},{"floor":16,"key":"SkillPotion"},{"floor":18,"key":"LiquidMemories"},{"floor":23,"key":"Ancient Potion"}],"is_trial":false,"path_per_floor":["M","M","?","?","M","R","M","R","T","R","M","R","M","T","R","B",null,"M","$","?","M","$","E","R","?","T","?","M","E"],"character_chosen":"IRONCLAD","items_purchased":["Whetstone"],"campfire_rested":0,"item_purchase_floors":[19],"current_hp_per_floor":[63,67,67,60,56,56,62,62,62,62,67,67,65,65,65,27,63,53,53,32,38,38,44,44,44,44,59,37,0,0],"gold":0,"neow_bonus":"UPGRADE_CARD","is_daily":false,"chose_seed":false,"campfire_upgraded":6,"win_rate":0.0,"timestamp":1613686329,"path_taken":["M","M","?","?","M","R","M","R","T","R","M","R","M","?","R","BOSS","M","$","?","M","$","E","R","?","T","?","M","E"],"items_purchased_type":["Relic"],"build_version":"2020-12-22","purchased_purges":1,"victory":false,"max_hp_per_floor":[75,75,75,75,75,75,75,75,75,75,75,75,75,75,75,75,75,75,75,75,75,75,75,75,75,75,75,75,75,75],"relic_stats":{"counters":[12,57],"Tiny Chest":0,"Ectoplasm":94,"Whetstone":["Bash","Wild Strike"],"obtain_stats":[{"Enchiridion":20,"Tiny Chest":14,"Molten Egg 2":26,"Ectoplasm":17,"Bag of Marbles":9,"Whetstone":19,"Toxic Egg 2":23,"Burning Blood":0},{"Enchiridion":8,"Tiny Chest":6,"Molten Egg 2":10,"Ectoplasm":7,"Bag of Marbles":4,"Whetstone":8,"Toxic Egg 2":10,"Burning Blood":0},{"Enchiridion":42,"Tiny Chest":21,"Molten Egg 2":47,"Ectoplasm":39,"Bag of Marbles":14,"Whetstone":42,"Toxic Egg 2":47,"Burning Blood":0}],"Burning Blood":66},"card_choices":[{"not_picked":["Dark Embrace","Intimidate"],"picked":"Reckless Charge","floor":1},{"not_picked":["Ghostly Armor","Inflame"],"picked":"Power Through","floor":2},{"not_picked":["Sentinel","Flex","Shrug It Off"],"picked":"SKIP","floor":5},{"not_picked":["Heavy Blade","Cleave"],"picked":"Flame Barrier","floor":7},{"not_picked":["Whirlwind","Heavy Blade"],"picked":"Wild Strike","floor":11},{"not_picked":["Anger","Blood for Blood","Power Through"],"picked":"SKIP","floor":13},{"not_picked":["Berserk","Bludgeon"],"picked":"Immolate","floor":16},{"not_picked":["Second Wind","Whirlwind"],"picked":"Disarm","floor":18},{"not_picked":["Fire Breathing","Rampage"],"picked":"Headbutt+1","floor":21},{"not_picked":["Hemokinesis","Shockwave+1"],"picked":"Ghostly Armor+1","floor":23},{"not_picked":["Headbutt+1","Clothesline+1","Armaments+1"],"picked":"SKIP","floor":28}],"player_experience":846613,"relics_obtained":[{"floor":9,"key":"Bag of Marbles"},{"floor":14,"key":"Tiny Chest"},{"floor":20,"key":"Enchiridion"},{"floor":23,"key":"Toxic Egg 2"},{"floor":26,"key":"Molten Egg 2"}],"event_choices":[{"damage_healed":0,"gold_gain":0,"player_choice":"Left Gold","damage_taken":0,"max_hp_gain":0,"max_hp_loss":0,"event_name":"World of Goop","floor":3,"gold_loss":74},{"cards_removed":["Defend_R"],"damage_healed":0,"gold_gain":0,"player_choice":"Card Removal","damage_taken":7,"max_hp_gain":0,"max_hp_loss":0,"event_name":"Golden Wing","floor":4,"gold_loss":0},{"damage_healed":0,"gold_gain":0,"player_choice":"Obtained Book","damage_taken":21,"max_hp_gain":0,"max_hp_loss":0,"event_name":"Cursed Tome","floor":20,"gold_loss":0},{"damage_healed":15,"gold_gain":0,"player_choice":"Heal","damage_taken":0,"max_hp_gain":0,"max_hp_loss":0,"event_name":"The Library","floor":27,"gold_loss":0}],"is_beta":false,"boss_relics":[{"not_picked":["SlaversCollar","Philosopher\u0027s Stone"],"picked":"Ectoplasm"}],"items_purged_floors":[19],"is_endless":false,"potions_floor_spawned":[1,5,7,11,16,18,23],"killed_by":"Book of Stabbing","ascension_level":18}}