{"host":"121m0oxswv9tg9hk","time":1613655703,"event":{"mods":["AchievementEnabler","BaseMod","Better Third Choice","Hermit","Hubris","Minty Spire (QoL Compilation)","Replay The Spire","Shade Mod","StSLib","The Gatherer","The Hierophant"],"gold_per_floor":[115,115,134,0,19,19,53,72,72,72,37,69,69,19,19,93,193,207,220,170,183,183,210,210,210,210,236,212,212,212,228,228,307,307,323,323,378,391,401,434,434,462,462,495,495,506,506,556,556,556,556,556,556,597,629,629],"floor_reached":57,"language":"ENG","playtime":6496,"items_purged":["Strike_R","Bash","Pain","Brutality"],"score":3118,"play_id":"73ba0ca6-8200-4a64-a2cf-2c953314ab44","local_time":"20210218144143","is_ascension_mode":true,"campfire_choices":[{"data":"ReplayTheSpireMod:Brewmster","floor":6,"key":"SMITH"},{"data":"Evolve","floor":10,"key":"SMITH"},{"floor":13,"key":"REST"},{"data":"Panache","floor":15,"key":"SMITH"},{"data":"Power Through","floor":25,"key":"SMITH"},{"data":"True Grit","floor":30,"key":"SMITH"},{"floor":32,"key":"REST"},{"data":"ReplayTheSpireMod:Strike From Hell","floor":41,"key":"SMITH"},{"floor":47,"key":"RECALL"}],"circlet_count":0,"master_deck":["AscendersBane","Defend_R","Defend_R","Defend_R","ReplayTheSpireMod:Strike From Hell+1","Evolve+1","ReplayTheSpireMod:Brewmster+1","Panache+1","Finesse","Disarm","Offering+1","Uppercut+1","Power Through+1","Impervious","Intimidate","Offering","True Grit+1","Dual Wield+1","Burning Pact+1","hubris:ReadiedAction+1","True Grit+1","Dark Embrace","ReplayTheSpireMod:IOU","ReplayTheSpireMod:IOU","ReplayTheSpireMod:IOU","Fire Breathing","ReplayTheSpireMod:IOU","Combust+1"],"relics":["Burning Blood","ReplayTheSpireMod:ShopPack","Oddly Smooth Stone","Smiling Mask","Torii","Replay:Wanted Poster","Snack Pack","Replay:Accelerometer","Chameleon Ring","Empty Cage","InkBottle","Replay:Bottled Snecko","hubris:BottledRain","Replay:Wax Seal","ReplayTheSpireMod:Ring of Addiction","hubris:EmptyBottle","Toy Ornithopter","Medical Kit","hubris:CuriousFeather"],"acts_visited":["Exordium","TheCity","TheBeyond","TheEnding"],"potions_floor_usage":[5,5,5,7,7,7,7,7,8,8,12,12,12,12,16,16,16,16,16,16,16,16,16,16,16,18,18,18,18,18,18,19,19,19,19,21,21,21,21,21,23,23,23,23,23,23,23,23,23,27,27,27,27,31,31,33,33,33,33,33,33,33,33,33,33,33,33,35,35,35,35,38,38,38,38,38,38,38,39,39,39,39,39,39,40,40,40,40,40,40,40,42,42,42,42,42,42,42,42,42,42,44,44,44,44,44,44,44,44,44,44,44,46,46,50,50,50,50,50,50,50,50,50,50,50,50,50,50,50,50,50,50,50,50,50,50,50,50,51,51,51,51,51,51,51,51,51,51,51,51,51,51,51,54,55,55,55,55,55,56,56,56,56,56,56,56,56,56,56,56,56,56,56,56,56,56,56,56,56,56,56,56],"damage_taken":[{"damage":18,"enemies":"Jaw Worm","floor":1,"turns":6},{"damage":10,"enemies":"2 Louse","floor":3,"turns":3},{"damage":9,"enemies":"Small Slimes","floor":5,"turns":4},{"damage":27,"enemies":"Lagavulin","floor":7,"turns":8},{"damage":0,"enemies":"Exordium Wildlife","floor":8,"turns":5},{"damage":45,"enemies":"Gremlin Nob","floor":12,"turns":5},{"damage":2,"enemies":"Fading Forest","floor":16,"turns":13},{"damage":24,"enemies":"Shell Parasite","floor":18,"turns":10},{"damage":25,"enemies":"Spheric Guardian","floor":19,"turns":7},{"damage":17,"enemies":"Cultist and Chosen","floor":21,"turns":9},{"damage":51,"enemies":"Gremlin Leader","floor":23,"turns":11},{"damage":13,"enemies":"Book of Stabbing","floor":27,"turns":8},{"damage":6,"enemies":"Snake Plant","floor":31,"turns":6},{"damage":47,"enemies":"Champ","floor":33,"turns":13},{"damage":27,"enemies":"Orb Walker","floor":35,"turns":3},{"damage":12,"enemies":"3 Darklings","floor":38,"turns":6},{"damage":21,"enemies":"Transient","floor":39,"turns":6},{"damage":27,"enemies":"Reptomancer","floor":40,"turns":8},{"damage":11,"enemies":"Giant Head","floor":42,"turns":7},{"damage":22,"enemies":"Nemesis","floor":44,"turns":9},{"damage":23,"enemies":"Jaw Worm Horde","floor":46,"turns":4},{"damage":32,"enemies":"hubris:GrandSnecko","floor":50,"turns":9},{"damage":33,"enemies":"Time Eater","floor":51,"turns":9},{"damage":12,"enemies":"Shield and Spear","floor":55,"turns":9},{"damage":57,"enemies":"The Heart","floor":56,"turns":9}],"seed_played":"-1432747219818856540","potions_obtained":[{"floor":3,"key":"Regen Potion"},{"floor":7,"key":"ElixirPotion"},{"floor":19,"key":"Toxic Potion"},{"floor":23,"key":"FairyPotion"},{"floor":37,"key":"Ancient Potion"},{"floor":38,"key":"PowerPotion"},{"floor":53,"key":"HeartOfIron"},{"floor":53,"key":"EntropicBrew"},{"floor":55,"key":"AttackPotion"}],"is_trial":false,"path_per_floor":["M","?","M","$","M","R","E","M","T","R","?","E","R","$","R","B",null,"M","M","$","M","?","E","?","R","T","E","$","?","R","M","R","B",null,"M","?","?","M","M","E","R","E","T","E","?","M","R","$","R","B","B",null,"R","$","E","B",null],"character_chosen":"IRONCLAD","items_purchased":["ReplayTheSpireMod:ShopPack","True Grit","Medical Kit","Fire Breathing"],"campfire_rested":2,"item_purchase_floors":[4,28,54,54],"current_hp_per_floor":[63,63,59,59,68,68,47,53,53,53,73,34,58,58,58,70,79,77,58,58,63,63,34,10,10,10,31,31,31,31,31,57,81,86,65,65,65,59,72,51,51,50,50,42,42,35,35,35,61,85,85,85,85,85,85,85],"gold":629,"neow_bonus":"TEN_PERCENT_HP_BONUS","is_daily":false,"chose_seed":false,"campfire_upgraded":6,"win_rate":0.0,"timestamp":1613655703,"path_taken":["M","?","M","$","M","R","E","M","T","R","?","E","R","$","R","BOSS","M","M","$","M","?","E","?","R","T","E","$","?","R","?","R","BOSS","M","?","?","M","?","E","R","E","T","E","?","M","R","?","R","BOSS","BOSS","R","$","E","BOSS"],"items_purchased_type":["Relic","Card","Relic","Card"],"build_version":"2020-12-22","purchased_purges":4,"victory":true,"max_hp_per_floor":[82,82,82,82,82,82,82,82,82,82,82,82,82,82,82,82,82,82,82,82,82,82,82,87,87,87,87,87,87,87,87,87,87,87,87,87,87,87,87,87,87,87,87,87,87,87,87,87,87,85,85,85,85,85,85,85],"card_choices":[{"not_picked":["Shrug It Off","Pommel Strike"],"picked":"ReplayTheSpireMod:Strike From Hell","floor":1},{"not_picked":["Heavy Blade","Run Through"],"picked":"Evolve","floor":3},{"not_picked":["Mayhem","Violence"],"picked":"ReplayTheSpireMod:Brewmster","floor":4},{"not_picked":["PanicButton","ReplayTheSpireMod:Uncanny Aura"],"picked":"Panache","floor":4},{"not_picked":["Madness","Flash of Steel"],"picked":"Finesse","floor":4},{"not_picked":["Armaments","Combust","Warcry"],"picked":"SKIP","floor":5},{"not_picked":["ReplayTheSpireMod:LeadingStrike","Twin Strike"],"picked":"Disarm","floor":7},{"not_picked":["Corruption","Twin Strike","Sword Boomerang"],"picked":"SKIP","floor":8},{"not_picked":["Dark Embrace","ReplayTheSpireMod:LeadingStrike","Havoc"],"picked":"SKIP","floor":12},{"not_picked":["Hemogenesis","Barricade"],"picked":"Offering","floor":16},{"not_picked":["Bloodletting","ReplayTheSpireMod:Strike From Hell+1"],"picked":"Uppercut+1","floor":18},{"not_picked":["Uppercut","Ghostly Armor"],"picked":"Power Through","floor":19},{"not_picked":["Shockwave","Rage+1","Iron Wave"],"picked":"SKIP","floor":21},{"not_picked":["Carnage","Bloodletting"],"picked":"Offering","floor":23},{"not_picked":["Cleave+1","Headbutt+1","Entrench"],"picked":"SKIP","floor":27},{"not_picked":["Shrug It Off","Flame Barrier"],"picked":"Dual Wield+1","floor":31},{"not_picked":["Immolate","Berserk"],"picked":"Brutality","floor":33},{"not_picked":["hubris:SharpeningStone","Anger+1"],"picked":"Burning Pact+1","floor":35},{"not_picked":["Inflame","ReplayTheSpireMod:Strike From Hell+1"],"picked":"hubris:ReadiedAction+1","floor":37},{"not_picked":["Uppercut","Body Slam"],"picked":"True Grit+1","floor":38},{"not_picked":["Pummel","Rage","Cleave+1"],"picked":"SKIP","floor":39},{"not_picked":["Heavy Blade","Hemokinesis","Massacre"],"picked":"SKIP","floor":40},{"not_picked":["Evolve","Ghostly Armor+1","Rampage+1"],"picked":"SKIP","floor":42},{"not_picked":["Combust","Iron Wave"],"picked":"Dark Embrace","floor":44},{"not_picked":["Uppercut+1","ReplayTheSpireMod:Strike From Hell","Dropkick"],"picked":"SKIP","floor":46},{"not_picked":["hubris:SharpeningStone","Pommel Strike"],"picked":"Combust+1","floor":55}],"player_experience":2426385,"relics_obtained":[{"floor":7,"key":"Oddly Smooth Stone"},{"floor":9,"key":"Smiling Mask"},{"floor":12,"key":"Torii"},{"floor":23,"key":"Snack Pack"},{"floor":26,"key":"Replay:Accelerometer"},{"floor":27,"key":"Chameleon Ring"},{"floor":37,"key":"InkBottle"},{"floor":40,"key":"Replay:Bottled Snecko"},{"floor":42,"key":"hubris:BottledRain"},{"floor":44,"key":"Replay:Wax Seal"},{"floor":45,"key":"ReplayTheSpireMod:Ring of Addiction"},{"floor":45,"key":"hubris:EmptyBottle"},{"floor":45,"key":"Toy Ornithopter"},{"floor":55,"key":"hubris:CuriousFeather"}],"event_choices":[{"cards_removed":["Strike_R"],"damage_healed":0,"gold_gain":0,"player_choice":"Forget","damage_taken":0,"max_hp_gain":0,"max_hp_loss":0,"event_name":"Living Wall","floor":2,"gold_loss":0},{"damage_healed":20,"gold_gain":0,"player_choice":"Healed","damage_taken":0,"max_hp_gain":0,"max_hp_loss":0,"event_name":"The Cleric","floor":11,"gold_loss":35},{"damage_healed":0,"gold_gain":0,"cards_transformed":["Strike_R","Defend_R"],"player_choice":"Became Test Subject","damage_taken":0,"max_hp_gain":0,"max_hp_loss":0,"event_name":"Drug Dealer","floor":22,"gold_loss":0,"cards_obtained":["Impervious","Intimidate"]},{"damage_healed":0,"gold_gain":0,"player_choice":"Shed Blood","damage_taken":29,"max_hp_gain":5,"max_hp_loss":0,"event_name":"Forgotten Altar","floor":24,"gold_loss":0},{"damage_healed":0,"gold_gain":0,"player_choice":"Ignored","damage_taken":0,"max_hp_gain":0,"max_hp_loss":0,"event_name":"Beggar","floor":29,"gold_loss":0},{"damage_healed":0,"gold_gain":0,"player_choice":"Ignored","damage_taken":0,"max_hp_gain":0,"max_hp_loss":0,"event_name":"Tomb of Lord Red Mask","floor":36,"gold_loss":0}],"is_beta":false,"boss_relics":[{"not_picked":["hubris:CrackedHourglass","Sozu"],"picked":"Replay:Wanted Poster"},{"not_picked":["Replay:Bronze Core","Snecko Eye"],"picked":"Empty Cage"}],"items_purged_floors":[14,20,48,54],"is_endless":false,"potions_floor_spawned":[3,7,8,19,23,31,38,40,42,44,55],"ascension_level":20}}