{"host":"prxrhpgaxnj4om9r","time":1613654758,"event":{"mods":["AchievementEnabler","BaseMod","Colored Map","DeckTracker","Minty Spire (QoL Compilation)"],"gold_per_floor":[115,115,131,147,162,188,153,2,2,18,18,18,18,38,38,139,139,152,152,132,148,167,167,192,202,226,264,191,236,248,260,272,389,401,426,456,521,533,127,127,152,152,225,225,240,240,253,253,253,253,253],"floor_reached":50,"language":"KOR","playtime":2256,"items_purged":["Vigilance"],"score":653,"play_id":"0f5b6d2a-d860-4751-b599-3dd84b1128f7","local_time":"20210218222558","is_ascension_mode":false,"campfire_choices":[{"data":"Eruption","floor":11,"key":"SMITH"},{"floor":13,"key":"REST"},{"data":"ForeignInfluence","floor":15,"key":"SMITH"},{"floor":23,"key":"RECALL"},{"floor":30,"key":"REST"},{"data":"Adaptation","floor":32,"key":"SMITH"},{"floor":40,"key":"REST"},{"data":"WheelKick","floor":42,"key":"SMITH"},{"data":"Ragnarok","floor":44,"key":"SMITH"},{"floor":49,"key":"REST"}],"circlet_count":0,"master_deck":["Eruption+1","Halt","ReachHeaven+1","ForeignInfluence+1","Ragnarok","FearNoEvil","WheelKick+1","CutThroughFate","DeusExMachina","CutThroughFate+1","SandsOfTime","Pray+1","SashWhip+1","ThirdEye+1","Adaptation+1","Omniscience","EmptyFist","LikeWater","Ragnarok+1","SandsOfTime","CarveReality","Swivel","SpiritShield","CarveReality","InnerPeace+1","ThirdEye+1","EmptyBody+1","FlurryOfBlows+1","Madness","Madness"],"relics":["PureWater","FossilizedHelix","CultistMask","Turnip","PreservedInsect","Busted Crown","WingedGreaves","MawBank","Gremlin Horn","Oddly Smooth Stone","Blue Candle","Pandora\u0027s Box","Unceasing Top","Calipers","Orichalcum","Pear"],"acts_visited":["Exordium","TheCity","TheBeyond"],"potions_floor_usage":[1,16,20,21,22,29,33,45,50,50],"damage_taken":[{"damage":0,"enemies":"2 Louse","floor":1,"turns":2},{"damage":0,"enemies":"Cultist","floor":3,"turns":3},{"damage":0,"enemies":"Small Slimes","floor":4,"turns":2},{"damage":7,"enemies":"Looter","floor":5,"turns":4},{"damage":36,"enemies":"Lagavulin","floor":6,"turns":4},{"damage":6,"enemies":"Lots of Slimes","floor":10,"turns":3},{"damage":0,"enemies":"3 Louse","floor":14,"turns":2},{"damage":0,"enemies":"Slime Boss","floor":16,"turns":3},{"damage":4,"enemies":"3 Byrds","floor":18,"turns":4},{"damage":0,"enemies":"2 Thieves","floor":21,"turns":2},{"damage":0,"enemies":"Snecko","floor":22,"turns":3},{"damage":7,"enemies":"Slavers","floor":24,"turns":3},{"damage":0,"enemies":"Snake Plant","floor":25,"turns":2},{"damage":0,"enemies":"Gremlin Leader","floor":27,"turns":3},{"damage":21,"enemies":"Book of Stabbing","floor":29,"turns":4},{"damage":0,"enemies":"Collector","floor":33,"turns":6},{"damage":23,"enemies":"3 Darklings","floor":35,"turns":4},{"damage":0,"enemies":"Orb Walker","floor":36,"turns":2},{"damage":16,"enemies":"2 Orb Walkers","floor":37,"turns":3},{"damage":12,"enemies":"Nemesis","floor":41,"turns":3},{"damage":0,"enemies":"Jaw Worm Horde","floor":45,"turns":4},{"damage":0,"enemies":"Spire Growth","floor":47,"turns":2},{"damage":73,"enemies":"Donu and Deca","floor":50,"turns":5}],"seed_played":"6607339257429550858","potions_obtained":[{"floor":1,"key":"Fruit Juice"},{"floor":10,"key":"PowerPotion"},{"floor":16,"key":"Ancient Potion"},{"floor":18,"key":"Explosive Potion"},{"floor":20,"key":"Fruit Juice"},{"floor":21,"key":"Swift Potion"},{"floor":27,"key":"LiquidMemories"},{"floor":33,"key":"BottledMiracle"},{"floor":37,"key":"SpeedPotion"},{"floor":41,"key":"PowerPotion"}],"is_trial":false,"path_per_floor":["M","?","M","M","M","E","?","$","T","M","R","?","R","M","R","B",null,"M","?","?","M","M","R","E","M","T","E","?","E","R","?","R","B",null,"M","M","?","?","$","R","E","R","T","R","M","?","M","?","R","B"],"character_chosen":"WATCHER","items_purchased":["PreservedInsect","Calipers","Fire Potion"],"campfire_rested":4,"item_purchase_floors":[8,39,39],"current_hp_per_floor":[70,70,70,70,63,27,44,44,44,38,38,24,45,45,45,45,70,66,66,71,71,71,71,64,64,64,64,64,43,65,65,65,65,75,52,52,36,36,36,58,46,46,56,56,56,56,56,45,70,0,0],"gold":253,"neow_bonus":"ONE_RARE_RELIC","is_daily":false,"chose_seed":false,"campfire_upgraded":5,"win_rate":0.0,"timestamp":1613654758,"path_taken":["M","?","?","M","M","E","?","$","T","M","R","?","R","M","R","BOSS","M","?","?","M","M","R","E","?","T","E","?","E","R","?","R","BOSS","M","M","?","?","$","R","E","R","T","R","M","?","?","?","R","BOSS"],"items_purchased_type":["Relic","Relic","Potion"],"build_version":"2020-12-22","purchased_purges":1,"victory":false,"max_hp_per_floor":[70,70,70,70,70,70,70,70,70,70,70,70,70,70,70,70,70,70,70,75,75,75,75,75,75,75,75,75,75,75,75,75,75,75,75,75,75,75,75,75,75,75,85,85,85,85,85,85,85,85,85],"card_choices":[{"not_picked":["FlurryOfBlows","FlyingSleeves"],"picked":"Halt","floor":1},{"not_picked":["Protect","BowlingBash"],"picked":"ReachHeaven","floor":3},{"not_picked":["Tantrum","Indignation"],"picked":"ForeignInfluence","floor":4},{"not_picked":["Pray","Fasting2"],"picked":"Ragnarok","floor":5},{"not_picked":["FollowUp","Meditate"],"picked":"FearNoEvil","floor":6},{"not_picked":["FollowUp","SashWhip"],"picked":"WheelKick","floor":10},{"not_picked":["Nirvana","Swivel"],"picked":"CutThroughFate","floor":14},{"not_picked":["Ragnarok","Blasphemy"],"picked":"DeusExMachina","floor":16},{"not_picked":[],"picked":"CutThroughFate+1","floor":18},{"not_picked":[],"picked":"Pray+1","floor":21},{"not_picked":[],"picked":"SashWhip+1","floor":22},{"not_picked":["Evaluate"],"picked":"SKIP","floor":24},{"not_picked":[],"picked":"ThirdEye+1","floor":25},{"not_picked":[],"picked":"Adaptation","floor":27},{"not_picked":["Wallop"],"picked":"SKIP","floor":29},{"not_picked":[],"picked":"Omniscience","floor":33},{"not_picked":["ClearTheMind"],"picked":"SKIP","floor":35},{"not_picked":[],"picked":"InnerPeace+1","floor":36},{"not_picked":[],"picked":"ThirdEye+1","floor":41},{"not_picked":[],"picked":"EmptyBody+1","floor":45},{"not_picked":[],"picked":"FlurryOfBlows+1","floor":47}],"player_experience":520075,"relics_obtained":[{"floor":6,"key":"Turnip"},{"floor":24,"key":"WingedGreaves"},{"floor":26,"key":"MawBank"},{"floor":27,"key":"Gremlin Horn"},{"floor":29,"key":"Blue Candle"},{"floor":37,"key":"Unceasing Top"},{"floor":41,"key":"Orichalcum"},{"floor":43,"key":"Pear"}],"event_choices":[{"damage_healed":0,"gold_gain":0,"player_choice":"Trade","damage_taken":0,"relics_obtained":["CultistMask"],"max_hp_gain":0,"max_hp_loss":0,"event_name":"FaceTrader","floor":2,"gold_loss":0},{"damage_healed":17,"gold_gain":0,"player_choice":"Healed","damage_taken":0,"max_hp_gain":0,"max_hp_loss":0,"event_name":"The Cleric","floor":7,"gold_loss":35},{"damage_healed":0,"gold_gain":0,"player_choice":"Entered Light","damage_taken":14,"max_hp_gain":0,"max_hp_loss":0,"event_name":"Shining Light","floor":12,"gold_loss":0,"cards_upgraded":["ReachHeaven","Strike_P"]},{"damage_healed":0,"gold_gain":0,"player_choice":"Read","damage_taken":0,"max_hp_gain":0,"max_hp_loss":0,"event_name":"The Library","floor":19,"gold_loss":0,"cards_obtained":["SandsOfTime"]},{"damage_healed":0,"gold_gain":0,"player_choice":"Bought 1 Potion","damage_taken":0,"max_hp_gain":0,"max_hp_loss":0,"event_name":"The Woman in Blue","floor":20,"gold_loss":0},{"damage_healed":0,"gold_gain":0,"player_choice":"Obtained Relic","damage_taken":0,"relics_obtained":["Oddly Smooth Stone"],"max_hp_gain":0,"max_hp_loss":0,"event_name":"Addict","floor":28,"gold_loss":85},{"damage_healed":0,"gold_gain":0,"player_choice":"Ignored","damage_taken":0,"max_hp_gain":0,"max_hp_loss":0,"event_name":"Ghosts","floor":31,"gold_loss":0},{"damage_healed":0,"gold_gain":0,"player_choice":"Fight","damage_taken":0,"max_hp_gain":0,"max_hp_loss":0,"event_name":"Mysterious Sphere","floor":37,"gold_loss":0},{"damage_healed":0,"gold_gain":0,"player_choice":"Ignored","damage_taken":0,"max_hp_gain":0,"max_hp_loss":0,"event_name":"Tomb of Lord Red Mask","floor":38,"gold_loss":0},{"damage_healed":0,"gold_gain":0,"player_choice":"Ignored","damage_taken":0,"max_hp_gain":0,"max_hp_loss":0,"event_name":"NoteForYourself","floor":46,"gold_loss":0},{"damage_healed":0,"gold_gain":0,"player_choice":"Embrace Madness","damage_taken":11,"max_hp_gain":0,"max_hp_loss":0,"event_name":"Winding Halls","floor":48,"gold_loss":0,"cards_obtained":["Madness","Madness"]}],"is_beta":false,"boss_relics":[{"not_picked":["VioletLotus","Philosopher\u0027s Stone"],"picked":"Busted Crown"},{"not_picked":["SacredBark","Snecko Eye"],"picked":"Pandora\u0027s Box"}],"items_purged_floors":[39],"is_endless":false,"potions_floor_spawned":[1,10,16,18,21,27,33,37,41],"killed_by":"Donu and Deca","ascension_level":0}}