{"host":"0luxfixkkfk9wck3","time":1613680033,"event":{"mods":["BaseMod","DeckTracker","Downfall","Highlight Path","Minty Spire (QoL Compilation)","StSLib"],"gold_per_floor":[99,116,116,116,136,136,136,147,57,57,84,96,96,129,149,166,166,166],"floor_reached":16,"language":"ENG","playtime":696,"items_purged":["Writhe"],"score":187,"play_id":"c196fc90-81ce-4c6c-919a-6375dd312ade","local_time":"20210218142713","is_ascension_mode":true,"campfire_choices":[{"data":"Metamorphosis","floor":1,"key":"SMITH"},{"data":"sneckomod:UnknownUncommonSkill","floor":6,"key":"SMITH"},{"data":"sneckomod:Memorize","floor":10,"key":"SMITH"},{"floor":13,"key":"REST"}],"circlet_count":0,"master_deck":["AscendersBane","sneckomod:Strike","sneckomod:Strike","sneckomod:Defend","sneckomod:Defend","sneckomod:Defend","sneckomod:TailWhip+1","sneckomod:SnekBite","sneckomod:Unknown+1","sneckomod:Unknown","Metamorphosis+1","Parasite","sneckomod:UnknownUncommonSkill+1","sneckomod:Memorize+1","sneckomod:UnknownCommonSkill","sneckomod:UnknownX","sneckomod:Unknown2Cost","sneckomod:UnknownCommonSkill"],"relics":["sneckomod:SneckoSoul","White Beast Statue","MealTicket","Shuriken"],"acts_visited":["Exordium"],"potions_floor_usage":[11,16,16],"damage_taken":[{"damage":1,"enemies":"2 Louse","floor":2,"turns":2},{"damage":3,"enemies":"Small Slimes","floor":5,"turns":5},{"damage":4,"enemies":"Cultist","floor":8,"turns":3},{"damage":5,"enemies":"downfall:FleeingMerchant","floor":9,"turns":4},{"damage":22,"enemies":"Gremlin Nob","floor":11,"turns":4},{"damage":19,"enemies":"Exordium Thugs","floor":12,"turns":8},{"damage":22,"enemies":"3 Sentries","floor":14,"turns":8},{"damage":8,"enemies":"Blue Slaver","floor":15,"turns":2},{"damage":18,"enemies":"DF_ARCHETYPE_STREAMLINE","floor":16,"turns":3}],"seed_played":"-6391621966325070731","potions_obtained":[{"floor":8,"key":"sneckomod:OffclassReductionPotion"},{"floor":9,"key":"GamblersBrew"},{"floor":11,"key":"ColorlessPotion"},{"floor":12,"key":"LiquidBronze"},{"floor":14,"key":"Slimebound:ThreeZeroPotion"}],"is_trial":false,"path_per_floor":["R","M","?","?","M","R","T","M","$","R","E","M","R","E","M","B"],"character_chosen":"THE_SNECKO","items_purchased":[],"campfire_rested":1,"item_purchase_floors":[],"current_hp_per_floor":[75,74,74,74,71,71,71,67,62,62,40,21,45,23,15,0,0,0],"gold":166,"neow_bonus":"RANDOM_COLORLESS_2","is_daily":false,"chose_seed":false,"campfire_upgraded":3,"win_rate":0.0,"timestamp":1613680033,"path_taken":["R","M","?","?","?","R","T","M","?","R","E","M","R","E","M","BOSS"],"items_purchased_type":[],"build_version":"2020-12-22","purchased_purges":1,"victory":false,"max_hp_per_floor":[83,83,83,83,83,83,83,83,83,83,83,83,83,83,83,83,83,83],"card_choices":[{"not_picked":["Secret Weapon","Violence"],"picked":"Metamorphosis","floor":0},{"not_picked":["sneckomod:SoulDraw","sneckomod:UnknownCommonSkill","sneckomod:UnknownCommonAttack"],"picked":"SKIP","floor":2},{"not_picked":["sneckomod:QuickMove","sneckomod:WideSting"],"picked":"sneckomod:UnknownUncommonSkill","floor":5},{"not_picked":["sneckomod:Unknown1Cost","sneckomod:Cheat"],"picked":"sneckomod:Memorize","floor":8},{"not_picked":["sneckomod:DiceCrush","sneckomod:QuickBite"],"picked":"sneckomod:UnknownCommonSkill","floor":9},{"not_picked":["sneckomod:SoulExchange","sneckomod:DiceBlock"],"picked":"sneckomod:UnknownX","floor":11},{"not_picked":["sneckomod:SoulRoll","sneckomod:SnekBeam","sneckomod:RainOfDice"],"picked":"SKIP","floor":12},{"not_picked":["sneckomod:SnekBeam","sneckomod:SoulRoll"],"picked":"sneckomod:Unknown2Cost","floor":14},{"not_picked":["sneckomod:Nope","sneckomod:SoulRoll"],"picked":"sneckomod:UnknownCommonSkill","floor":15}],"player_experience":11981138,"relics_obtained":[{"floor":7,"key":"White Beast Statue"},{"floor":11,"key":"MealTicket"},{"floor":14,"key":"Shuriken"}],"event_choices":[],"is_beta":false,"boss_relics":[],"items_purged_floors":[9],"is_endless":false,"potions_floor_spawned":[8,9,11,12,14,15],"killed_by":"DF_ARCHETYPE_STREAMLINE","ascension_level":14}}