{"host":"bq4pt811tk9yrmjl","time":1613682304,"event":{"mods":["AchievementEnabler","BaseMod","Colored Map","Colored Powertips","Defuse TimeMaze Blight","Minty Spire (QoL Compilation)","Smile Girya","StSLib","SuperFastMode"],"gold_per_floor":[114,42,42,42,42,42,72,72,144,169,187,214,214,228,228,329,329,347,358,374,374,374,409,409,429,429,529,529,58,92,109,109,210,210,226,239,339,40,55,67,67,67,67,80,0,0,32,42,42,42,42,42,20,54,54,54],"floor_reached":55,"language":"ENG","playtime":1145,"items_purged":[],"score":791,"play_id":"2bb0eedf-8a3a-4f99-8177-cb66a3fe245b","local_time":"20210218190504","is_ascension_mode":true,"campfire_choices":[{"data":"Infinite Blades","floor":6.0,"key":"SMITH"},{"data":"Accuracy","floor":13.0,"key":"SMITH"},{"data":"Blade Dance","floor":15.0,"key":"SMITH"},{"data":"Terror","floor":24.0,"key":"SMITH"},{"floor":28.0,"key":"RECALL"},{"floor":32.0,"key":"REST"},{"data":"A Thousand Cuts","floor":41.0,"key":"SMITH"},{"data":"Noxious Fumes","floor":46.0,"key":"SMITH"},{"floor":49.0,"key":"REST"},{"data":"Adrenaline","floor":52.0,"key":"SMITH"}],"circlet_count":0,"master_deck":["Strike_G","Strike_G","Strike_G","Defend_G","Defend_G","Defend_G","Defend_G+1","Defend_G","Survivor","Neutralize+1","Infinite Blades+1","Terror+1","Deflect","Blade Dance+1","Accuracy+1","Adrenaline+1","Slice","Backflip+1","Die Die Die+1","Dagger Spray+1","Noxious Fumes+1","A Thousand Cuts+1","Backstab+1","Cloak And Dagger+1","Slice+1","Blade Dance+1","PiercingWail"],"relics":["Ring of the Snake","NeowsBlessing","Turnip","Ninja Scroll","Question Card","SacredBark","Molten Egg 2","Ornamental Fan","Pantograph","TwistedFunnel","Vajra","WristBlade","Happy Flower","Lee\u0027s Waffle","StoneCalendar","Red Mask","Juzu Bracelet","Bottled Flame"],"acts_visited":["Exordium","TheCity","TheBeyond","TheEnding"],"potions_floor_usage":[54],"damage_taken":[{"damage":0.0,"enemies":"Cultist","floor":1.0,"turns":1.0},{"damage":0.0,"enemies":"Gremlin Nob","floor":7.0,"turns":1.0},{"damage":0.0,"enemies":"3 Sentries","floor":10.0,"turns":2.0},{"damage":0.0,"enemies":"2 Louse","floor":11.0,"turns":3.0},{"damage":4.0,"enemies":"Gremlin Nob","floor":12.0,"turns":3.0},{"damage":0.0,"enemies":"Small Slimes","floor":14.0,"turns":2.0},{"damage":24.0,"enemies":"Slime Boss","floor":16.0,"turns":8.0},{"damage":6.0,"enemies":"2 Thieves","floor":18.0,"turns":3.0},{"damage":0.0,"enemies":"Spheric Guardian","floor":19.0,"turns":1.0},{"damage":0.0,"enemies":"Shelled Parasite and Fungi","floor":20.0,"turns":6.0},{"damage":7.0,"enemies":"Book of Stabbing","floor":23.0,"turns":4.0},{"damage":0.0,"enemies":"Centurion and Healer","floor":25.0,"turns":3.0},{"damage":10.0,"enemies":"Gremlin Leader","floor":30.0,"turns":4.0},{"damage":0.0,"enemies":"Cultist and Chosen","floor":31.0,"turns":4.0},{"damage":25.0,"enemies":"Automaton","floor":33.0,"turns":8.0},{"damage":0.0,"enemies":"Orb Walker","floor":35.0,"turns":1.0},{"damage":0.0,"enemies":"3 Darklings","floor":36.0,"turns":3.0},{"damage":0.0,"enemies":"4 Shapes","floor":39.0,"turns":6.0},{"damage":0.0,"enemies":"Writhing Mass","floor":40.0,"turns":3.0},{"damage":5.0,"enemies":"Jaw Worm Horde","floor":44.0,"turns":3.0},{"damage":28.0,"enemies":"Nemesis","floor":47.0,"turns":5.0},{"damage":0.0,"enemies":"3 Darklings","floor":48.0,"turns":3.0},{"damage":77.0,"enemies":"Awakened One","floor":50.0,"turns":9.0},{"damage":13,"enemies":"Shield and Spear","floor":54,"turns":4},{"damage":83,"enemies":"The Heart","floor":55,"turns":5}],"seed_played":"-297257269062272701","potions_obtained":[{"floor":7.0,"key":"Weak Potion"},{"floor":16.0,"key":"PowerPotion"},{"floor":18.0,"key":"SteroidPotion"},{"floor":23.0,"key":"Swift Potion"},{"floor":25.0,"key":"SteroidPotion"},{"floor":31.0,"key":"Energy Potion"},{"floor":36.0,"key":"AttackPotion"},{"floor":47.0,"key":"SteroidPotion"}],"is_trial":false,"path_per_floor":["M","$","?","?","?","R","E","?","T","E","M","E","R","M","R","B",null,"M","M","M","?","?","E","R","M","T","?","R","$","E","M","R","B",null,"M","M","?","$","M","M","R","?","T","M","?","R","E","M","R","B",null,"R","$","E","B"],"character_chosen":"THE_SILENT","items_purchased":["Infinite Blades","Pantograph","TwistedFunnel","Noxious Fumes","Happy Flower","Lee\u0027s Waffle","PiercingWail"],"campfire_rested":2,"item_purchase_floors":[2,29,29,29,38,38,53],"current_hp_per_floor":[70,70,75,60,60,60,60,60,60,60,60,56,56,56,56,32,75,69,69,69,69,69,62,62,62,62,62,62,62,52,52,74,50,75,75,75,75,82,82,82,82,82,82,77,77,77,49,49,73,5,82,82,82,69,0,0],"gold":54,"neow_bonus":"THREE_ENEMY_KILL","is_daily":false,"chose_seed":false,"campfire_upgraded":7,"win_rate":0.0,"timestamp":1613682304,"path_taken":["M","$","?","?","?","R","E","?","T","E","M","E","R","?","R","BOSS","M","M","M","?","?","E","R","?","T","?","R","$","E","M","R","BOSS","M","?","?","$","?","M","R","?","T","M","?","R","E","M","R","BOSS","R","$","E","BOSS"],"items_purchased_type":["Card","Relic","Relic","Card","Relic","Relic","Card"],"build_version":"2020-12-22","purchased_purges":0,"victory":false,"max_hp_per_floor":[70,70,75,75,75,75,75,75,75,75,75,75,75,75,75,75,75,75,75,75,75,75,75,75,75,75,75,75,75,75,75,75,75,75,75,75,75,82,82,82,82,82,82,82,82,82,82,82,82,82,82,82,82,82,82,82],"card_choices":[{"not_picked":["Poisoned Stab","Outmaneuver","Acrobatics"],"picked":"SKIP","floor":1.0},{"not_picked":["Prepared","Crippling Poison"],"picked":"Terror","floor":7.0},{"not_picked":["Bane","Slice"],"picked":"Deflect","floor":10.0},{"not_picked":["Dagger Throw","Poisoned Stab"],"picked":"Blade Dance","floor":11.0},{"not_picked":["Blur","Cloak And Dagger"],"picked":"Accuracy","floor":12.0},{"not_picked":["Masterful Stab","Footwork","Backflip","Deadly Poison"],"picked":"SKIP","floor":14.0},{"not_picked":["Venomology","A Thousand Cuts","Die Die Die"],"picked":"Adrenaline","floor":16.0},{"not_picked":["PiercingWail","Heel Hook","Underhanded Strike"],"picked":"Slice","floor":18.0},{"not_picked":["Endless Agony","Eviscerate","Catalyst","Riddle With Holes"],"picked":"SKIP","floor":19.0},{"not_picked":["Prepared","Catalyst","Underhanded Strike"],"picked":"Backflip+1","floor":20.0},{"not_picked":["Backstab+1","Cloak And Dagger","Backflip+1"],"picked":"Die Die Die+1","floor":23.0},{"not_picked":["Bane+1","Flying Knee+1","Prepared"],"picked":"Dagger Spray+1","floor":25.0},{"not_picked":["Predator+1","Poisoned Stab+1","Footwork","Underhanded Strike+1"],"picked":"SKIP","floor":30.0},{"not_picked":["Concentrate","Noxious Fumes","Deflect","Wraith Form v2"],"picked":"SKIP","floor":31.0},{"not_picked":["Venomology","Wraith Form v2","Die Die Die+1"],"picked":"A Thousand Cuts","floor":33.0},{"not_picked":["Infinite Blades","Crippling Poison","Quick Slash+1"],"picked":"Backstab+1","floor":35.0},{"not_picked":["Acrobatics+1","Masterful Stab+1","Underhanded Strike+1","Deadly Poison+1"],"picked":"SKIP","floor":36.0},{"not_picked":["Dagger Spray+1","Slice+1","PiercingWail"],"picked":"Cloak And Dagger+1","floor":39.0},{"not_picked":["Quick Slash+1","Outmaneuver","Bane+1"],"picked":"Slice+1","floor":40.0},{"not_picked":["Footwork","Wraith Form v2","Flechettes+1","Infinite Blades"],"picked":"SKIP","floor":44.0},{"not_picked":["Flying Knee+1","Infinite Blades+1","Dagger Throw+1"],"picked":"Blade Dance+1","floor":47.0},{"not_picked":["Leg Sweep","Well Laid Plans+1","Bane+1","Dagger Throw+1"],"picked":"SKIP","floor":48.0},{"not_picked":["Backstab+1","Eviscerate+1","Terror+1","Sucker Punch+1"],"picked":"SKIP","floor":54}],"player_experience":273337,"relics_obtained":[{"floor":7.0,"key":"Turnip"},{"floor":10.0,"key":"Ninja Scroll"},{"floor":12.0,"key":"Question Card"},{"floor":23.0,"key":"Molten Egg 2"},{"floor":26.0,"key":"Ornamental Fan"},{"floor":30.0,"key":"Vajra"},{"floor":43.0,"key":"StoneCalendar"},{"floor":47.0,"key":"Juzu Bracelet"},{"floor":54,"key":"Bottled Flame"}],"event_choices":[{"damage_healed":0.0,"max_hp_gain":5.0,"max_hp_loss":0.0,"gold_gain":0.0,"event_name":"Big Fish","player_choice":"Donut","floor":3.0,"gold_loss":0.0,"damage_taken":0.0},{"damage_healed":0.0,"max_hp_gain":0.0,"max_hp_loss":0.0,"gold_gain":0.0,"event_name":"Shining Light","player_choice":"Entered Light","floor":4.0,"gold_loss":0.0,"damage_taken":15.0,"cards_upgraded":["Defend_G","Neutralize"]},{"damage_healed":0.0,"max_hp_gain":0.0,"max_hp_loss":0.0,"gold_gain":0.0,"event_name":"Liars Game","player_choice":"Ignored","floor":5.0,"gold_loss":0.0,"damage_taken":0.0},{"damage_healed":0.0,"max_hp_gain":0.0,"max_hp_loss":0.0,"gold_gain":0.0,"event_name":"Dead Adventurer","player_choice":"Searched \u00270\u0027 times","floor":8.0,"gold_loss":0.0,"damage_taken":0.0},{"damage_healed":0.0,"max_hp_gain":0.0,"max_hp_loss":0.0,"gold_gain":0.0,"event_name":"Beggar","player_choice":"Ignored","floor":21.0,"gold_loss":0.0,"damage_taken":0.0},{"cards_removed":["Strike_G"],"damage_healed":0.0,"max_hp_gain":0.0,"max_hp_loss":0.0,"gold_gain":0.0,"event_name":"Purifier","player_choice":"Purged","floor":22.0,"gold_loss":0.0,"damage_taken":0.0},{"damage_healed":0.0,"max_hp_gain":0.0,"max_hp_loss":0.0,"gold_gain":100.0,"event_name":"Golden Shrine","player_choice":"Pray","floor":27.0,"gold_loss":0.0,"damage_taken":0.0},{"damage_healed":0.0,"max_hp_gain":0.0,"max_hp_loss":0.0,"gold_gain":100.0,"event_name":"Golden Shrine","player_choice":"Pray","floor":37.0,"gold_loss":0.0,"damage_taken":0.0},{"cards_removed":["Strike_G"],"damage_healed":0.0,"max_hp_gain":0.0,"max_hp_loss":0.0,"gold_gain":0.0,"event_name":"Falling","player_choice":"Removed Attack","floor":42.0,"gold_loss":0.0,"damage_taken":0.0},{"damage_healed":0.0,"max_hp_gain":0.0,"max_hp_loss":0.0,"gold_gain":0.0,"event_name":"Tomb of Lord Red Mask","player_choice":"Paid","floor":45.0,"gold_loss":80.0,"damage_taken":0.0,"relics_obtained":["Red Mask"]}],"is_beta":false,"boss_relics":[{"not_picked":["Runic Pyramid","Pandora\u0027s Box"],"picked":"SacredBark"},{"not_picked":["Coffee Dripper","SlaversCollar"],"picked":"WristBlade"}],"items_purged_floors":[],"is_endless":false,"potions_floor_spawned":[7,16,18,23,25,31,36,39,47],"killed_by":"The Heart","ascension_level":1}}