{"host":"0xnlke9dn7m72v1t","time":1613649697,"event":{"mods":["AchievementEnabler","BaseMod","BetterRewards","Colored Map","Colored Powertips","Minty Spire (QoL Compilation)","Quick Restart","StSLib","SuperFastMode"],"gold_per_floor":[116,167,167,185,198,198,528,528,528,545,558,558,570,590,590,689,689,701,701,146,146,163,189,39,39,87,87,12,41,140,53,53,156,156,176,226,0,11,11,11,11,11],"floor_reached":41,"language":"DEU","playtime":2202,"items_purged":[],"score":477,"play_id":"f3c3d9de-5455-4ec0-9997-ea4280b6972d","local_time":"20210218130137","is_ascension_mode":false,"campfire_choices":[{"data":"Rage","floor":6,"key":"SMITH"},{"floor":12,"key":"REST"},{"data":"Fire Breathing","floor":15,"key":"SMITH"},{"floor":27,"key":"REST"},{"floor":32,"key":"REST"},{"floor":40,"key":"REST"}],"circlet_count":0,"master_deck":["Strike_R","Strike_R","Strike_R","Strike_R","Defend_R","Defend_R","Defend_R","Defend_R","Clash+1","Clash","Rage+1","Fire Breathing+1","Barricade","CurseOfTheBell","Anger","Shrug It Off+1","Inflame","Body Slam+1","Searing Blow","Dramatic Entrance","Dark Embrace+1","Pommel Strike+1","Fire Breathing","Metallicize+1"],"relics":["Burning Blood","Lee\u0027s Waffle","Ice Cream","Peace Pipe","Old Coin","Torii","TungstenRod","Calling Bell","Oddly Smooth Stone","Pear","Bronze Scales","Gremlin Horn","Strange Spoon","Darkstone Periapt","Dream Catcher","StoneCalendar","Regal Pillow","Letter Opener","Sozu","Incense Burner","Red Mask"],"acts_visited":["Exordium","TheCity","TheBeyond"],"potions_floor_usage":[33,41],"damage_taken":[{"damage":3,"enemies":"Small Slimes","floor":1,"turns":2},{"damage":0,"enemies":"2 Louse","floor":4,"turns":4},{"damage":0,"enemies":"Cultist","floor":5,"turns":3},{"damage":60,"enemies":"3 Sentries","floor":7,"turns":14},{"damage":0,"enemies":"Blue Slaver","floor":10,"turns":2},{"damage":0,"enemies":"Exordium Wildlife","floor":11,"turns":5},{"damage":9,"enemies":"Exordium Thugs","floor":13,"turns":5},{"damage":0,"enemies":"Looter","floor":14,"turns":2},{"damage":20,"enemies":"The Guardian","floor":16,"turns":13},{"damage":36,"enemies":"Spheric Guardian","floor":18,"turns":8},{"damage":0,"enemies":"Chosen","floor":22,"turns":6},{"damage":43,"enemies":"Slavers","floor":23,"turns":5},{"damage":16,"enemies":"Gremlin Leader","floor":29,"turns":7},{"damage":50,"enemies":"Automaton","floor":33,"turns":10},{"damage":22,"enemies":"Orb Walker","floor":35,"turns":4},{"damage":33,"enemies":"Mind Bloom Boss Battle","floor":36,"turns":7},{"damage":13,"enemies":"3 Darklings","floor":38,"turns":5},{"damage":114,"enemies":"Giant Head","floor":41,"turns":10}],"seed_played":"-6757973235116812068","potions_obtained":[{"floor":4,"key":"PowerPotion"},{"floor":7,"key":"AttackPotion"},{"floor":10,"key":"Strength Potion"},{"floor":33,"key":"FearPotion"}],"is_trial":false,"path_per_floor":["M","?","?","M","M","R","E","?","T","M","M","R","M","M","R","B",null,"M","?","$","?","M","E","$","?","T","R","?","E","?","$","R","B",null,"M","?","?","M","$","R","E"],"character_chosen":"IRONCLAD","items_purchased":["Lee\u0027s Waffle","Ice Cream","Clash","Bronze Scales","Gremlin Horn","Strange Spoon","Dream Catcher","Dramatic Entrance"],"campfire_rested":4,"item_purchase_floors":[0,0,0,20,20,20,24,31],"current_hp_per_floor":[87,87,87,87,87,87,33,33,33,39,45,71,68,74,74,60,97,67,49,49,49,55,18,18,18,18,63,63,53,53,53,98,54,102,86,59,59,52,52,97,0,0],"gold":11,"neow_bonus":"","is_daily":false,"chose_seed":false,"campfire_upgraded":2,"win_rate":0.0,"timestamp":1613649697,"path_taken":["M","?","?","M","M","R","E","?","T","M","M","R","?","M","R","BOSS","M","?","$","?","?","E","$","?","T","R","?","E","?","$","R","BOSS","M","?","?","M","$","R","E"],"items_purchased_type":["Relic","Relic","Card","Relic","Relic","Relic","Relic","Card"],"build_version":"2020-12-22","purchased_purges":0,"victory":false,"max_hp_per_floor":[87,87,87,87,87,87,87,87,87,87,87,87,87,87,87,87,97,97,102,102,102,102,102,102,102,102,102,102,102,102,102,102,102,102,102,102,102,102,102,102,102,102],"card_choices":[{"not_picked":["Sever Soul","Bloodletting","Dual Wield"],"picked":"SKIP","floor":1},{"not_picked":["Flame Barrier","Armaments"],"picked":"Clash","floor":4},{"not_picked":["Flex","Shrug It Off"],"picked":"Rage","floor":5},{"not_picked":["Twin Strike","Thunderclap","Rampage"],"picked":"SKIP","floor":7},{"not_picked":["Thunderclap","Warcry"],"picked":"Fire Breathing","floor":10},{"not_picked":["Sword Boomerang","Double Tap","Thunderclap"],"picked":"SKIP","floor":11},{"not_picked":["True Grit","Headbutt","Heavy Blade"],"picked":"SKIP","floor":13},{"not_picked":["Pommel Strike","Perfected Strike","Ghostly Armor"],"picked":"SKIP","floor":14},{"not_picked":["Juggernaut","Offering"],"picked":"Barricade","floor":16},{"not_picked":["Shrug It Off","Spot Weakness"],"picked":"Anger","floor":18},{"not_picked":["Flame Barrier+1","Carnage"],"picked":"Shrug It Off+1","floor":22},{"not_picked":["Shockwave","Body Slam"],"picked":"Inflame","floor":23},{"not_picked":["Armaments","Iron Wave"],"picked":"Body Slam+1","floor":27},{"not_picked":["Shrug It Off","Anger"],"picked":"Searing Blow","floor":29},{"not_picked":["Heavy Blade","Double Tap"],"picked":"Dark Embrace+1","floor":32},{"not_picked":["Rage","Iron Wave+1"],"picked":"Pommel Strike+1","floor":35},{"not_picked":["Clothesline+1","Shrug It Off"],"picked":"Fire Breathing","floor":38},{"not_picked":["Entrench+1","Flame Barrier"],"picked":"Metallicize+1","floor":40}],"player_experience":10443,"relics_obtained":[{"floor":7,"key":"Old Coin"},{"floor":8,"key":"Torii"},{"floor":9,"key":"TungstenRod"},{"floor":17,"key":"Oddly Smooth Stone"},{"floor":17,"key":"Pear"},{"floor":23,"key":"Darkstone Periapt"},{"floor":26,"key":"Regal Pillow"},{"floor":29,"key":"Letter Opener"},{"floor":36,"key":"Incense Burner"}],"event_choices":[{"damage_healed":0,"gold_gain":51,"player_choice":"Gained Gold","damage_taken":0,"max_hp_gain":0,"max_hp_loss":0,"event_name":"Golden Wing","floor":2,"gold_loss":0},{"damage_healed":0,"gold_gain":0,"player_choice":"Grow","damage_taken":0,"max_hp_gain":0,"max_hp_loss":0,"event_name":"Living Wall","floor":3,"gold_loss":0,"cards_upgraded":["Clash"]},{"damage_healed":0,"gold_gain":0,"player_choice":"Relic","damage_taken":0,"max_hp_gain":0,"max_hp_loss":0,"event_name":"Wheel of Change","floor":8,"gold_loss":0},{"damage_healed":0,"gold_gain":0,"player_choice":"Shed Blood","damage_taken":24,"max_hp_gain":5,"max_hp_loss":0,"event_name":"Forgotten Altar","floor":19,"gold_loss":0},{"cards_removed":["Bash"],"damage_healed":0,"gold_gain":0,"player_choice":"Offered Basic","damage_taken":0,"max_hp_gain":0,"max_hp_loss":0,"event_name":"Bonfire Elementals","floor":21,"gold_loss":0},{"damage_healed":0,"gold_gain":0,"player_choice":"Opened","damage_taken":0,"relics_obtained":["StoneCalendar"],"max_hp_gain":0,"max_hp_loss":0,"event_name":"The Mausoleum","floor":25,"gold_loss":0},{"cards_removed":["Strike_R"],"damage_healed":0,"gold_gain":0,"player_choice":"Gave Gold","damage_taken":0,"max_hp_gain":0,"max_hp_loss":0,"event_name":"Beggar","floor":28,"gold_loss":75},{"damage_healed":0,"gold_gain":99,"player_choice":"Stole From Cult","damage_taken":0,"max_hp_gain":0,"max_hp_loss":0,"event_name":"Nest","floor":30,"gold_loss":0},{"damage_healed":0,"gold_gain":0,"player_choice":"Fight","damage_taken":0,"max_hp_gain":0,"max_hp_loss":0,"event_name":"MindBloom","floor":36,"gold_loss":0},{"damage_healed":0,"gold_gain":0,"player_choice":"Paid","damage_taken":0,"relics_obtained":["Red Mask"],"max_hp_gain":0,"max_hp_loss":0,"event_name":"Tomb of Lord Red Mask","floor":37,"gold_loss":226}],"is_beta":false,"boss_relics":[{"not_picked":["Ectoplasm","Mark of Pain"],"picked":"Calling Bell"},{"not_picked":["Velvet Choker","Snecko Eye"],"picked":"Sozu"}],"items_purged_floors":[],"is_endless":false,"potions_floor_spawned":[4,7,10,11,14,22,33,38],"killed_by":"Giant Head","ascension_level":0}}