{"host":"8yjzhzrz8fua21wd","time":1613674139,"event":{"mods":["AchievementEnabler","BaseMod","Colored Map","Colored Powertips","Minty Spire (QoL Compilation)","Quick Restart","Relic Stats"],"gold_per_floor":[111,131,146,160,179,206,281,281,305,305,335,335,335,353,353,455,455,471,471,488,152,152,152,152],"floor_reached":23,"language":"ENG","playtime":1162,"items_purged":[],"score":211,"play_id":"a4747658-077a-4257-b7e8-cf7e43a2fc9f","local_time":"20210218134859","is_ascension_mode":true,"campfire_choices":[{"floor":8.0,"key":"REST"},{"floor":13.0,"key":"REST"},{"floor":15,"key":"REST"}],"circlet_count":0,"master_deck":["Strike_B+1","Strike_B+1","Strike_B+1","Strike_B+1","Defend_B+1","Defend_B+1","Defend_B+1","Defend_B+1","Dualcast","Beam Cell","Ball Lightning","FTL","FTL","Beam Cell","Self Repair+1","Magnetism"],"relics":["Cracked Core","Art of War","Bag of Preparation","PreservedInsect","Inserter","Nunchaku","MealTicket"],"acts_visited":["Exordium","TheCity"],"potions_floor_usage":[16,23],"damage_taken":[{"damage":0.0,"enemies":"Small Slimes","floor":1.0,"turns":2.0},{"damage":1.0,"enemies":"Jaw Worm","floor":2.0,"turns":4.0},{"damage":0.0,"enemies":"Cultist","floor":3.0,"turns":4.0},{"damage":5.0,"enemies":"Looter","floor":4.0,"turns":3.0},{"damage":8.0,"enemies":"Large Slime","floor":5.0,"turns":4.0},{"damage":28.0,"enemies":"Gremlin Nob","floor":6.0,"turns":4.0},{"damage":21.0,"enemies":"Lagavulin","floor":11.0,"turns":5.0},{"damage":0,"enemies":"2 Fungi Beasts","floor":14,"turns":2},{"damage":58,"enemies":"Hexaghost","floor":16,"turns":8},{"damage":14,"enemies":"Shell Parasite","floor":18,"turns":4},{"damage":0,"enemies":"Chosen","floor":20,"turns":3},{"damage":78,"enemies":"Slavers","floor":23,"turns":4}],"seed_played":"-1077784646059804941","potions_obtained":[{"floor":1.0,"key":"SteroidPotion"},{"floor":2.0,"key":"Ancient Potion"},{"floor":5.0,"key":"EssenceOfSteel"},{"floor":6.0,"key":"FearPotion"},{"floor":18,"key":"SpeedPotion"}],"is_trial":false,"path_per_floor":["M","M","M","M","M","E","?","R","T","?","E","$","R","M","R","B",null,"M","?","M","$","?","E"],"character_chosen":"DEFECT","items_purchased":["Magnetism","Nunchaku"],"campfire_rested":3,"item_purchase_floors":[21,21],"current_hp_per_floor":[82,81,81,76,68,40,29,53,53,46,25,25,49,49,73,15,82,68,68,78,78,78,0,0],"gold":152,"neow_bonus":"TEN_PERCENT_HP_BONUS","is_daily":false,"chose_seed":false,"campfire_upgraded":0,"win_rate":0.0,"timestamp":1613674139,"path_taken":["M","M","M","M","M","E","?","R","T","?","E","?","R","?","R","BOSS","M","?","M","$","?","E"],"items_purchased_type":["Card","Relic"],"build_version":"2020-12-22","purchased_purges":0,"victory":false,"max_hp_per_floor":[82,82,82,82,82,82,82,82,82,82,82,82,82,82,82,82,82,82,82,82,82,82,82,82],"relic_stats":{"Nunchaku":[0],"Inserter":[5],"counters":[12,47],"MealTicket":0,"PreservedInsect":39,"Art of War":[1],"Bag of Preparation":[12],"obtain_stats":[{"Nunchaku":21,"Inserter":17,"MealTicket":22,"PreservedInsect":11,"Art of War":6,"Bag of Preparation":9,"Cracked Core":0},{"Nunchaku":11,"Inserter":9,"MealTicket":11,"PreservedInsect":7,"Art of War":6,"Bag of Preparation":6,"Cracked Core":0},{"Nunchaku":43,"Inserter":36,"MealTicket":43,"PreservedInsect":26,"Art of War":21,"Bag of Preparation":21,"Cracked Core":0}]},"card_choices":[{"not_picked":["Consume","Double Energy","Compile Driver"],"picked":"SKIP","floor":1.0},{"not_picked":["Turbo","Lockon"],"picked":"Beam Cell","floor":2.0},{"not_picked":["Streamline","Sunder"],"picked":"Ball Lightning","floor":3.0},{"not_picked":["Rebound","Reinforced Body"],"picked":"FTL","floor":4.0},{"not_picked":["Hologram","Auto Shields"],"picked":"FTL","floor":5.0},{"not_picked":["Fission","Rebound","Gash"],"picked":"SKIP","floor":6.0},{"not_picked":["Leap","Steam"],"picked":"Beam Cell","floor":11.0},{"not_picked":["Glacier","Chaos","Tempest"],"picked":"SKIP","floor":14},{"not_picked":["Beam Cell","Defragment"],"picked":"Self Repair+1","floor":18},{"not_picked":["Compile Driver","Cold Snap+1","Rebound"],"picked":"SKIP","floor":20}],"player_experience":148515,"relics_obtained":[{"floor":6.0,"key":"Art of War"},{"floor":9.0,"key":"Bag of Preparation"},{"floor":11.0,"key":"PreservedInsect"}],"event_choices":[{"damage_healed":0.0,"max_hp_gain":0.0,"max_hp_loss":0.0,"gold_gain":75.0,"event_name":"World of Goop","player_choice":"Gather Gold","floor":7.0,"gold_loss":0.0,"damage_taken":11.0},{"cards_removed":["Zap"],"damage_healed":0.0,"max_hp_gain":0.0,"max_hp_loss":0.0,"gold_gain":0.0,"event_name":"Golden Wing","player_choice":"Card Removal","floor":10.0,"gold_loss":0.0,"damage_taken":7.0},{"damage_healed":0,"gold_gain":0,"player_choice":"Simplicity","damage_taken":0,"max_hp_gain":0,"max_hp_loss":0,"event_name":"Back to Basics","floor":19,"gold_loss":0,"cards_upgraded":["Strike_B","Strike_B","Strike_B","Strike_B","Defend_B","Defend_B","Defend_B","Defend_B"]},{"damage_healed":0,"gold_gain":0,"player_choice":"Opened","damage_taken":0,"relics_obtained":["MealTicket"],"max_hp_gain":0,"max_hp_loss":0,"event_name":"The Mausoleum","floor":22,"gold_loss":0}],"is_beta":false,"boss_relics":[{"not_picked":["SlaversCollar","Black Star"],"picked":"Inserter"}],"items_purged_floors":[],"is_endless":false,"potions_floor_spawned":[1,2,5,6,14,18],"killed_by":"Slavers","ascension_level":1}}