{"host":"8jwrv7sn1174lfer","time":1613619249,"event":{"mods":["BaseMod","Colored Map","Colored Powertips","Downfall","Highlight Path","Minty Spire (QoL Compilation)","StSLib"],"gold_per_floor":[99,119,132,132,150,177,204,222,222,234,247,247,247,272,285,389,389,389,400,411,431,170,180,180,180,180,200,220,235,235,235,252,353,353,353,373,393,393,412,191,240,258,124,141,176,176,176,192,208,208],"floor_reached":51,"language":"ENG","playtime":3983,"items_purged":["Guardian:FloatingOrbs","Guardian:GemFinder","Guardian:Gem_Lightblue"],"score":905,"play_id":"157e272f-50aa-40e0-a0f8-81e76e052791","local_time":"20210217223409","is_ascension_mode":true,"campfire_choices":[{"data":"Guardian:TwinSlam","floor":1,"key":"SMITH"},{"data":"Guardian:MultiBeam","floor":9,"key":"SMITH"},{"data":"Guardian:BodySlam","floor":13,"key":"SMITH"},{"data":"Guardian:ConstructionForm","floor":18,"key":"SMITH"},{"data":"Guardian:Preprogram","floor":25,"key":"SMITH"},{"data":"Guardian:SphericShield","floor":30,"key":"SMITH"},{"data":"Guardian:SphericShield","floor":35,"key":"SMITH"},{"data":"Guardian:SphericShield","floor":47,"key":"SMITH"}],"circlet_count":0,"master_deck":["Guardian:CurlUp+1","Guardian:TwinSlam+1","Guardian:TemporalShield+1","Guardian:BodySlam+1","Guardian:MultiBeam+1","Guardian:FloatingOrbs","Guardian:Orbwalk+1","Guardian:SphericShield+1","Guardian:FloatingOrbs","Guardian:ConstructionForm+1","Guardian:SphericShield+1","Guardian:Harden+1","Guardian:SentryBeam","Guardian:TemporalStrike","Guardian:PiercingHide","Guardian:Preprogram+1","Guardian:Recover","Guardian:BronzeOrb","Guardian:BronzeOrb+1","Guardian:ArmoredProtocol","Guardian:SphericShield+1","Guardian:Recover","Guardian:Clone+1","Guardian:ShieldCharger+1","Guardian:SpikerProtocol","Parasite","Guardian:DecasProtection","Guardian:Planning+1","Guardian:TimeCapacitor+1"],"relics":["Busted Crown","Smiling Mask","Pen Nib","Centennial Puzzle","Pandora\u0027s Box","Guardian:StasisCodex","Question Card","Empty Cage","Pantograph","Nunchaku","War Paint","Frozen Egg 2"],"acts_visited":["Exordium","TheCity","TheBeyond"],"potions_floor_usage":[14,16,20,27,29,50,50],"damage_taken":[{"damage":2,"enemies":"Jaw Worm","floor":2,"turns":3},{"damage":0,"enemies":"Cultist","floor":3,"turns":3},{"damage":0,"enemies":"2 Louse","floor":5,"turns":2},{"damage":32,"enemies":"Gremlin Nob","floor":6,"turns":4},{"damage":9,"enemies":"Red Slaver","floor":8,"turns":3},{"damage":3,"enemies":"Blue Slaver","floor":10,"turns":3},{"damage":1,"enemies":"2 Fungi Beasts","floor":11,"turns":2},{"damage":10,"enemies":"Lagavulin","floor":14,"turns":6},{"damage":0,"enemies":"Lots of Slimes","floor":15,"turns":4},{"damage":12,"enemies":"SI_SHIV_ARCHETYPE","floor":16,"turns":6},{"damage":8,"enemies":"downfall:LooterAlt2","floor":19,"turns":4},{"damage":8,"enemies":"3 Byrds","floor":20,"turns":3},{"damage":0,"enemies":"Snake Plant","floor":21,"turns":5},{"damage":0,"enemies":"downfall:FleeingMerchant","floor":22,"turns":4},{"damage":6,"enemies":"Cultist and Chosen","floor":23,"turns":5},{"damage":6,"enemies":"Shelled Parasite and Fungi","floor":27,"turns":5},{"damage":15,"enemies":"Sentry and Sphere","floor":28,"turns":5},{"damage":0,"enemies":"Snecko","floor":29,"turns":5},{"damage":0,"enemies":"Centurion and Healer","floor":32,"turns":6},{"damage":0,"enemies":"DF_ARCHETYPE_CLAW","floor":33,"turns":7},{"damage":4,"enemies":"Orb Walker","floor":36,"turns":4},{"damage":15,"enemies":"3 Shapes","floor":37,"turns":3},{"damage":0,"enemies":"3 Darklings","floor":39,"turns":4},{"damage":1,"enemies":"downfall:FleeingMerchant","floor":40,"turns":4},{"damage":0,"enemies":"Maw","floor":42,"turns":7},{"damage":0,"enemies":"downfall:FleeingMerchant","floor":43,"turns":4},{"damage":0,"enemies":"Writhing Mass","floor":44,"turns":5},{"damage":4,"enemies":"Nemesis","floor":45,"turns":5},{"damage":8,"enemies":"4 Shapes","floor":48,"turns":5},{"damage":0,"enemies":"Sphere and 2 Shapes","floor":49,"turns":3},{"damage":68,"enemies":"IC_BLOCK_ARCHETYPE","floor":50,"turns":9}],"seed_played":"-9197656787554523279","potions_obtained":[{"floor":3,"key":"GamblersBrew"},{"floor":5,"key":"Guardian:AcceleratePotion"},{"floor":6,"key":"ColorlessPotion"},{"floor":10,"key":"hexamod:SoulburnPotion"},{"floor":16,"key":"DistilledChaos"},{"floor":21,"key":"GamblersBrew"},{"floor":23,"key":"BlessingOfTheForge"},{"floor":27,"key":"FairyPotion"},{"floor":33,"key":"Ancient Potion"}],"is_trial":false,"path_per_floor":["R","M","M","?","M","E","T","M","R","M","M","?","R","E","M","B",null,"R","M","M","M","$","M","T","R","?","M","M","M","R","?","M","B",null,"R","M","M","T","M","$","T","M","$","M","E","?","R","M","M","B",null],"character_chosen":"GUARDIAN","items_purchased":["Guardian:Preprogram","Guardian:Recover","Guardian:BronzeOrb","Nunchaku","Guardian:SpikerProtocol"],"campfire_rested":0,"item_purchase_floors":[22,22,22,40,43],"current_hp_per_floor":[80,78,78,78,78,46,46,37,37,34,33,33,33,23,23,11,63,63,55,47,47,47,41,41,41,41,35,20,20,20,20,20,20,65,65,61,46,46,46,45,45,45,45,45,41,41,41,33,33,24],"gold":208,"neow_bonus":"BOSS_RELIC","is_daily":false,"chose_seed":false,"campfire_upgraded":8,"win_rate":0.0,"timestamp":1613619249,"path_taken":["R","M","M","?","M","E","T","M","R","?","M","?","R","E","M","BOSS","R","M","M","M","$","M","T","R","?","M","M","M","R","?","M","BOSS","R","M","M","?","M","$","T","M","$","M","E","?","R","?","M","BOSS"],"items_purchased_type":["Card","Card","Card","Relic","Card"],"build_version":"2020-12-22","purchased_purges":3,"victory":true,"max_hp_per_floor":[80,80,80,80,80,80,80,80,80,80,80,80,80,80,80,80,80,80,80,80,80,80,80,80,80,80,80,80,80,80,80,80,80,80,80,80,80,80,80,80,80,80,80,80,80,80,80,80,80,80],"card_choices":[{"not_picked":[],"picked":"Guardian:TemporalShield","floor":2},{"not_picked":[],"picked":"Guardian:BodySlam","floor":3},{"not_picked":[],"picked":"Guardian:MultiBeam","floor":5},{"not_picked":[],"picked":"Guardian:FloatingOrbs","floor":6},{"not_picked":[],"picked":"Guardian:Gem_Lightblue","floor":8},{"not_picked":[],"picked":"Guardian:Orbwalk","floor":10},{"not_picked":["Guardian:Gem_Green"],"picked":"SKIP","floor":11},{"not_picked":[],"picked":"Guardian:SphericShield","floor":14},{"not_picked":[],"picked":"Guardian:FloatingOrbs","floor":15},{"not_picked":[],"picked":"Guardian:GemFinder","floor":16},{"not_picked":["Guardian:Gem_Red","Guardian:Gem_Cyan"],"picked":"Guardian:Gem_Lightblue","floor":19},{"not_picked":[],"picked":"Guardian:TemporalStrike","floor":19},{"not_picked":["Guardian:Gem_Green","Guardian:Gem_Red"],"picked":"Guardian:Gem_Lightblue","floor":20},{"not_picked":["Guardian:Gem_Green"],"picked":"SKIP","floor":20},{"not_picked":["Guardian:Incinerate+1"],"picked":"SKIP","floor":21},{"not_picked":[],"picked":"Guardian:PiercingHide","floor":22},{"not_picked":["Guardian:Gem_Red","Guardian:Gem_Green"],"picked":"Guardian:Gem_Lightblue","floor":22},{"not_picked":[],"picked":"Guardian:BronzeOrb+1","floor":23},{"not_picked":["Guardian:Suspension","Guardian:WalkerClaw+1"],"picked":"SKIP","floor":27},{"not_picked":["Guardian:Gem_Lightblue","Guardian:Gem_Red"],"picked":"Guardian:Gem_Cyan","floor":28},{"not_picked":["Guardian:Planning+1"],"picked":"Guardian:ArmoredProtocol","floor":28},{"not_picked":["Guardian:Reroute"],"picked":"Guardian:Gem_Cyan","floor":29},{"not_picked":["Guardian:ArmoredProtocol","Guardian:Incinerate+1"],"picked":"SKIP","floor":32},{"not_picked":["Guardian:CompilePackage"],"picked":"Guardian:SphericShield","floor":33},{"not_picked":["Guardian:Gem_Yellow","Guardian:Gem_Lightblue"],"picked":"SKIP","floor":36},{"not_picked":["Guardian:CrystalBeam","Guardian:Gem_Lightblue"],"picked":"SKIP","floor":37},{"not_picked":["Guardian:Gem_Lightblue"],"picked":"Guardian:Recover","floor":39},{"not_picked":["Guardian:Reroute"],"picked":"Guardian:Clone+1","floor":40},{"not_picked":["Guardian:CrystalBeam","Guardian:WalkerClaw"],"picked":"SKIP","floor":42},{"not_picked":["Guardian:SentryBeam+1"],"picked":"Guardian:ShieldCharger+1","floor":43},{"not_picked":["Guardian:Gem_Red"],"picked":"Guardian:DecasProtection","floor":44},{"not_picked":["Guardian:StasisEngine+1"],"picked":"Guardian:Planning+1","floor":45},{"not_picked":["Guardian:Gem_Cyan","Guardian:CrystalBeam"],"picked":"SKIP","floor":48},{"not_picked":["Guardian:PrimingBeam"],"picked":"Guardian:TimeCapacitor+1","floor":49}],"player_experience":794953,"relics_obtained":[{"floor":6,"key":"Smiling Mask"},{"floor":7,"key":"Pen Nib"},{"floor":14,"key":"Centennial Puzzle"},{"floor":24,"key":"Guardian:StasisCodex"},{"floor":38,"key":"Pantograph"},{"floor":41,"key":"War Paint"},{"floor":45,"key":"Frozen Egg 2"}],"event_choices":[{"damage_healed":0,"gold_gain":0,"player_choice":"Stole Relic","damage_taken":0,"relics_obtained":["Question Card"],"max_hp_gain":0,"max_hp_loss":0,"event_name":"Addict","floor":26,"gold_loss":0,"cards_obtained":["Pride"]}],"is_beta":false,"boss_relics":[{"not_picked":["Runic Pyramid","Guardian:StasisSlotReductionRelic"],"picked":"Pandora\u0027s Box"},{"not_picked":["Snecko Eye","SacredBark"],"picked":"Empty Cage"}],"items_purged_floors":[22,40,43],"is_endless":false,"potions_floor_spawned":[3,5,6,10,16,21,23,27,33,39,42,48,49],"ascension_level":5}}