{"host":"ynimr9ugvc6f046i","time":1613669929,"event":{"mods":["2.2 Compatiblity","BaseMod","Colored Map","DeckTracker","Highlight Path","Keyboard Shortcuts","Minty Spire (QoL Compilation)","Permanent Neow","Quick Restart","StSLib","SuperFastMode"],"gold_per_floor":[114,189,36,36,50,93,93,124,170,170,201,201,224,43,43,137,137,153,178,178,53,53,53,66,66,92,92,92,105,125,160,160,258,258,272,122,122,135,159,192,192,225,225,225,243,281,37,80,80,80,80,80,80,30,66,66],"floor_reached":57,"language":"KOR","playtime":1464,"items_purged":["Strike_P","Strike_P","Strike_P","Defend_P","Defend_P+1","EmptyFist"],"score":3358,"play_id":"79ea73d6-28cf-468f-a584-b25243aaa35d","local_time":"20210219023849","is_ascension_mode":true,"campfire_choices":[{"data":"Eruption","floor":7.0,"key":"SMITH"},{"data":"CrushJoints","floor":12.0,"key":"SMITH"},{"data":"Adaptation","floor":15.0,"key":"SMITH"},{"data":"MentalFortress","floor":23.0,"key":"SMITH"},{"floor":28.0,"key":"REST"},{"data":"TalkToTheHand","floor":32.0,"key":"SMITH"},{"data":"Scrawl","floor":41.0,"key":"SMITH"},{"floor":49.0,"key":"RECALL"},{"data":"Adaptation","floor":53,"key":"SMITH"}],"circlet_count":0,"master_deck":["AscendersBane","Eruption+1","Vigilance+1","Tantrum","CrushJoints+1","MentalFortress+1","FlurryOfBlows","Adaptation+1","FearNoEvil","TalkToTheHand+1","Scrawl+1","Adaptation+1"],"relics":["PureWater","Golden Idol","PreservedInsect","Damaru","Bag of Preparation","TeardropLocket","Black Star","Centennial Puzzle","Pear","Orichalcum","Empty Cage","Bronze Scales","The Courier","Juzu Bracelet","War Paint","Eternal Feather","Smiling Mask","TheAbacus","Akabeko","Regal Pillow","Strawberry","GoldenEye"],"acts_visited":["Exordium","TheCity","TheBeyond","TheEnding"],"potions_floor_usage":[56],"damage_taken":[{"damage":3.0,"enemies":"2 Louse","floor":1.0,"turns":2.0},{"damage":0.0,"enemies":"Jaw Worm","floor":5.0,"turns":4.0},{"damage":17.0,"enemies":"Gremlin Nob","floor":6.0,"turns":3.0},{"damage":6.0,"enemies":"3 Sentries","floor":8.0,"turns":4.0},{"damage":3.0,"enemies":"Lagavulin","floor":11.0,"turns":4.0},{"damage":0.0,"enemies":"Small Slimes","floor":13.0,"turns":2.0},{"damage":0.0,"enemies":"Hexaghost","floor":16.0,"turns":6.0},{"damage":0.0,"enemies":"Spheric Guardian","floor":18.0,"turns":2.0},{"damage":0.0,"enemies":"Chosen","floor":19.0,"turns":2.0},{"damage":7.0,"enemies":"Centurion and Healer","floor":24.0,"turns":4.0},{"damage":3.0,"enemies":"Snake Plant","floor":29.0,"turns":3.0},{"damage":35.0,"enemies":"Snecko","floor":30.0,"turns":6.0},{"damage":0.0,"enemies":"Book of Stabbing","floor":31.0,"turns":2.0},{"damage":17.0,"enemies":"Collector","floor":33.0,"turns":4.0},{"damage":2.0,"enemies":"3 Shapes","floor":35.0,"turns":2.0},{"damage":0.0,"enemies":"Orb Walker","floor":38.0,"turns":1.0},{"damage":0.0,"enemies":"3 Darklings","floor":39.0,"turns":3.0},{"damage":0.0,"enemies":"Reptomancer","floor":40.0,"turns":2.0},{"damage":0.0,"enemies":"Nemesis","floor":42.0,"turns":5.0},{"damage":0.0,"enemies":"4 Shapes","floor":45.0,"turns":3.0},{"damage":0.0,"enemies":"Giant Head","floor":46.0,"turns":1.0},{"damage":0.0,"enemies":"Nemesis","floor":48.0,"turns":1.0},{"damage":24.0,"enemies":"Time Eater","floor":50.0,"turns":8.0},{"damage":0,"enemies":"Awakened One","floor":51,"turns":2},{"damage":0,"enemies":"Shield and Spear","floor":55,"turns":1},{"damage":47,"enemies":"The Heart","floor":56,"turns":7}],"seed_played":"6981148843957986542","potions_obtained":[{"floor":8.0,"key":"Block Potion"},{"floor":13.0,"key":"Swift Potion"},{"floor":16.0,"key":"EssenceOfSteel"},{"floor":29.0,"key":"Explosive Potion"},{"floor":30.0,"key":"FairyPotion"},{"floor":48.0,"key":"LiquidBronze"}],"is_trial":false,"path_per_floor":["M","?","$","?","M","E","R","E","T","?","E","R","M","$","R","B",null,"M","M","?","$","?","R","M","?","T","$","R","M","M","E","R","B",null,"M","$","?","M","M","E","R","E","T","?","M","E","$","E","R","B","B",null,"R","$","E","B",null],"character_chosen":"WATCHER","items_purchased":["MentalFortress","Adaptation","Adaptation","TheAbacus"],"campfire_rested":1,"item_purchase_floors":[3,14,47,47],"current_hp_per_floor":[58,47,47,47,47,30,30,24,24,24,21,21,21,21,21,21,52,52,52,52,52,46,46,39,35,35,35,53,50,21,31,31,14,58,56,56,56,56,56,56,56,56,56,56,56,56,56,56,62,38,38,61,67,67,74,27],"gold":66,"neow_bonus":"TRANSFORM_CARD","is_daily":false,"chose_seed":false,"campfire_upgraded":7,"win_rate":0.0,"timestamp":1613669929,"path_taken":["M","?","$","?","M","E","R","E","T","?","E","R","?","$","R","BOSS","M","M","?","$","?","R","?","?","T","?","R","M","M","E","R","BOSS","M","$","?","M","M","E","R","E","T","?","M","E","$","E","R","BOSS","BOSS","R","$","E","BOSS"],"items_purchased_type":["Card","Card","Card","Relic"],"build_version":"2020-12-22","purchased_purges":6,"victory":true,"max_hp_per_floor":[68,68,68,62,62,62,62,62,62,62,62,62,62,62,62,62,62,62,62,62,62,62,62,62,62,62,62,62,62,62,72,72,72,72,72,72,68,68,68,68,68,68,68,68,68,68,68,68,68,68,68,68,68,68,75,75],"card_choices":[{"not_picked":["Protect","ThirdEye","CrushJoints"],"picked":"SKIP","floor":1.0},{"not_picked":["Protect","ThirdEye"],"picked":"CrushJoints","floor":1.0},{"not_picked":["FlyingSleeves","BowlingBash"],"picked":"FlurryOfBlows","floor":5.0},{"not_picked":["Worship","WreathOfFlame","SashWhip"],"picked":"SKIP","floor":6.0},{"not_picked":["PathToVictory","ForeignInfluence","SashWhip"],"picked":"SKIP","floor":8.0},{"not_picked":["ThirdEye","FlurryOfBlows"],"picked":"EmptyFist","floor":11.0},{"not_picked":["JustLucky","Wish","EmptyBody"],"picked":"SKIP","floor":13.0},{"not_picked":["CutThroughFate","Evaluate"],"picked":"FearNoEvil","floor":18.0},{"not_picked":["BowlingBash+1","Vengeance","Conclude"],"picked":"SKIP","floor":19.0},{"not_picked":["JustLucky+1","FlurryOfBlows","FollowUp"],"picked":"SKIP","floor":24.0},{"not_picked":["JustLucky","Crescendo"],"picked":"TalkToTheHand","floor":29.0},{"not_picked":["ThirdEye","Indignation","Sanctity+1"],"picked":"SKIP","floor":30.0},{"not_picked":["Perseverance","Brilliance","EmptyBody+1"],"picked":"SKIP","floor":31.0},{"not_picked":["Vault","Omniscience"],"picked":"Scrawl","floor":33.0},{"not_picked":["CrushJoints+1","EmptyBody","Consecrate"],"picked":"SKIP","floor":35.0},{"not_picked":["Crescendo+1","WaveOfTheHand","ClearTheMind"],"picked":"SKIP","floor":38.0},{"not_picked":["Crescendo+1","WaveOfTheHand","ClearTheMind"],"picked":"SKIP","floor":38.0},{"not_picked":["Consecrate","Halt","Prostrate"],"picked":"SKIP","floor":39.0},{"not_picked":["EmptyBody+1","FlurryOfBlows","EmptyFist"],"picked":"SKIP","floor":40.0},{"not_picked":["EmptyMind","FlyingSleeves","SashWhip"],"picked":"SKIP","floor":42.0},{"not_picked":["MentalFortress","SashWhip","Indignation"],"picked":"SKIP","floor":45.0},{"not_picked":["ThirdEye","CutThroughFate+1","Fasting2+1"],"picked":"SKIP","floor":46.0},{"not_picked":["Prostrate","DevaForm","ReachHeaven"],"picked":"SKIP","floor":48.0},{"not_picked":["SpiritShield","ForeignInfluence","SignatureMove"],"picked":"SKIP","floor":55}],"player_experience":582132,"relics_obtained":[{"floor":6.0,"key":"PreservedInsect"},{"floor":8.0,"key":"Damaru"},{"floor":9.0,"key":"Bag of Preparation"},{"floor":11.0,"key":"TeardropLocket"},{"floor":26.0,"key":"Centennial Puzzle"},{"floor":31.0,"key":"Pear"},{"floor":31.0,"key":"Orichalcum"},{"floor":40.0,"key":"Bronze Scales"},{"floor":40.0,"key":"The Courier"},{"floor":42.0,"key":"Juzu Bracelet"},{"floor":42.0,"key":"War Paint"},{"floor":46.0,"key":"Eternal Feather"},{"floor":46.0,"key":"Smiling Mask"},{"floor":48.0,"key":"Akabeko"},{"floor":48.0,"key":"Regal Pillow"},{"floor":55,"key":"Strawberry"},{"floor":55,"key":"GoldenEye"}],"event_choices":[{"damage_healed":0.0,"max_hp_gain":0.0,"max_hp_loss":0.0,"gold_gain":75.0,"event_name":"World of Goop","player_choice":"Gather Gold","floor":2.0,"gold_loss":0.0,"damage_taken":11.0},{"damage_healed":0.0,"max_hp_gain":0.0,"max_hp_loss":6.0,"gold_gain":0.0,"event_name":"Golden Idol","player_choice":"Lose Max HP","floor":4.0,"gold_loss":0.0,"damage_taken":0.0,"relics_obtained":["Golden Idol"]},{"damage_healed":0.0,"max_hp_gain":0.0,"max_hp_loss":0.0,"gold_gain":0.0,"event_name":"Match and Keep!","player_choice":"0 cards matched","floor":10.0,"gold_loss":0.0,"damage_taken":0.0,"cards_obtained":[]},{"damage_healed":0.0,"max_hp_gain":0.0,"max_hp_loss":0.0,"gold_gain":0.0,"event_name":"Ghosts","player_choice":"Ignored","floor":20.0,"gold_loss":0.0,"damage_taken":0.0},{"damage_healed":0.0,"max_hp_gain":0.0,"max_hp_loss":0.0,"gold_gain":0.0,"event_name":"Knowing Skull","player_choice":"","floor":22.0,"potions_obtained":[],"gold_loss":0.0,"damage_taken":6.0,"cards_obtained":[]},{"damage_healed":0.0,"max_hp_gain":0.0,"max_hp_loss":0.0,"gold_gain":0.0,"event_name":"The Woman in Blue","player_choice":"Bought 0 Potions","floor":25.0,"gold_loss":0.0,"damage_taken":0.0},{"damage_healed":0.0,"max_hp_gain":0.0,"max_hp_loss":4.0,"gold_gain":0.0,"event_name":"Winding Halls","player_choice":"Max HP","floor":37.0,"gold_loss":0.0,"damage_taken":0.0},{"damage_healed":0.0,"max_hp_gain":0.0,"max_hp_loss":0.0,"gold_gain":0.0,"event_name":"Tomb of Lord Red Mask","player_choice":"Ignored","floor":44.0,"gold_loss":0.0,"damage_taken":0.0}],"is_beta":false,"boss_relics":[{"not_picked":["Sozu","Cursed Key"],"picked":"Black Star"},{"not_picked":["Astrolabe","Busted Crown"],"picked":"Empty Cage"}],"items_purged_floors":[3,14,21,36,47,54],"is_endless":false,"potions_floor_spawned":[8,13,16,29,30,33,35,45,46,48],"ascension_level":20}}