{"host":"67dbklwnaq0pv002","time":1613649337,"event":{"mods":["2.2 Compatiblity","AchievementEnabler","Act Like it!","BaseMod","Colored Map","Colored Powertips","Custom Start","KOR Keyword Fix","Minty Spire (QoL Compilation)","Quick Restart","StSLib","SuperFastMode"],"gold_per_floor":[111,111,130,8,18,18,45,45,117,117,141,169,181,8,8,113,113,113],"floor_reached":17,"language":"KOR","playtime":371,"items_purged":["Strike_R","Strike_R"],"score":408,"play_id":"4d1719b9-b4b4-450f-804a-a97f4851220e","local_time":"20210218205537","is_ascension_mode":true,"campfire_choices":[{"data":"Hemokinesis","floor":6,"key":"SMITH"},{"data":"Flame Barrier","floor":8,"key":"SMITH"},{"data":"Fire Breathing","floor":10,"key":"SMITH"},{"data":"Rupture","floor":15,"key":"SMITH"}],"circlet_count":0,"master_deck":["AscendersBane","Defend_R","Defend_R","Defend_R","Bash","Rage","Fire Breathing+1","Hemokinesis+1","Burning Pact","Body Slam","Flame Barrier+1","Exhume","Rupture+1","Brutality"],"relics":["Burning Blood","Vajra","Blue Candle","Toy Ornithopter","Bird Faced Urn","Empty Cage"],"acts_visited":["Exordium","TheCity"],"potions_floor_usage":[7,7],"damage_taken":[{"damage":7,"enemies":"Jaw Worm","floor":1,"turns":5},{"damage":10,"enemies":"2 Louse","floor":3,"turns":2},{"damage":11,"enemies":"Small Slimes","floor":5,"turns":3},{"damage":10,"enemies":"Lagavulin","floor":7,"turns":4},{"damage":4,"enemies":"3 Sentries","floor":12,"turns":4},{"damage":16,"enemies":"Blue Slaver","floor":13,"turns":5},{"damage":41,"enemies":"Slime Boss","floor":16,"turns":8}],"seed_played":"-5985604748039780056","potions_obtained":[{"floor":3,"key":"SkillPotion"},{"floor":5,"key":"Strength Potion"},{"floor":7,"key":"FearPotion"},{"floor":16,"key":"EssenceOfSteel"}],"is_trial":false,"path_per_floor":["M","?","M","$","M","R","E","R","T","R","T","E","M","$","R","B",null],"character_chosen":"IRONCLAD","items_purchased":["Body Slam","Rupture"],"campfire_rested":0,"item_purchase_floors":[4,14],"current_hp_per_floor":[71,71,67,67,62,62,58,58,58,58,58,60,50,50,50,19,65,65],"gold":113,"neow_bonus":"TRANSFORM_TWO_CARDS","is_daily":false,"chose_seed":false,"campfire_upgraded":4,"win_rate":0.0,"timestamp":1613649337,"path_taken":["M","?","M","?","M","R","E","R","T","R","?","E","M","$","R","BOSS"],"items_purchased_type":["Card","Card"],"build_version":"2020-12-22","purchased_purges":2,"victory":false,"max_hp_per_floor":[80,80,80,80,80,80,80,80,80,80,80,80,80,80,80,80,80,80],"card_choices":[{"not_picked":["Rage","Entrench"],"picked":"Hemokinesis","floor":1},{"not_picked":["Thunderclap","Intimidate"],"picked":"Burning Pact","floor":3},{"not_picked":["Whirlwind","Seeing Red"],"picked":"Flame Barrier","floor":5},{"not_picked":["Cleave","Clash"],"picked":"Exhume","floor":7},{"not_picked":["Clothesline","Twin Strike","Rage"],"picked":"SKIP","floor":12},{"not_picked":["Clothesline","Armaments","Twin Strike"],"picked":"SKIP","floor":13},{"not_picked":["Barricade","Exhume"],"picked":"Brutality","floor":16}],"player_experience":608778,"relics_obtained":[{"floor":7,"key":"Vajra"},{"floor":9,"key":"Blue Candle"},{"floor":11,"key":"Toy Ornithopter"},{"floor":12,"key":"Bird Faced Urn"}],"event_choices":[{"cards_removed":["Injury"],"damage_healed":0,"gold_gain":0,"player_choice":"Forget","damage_taken":0,"max_hp_gain":0,"max_hp_loss":0,"event_name":"Living Wall","floor":2,"gold_loss":0}],"is_beta":false,"boss_relics":[{"not_picked":["Black Star","Runic Dome"],"picked":"Empty Cage"}],"items_purged_floors":[4,14],"is_endless":false,"potions_floor_spawned":[3,5,7,16],"ascension_level":11}}