{"host":"swc5gdc7cm0k0g7l","time":1613684895,"event":{"mods":["AchievementEnabler","Act Like it!","Aspiration","BaseMod","BetterRewards","Colored Map","Colored Powertips","Downfall","Duelist Mod","Hermit","Highlight Path","Hubris","Infinite Spire","Jorbs\u0027s Wanderer Trilogy","Koishi","Minty Spire (QoL Compilation)","Quick Restart","Remilia??????","Shop Mod","StSLib","SuperFastMode","The Animator"],"gold_per_floor":[145,158,174,187,187,220,239,267,267,267,283,283,311,362,362,461,461,474,474,500,510,690,722,722,749,749,774,788,327,338,353,353,558,558,570,587,605,605,605],"floor_reached":38,"language":"ENG","playtime":2392,"items_purged":["theDuelist:CastleWalls"],"score":1085,"play_id":"a8b0c6cd-aee5-497e-a07f-d56f4da30b33","local_time":"20210218164815","is_ascension_mode":true,"campfire_choices":[{"data":"theDuelist:BoosterDragon","floor":10,"key":"SMITH"},{"data":"theDuelist:PurplePainOni","floor":12,"key":"SMITH"},{"data":"Trip","floor":15,"key":"SMITH"},{"data":"theDuelist:SliferSky","floor":24,"key":"SMITH"},{"data":"theDuelist:PotGreed","floor":32,"key":"SMITH"}],"circlet_count":0,"master_deck":["theDuelist:BabyDragon","theDuelist:CastleWalls","theDuelist:CaveDragon","theDuelist:CaveDragon","theDuelist:LesserDragon","theDuelist:LesserDragon","theDuelist:Sparks","theDuelist:Sparks","theDuelist:YamataDragon","Trip+1","theDuelist:PurplePainOni+1","theDuelist:EvolutionBurst","theDuelist:WaterDragon+1","theDuelist:InfernityDoomDragon","theDuelist:BoosterDragon+1","theDuelist:VeilDarkness+1","theDuelist:SliferSky+1","theDuelist:PotGreed+1","theDuelist:DarkHorus","theDuelist:DragonShield+1","theDuelist:QueenDragunDjinn","theDuelist:BusterDrake+1","theDuelist:SilverWing","theDuelist:CyberDragonDrei","theDuelist:ArmageddonDragonEmp","theDuelist:CastleDragonSouls+1","theDuelist:Lancephorhynchus","theDuelist:ArmageddonDragonEmp+1"],"relics":["theDuelist:MillenniumPuzzle","theDuelist:CardPoolRelic","theDuelist:CardPoolBasicRelic","theDuelist:BoosterPackPoolRelic","theDuelist:CardPoolAddRelic","theDuelist:CardPoolMinusRelic","theDuelist:CardPoolSaveRelic","theDuelist:CardPoolOptionsRelic","FossilizedHelix","infinitespire:Eraser","theDuelist:DragonRelic","Shuriken","Letter Opener","hubris:Reverence","theDuelist:ResummonBranch","Mango","Calipers","Coffee Dripper","aspiration:TomeofQuesting","theDuelist:MillenniumRod","CaptainsWheel","infinitespire:Bottled Soul","theDuelist:SummonAnchorRare","Membership Card","hubris:MobiusCoin","MerchantsRug","theDuelist:DuelistOrichalcum","HoveringKite"],"acts_visited":["Exordium","TheCity","TheBeyond"],"potions_floor_usage":[7,8,14,23,23,31,35,36,37,37,38],"damage_taken":[{"damage":0,"enemies":"Small Slimes","floor":1,"turns":2},{"damage":0,"enemies":"Cultist","floor":2,"turns":2},{"damage":0,"enemies":"2 Louse","floor":3,"turns":3},{"damage":0,"enemies":"Red Slaver","floor":4,"turns":3},{"damage":3,"enemies":"3 Sentries","floor":6,"turns":9},{"damage":0,"enemies":"Exordium Thugs","floor":7,"turns":3},{"damage":0,"enemies":"Lagavulin","floor":8,"turns":2},{"damage":0,"enemies":"2 Fungi Beasts","floor":11,"turns":3},{"damage":4,"enemies":"3 Sentries","floor":13,"turns":6},{"damage":2,"enemies":"3 Sentries","floor":14,"turns":11},{"damage":0,"enemies":"The Guardian","floor":16,"turns":7},{"damage":0,"enemies":"2 Thieves","floor":18,"turns":3},{"damage":0,"enemies":"3 Byrds","floor":21,"turns":3},{"damage":0,"enemies":"Gremlin Leader","floor":23,"turns":4},{"damage":48,"enemies":"Book of Stabbing","floor":25,"turns":6},{"damage":0,"enemies":"theDuelist:KaibaA2","floor":27,"turns":4},{"damage":0,"enemies":"Cultist and Chosen","floor":28,"turns":4},{"damage":0,"enemies":"Sentry and Sphere","floor":30,"turns":4},{"damage":0,"enemies":"Shelled Parasite and Fungi","floor":31,"turns":5},{"damage":0,"enemies":"Collector","floor":33,"turns":8},{"damage":4,"enemies":"3 Shapes","floor":35,"turns":5},{"damage":10,"enemies":"3 Darklings","floor":36,"turns":6},{"damage":39,"enemies":"Writhing Mass","floor":37,"turns":6},{"damage":0,"enemies":"infinitespire:Three Voidlings","floor":38,"turns":3},{"damage":49,"enemies":"Nightmare_Alpha","floor":38,"turns":4}],"seed_played":"6442344826610238030","potions_obtained":[{"floor":2,"key":"theDuelist:TokenPotion"},{"floor":6,"key":"theDuelist:StunPotion"},{"floor":11,"key":"theDuelist:TributeBottle"},{"floor":14,"key":"FocusPotion"},{"floor":16,"key":"theDuelist:MayhemPotion"},{"floor":18,"key":"PowerPotion"},{"floor":21,"key":"theDuelist:BabyPotion"},{"floor":30,"key":"theDuelist:LavaBottle"},{"floor":31,"key":"Weak Potion"},{"floor":36,"key":"CultistPotion"},{"floor":37,"key":"theDuelist:SealedPackE"}],"is_trial":false,"path_per_floor":["M","M","M","M","?","E","M","E","T","R","M","R","E","?","R","B",null,"M","T","T","M","?","E","R","E","T","E","M","$","M","M","R","B",null,"M","M","M","?"],"character_chosen":"THE_DUELIST","items_purchased":["Membership Card","hubris:MobiusCoin","MerchantsRug","theDuelist:DuelistOrichalcum","theDuelist:GiftPotion"],"campfire_rested":0,"item_purchase_floors":[29,29,29,29,29],"current_hp_per_floor":[80,80,80,80,80,77,77,77,77,77,77,77,73,85,85,85,92,92,92,92,92,73,73,73,25,25,25,25,25,25,25,25,25,77,87,77,38,0,0],"gold":605,"neow_bonus":"","is_daily":false,"chose_seed":false,"campfire_upgraded":5,"win_rate":0.0,"timestamp":1613684895,"path_taken":["M","M","M","M","?","E","M","E","T","R","?","R","E","?","R","BOSS","M","?","?","M","?","E","R","E","T","E","?","$","M","M","R","BOSS","M","M","?","?"],"items_purchased_type":["Relic","Relic","Relic","Relic","Potion"],"build_version":"2020-12-22","purchased_purges":1,"victory":false,"max_hp_per_floor":[80,80,80,80,80,80,80,80,80,80,80,80,80,94,94,94,94,94,94,94,94,94,94,94,94,94,94,94,94,94,94,94,94,94,94,94,94,94,94],"card_choices":[{"not_picked":["theDuelist:SpiralSpearStrike","theDuelist:Earthquake","theDuelist:SuperStridentBlaze","theDuelist:CyberRevsystem","theDuelist:SilverWing"],"picked":"SKIP","floor":1},{"not_picked":["theDuelist:StampingDestruction","theDuelist:Earthquake","theDuelist:DefenseZone","theDuelist:ClawHermos"],"picked":"theDuelist:EvolutionBurst","floor":2},{"not_picked":["theDuelist:VoidOgreDragon","theDuelist:SliferSky","theDuelist:Lancephorhynchus","theDuelist:ChimeratechOverdragon"],"picked":"theDuelist:WaterDragon","floor":3},{"not_picked":["theDuelist:BigFire","theDuelist:Hinotama","theDuelist:LightningDarts","theDuelist:RainbowOverdragon","theDuelist:BattleguardKing"],"picked":"SKIP","floor":4},{"not_picked":["theDuelist:OneDayPeace","theDuelist:SuperancientDinobeast","theDuelist:Destroyersaurus","theDuelist:GalaxyTyranno"],"picked":"theDuelist:InfernityDoomDragon","floor":6},{"not_picked":["theDuelist:MadSwordBeast","theDuelist:Kabazauls","theDuelist:Hydrogeddon","theDuelist:Earthquake","theDuelist:BusterBlader"],"picked":"SKIP","floor":7},{"not_picked":["theDuelist:TyrantWing","theDuelist:TotemDragon","theDuelist:DragonMirror"],"picked":"theDuelist:BoosterDragon","floor":8},{"not_picked":["theDuelist:TyrantWing","theDuelist:SpiralSpearStrike+1","theDuelist:DefenseZone+1","theDuelist:DefenseDraw"],"picked":"theDuelist:VeilDarkness+1","floor":11},{"not_picked":["theDuelist:BigFire","theDuelist:BigKoala","theDuelist:RainbowOverdragon","theDuelist:MagicalStone","theDuelist:RainbowBridge"],"picked":"SKIP","floor":13},{"not_picked":["theDuelist:LostWorld","theDuelist:DefensiveTactics","theDuelist:BlueDuston","theDuelist:ArmedProtectorDragon"],"picked":"theDuelist:SliferSky","floor":16},{"not_picked":["theDuelist:Hinotama","theDuelist:BigEye","theDuelist:BlackPendant","theDuelist:ShardGreed"],"picked":"theDuelist:PotGreed","floor":18},{"not_picked":["theDuelist:BattleguardKing","theDuelist:BigFire+1","theDuelist:LightningDarts","theDuelist:RainbowOverdragon","theDuelist:SmashingGround"],"picked":"SKIP","floor":21},{"not_picked":["theDuelist:VeilDarkness","theDuelist:EvilMind+1","theDuelist:DarkDriceratops","theDuelist:BlackVeloci"],"picked":"theDuelist:DarkHorus","floor":23},{"not_picked":["theDuelist:VeilDarkness+1","theDuelist:SpiralSpearStrike+1","theDuelist:DragonCaptureJar","theDuelist:DefenseDraw"],"picked":"theDuelist:DragonShield+1","floor":25},{"not_picked":["theDuelist:DefensiveTactics+1","theDuelist:BlasterDragonInfernos"],"picked":"theDuelist:QueenDragunDjinn","floor":27},{"not_picked":["theDuelist:Pyrorex","theDuelist:Duoterion+1","theDuelist:CyberDragonCore","theDuelist:MoltenDestruction"],"picked":"theDuelist:BusterDrake+1","floor":28},{"not_picked":["theDuelist:Earthquake","theDuelist:BerserkerSoul","theDuelist:DragonTreasure","theDuelist:FluteSummoning"],"picked":"theDuelist:SilverWing","floor":30},{"not_picked":["theDuelist:TwinHeadedFire","theDuelist:BabyDragon","theDuelist:Hydrogeddon","theDuelist:HymnOfLight"],"picked":"theDuelist:CyberDragonDrei","floor":31},{"not_picked":["theDuelist:TailSwipe","theDuelist:Scapegoat","theDuelist:QueenDragunDjinn","theDuelist:Lancephorhynchus"],"picked":"theDuelist:ArmageddonDragonEmp","floor":33},{"not_picked":["theDuelist:BlackBrutdrago","theDuelist:ScrapIronScarecrow+1","theDuelist:SnowDragon+1","theDuelist:Freezadon"],"picked":"theDuelist:CastleDragonSouls+1","floor":35},{"not_picked":["theDuelist:Kabazauls+1","theDuelist:HazyFlameHydra","theDuelist:GalaxyTyranno+1","theDuelist:DarkDriceratops"],"picked":"theDuelist:Lancephorhynchus","floor":36},{"not_picked":["theDuelist:SurvivalFittest","theDuelist:BlueDuston"],"picked":"theDuelist:ArmageddonDragonEmp+1","floor":37}],"player_experience":101889,"relics_obtained":[{"floor":6,"key":"theDuelist:DragonRelic"},{"floor":8,"key":"Shuriken"},{"floor":9,"key":"Letter Opener"},{"floor":13,"key":"hubris:Reverence"},{"floor":14,"key":"theDuelist:ResummonBranch"},{"floor":14,"key":"Mango"},{"floor":14,"key":"Calipers"},{"floor":20,"key":"aspiration:TomeofQuesting"},{"floor":23,"key":"theDuelist:MillenniumRod"},{"floor":25,"key":"CaptainsWheel"},{"floor":26,"key":"infinitespire:Bottled Soul"},{"floor":27,"key":"theDuelist:SummonAnchorRare"}],"event_choices":[{"damage_healed":0,"gold_gain":0,"player_choice":"Upgraded","damage_taken":0,"max_hp_gain":0,"max_hp_loss":0,"event_name":"Upgrade Shrine","floor":5,"gold_loss":0,"cards_upgraded":["theDuelist:WaterDragon"]},{"damage_healed":0,"gold_gain":0,"player_choice":"Fight","duelist":true,"damage_taken":0,"max_hp_gain":0,"max_hp_loss":0,"event_name":"Battle City","floor":14,"gold_loss":0},{"damage_healed":0,"gold_gain":180,"player_choice":"GOLD GOLD ","damage_taken":19,"max_hp_gain":0,"max_hp_loss":0,"event_name":"Knowing Skull","floor":22,"potions_obtained":[],"gold_loss":0,"cards_obtained":[]}],"is_beta":false,"boss_relics":[{"not_picked":["Empty Cage","hubris:RunicObelisk"],"picked":"Coffee Dripper"},{"not_picked":["aspiration:FutureDiary","Runic Cube"],"picked":"HoveringKite"}],"items_purged_floors":[29],"is_endless":false,"potions_floor_spawned":[2,6,11,14,16,18,21,30,31,36,37,38],"killed_by":"Nightmare_Alpha","ascension_level":5}}