{"host":"qxeepl7ydvsgmfdb","time":1613630769,"event":{"mods":["AchievementEnabler","BaseMod","Colored Powertips","Minty Spire (QoL Compilation)","Quick Restart","slay the spire mod where everything is the same but ironclad has a cowboy hat"],"gold_per_floor":[116,266,266,111,130,159,159,188,214,97,111,130,142,174,174,245,245,261,261,274,101,101,135,135,146,171,190,190,216,1,31,31,31,31],"floor_reached":33,"language":"ENG","playtime":1036,"items_purged":["Doubt"],"score":736,"play_id":"37c915d1-8aeb-4a5f-ae7f-73e101006a05","local_time":"20210218014609","is_ascension_mode":true,"campfire_choices":[{"data":"After Image","floor":7.0,"key":"SMITH"},{"floor":15.0,"key":"REST"},{"floor":24.0,"key":"REST"},{"floor":28.0,"key":"REST"},{"floor":32,"key":"REST"}],"circlet_count":0,"master_deck":["AscendersBane","Strike_G","Strike_G","Strike_G","Strike_G","Strike_G","Defend_G","Defend_G","Defend_G","Defend_G","Defend_G","Survivor","Neutralize","After Image+1","Deadly Poison","Infinite Blades","Noxious Fumes","All Out Attack","Cloak And Dagger","Dagger Spray","Deflect","Deflect+1","Blade Dance","Escape Plan+1","Blade Dance+1"],"relics":["Ring of the Snake","NeowsBlessing","Art of War","Mercury Hourglass","Bag of Preparation","Happy Flower","Anchor","Black Star","Bag of Marbles","MutagenicStrength","Smiling Mask","The Specimen","Snake Skull","Nunchaku","Mummified Hand","PreservedInsect","Juzu Bracelet","Bottled Lightning"],"acts_visited":["Exordium","TheCity"],"potions_floor_usage":[29,31,31,33],"damage_taken":[{"damage":0.0,"enemies":"Cultist","floor":1.0,"turns":1.0},{"damage":0.0,"enemies":"Small Slimes","floor":5.0,"turns":1.0},{"damage":0.0,"enemies":"3 Sentries","floor":6.0,"turns":1.0},{"damage":11.0,"enemies":"Gremlin Nob","floor":8.0,"turns":4.0},{"damage":0.0,"enemies":"Jaw Worm","floor":11.0,"turns":4.0},{"damage":1.0,"enemies":"Exordium Wildlife","floor":12.0,"turns":4.0},{"damage":0.0,"enemies":"Blue Slaver","floor":13.0,"turns":3.0},{"damage":0.0,"enemies":"Lagavulin","floor":14.0,"turns":6.0},{"damage":7.0,"enemies":"The Guardian","floor":16.0,"turns":9.0},{"damage":14.0,"enemies":"Shell Parasite","floor":18.0,"turns":6.0},{"damage":0.0,"enemies":"3 Byrds","floor":20.0,"turns":4.0},{"damage":19.0,"enemies":"Slavers","floor":23.0,"turns":5.0},{"damage":24.0,"enemies":"Sentry and Sphere","floor":25.0,"turns":6.0},{"damage":6.0,"enemies":"Snake Plant","floor":27.0,"turns":4.0},{"damage":21,"enemies":"Book of Stabbing","floor":29,"turns":5},{"damage":0,"enemies":"Gremlin Leader","floor":31,"turns":4},{"damage":23,"enemies":"Collector","floor":33,"turns":3}],"seed_played":"4243306633642897223","potions_obtained":[{"floor":6.0,"key":"AttackPotion"},{"floor":8.0,"key":"SkillPotion"},{"floor":13.0,"key":"Strength Potion"},{"floor":16.0,"key":"EssenceOfSteel"},{"floor":20.0,"key":"Weak Potion"},{"floor":27.0,"key":"SneckoOil"},{"floor":29,"key":"SteroidPotion"},{"floor":31,"key":"PowerPotion"}],"is_trial":false,"path_per_floor":["M","?","?","$","M","E","R","E","T","$","M","M","M","E","R","B",null,"M","?","M","$","?","E","R","M","T","M","R","E","$","E","R","B"],"character_chosen":"THE_SILENT","items_purchased":["After Image","Noxious Fumes","All Out Attack","Bag of Marbles","PreservedInsect","Fire Potion"],"campfire_rested":4,"item_purchase_floors":[4,10,10,21,30,30],"current_hp_per_floor":[59,59,48,48,48,48,48,37,37,37,37,36,36,36,55,48,62,48,30,30,30,30,11,32,8,8,2,23,2,2,2,23,0,0],"gold":31,"neow_bonus":"THREE_ENEMY_KILL","is_daily":false,"chose_seed":false,"campfire_upgraded":1,"win_rate":0.0,"timestamp":1613630769,"path_taken":["M","?","?","?","?","E","R","E","T","$","M","M","M","E","R","BOSS","M","?","M","$","?","E","R","M","T","M","R","E","$","E","R","BOSS"],"items_purchased_type":["Card","Card","Card","Relic","Relic","Potion"],"build_version":"2020-12-22","purchased_purges":1,"victory":false,"max_hp_per_floor":[66,66,66,66,66,66,66,66,66,66,66,66,66,66,66,66,66,66,71,71,71,71,71,71,71,71,71,71,71,71,71,71,71,71],"card_choices":[{"not_picked":["Quick Slash","Flying Knee","Dash"],"picked":"SKIP","floor":1.0},{"not_picked":["Quick Slash","Sucker Punch","Bane"],"picked":"SKIP","floor":5.0},{"not_picked":["Setup","Backflip"],"picked":"Deadly Poison","floor":6.0},{"not_picked":["Outmaneuver","Masterful Stab"],"picked":"Infinite Blades","floor":8.0},{"not_picked":["Backflip","Dash","Bane"],"picked":"SKIP","floor":11.0},{"not_picked":["Reflex","Backflip"],"picked":"Cloak And Dagger","floor":12.0},{"not_picked":["Outmaneuver","Sucker Punch"],"picked":"Dagger Spray","floor":13.0},{"not_picked":["Burst","Prepared"],"picked":"Deflect","floor":14.0},{"not_picked":["Quick Slash","Infinite Blades"],"picked":"Deflect+1","floor":18.0},{"not_picked":["Masterful Stab","Poisoned Stab"],"picked":"Blade Dance","floor":20.0},{"not_picked":["Dagger Throw","Eviscerate"],"picked":"Escape Plan+1","floor":23.0},{"not_picked":["Backflip","Underhanded Strike"],"picked":"Blade Dance+1","floor":25.0},{"not_picked":["Setup+1","Riddle With Holes","Terror"],"picked":"SKIP","floor":27.0},{"not_picked":["Outmaneuver","Dodge and Roll","Masterful Stab"],"picked":"SKIP","floor":29},{"not_picked":["Dagger Throw","Caltrops","Unload"],"picked":"SKIP","floor":31}],"player_experience":168829,"relics_obtained":[{"floor":6.0,"key":"Mercury Hourglass"},{"floor":8.0,"key":"Bag of Preparation"},{"floor":9.0,"key":"Happy Flower"},{"floor":14.0,"key":"Anchor"},{"floor":23.0,"key":"Smiling Mask"},{"floor":23.0,"key":"The Specimen"},{"floor":26.0,"key":"Snake Skull"},{"floor":29,"key":"Nunchaku"},{"floor":29,"key":"Mummified Hand"},{"floor":31,"key":"Juzu Bracelet"},{"floor":31,"key":"Bottled Lightning"}],"event_choices":[{"damage_healed":0.0,"max_hp_gain":0.0,"max_hp_loss":0.0,"gold_gain":150.0,"event_name":"Liars Game","player_choice":"AGREE","floor":2.0,"gold_loss":0.0,"damage_taken":0.0,"cards_obtained":["Doubt"]},{"damage_healed":0.0,"max_hp_gain":0.0,"max_hp_loss":0.0,"gold_gain":0.0,"event_name":"Scrap Ooze","player_choice":"Success","floor":3.0,"gold_loss":0.0,"damage_taken":11.0,"relics_obtained":["Art of War"]},{"damage_healed":0.0,"max_hp_gain":5.0,"max_hp_loss":0.0,"gold_gain":0.0,"event_name":"Forgotten Altar","player_choice":"Shed Blood","floor":19.0,"gold_loss":0.0,"damage_taken":23.0},{"damage_healed":0.0,"max_hp_gain":0.0,"max_hp_loss":0.0,"gold_gain":0.0,"event_name":"Drug Dealer","player_choice":"Inject Mutagens","floor":22.0,"gold_loss":0.0,"damage_taken":0.0,"relics_obtained":["MutagenicStrength"]}],"is_beta":false,"boss_relics":[{"not_picked":["Philosopher\u0027s Stone","HoveringKite"],"picked":"Black Star"}],"items_purged_floors":[4],"is_endless":false,"potions_floor_spawned":[6,8,13,16,20,27,29,31],"killed_by":"Collector","ascension_level":17}}