{"host":"iodn1af76021fjto","time":1613639187,"event":{"mods":["AchievementEnabler","BaseMod","BetterRewards","Colored Map","Downfall","Hermit","Jorbs\u0027s Wanderer Trilogy","Minty Spire (QoL Compilation)","Quick Restart","StSLib","SuperFastMode","The Cursed","The Hierophant","The Jungle","The Runesmith","The Servant 0.9.4"],"gold_per_floor":[113,188,188,188,206,234,234,249,303,320,353,353,353,197,197,302,302,321,321,321,340,358,358,358],"floor_reached":23,"language":"ENG","playtime":641,"items_purged":[],"score":246,"play_id":"c0e05a0d-0062-4bd3-be5f-0d093863cafa","local_time":"20210218040627","is_ascension_mode":true,"campfire_choices":[{"data":"Noxious Fumes","floor":7,"key":"SMITH"},{"data":"Catalyst","floor":13,"key":"SMITH"},{"data":"Noxious Fumes","floor":15,"key":"SMITH"}],"circlet_count":0,"master_deck":["Strike_G","Strike_G","Strike_G","Strike_G","Strike_G","Defend_G","Defend_G","Defend_G","Defend_G","Defend_G","Survivor","Neutralize","Bane","Noxious Fumes+1","After Image+1","Catalyst+1","Noxious Fumes+1","Corpse Explosion","Bouncing Flask","Bane+1"],"relics":["Ring of the Serpent","NeowsBlessing","Blue Candle","Dream Catcher","Centennial Puzzle","Mummified Hand","Frozen Eye","Shovel"],"acts_visited":["Exordium","Exordium"],"potions_floor_usage":[],"damage_taken":[{"damage":0,"enemies":"Small Slimes","floor":1,"turns":1},{"damage":0,"enemies":"Jaw Worm","floor":5,"turns":1},{"damage":0,"enemies":"Lagavulin","floor":6,"turns":1},{"damage":5,"enemies":"2 Louse","floor":8,"turns":3},{"damage":16,"enemies":"Exordium Thugs","floor":10,"turns":5},{"damage":5,"enemies":"3 Sentries","floor":11,"turns":7},{"damage":25,"enemies":"The Guardian","floor":16,"turns":9},{"damage":8,"enemies":"theJungle:5_Spyders","floor":18,"turns":6},{"damage":5,"enemies":"theJungle:GiantWrat","floor":21,"turns":4},{"damage":20,"enemies":"Snake Plant","floor":22,"turns":4},{"damage":33,"enemies":"theJungle:Cassacara","floor":23,"turns":5}],"seed_played":"3836599798862958390","potions_obtained":[{"floor":1,"key":"Strength Potion"},{"floor":6,"key":"SteroidPotion"},{"floor":16,"key":"BlessingOfTheForge"}],"is_trial":false,"path_per_floor":["M","?","?","?","M","E","R","M","T","M","E","?","R","$","R","B",null,"M","?","?","M","M","E"],"character_chosen":"THE_SILENT","items_purchased":["Frozen Eye"],"campfire_rested":0,"item_purchase_floors":[14],"current_hp_per_floor":[70,59,64,59,59,59,59,54,54,38,33,33,33,33,33,8,75,67,53,53,48,28,0,0],"gold":358,"neow_bonus":"THREE_ENEMY_KILL","is_daily":false,"chose_seed":false,"campfire_upgraded":3,"win_rate":0.0,"timestamp":1613639187,"path_taken":["M","?","?","?","?","E","R","M","T","M","E","?","R","?","R","BOSS","M","?","?","M","M","E"],"items_purchased_type":["Relic"],"build_version":"2020-12-22","purchased_purges":0,"victory":false,"max_hp_per_floor":[70,70,75,75,75,75,75,75,75,75,75,75,75,75,75,75,75,75,75,75,75,75,75,75],"card_choices":[{"not_picked":["Well Laid Plans","Prepared"],"picked":"Bane","floor":1},{"not_picked":["Outmaneuver","Crippling Poison"],"picked":"Noxious Fumes","floor":5},{"not_picked":["Quick Slash","Unload"],"picked":"After Image","floor":6},{"not_picked":["Deflect","Eviscerate","Dagger Spray"],"picked":"SKIP","floor":8},{"not_picked":["Poisoned Stab","Slice"],"picked":"Catalyst","floor":10},{"not_picked":["Blade Dance","Cloak And Dagger"],"picked":"Noxious Fumes","floor":11},{"not_picked":["Unload","A Thousand Cuts"],"picked":"Corpse Explosion","floor":16},{"not_picked":["Skewer","Dagger Spray"],"picked":"Bouncing Flask","floor":18},{"not_picked":["Acrobatics","Slice","Tactician+1"],"picked":"SKIP","floor":21},{"not_picked":["Cloak And Dagger","Dodge and Roll"],"picked":"Bane+1","floor":22}],"player_experience":263869,"relics_obtained":[{"floor":6,"key":"Dream Catcher"},{"floor":9,"key":"Centennial Puzzle"},{"floor":11,"key":"Mummified Hand"}],"event_choices":[{"damage_healed":0,"gold_gain":75,"player_choice":"Gather Gold","damage_taken":11,"max_hp_gain":0,"max_hp_loss":0,"event_name":"World of Goop","floor":2,"gold_loss":0},{"damage_healed":0,"gold_gain":0,"player_choice":"Donut","damage_taken":0,"max_hp_gain":5,"max_hp_loss":0,"event_name":"Big Fish","floor":3,"gold_loss":0},{"damage_healed":0,"gold_gain":0,"player_choice":"Forge","damage_taken":0,"max_hp_gain":0,"max_hp_loss":0,"event_name":"Accursed Blacksmith","floor":12,"gold_loss":0,"cards_upgraded":["After Image"]}],"is_beta":false,"boss_relics":[{"not_picked":["Astrolabe","Black Star"],"picked":"Ring of the Serpent"}],"items_purged_floors":[],"is_endless":false,"potions_floor_spawned":[1,6,16,22],"killed_by":"theJungle:Cassacara","ascension_level":2}}