{"host":"956g3854xvs16zht","time":1613611584,"event":{"mods":["2.2 Compatiblity","AlwaysNeverKeys","Aspiration","BaseMod","BetterRewards","Card Forge","Colored Map","Colored Powertips","Custom Start","DeckTracker","Displayed Cursed Tome","Energized Spire","Evolution","Friendly Minions","Infinite Spire","Minty Spire (QoL Compilation)","Permanent Neow","Relic Filter","Relic Sorter","Shop Mod","Spicy Shops","StSLib","TheHero"],"gold_per_floor":[116,129,142,142,156,156,175,185,185,185,197,197,103,132,132,230,230,243,198,198],"floor_reached":19,"language":"ENG","playtime":1383,"items_purged":[],"score":171,"play_id":"053e54a5-3196-4cd5-b727-17a638e96a29","local_time":"20210217202624","is_ascension_mode":false,"campfire_choices":[{"data":"animeID:RecoveryGirl","floor":6,"key":"SMITH"},{"data":"infinitespire:SevenWalls","floor":12,"key":"SMITH"},{"floor":15,"key":"REST"}],"circlet_count":0,"master_deck":["animeID:Deku+1","animeID:Bakugo+1","animeID:Smash+1","animeID:Smash+1","animeID:Smash+1","animeID:Smash+1","animeID:DefendMH+1","animeID:DefendMH+1","animeID:DefendMH+1","animeID:DefendMH+1","infinitespire:UltimateForm+1","animeID:Mineta","Capacitor+1","Loop+1","Capacitor+1","Loop+1","animeID:Kirishima","animeID:ToruHagakure","animeID:RecoveryGirl+1","animeID:HowitzerImpact","animeID:DetroitSmash","infinitespire:SevenWalls+1","animeID:ToruHagakure","animeID:Hatsume","animeID:Tamaki","animeID:Mezo","animeID:AllMight","animeID:TodorokiShoto"],"relics":["animeID:HeroCostume","Anvil of the Gods","Hammer of Thor","Seething Fire","EVO:Axolotl","Happy Flower","MerchantsRug","MealTicket","aspiration:RandomNobGenerator"],"acts_visited":["Exordium","TheCity"],"potions_floor_usage":[],"damage_taken":[{"damage":6,"enemies":"infinitespire:Voidling","floor":1,"turns":4},{"damage":8,"enemies":"Jaw Worm","floor":2,"turns":4},{"damage":0,"enemies":"2 Louse","floor":3,"turns":2},{"damage":0,"enemies":"Blue Slaver","floor":5,"turns":3},{"damage":9,"enemies":"Looter","floor":7,"turns":4},{"damage":8,"enemies":"Exordium Wildlife","floor":8,"turns":3},{"damage":17,"enemies":"Large Slime","floor":11,"turns":5},{"damage":25,"enemies":"Gremlin Nob","floor":14,"turns":4},{"damage":36,"enemies":"The Guardian","floor":16,"turns":14},{"damage":78,"enemies":"Shell Parasite","floor":18,"turns":5},{"damage":14,"enemies":"2 Thieves","floor":19,"turns":2}],"seed_played":"-564640212455388401","potions_obtained":[{"floor":2,"key":"SneckoOil"},{"floor":3,"key":"Fire Potion"},{"floor":7,"key":"EssenceOfSteel"},{"floor":18,"key":"ColorlessPotion"}],"is_trial":false,"path_per_floor":["M","M","M","?","M","R","M","M","T","?","M","R","$","E","R","B",null,"M","M"],"character_chosen":"THE_HERO","items_purchased":["MerchantsRug","animeID:Hatsume","animeID:Tamaki"],"campfire_rested":1,"item_purchase_floors":[13,13,13],"current_hp_per_floor":[71,65,65,62,64,64,63,63,70,50,43,43,43,28,52,30,82,8,0,0],"gold":198,"neow_bonus":"NOSTALGIA","is_daily":false,"chose_seed":false,"campfire_upgraded":2,"win_rate":0.0,"timestamp":1613611584,"path_taken":["M","M","?","?","M","R","M","M","T","?","M","R","$","E","R","BOSS","M","M"],"items_purchased_type":["Relic","Card","Card"],"build_version":"2020-12-22","purchased_purges":0,"victory":false,"max_hp_per_floor":[75,75,75,75,75,75,75,75,82,82,82,82,82,82,82,82,82,82,82,82],"card_choices":[{"not_picked":["animeID:Momo","animeID:Muscular"],"picked":"animeID:Mineta","floor":1},{"not_picked":["animeID:Momo","animeID:Mineta"],"picked":"animeID:Kirishima","floor":2},{"not_picked":["animeID:Bakugo","animeID:Kaminari"],"picked":"animeID:ToruHagakure","floor":3},{"not_picked":["animeID:Cementoss","animeID:TodorokiShoto"],"picked":"animeID:RecoveryGirl","floor":5},{"not_picked":["animeID:Rappa","animeID:Cementoss"],"picked":"animeID:HowitzerImpact","floor":7},{"not_picked":["animeID:HowitzerImpact","animeID:Shigaraki"],"picked":"animeID:DetroitSmash","floor":8},{"not_picked":["infinitespire:TheBestDefense","infinitespire:Menacing"],"picked":"infinitespire:SevenWalls","floor":10},{"not_picked":["animeID:DetroitSmash","animeID:Stain"],"picked":"animeID:ToruHagakure","floor":11},{"not_picked":["animeID:Momo","animeID:Uraraka"],"picked":"animeID:Mezo","floor":14},{"not_picked":["animeID:Hawks","animeID:Chisaki"],"picked":"animeID:AllMight","floor":16},{"not_picked":["animeID:MtLady","animeID:Bakugo"],"picked":"animeID:TodorokiShoto","floor":18}],"player_experience":35058,"relics_obtained":[{"floor":9,"key":"Strawberry"},{"floor":14,"key":"MealTicket"}],"event_choices":[{"damage_healed":0,"gold_gain":0,"player_choice":"Success","damage_taken":3,"relics_obtained":["Happy Flower"],"max_hp_gain":0,"max_hp_loss":0,"event_name":"Scrap Ooze","floor":4,"gold_loss":0}],"is_beta":false,"boss_relics":[{"not_picked":["energizedSpire:RedRose","energizedSpire:DeadBattery"],"picked":"aspiration:RandomNobGenerator"}],"items_purged_floors":[],"is_endless":false,"potions_floor_spawned":[2,3,7,11,18],"killed_by":"2 Thieves","ascension_level":0}}