{"host":"1c52r9kaxdyo25eq","time":1613628131,"event":{"mods":["AchievementEnabler","BaseMod","DeckTracker","Minty Spire (QoL Compilation)","Rare Cards Sparkle","SuperFastMode","everything is the same but u backflip on backflip"],"gold_per_floor":[117,130,149,164,164,192,192,192,192],"floor_reached":8,"language":"KOR","playtime":174,"items_purged":[],"score":110,"play_id":"adb91730-289b-4a1b-9bab-79d7f93ad0bc","local_time":"20210218150211","is_ascension_mode":true,"campfire_choices":[{"data":"Fiend Fire","floor":7,"key":"SMITH"}],"circlet_count":0,"master_deck":["AscendersBane","Strike_R","Strike_R","Strike_R","Strike_R","Defend_R","Defend_R","Defend_R","Defend_R","Bash","Fiend Fire+1","Whirlwind","Seeing Red","Battle Trance"],"relics":["Burning Blood","Pear"],"acts_visited":["Exordium"],"potions_floor_usage":[8],"damage_taken":[{"damage":2.0,"enemies":"Cultist","floor":1.0,"turns":4.0},{"damage":0.0,"enemies":"Small Slimes","floor":2.0,"turns":2.0},{"damage":7.0,"enemies":"Jaw Worm","floor":3.0,"turns":3.0},{"damage":16,"enemies":"Blue Slaver","floor":4,"turns":3},{"damage":40,"enemies":"Lagavulin","floor":6,"turns":7},{"damage":10,"enemies":"Gremlin Nob","floor":8,"turns":3}],"seed_played":"-295625936468611549","potions_obtained":[{"floor":2.0,"key":"PowerPotion"}],"is_trial":false,"path_per_floor":["M","M","M","M","?","E","R","E"],"character_chosen":"IRONCLAD","items_purchased":[],"campfire_rested":0,"item_purchase_floors":[],"current_hp_per_floor":[54,60,59,49,49,25,25,15,15],"gold":192,"neow_bonus":"THREE_RARE_CARDS","is_daily":false,"chose_seed":false,"campfire_upgraded":1,"win_rate":0.0,"timestamp":1613628131,"path_taken":["M","?","M","M","?","E","R","E"],"items_purchased_type":[],"build_version":"2020-12-22","purchased_purges":0,"victory":false,"max_hp_per_floor":[75,75,75,75,75,85,85,85,85],"card_choices":[{"not_picked":["Demon Form","Double Tap"],"picked":"Fiend Fire","floor":0.0},{"not_picked":["Cleave","Flex","Havoc"],"picked":"SKIP","floor":1.0},{"not_picked":["Rage","Body Slam"],"picked":"Whirlwind","floor":2.0},{"not_picked":["Entrench","Perfected Strike"],"picked":"Seeing Red","floor":3},{"not_picked":["Sentinel","Hemokinesis"],"picked":"Battle Trance","floor":4},{"not_picked":["Flame Barrier","True Grit","Disarm"],"picked":"SKIP","floor":6}],"player_experience":653961,"relics_obtained":[{"floor":6,"key":"Pear"}],"event_choices":[{"cards_removed":["Strike_R"],"damage_healed":0,"gold_gain":0,"player_choice":"Purged","damage_taken":0,"max_hp_gain":0,"max_hp_loss":0,"event_name":"Purifier","floor":5,"gold_loss":0}],"is_beta":false,"boss_relics":[],"items_purged_floors":[],"is_endless":false,"potions_floor_spawned":[2],"killed_by":"Gremlin Nob","ascension_level":18}}