{"host":"wta67oh7xmkzpvp0","time":1613628734,"event":{"mods":["Act Like it!","BaseMod","Hermit","Koishi","Minty Spire (QoL Compilation)","Quick Restart","Reliquary","StSLib"],"gold_per_floor":[119,294,294,320,320,348,91,103,148,162,237,237,237,237,237],"floor_reached":14,"language":"ZHS","playtime":238,"items_purged":[],"score":150,"play_id":"d09d7b4b-cef7-488f-bd34-c729db116068","local_time":"20210218141214","is_ascension_mode":true,"campfire_choices":[{"data":"Collect","floor":13,"key":"SMITH"}],"circlet_count":0,"master_deck":["Strike_P","Strike_P+1","Strike_P","Strike_P","Defend_P","Defend_P","Defend_P","Defend_P","Eruption+1","Vigilance","EmptyBody","Consecrate","WaveOfTheHand","Collect+1"],"relics":["PureWater","NeowsBlessing","reliquary:Stiletto","Thread and Needle","reliquary:QuartzCube","Pen Nib"],"acts_visited":["Exordium"],"potions_floor_usage":[14],"damage_taken":[{"damage":0,"enemies":"2 Louse","floor":1,"turns":1},{"damage":0,"enemies":"Lagavulin","floor":6,"turns":1},{"damage":0,"enemies":"Jaw Worm","floor":8,"turns":1},{"damage":0,"enemies":"Small Slimes","floor":10,"turns":3},{"damage":81,"enemies":"Gremlin Nob","floor":14,"turns":5}],"seed_played":"-1264106362498493917","potions_obtained":[{"floor":1,"key":"PowerPotion"}],"is_trial":false,"path_per_floor":["M","?","?","T","?","E","$","M","T","M","?","$","R","E"],"character_chosen":"WATCHER","items_purchased":["reliquary:QuartzCube"],"campfire_rested":0,"item_purchase_floors":[7],"current_hp_per_floor":[65,65,51,51,44,44,44,44,44,44,33,33,33,0,0],"gold":237,"neow_bonus":"THREE_ENEMY_KILL","is_daily":false,"chose_seed":false,"campfire_upgraded":1,"win_rate":0.0,"timestamp":1613628734,"path_taken":["M","?","?","?","?","E","?","M","T","M","?","?","R","E"],"items_purchased_type":["Relic"],"build_version":"2020-12-22","purchased_purges":0,"victory":false,"max_hp_per_floor":[72,72,72,72,72,72,72,72,72,72,72,72,72,72,72],"card_choices":[{"not_picked":["Halt","WheelKick"],"picked":"EmptyBody","floor":1},{"not_picked":["Evaluate","Protect"],"picked":"Consecrate","floor":6},{"not_picked":["Adaptation","MentalFortress"],"picked":"WaveOfTheHand","floor":8},{"not_picked":["Consecrate","CutThroughFate"],"picked":"Collect","floor":10}],"player_experience":254682,"relics_obtained":[{"floor":4,"key":"reliquary:Stiletto"},{"floor":6,"key":"Thread and Needle"},{"floor":9,"key":"Pen Nib"}],"event_choices":[{"damage_healed":0,"gold_gain":175,"player_choice":"AGREE","damage_taken":0,"max_hp_gain":0,"max_hp_loss":0,"event_name":"Liars Game","floor":2,"gold_loss":0,"cards_obtained":["Doubt"]},{"damage_healed":0,"gold_gain":0,"player_choice":"Entered Light","damage_taken":14,"max_hp_gain":0,"max_hp_loss":0,"event_name":"Shining Light","floor":3,"gold_loss":0,"cards_upgraded":["Eruption","Strike_P"]},{"cards_removed":["Doubt"],"damage_healed":0,"gold_gain":0,"player_choice":"Card Removal","damage_taken":7,"max_hp_gain":0,"max_hp_loss":0,"event_name":"Golden Wing","floor":5,"gold_loss":0},{"damage_healed":0,"gold_gain":75,"player_choice":"Gather Gold","damage_taken":11,"max_hp_gain":0,"max_hp_loss":0,"event_name":"World of Goop","floor":11,"gold_loss":0}],"is_beta":false,"boss_relics":[],"items_purged_floors":[],"is_endless":false,"potions_floor_spawned":[1],"killed_by":"Gremlin Nob","ascension_level":7}}