{"host":"lv7etzzgwahaenh9","time":1613685722,"event":{"mods":["AchievementEnabler","BaseMod","Colored Map","Colored Powertips","Highlight Path","Minty Spire (QoL Compilation)","Permanent Neow","Quick Restart","Random Character Button","StSLib"],"gold_per_floor":[15,29,29,42,42,42,57,57,57,92,106,120,120,131,131,234,234,252,252,252],"floor_reached":19,"language":"ENG","playtime":795,"items_purged":[],"score":274,"play_id":"dc44b209-5bf7-48c2-ad99-6aa1b185e2e1","local_time":"20210218140202","is_ascension_mode":true,"campfire_choices":[{"data":"Neutralize","floor":6,"key":"SMITH"},{"data":"Envenom","floor":8,"key":"SMITH"},{"floor":15,"key":"REST"}],"circlet_count":0,"master_deck":["AscendersBane","Strike_G","Strike_G","Strike_G","Strike_G","Strike_G","Defend_G","Defend_G","Defend_G","Defend_G","Defend_G","Survivor","Neutralize+1","Backflip","Infinite Blades+1","Bane","Envenom+1","Catalyst","Cloak And Dagger","Deadly Poison","Choke","After Image","Deflect+1"],"relics":["Ring of the Snake","Ginger","Eternal Feather","Shuriken","Coffee Dripper"],"acts_visited":["Exordium","TheCity"],"potions_floor_usage":[10,11,16],"damage_taken":[{"damage":1,"enemies":"Small Slimes","floor":1,"turns":4},{"damage":7,"enemies":"Jaw Worm","floor":2,"turns":7},{"damage":9,"enemies":"2 Louse","floor":4,"turns":4},{"damage":4,"enemies":"Blue Slaver","floor":7,"turns":5},{"damage":15,"enemies":"3 Sentries","floor":10,"turns":8},{"damage":5,"enemies":"Exordium Thugs","floor":11,"turns":6},{"damage":23,"enemies":"Exordium Wildlife","floor":12,"turns":7},{"damage":3,"enemies":"Blue Slaver","floor":14,"turns":5},{"damage":5,"enemies":"Hexaghost","floor":16,"turns":8},{"damage":42,"enemies":"2 Thieves","floor":18,"turns":5},{"damage":0,"enemies":"3 Byrds","floor":19,"turns":2}],"seed_played":"-328482780551844184","potions_obtained":[{"floor":1,"key":"Energy Potion"},{"floor":7,"key":"AttackPotion"},{"floor":14,"key":"AttackPotion"}],"is_trial":false,"path_per_floor":["M","M","?","M","?","R","M","R","T","E","M","M","?","M","R","B",null,"M","M"],"character_chosen":"THE_SILENT","items_purchased":[],"campfire_rested":1,"item_purchase_floors":[],"current_hp_per_floor":[62,55,55,46,51,51,47,47,47,32,27,4,4,1,35,30,64,22,22,22],"gold":252,"neow_bonus":"ONE_RARE_RELIC","is_daily":false,"chose_seed":false,"campfire_upgraded":2,"win_rate":0.0,"timestamp":1613685722,"path_taken":["M","M","?","M","?","R","M","R","T","E","M","M","?","M","R","BOSS","M","M"],"items_purchased_type":[],"build_version":"2020-12-22","purchased_purges":0,"victory":false,"max_hp_per_floor":[70,70,70,70,75,75,75,75,75,75,75,75,75,75,75,75,75,75,75,75],"card_choices":[{"not_picked":["Flechettes","Bane"],"picked":"Backflip","floor":1},{"not_picked":["Slice","Flechettes"],"picked":"Infinite Blades","floor":2},{"not_picked":["Outmaneuver","Quick Slash"],"picked":"Bane","floor":4},{"not_picked":["Tactician","Poisoned Stab"],"picked":"Envenom","floor":7},{"not_picked":["Outmaneuver","Die Die Die"],"picked":"Catalyst","floor":10},{"not_picked":["Blur","Bane"],"picked":"Cloak And Dagger","floor":11},{"not_picked":["Bane","Flying Knee"],"picked":"Deadly Poison","floor":12},{"not_picked":["Blade Dance","Bane"],"picked":"Choke","floor":14},{"not_picked":["Wraith Form v2","A Thousand Cuts"],"picked":"After Image","floor":16},{"not_picked":["Sucker Punch","Caltrops"],"picked":"Deflect+1","floor":18}],"player_experience":429368,"relics_obtained":[{"floor":9,"key":"Eternal Feather"},{"floor":10,"key":"Shuriken"}],"event_choices":[{"damage_healed":0,"gold_gain":0,"player_choice":"Grow","damage_taken":0,"max_hp_gain":0,"max_hp_loss":0,"event_name":"Living Wall","floor":3,"gold_loss":0,"cards_upgraded":["Infinite Blades"]},{"damage_healed":0,"gold_gain":0,"player_choice":"Donut","damage_taken":0,"max_hp_gain":5,"max_hp_loss":0,"event_name":"Big Fish","floor":5,"gold_loss":0},{"damage_healed":0,"gold_gain":0,"player_choice":"Ignored","damage_taken":0,"max_hp_gain":0,"max_hp_loss":0,"event_name":"Golden Wing","floor":13,"gold_loss":0}],"is_beta":false,"boss_relics":[{"not_picked":["Ring of the Serpent","HoveringKite"],"picked":"Coffee Dripper"}],"items_purged_floors":[],"is_endless":false,"potions_floor_spawned":[1,7,14],"killed_by":"3 Byrds","ascension_level":12}}