{"host":"8d3fefv2347kqkpz","time":1613689389,"event":{"mods":["AchievementEnabler","BaseMod","Better Vampires","BetterRewards","Colored Map","Colored Powertips","Downfall","Emptier Cage","Highlight Path","Marked Mod","Minty Spire (QoL Compilation)","Permanent Neow","Quick Restart","Rare Cards Sparkle","Relic Stats","Say the Spire","Spicy Shops","StSLib","Waifu the Spire"],"gold_per_floor":[112,112,126,140,157,157,182,182],"floor_reached":7,"language":"ZHS","playtime":224,"items_purged":[],"score":53,"play_id":"40bd5a89-822f-42d1-8448-e9ef8f089d8b","local_time":"20210219070309","is_ascension_mode":false,"campfire_choices":[{"data":"Body Slam","floor":6,"key":"SMITH"}],"circlet_count":0,"master_deck":["Strike_R","Strike_R","Strike_R","Strike_R","Defend_R","Defend_R","Defend_R","Bash","Shrug It Off","Body Slam+1"],"relics":["Burning Blood","Frozen Egg 2"],"acts_visited":["Exordium"],"potions_floor_usage":[],"damage_taken":[{"damage":3,"enemies":"Small Slimes","floor":1,"turns":3},{"damage":5,"enemies":"Cultist","floor":3,"turns":4},{"damage":1,"enemies":"2 Louse","floor":4,"turns":4},{"damage":16,"enemies":"Large Slime","floor":5,"turns":8},{"damage":48,"enemies":"Lagavulin","floor":7,"turns":9}],"seed_played":"6932898294838640875","potions_obtained":[{"floor":2,"key":"ColorlessPotion"},{"floor":2,"key":"ColorlessPotion"},{"floor":2,"key":"Fire Potion"},{"floor":4,"key":"SkillPotion"}],"is_trial":false,"path_per_floor":["M","?","M","M","M","R","E"],"character_chosen":"IRONCLAD","items_purchased":[],"campfire_rested":0,"item_purchase_floors":[],"current_hp_per_floor":[72,72,72,72,62,62,20,20],"gold":182,"neow_bonus":"REMOVE_TWO","is_daily":false,"chose_seed":false,"campfire_upgraded":1,"win_rate":0.0,"timestamp":1613689389,"path_taken":["M","?","?","M","M","R","E"],"items_purchased_type":[],"build_version":"2020-12-22","purchased_purges":0,"victory":false,"max_hp_per_floor":[72,72,72,72,72,72,72,72],"relic_stats":{"counters":[5,28],"obtain_stats":[{"Frozen Egg 2":7,"Burning Blood":0},{"Frozen Egg 2":5,"Burning Blood":0},{"Frozen Egg 2":28,"Burning Blood":0}],"Burning Blood":21},"card_choices":[{"not_picked":["Anger","Infernal Blade","Iron Wave"],"picked":"SKIP","floor":1},{"not_picked":["Flex","Shrug It Off","Anger"],"picked":"SKIP","floor":3},{"not_picked":["Flex","Anger"],"picked":"Shrug It Off","floor":3},{"not_picked":["Dual Wield","Wild Strike"],"picked":"Body Slam","floor":4},{"not_picked":["Havoc","Intimidate","Clothesline"],"picked":"SKIP","floor":5}],"player_experience":473527,"relics_obtained":[{"floor":7,"key":"Frozen Egg 2"}],"event_choices":[{"damage_healed":0,"gold_gain":0,"player_choice":"Got Potions","damage_taken":0,"max_hp_gain":0,"max_hp_loss":0,"event_name":"Lab","floor":2,"gold_loss":0}],"is_beta":false,"boss_relics":[],"items_purged_floors":[],"is_endless":false,"potions_floor_spawned":[3,4],"killed_by":"Lagavulin","ascension_level":0}}