{"host":"mj8akmyfd5lo602f","time":1613664072,"event":{"mods":["2.2 Compatiblity","Act Like it!","BaseMod","Bestiary","BshForSts","Colored Map","Colored Powertips","Highlight Path","Koishi","Minty Spire (QoL Compilation)","Permanent Neow","Relic Stats","StSLib","The Marked"],"gold_per_floor":[116,116,132,145,165,196,196,227,252,71,82,139,139,155,155,260,260,277,376,165,181,181,213,213,241,241,257,257,271,346,363,363,464,514,529,542,553,603,619,645,645,670,670,670,98,398,416,434,434,434],"floor_reached":51,"language":"ENG","playtime":4191,"items_purged":["Koishi:GhostParty"],"score":859,"play_id":"6f0eddad-9734-4440-ad8b-883919e1e356","local_time":"20210218160112","is_ascension_mode":false,"campfire_choices":[{"data":"Koishi:PhantomBarrier","floor":7.0,"key":"SMITH"},{"floor":15.0,"key":"REST"},{"data":"Koishi:MassHysteria","floor":24.0,"key":"SMITH"},{"data":"Koishi:PerfectMindControl","floor":28.0,"key":"SMITH"},{"data":"Koishi:RoseHell","floor":32.0,"key":"SMITH"},{"data":"Koishi:FreudianInstinct","floor":41.0,"key":"SMITH"},{"data":"Koishi:VengefulSpirit","floor":44.0,"key":"SMITH"},{"data":"Forethought","floor":49,"key":"SMITH"}],"circlet_count":0,"master_deck":["Koishi:BasicStrike","Koishi:BasicStrike","Koishi:BasicStrike","Koishi:BasicStrike","Koishi:BasicDefend","Koishi:BasicDefend","Koishi:BasicDefend","Koishi:BasicDefend","Koishi:Provoke","Koishi:HauntingSlash","Panacea","Koishi:BloodcurdlingScream","Koishi:UnconsciousUrges+1","Koishi:SprinkleStarAndHeart","Koishi:PredatoryInstincts","Koishi:PhantomBarrier+1","Koishi:UnconsciousUprising","Koishi:RoseHell+1","Koishi:HeartAttack+1","Koishi:Whimsy","Koishi:SilentAndRestless+1","Koishi:GeneticsOfTheUnconscious+1","Koishi:FreudianInstinct+1","Koishi:PerfectMindControl+1","Koishi:MassHysteria+1","Koishi:PhantomBarrier","Koishi:RuptureMind+1","Koishi:IdleWhim","Koishi:VengefulSpirit+1","Koishi:SubterraneanRose+1","Koishi:Whimsy+1","Pain","Mayhem","Forethought+1"],"relics":["Koishi:ImaginaryFriend","Molten Egg 2","Happy Flower","Centennial Puzzle","PreservedInsect","Eternal Feather","Cursed Key","Unceasing Top","InkBottle","Tiny House","Dead Branch","Bag of Marbles","Darkstone Periapt","Mercury Hourglass"],"acts_visited":["Exordium","TheCity","TheBeyond"],"potions_floor_usage":[50,50],"damage_taken":[{"damage":0.0,"enemies":"Cultist","floor":1.0,"turns":6.0},{"damage":3.0,"enemies":"Small Slimes","floor":3.0,"turns":3.0},{"damage":13.0,"enemies":"Jaw Worm","floor":4.0,"turns":3.0},{"damage":8.0,"enemies":"3 Louse","floor":5.0,"turns":3.0},{"damage":17.0,"enemies":"Gremlin Nob","floor":6.0,"turns":6.0},{"damage":9.0,"enemies":"3 Sentries","floor":8.0,"turns":7.0},{"damage":3.0,"enemies":"Gremlin Gang","floor":11.0,"turns":2.0},{"damage":0.0,"enemies":"Lagavulin Event","floor":12.0,"turns":4.0},{"damage":14.0,"enemies":"Large Slime","floor":14.0,"turns":5.0},{"damage":10.0,"enemies":"Hexaghost","floor":16.0,"turns":8.0},{"damage":7.0,"enemies":"2 Thieves","floor":18.0,"turns":3.0},{"damage":0.0,"enemies":"Chosen","floor":21.0,"turns":4.0},{"damage":5.0,"enemies":"Gremlin Leader","floor":23.0,"turns":5.0},{"damage":0.0,"enemies":"Book of Stabbing","floor":25.0,"turns":5.0},{"damage":4.0,"enemies":"Centurion and Healer","floor":27.0,"turns":4.0},{"damage":17.0,"enemies":"Snecko","floor":29.0,"turns":5.0},{"damage":0.0,"enemies":"Cultist and Chosen","floor":31.0,"turns":4.0},{"damage":26.0,"enemies":"Automaton","floor":33.0,"turns":7.0},{"damage":13.0,"enemies":"3 Shapes","floor":35.0,"turns":6.0},{"damage":14.0,"enemies":"3 Darklings","floor":36.0,"turns":7.0},{"damage":0.0,"enemies":"Spire Growth","floor":37.0,"turns":4.0},{"damage":1.0,"enemies":"Mind Bloom Boss Battle","floor":38.0,"turns":5.0},{"damage":0.0,"enemies":"Transient","floor":39.0,"turns":5.0},{"damage":1.0,"enemies":"Giant Head","floor":40.0,"turns":9.0},{"damage":0.0,"enemies":"Nemesis","floor":42.0,"turns":6.0},{"damage":2.0,"enemies":"4 Shapes","floor":47.0,"turns":7.0},{"damage":6,"enemies":"3 Darklings","floor":48,"turns":4},{"damage":8,"enemies":"Donu and Deca","floor":50,"turns":6}],"seed_played":"-4374495510970379392","potions_obtained":[{"floor":3.0,"key":"SkillPotion"},{"floor":11.0,"key":"Dexterity Potion"},{"floor":12.0,"key":"Energy Potion"},{"floor":14.0,"key":"ColorlessPotion"},{"floor":16.0,"key":"AttackPotion"},{"floor":23.0,"key":"SteroidPotion"},{"floor":25.0,"key":"Fire Potion"},{"floor":29.0,"key":"Energy Potion"},{"floor":34.0,"key":"SneckoOil"},{"floor":37.0,"key":"DistilledChaos"},{"floor":40.0,"key":"BlessingOfTheForge"}],"is_trial":false,"path_per_floor":["M","?","M","M","M","E","R","E","T","$","M","?","?","M","R","B",null,"M","?","$","M","?","E","R","E","T","M","R","M","?","M","R","B",null,"M","M","M","?","M","E","R","E","T","R","$","?","M","M","R","B",null],"character_chosen":"KOISHI","items_purchased":["Koishi:RoseHell","Koishi:HeartAttack+1","Koishi:FreudianInstinct","Koishi:PerfectMindControl","LiquidMemories","CultistPotion","ColorlessPotion","Mayhem","Forethought"],"campfire_rested":1,"item_purchase_floors":[10,10,20,20,45,45,45,45,45],"current_hp_per_floor":[60,57,54,42,35,26,26,29,29,29,26,27,27,21,51,46,60,58,58,58,59,59,58,60,60,60,60,60,48,42,42,57,37,65,53,47,51,55,55,60,65,65,71,71,71,71,71,71,71,71],"gold":434,"neow_bonus":"RANDOM_COLORLESS","is_daily":false,"chose_seed":false,"campfire_upgraded":7,"win_rate":0.0,"timestamp":1613664072,"path_taken":["M","?","M","M","M","E","R","E","T","$","M","?","?","M","R","BOSS","M","?","$","M","?","E","R","E","T","M","R","M","?","M","R","BOSS","M","M","?","?","M","E","R","E","T","R","$","?","M","M","R","BOSS"],"items_purchased_type":["Card","Card","Card","Card","Potion","Potion","Potion","Card","Card"],"build_version":"2020-12-22","purchased_purges":1,"victory":true,"max_hp_per_floor":[60,60,60,60,60,60,60,60,60,60,60,60,60,60,60,60,60,60,60,60,60,60,60,60,60,60,60,60,60,60,60,60,60,65,65,65,65,65,65,65,65,65,71,71,71,71,71,71,71,71],"relic_stats":{"Darkstone Periapt":6,"Centennial Puzzle":[36],"Happy Flower":[40],"counters":[28,141],"Dead Branch":[50],"Eternal Feather":34,"PreservedInsect":286,"Cursed Key":1,"obtain_stats":[{"Darkstone Periapt":42,"Tiny House":34,"Happy Flower":6,"Dead Branch":38,"Eternal Feather":12,"PreservedInsect":9,"Cursed Key":17,"Mercury Hourglass":43,"Centennial Puzzle":8,"Molten Egg 2":2,"Bag of Marbles":40,"Unceasing Top":23,"InkBottle":25,"Koishi:ImaginaryFriend":0},{"Darkstone Periapt":25,"Tiny House":18,"Happy Flower":5,"Dead Branch":22,"Eternal Feather":8,"PreservedInsect":6,"Cursed Key":10,"Mercury Hourglass":25,"Centennial Puzzle":6,"Molten Egg 2":1,"Bag of Marbles":24,"Unceasing Top":13,"InkBottle":14,"Koishi:ImaginaryFriend":0},{"Darkstone Periapt":125,"Tiny House":83,"Happy Flower":21,"Dead Branch":105,"Eternal Feather":34,"PreservedInsect":28,"Cursed Key":46,"Mercury Hourglass":125,"Centennial Puzzle":28,"Molten Egg 2":6,"Bag of Marbles":119,"Unceasing Top":58,"InkBottle":63,"Koishi:ImaginaryFriend":0}],"Unceasing Top":[3],"InkBottle":[25],"Mercury Hourglass":[99]},"card_choices":[{"not_picked":["Purity","Mind Blast"],"picked":"Panacea","floor":0.0},{"not_picked":["Koishi:PhantomBarrier","Koishi:JumpScare"],"picked":"Koishi:BloodcurdlingScream","floor":1.0},{"not_picked":["Koishi:HeartfeltFancy","Koishi:UnansweredLove"],"picked":"Koishi:UnconsciousUrges","floor":3.0},{"not_picked":["Koishi:SubconsciousSweep+1","Koishi:DanmakuParanoia"],"picked":"Koishi:SprinkleStarAndHeart","floor":4.0},{"not_picked":["Koishi:PhantomStrike+1","Koishi:RorschachInDanmaku"],"picked":"Koishi:PredatoryInstincts","floor":5.0},{"not_picked":["Koishi:PhilosophyOfTheDespised","Koishi:GhostParty"],"picked":"Koishi:PhantomBarrier","floor":6.0},{"not_picked":["Koishi:RacingHeart+1","Koishi:CatchAndRose"],"picked":"Koishi:UnconsciousUprising","floor":8.0},{"not_picked":["Koishi:Jaunt+1","Koishi:FleetingPhantom"],"picked":"Koishi:Whimsy","floor":11.0},{"not_picked":["Koishi:FadingMemory","Koishi:ReflexRadar","Koishi:FleetingPhantom"],"picked":"SKIP","floor":14.0},{"not_picked":["Koishi:RollingInRichesHeart","Koishi:MentalBreakdown+1"],"picked":"Koishi:SilentAndRestless+1","floor":16.0},{"not_picked":["Koishi:UnconsciousUprising","Koishi:ReflexRadar+1"],"picked":"Koishi:GeneticsOfTheUnconscious+1","floor":18.0},{"not_picked":["Koishi:FleetingPhantom+1","Koishi:SprinkleStarAndHeart"],"picked":"Koishi:GhostParty","floor":21.0},{"not_picked":["Koishi:DanmakuParanoia","Koishi:UnconsciousUprising"],"picked":"Koishi:MassHysteria","floor":23.0},{"not_picked":["Koishi:Prune+1","Koishi:DreadfulBlow+1","Koishi:RollingInRichesHeart"],"picked":"SKIP","floor":25.0},{"not_picked":["Koishi:SubconsciousSweep+1","Koishi:CatchAndRose","Koishi:HeartfeltFancy"],"picked":"SKIP","floor":27.0},{"not_picked":["Koishi:FleetingPhantom","Koishi:ParalyzingFear+1"],"picked":"Koishi:PhantomBarrier","floor":29.0},{"not_picked":["Koishi:HeartfeltFancy","Koishi:Jaunt+1","Koishi:RoseHell"],"picked":"SKIP","floor":31.0},{"not_picked":["Koishi:RoseHell","Koishi:TerrifyingSpectre"],"picked":"Koishi:RuptureMind+1","floor":33.0},{"not_picked":["Koishi:HeartfeltFancy","Koishi:UnansweredLove"],"picked":"Koishi:IdleWhim","floor":34.0},{"not_picked":["Koishi:ReflexRadar","Koishi:TremblingHands+1"],"picked":"Koishi:VengefulSpirit","floor":35.0},{"not_picked":["Koishi:UnconsciousUrges+1","Koishi:UnansweredLove"],"picked":"Koishi:SubterraneanRose+1","floor":36.0},{"not_picked":["Koishi:UnconsciousUprising","Koishi:IdleWhim+1","Koishi:Prune+1"],"picked":"SKIP","floor":37.0},{"not_picked":["Koishi:TremblingHands+1","Koishi:EmbryosDream","Koishi:FleetingPhantom"],"picked":"SKIP","floor":39.0},{"not_picked":["Koishi:FleetingPhantom+1","Koishi:MentalBreakdown+1"],"picked":"Koishi:Whimsy+1","floor":40.0},{"not_picked":["Koishi:HeartAttack+1","Koishi:JumpScare","Koishi:UnseenTerror+1"],"picked":"SKIP","floor":42.0},{"not_picked":["Koishi:ReflexRadar","Koishi:UnansweredLove","Koishi:SubconsciousSweep+1"],"picked":"SKIP","floor":47.0},{"not_picked":["Koishi:DreadfulBlow+1","Koishi:SprinkleStarAndHeart","Koishi:ReflexRadar+1"],"picked":"SKIP","floor":48}],"player_experience":176507,"relics_obtained":[{"floor":6.0,"key":"Happy Flower"},{"floor":8.0,"key":"Centennial Puzzle"},{"floor":9.0,"key":"PreservedInsect"},{"floor":12.0,"key":"Eternal Feather"},{"floor":23.0,"key":"Unceasing Top"},{"floor":25.0,"key":"InkBottle"},{"floor":38.0,"key":"Dead Branch"},{"floor":40.0,"key":"Bag of Marbles"},{"floor":42.0,"key":"Darkstone Periapt"},{"floor":43.0,"key":"Mercury Hourglass"}],"event_choices":[{"damage_healed":0.0,"max_hp_gain":0.0,"max_hp_loss":0.0,"gold_gain":0.0,"event_name":"Scrap Ooze","player_choice":"Success","floor":2.0,"gold_loss":0.0,"damage_taken":3.0,"relics_obtained":["Molten Egg 2"]},{"damage_healed":0.0,"max_hp_gain":0.0,"max_hp_loss":0.0,"gold_gain":0.0,"event_name":"Dead Adventurer","player_choice":"Searched \u00271\u0027 times","floor":12.0,"gold_loss":0.0,"damage_taken":0.0},{"damage_healed":0.0,"max_hp_gain":0.0,"max_hp_loss":0.0,"gold_gain":0.0,"event_name":"Liars Game","player_choice":"Ignored","floor":13.0,"gold_loss":0.0,"damage_taken":0.0},{"damage_healed":0.0,"max_hp_gain":0.0,"max_hp_loss":0.0,"gold_gain":99.0,"event_name":"Nest","player_choice":"Stole From Cult","floor":19.0,"gold_loss":0.0,"damage_taken":0.0},{"damage_healed":0.0,"max_hp_gain":0.0,"max_hp_loss":0.0,"gold_gain":0.0,"event_name":"Vampires","player_choice":"Ignored","floor":22.0,"gold_loss":0.0,"damage_taken":0.0},{"damage_healed":0.0,"max_hp_gain":0.0,"max_hp_loss":0.0,"gold_gain":75.0,"event_name":"FaceTrader","player_choice":"Touch","floor":30.0,"gold_loss":0.0,"damage_taken":6.0},{"damage_healed":0.0,"max_hp_gain":0.0,"max_hp_loss":0.0,"gold_gain":0.0,"event_name":"MindBloom","player_choice":"Fight","floor":38.0,"gold_loss":0.0,"damage_taken":0.0},{"damage_healed":0.0,"max_hp_gain":0.0,"max_hp_loss":0.0,"gold_gain":300.0,"event_name":"Wheel of Change","player_choice":"Gold","floor":46.0,"gold_loss":0.0,"damage_taken":0.0}],"is_beta":false,"boss_relics":[{"not_picked":["Runic Dome","SacredBark"],"picked":"Cursed Key"},{"not_picked":["Black Star","Calling Bell"],"picked":"Tiny House"}],"items_purged_floors":[45],"is_endless":false,"potions_floor_spawned":[3,11,12,14,16,23,25,27,29,37,40,48],"ascension_level":0}}