{"host":"8anmd7ibyxevnonj","time":1613664579,"event":{"mods":["BaseMod","Curses Come First","Glutton Mod","Marisa????????","Minty Spire (QoL Compilation)","Reliquary","StSLib","The Cursed","The Marked","The Necromancer"],"gold_per_floor":[114,129,149,149,149,149,174,174,174,188,200,200,211,245,245,349,349,363,382,397,0,14,14,49,49,49,65,75,90,104,118,118,215,215,232,232,244,23,73,73,98,112,112,122,153,153,164,191,191,191],"floor_reached":51,"language":"ENG","playtime":3587,"items_purged":[],"score":890,"play_id":"f28b51df-73f9-4d66-8f02-dbcc47988924","local_time":"20210218170939","is_ascension_mode":true,"campfire_choices":[{"data":"Bones_to_Steel","floor":6,"key":"SMITH"},{"data":"Bone_Armory","floor":8,"key":"SMITH"},{"data":"Bone_Bullets","floor":12,"key":"SMITH"},{"floor":15,"key":"REST"},{"data":"Bone_Armor","floor":23,"key":"SMITH"},{"data":"Summon_Lich","floor":25,"key":"SMITH"},{"data":"Plague_Bolt","floor":32,"key":"SMITH"},{"data":"Negative_Energy_Sphere","floor":40,"key":"SMITH"},{"data":"Summon_Undead","floor":49,"key":"SMITH"}],"circlet_count":0,"master_deck":["Strike_W","Strike_W","Strike_W","Strike_W","Defend_W","Defend_W","Defend_W","Defend_W","Negative_Energy_Arrows","Bone_Wall+1","Bones_to_Steel+1","Bone_Armory+1","Negative_Energy_Sphere+1","Bone_Bullets+1","Plague_Bolt+1","Summon_Lich+1","Hellfire+1","Finger_Of_Death+1","Spectral_Armor+1","Bone_Armor+1","Bone_Prison","Negative_Energy_Burst+1","Acid_Javelin+1","Negative_Energy_Sphere+1","Toxic_Smoke_Screen+1","Hellfire+1","Epidemic+1","Mind Blast+1","Vampiric_Strike+1","Bone_Armory+1","Vampiric_Strike+1","Summon_Undead+1","Bone_Bullets+1","Bone_Prison+1","Negative_Energy_Shield+1","Skeleton_Dragon+1"],"relics":["Vampire_Amulet","reliquary:TridentHead","Molten Egg 2","SlaversCollar","Eternal Feather","reliquary:Stiletto","Frozen Egg 2","Boot","Velvet Choker","Orichalcum","Pocketwatch","Pen Nib","Bag of Preparation","Happy Flower","reliquary:BallBearing"],"acts_visited":["Exordium","TheCity","TheBeyond"],"potions_floor_usage":[11,16,28,41,42,50,50],"damage_taken":[{"damage":1,"enemies":"Cultist","floor":1,"turns":4},{"damage":1,"enemies":"2 Louse","floor":2,"turns":3},{"damage":13,"enemies":"Jaw Worm","floor":3,"turns":7},{"damage":28,"enemies":"3 Sentries","floor":7,"turns":17},{"damage":22,"enemies":"Large Slime","floor":10,"turns":10},{"damage":9,"enemies":"Blue Slaver","floor":11,"turns":4},{"damage":7,"enemies":"2 Fungi Beasts","floor":13,"turns":3},{"damage":13,"enemies":"Gremlin Nob","floor":14,"turns":5},{"damage":32,"enemies":"The Guardian","floor":16,"turns":20},{"damage":9,"enemies":"Spheric Guardian","floor":18,"turns":5},{"damage":9,"enemies":"Chosen","floor":19,"turns":5},{"damage":24,"enemies":"Sentry and Sphere","floor":20,"turns":12},{"damage":1,"enemies":"3 Cultists","floor":22,"turns":3},{"damage":43,"enemies":"Slavers","floor":24,"turns":7},{"damage":12,"enemies":"Shelled Parasite and Fungi","floor":27,"turns":5},{"damage":7,"enemies":"Chosen and Byrds","floor":28,"turns":6},{"damage":0,"enemies":"3 Cultists","floor":29,"turns":4},{"damage":20,"enemies":"Cultist and Chosen","floor":30,"turns":5},{"damage":12,"enemies":"Centurion and Healer","floor":31,"turns":8},{"damage":0,"enemies":"Collector","floor":33,"turns":10},{"damage":1,"enemies":"3 Shapes","floor":35,"turns":3},{"damage":17,"enemies":"Orb Walker","floor":37,"turns":4},{"damage":12,"enemies":"Mind Bloom Boss Battle","floor":39,"turns":6},{"damage":43,"enemies":"Giant Head","floor":41,"turns":11},{"damage":27,"enemies":"4 Shapes","floor":42,"turns":3},{"damage":10,"enemies":"Maw","floor":44,"turns":9},{"damage":0,"enemies":"Nemesis","floor":45,"turns":7},{"damage":8,"enemies":"Jaw Worm Horde","floor":47,"turns":2},{"damage":17,"enemies":"Giant Head","floor":48,"turns":9},{"damage":46,"enemies":"Awakened One","floor":50,"turns":16}],"seed_played":"-3250477423516914894","potions_obtained":[{"floor":1,"key":"EssenceOfSteel"},{"floor":10,"key":"Weak Potion"},{"floor":16,"key":"Ancient Potion"},{"floor":19,"key":"Dexterity Potion"},{"floor":24,"key":"Regen Potion"},{"floor":28,"key":"LiquidMemories"},{"floor":39,"key":"PowerPotion"},{"floor":41,"key":"LiquidBronze"},{"floor":47,"key":"FairyPotion"}],"is_trial":false,"path_per_floor":["M","M","M","?","?","R","E","R","T","M","M","R","M","E","R","B",null,"M","M","M","$","M","R","E","R","T","M","M","M","M","M","R","B",null,"M","?","M","$","?","R","E","M","T","M","E","?","M","E","R","B",null],"character_chosen":"NECROMANCER","items_purchased":["Eternal Feather","reliquary:Stiletto","Bone_Armory+1","Orichalcum"],"campfire_rested":1,"item_purchase_floors":[21,21,38,38],"current_hp_per_floor":[75,75,64,64,75,75,53,53,53,35,28,28,25,14,36,6,75,68,61,41,41,46,58,21,33,33,25,37,43,27,25,40,56,75,75,75,60,60,59,75,46,33,33,46,60,60,58,46,67,48],"gold":191,"neow_bonus":"UPGRADE_CARD","is_daily":false,"chose_seed":false,"campfire_upgraded":8,"win_rate":0.0,"timestamp":1613664579,"path_taken":["M","M","M","?","?","R","E","R","T","M","M","R","M","E","R","BOSS","M","?","M","$","M","R","E","R","T","M","M","?","?","M","R","BOSS","M","?","M","$","?","R","E","M","T","M","E","?","M","E","R","BOSS"],"items_purchased_type":["Relic","Relic","Card","Relic"],"build_version":"2020-12-13","purchased_purges":0,"victory":true,"max_hp_per_floor":[75,75,75,75,75,75,75,75,75,75,75,75,75,75,75,75,75,75,75,75,75,75,75,75,75,75,75,75,75,75,75,75,75,75,75,75,75,75,75,75,75,75,75,75,75,75,75,75,75,75],"card_choices":[{"not_picked":["Exploit","Blood_Is_Power"],"picked":"Bones_to_Steel","floor":1},{"not_picked":["Vampiric_Strike","Death_March_Dance"],"picked":"Bone_Armory","floor":2},{"not_picked":["Slay_Living","Bone_Bullets"],"picked":"Spectral_Armor","floor":3},{"not_picked":["Toxic_Smoke_Screen","Bone_Shift"],"picked":"Negative_Energy_Sphere","floor":7},{"not_picked":["Spectral_Walk","Necromantic_Selection"],"picked":"Bone_Bullets","floor":10},{"not_picked":["Blood_Whip","Chill_Blood","Shackles_Of_Pain"],"picked":"SKIP","floor":11},{"not_picked":["Bone_Shift","Skeleton_Dragon"],"picked":"Plague_Bolt","floor":13},{"not_picked":["Chill_Blood","Negative_Energy_Sphere+1"],"picked":"Summon_Lich","floor":14},{"not_picked":["Requiem+1","Summon_Vampire_Lady"],"picked":"Hellfire+1","floor":16},{"not_picked":["Strike_from_Beyond+1","Violent_Necrosis+1"],"picked":"Finger_Of_Death+1","floor":18},{"not_picked":["Consume_Illness","Death_March_Dance+1"],"picked":"Spectral_Armor+1","floor":19},{"not_picked":["Epidemic","Consume_Illness+1"],"picked":"Bone_Armor","floor":20},{"not_picked":["Finger_Of_Death+1","Bones_to_Steel"],"picked":"Bone_Prison","floor":22},{"not_picked":["Detonate_Bones+1","Negative_Energy_Javelin+1"],"picked":"Negative_Energy_Burst+1","floor":24},{"not_picked":["Thousand_Bone_Knives+1","Negative_Energy_Burst+1"],"picked":"Acid_Javelin+1","floor":27},{"not_picked":["Negative_Energy_Javelin+1","Necromantic_Selection"],"picked":"Negative_Energy_Sphere+1","floor":28},{"not_picked":["Exploit+1","Scare","Necromantic_Selection"],"picked":"SKIP","floor":29},{"not_picked":["Blood_Curse+1","Epidemic"],"picked":"Life_Drain+1","floor":30},{"not_picked":["Necrotic_Claws+1","Negative_Energy_Sphere+1"],"picked":"Toxic_Smoke_Screen+1","floor":31},{"not_picked":["Summon_Death_Knight+1","Reap_The_Weak+1"],"picked":"Hellfire+1","floor":33},{"not_picked":["Consume_Illness+1","Whirlwind_of_Bones+1"],"picked":"Epidemic+1","floor":35},{"not_picked":["Blind","Jack Of All Trades"],"picked":"Mind Blast+1","floor":36},{"not_picked":["Bones_to_Steel+1","Bone_Spikes+1"],"picked":"Vampiric_Strike+1","floor":37},{"not_picked":["Necromantic_Selection+1","Toxic_Smoke_Screen+1"],"picked":"Vampiric_Strike+1","floor":39},{"not_picked":["Shackles_Of_Pain+1","Life_Tap+1"],"picked":"Summon_Undead","floor":41},{"not_picked":["Blood_Whip+1","Bones_to_Steel"],"picked":"Bone_Bullets+1","floor":42},{"not_picked":["Strike_from_Beyond+1","Bone_Bullets+1"],"picked":"Bone_Prison+1","floor":44},{"not_picked":["Consume_Illness+1","Negative_Energy_Javelin+1","Blood_Whip+1"],"picked":"SKIP","floor":45},{"not_picked":["Blood_Shield","Negative_Energy_Javelin+1"],"picked":"Negative_Energy_Shield+1","floor":47},{"not_picked":["Finger_Of_Death+1","Bone_Spikes+1"],"picked":"Skeleton_Dragon+1","floor":48}],"player_experience":76096,"relics_obtained":[{"floor":7,"key":"reliquary:TridentHead"},{"floor":14,"key":"Molten Egg 2"},{"floor":24,"key":"Frozen Egg 2"},{"floor":26,"key":"Boot"},{"floor":39,"key":"Pocketwatch"},{"floor":41,"key":"Pen Nib"},{"floor":43,"key":"Bag of Preparation"},{"floor":45,"key":"Happy Flower"},{"floor":48,"key":"reliquary:BallBearing"}],"event_choices":[{"damage_healed":0,"gold_gain":0,"player_choice":"Ignored","damage_taken":0,"max_hp_gain":0,"max_hp_loss":0,"event_name":"Liars Game","floor":4,"gold_loss":0},{"cards_removed":["Spectral_Armor"],"damage_healed":11,"gold_gain":0,"player_choice":"Offered Uncommon","damage_taken":0,"max_hp_gain":0,"max_hp_loss":0,"event_name":"Bonfire Elementals","floor":5,"gold_loss":0},{"damage_healed":0,"gold_gain":0,"player_choice":"Memory 1","damage_taken":0,"max_hp_gain":0,"max_hp_loss":0,"event_name":"SensoryStone","floor":36,"gold_loss":0},{"damage_healed":0,"gold_gain":0,"player_choice":"Fight","damage_taken":0,"max_hp_gain":0,"max_hp_loss":0,"event_name":"MindBloom","floor":39,"gold_loss":0},{"cards_removed":["Life_Drain"],"damage_healed":0,"gold_gain":0,"player_choice":"Removed Attack","damage_taken":0,"max_hp_gain":0,"max_hp_loss":0,"event_name":"Falling","floor":46,"gold_loss":0}],"is_beta":false,"boss_relics":[{"not_picked":["Cursed Key","Philosopher\u0027s Stone"],"picked":"SlaversCollar"},{"not_picked":["Astrolabe","SacredBark"],"picked":"Velvet Choker"}],"items_purged_floors":[],"is_endless":false,"potions_floor_spawned":[1,10,16,19,24,27,28,31,33,35,39,41,47],"ascension_level":1}}