{"host":"ly2k09o7mhu4m2ip","time":1613608915,"event":{"mods":["BaseMod","Colored Map","Colored Powertips","Downfall","Highlight Path","Minty Spire (QoL Compilation)","StSLib"],"gold_per_floor":[99,114,125,141,155,155,179,205,242,242,13,41,41,69,97,209,209,209,228,228,243,243,86,86,114,114,142,176,176,185,219,230,340,340,340,350,371,384,443,471,525,542,442,456,465,565,565,577,597,597],"floor_reached":51,"language":"ENG","playtime":2908,"items_purged":["bronze:Strike"],"score":945,"play_id":"8b61d21f-fb06-4917-8198-b10d97225000","local_time":"20210218014155","is_ascension_mode":true,"campfire_choices":[{"data":"bronze:Replicate","floor":1,"key":"SMITH"},{"data":"bronze:Frontload","floor":6,"key":"SMITH"},{"data":"bronze:GetLatest","floor":10,"key":"SMITH"},{"data":"bronze:DelayedGuard","floor":13,"key":"SMITH"},{"data":"bronze:HardenedForm","floor":18,"key":"SMITH"},{"data":"1","floor":35,"key":"LIFT"},{"data":"2","floor":43,"key":"LIFT"},{"floor":47,"key":"REST"}],"circlet_count":0,"master_deck":["bronze:Strike","bronze:Strike","bronze:Strike","bronze:Defend","bronze:Defend","bronze:Defend","bronze:Defend","bronze:Replicate+1","bronze:Goto","bronze:Frontload+1","bronze:Repair","bronze:Boost","bronze:WhirlingStrike","bronze:GetLatest+1","bronze:Flail","bronze:ChosenStrike","bronze:DelayedGuard+1","bronze:Iterate","bronze:Separator","bronze:HardenedForm+1","bronze:WhirlingStrike","bronze:Iterate+1","bronze:Terminator+1","bronze:WhirlingStrike","RitualDagger","bronze:InfiniteLoop","bronze:WhirlingStrike+1","bronze:DelayedGuard","bronze:DarkDash"],"relics":["bronze:BronzeCore","CeramicFish","Oddly Smooth Stone","ClockworkSouvenir","Busted Crown","bronze:SilverBullet","Juzu Bracelet","StrikeDummy","Incense Burner","Girya","Runic Pyramid","Thread and Needle","Nunchaku","downfall:HeartBlessingBlue"],"acts_visited":["Exordium","TheCity","TheBeyond"],"potions_floor_usage":[33,33,33,33,50,50],"damage_taken":[{"damage":0,"enemies":"Cultist","floor":2,"turns":3},{"damage":7,"enemies":"Jaw Worm","floor":3,"turns":3},{"damage":2,"enemies":"2 Louse","floor":4,"turns":3},{"damage":0,"enemies":"Exordium Thugs","floor":5,"turns":6},{"damage":11,"enemies":"Large Slime","floor":8,"turns":9},{"damage":9,"enemies":"3 Sentries","floor":9,"turns":8},{"damage":0,"enemies":"downfall:FleeingMerchant","floor":11,"turns":4},{"damage":0,"enemies":"Exordium Wildlife","floor":12,"turns":3},{"damage":0,"enemies":"3 Louse","floor":14,"turns":2},{"damage":0,"enemies":"Large Slime","floor":15,"turns":5},{"damage":0,"enemies":"SI_SHIV_ARCHETYPE","floor":16,"turns":7},{"damage":0,"enemies":"Shell Parasite","floor":19,"turns":6},{"damage":3,"enemies":"Chosen","floor":21,"turns":3},{"damage":0,"enemies":"downfall:FleeingMerchant","floor":23,"turns":4},{"damage":0,"enemies":"Gremlin Leader","floor":25,"turns":5},{"damage":8,"enemies":"Shelled Parasite and Fungi","floor":27,"turns":5},{"damage":32,"enemies":"Slavers","floor":28,"turns":4},{"damage":6,"enemies":"Book of Stabbing","floor":31,"turns":4},{"damage":13,"enemies":"Snake Plant","floor":32,"turns":5},{"damage":18,"enemies":"DF_ARCHETYPE_CLAW","floor":33,"turns":7},{"damage":3,"enemies":"3 Darklings","floor":36,"turns":4},{"damage":15,"enemies":"3 Shapes","floor":37,"turns":3},{"damage":2,"enemies":"Transient","floor":38,"turns":5},{"damage":4,"enemies":"Transient","floor":39,"turns":5},{"damage":46,"enemies":"Nemesis","floor":40,"turns":7},{"damage":8,"enemies":"4 Shapes","floor":42,"turns":2},{"damage":0,"enemies":"Sphere and 2 Shapes","floor":44,"turns":1},{"damage":0,"enemies":"Jaw Worm Horde","floor":48,"turns":4},{"damage":0,"enemies":"Transient","floor":49,"turns":5},{"damage":8,"enemies":"IC_BLOCK_ARCHETYPE","floor":50,"turns":6}],"seed_played":"-7496296593528356284","potions_obtained":[{"floor":2,"key":"LiquidBronze"},{"floor":9,"key":"bronze:CleanCodePotion"},{"floor":12,"key":"EntropicBrew"},{"floor":14,"key":"DuplicationPotion"},{"floor":39,"key":"CultistPotion"},{"floor":44,"key":"Strength Potion"},{"floor":48,"key":"FairyPotion"}],"is_trial":false,"path_per_floor":["R","M","M","M","M","R","T","M","E","R","$","M","R","M","M","B",null,"R","M","?","M","?","$","T","E","?","M","E","?","?","E","M","B",null,"R","M","M","M","?","E","T","M","R","M","?","?","R","M","M","B",null],"character_chosen":"THE_AUTOMATON","items_purchased":["ClockworkSouvenir","bronze:SilverBullet"],"campfire_rested":1,"item_purchase_floors":[11,23],"current_hp_per_floor":[77,77,70,68,75,75,75,71,68,68,75,77,77,77,77,77,77,77,77,77,77,77,77,77,77,63,62,37,37,31,32,26,15,82,82,79,64,62,65,26,26,25,35,35,35,35,62,69,76,68],"gold":597,"neow_bonus":"TEN_PERCENT_HP_BONUS","is_daily":false,"chose_seed":false,"campfire_upgraded":5,"win_rate":0.0,"timestamp":1613608915,"path_taken":["R","M","M","M","?","R","T","M","E","R","$","M","R","M","M","BOSS","R","M","?","?","?","?","T","E","?","M","E","?","?","E","M","BOSS","R","M","M","M","?","E","T","M","R","M","?","?","R","M","M","BOSS"],"items_purchased_type":["Relic","Relic"],"build_version":"2020-12-22","purchased_purges":1,"victory":true,"max_hp_per_floor":[77,77,77,77,77,77,77,77,77,77,77,77,77,77,77,77,77,77,77,77,77,77,77,77,77,82,82,82,82,82,82,82,82,82,82,82,82,82,82,82,82,82,92,92,92,92,92,92,92,92],"card_choices":[{"not_picked":["bronze:ChildClass","bronze:Refactor"],"picked":"bronze:Frontload","floor":2},{"not_picked":["bronze:BuggyMess","bronze:WildBeam"],"picked":"bronze:Repair","floor":3},{"not_picked":["bronze:Separator","bronze:Repulsor"],"picked":"bronze:Boost","floor":4},{"not_picked":["bronze:Frontload","bronze:Iterate"],"picked":"bronze:WhirlingStrike","floor":5},{"not_picked":["bronze:Frontload","bronze:Overheat"],"picked":"bronze:GetLatest","floor":8},{"not_picked":["bronze:InfiniteBeams","bronze:DigitalCarnage"],"picked":"bronze:Flail","floor":9},{"not_picked":["bronze:CleanCode","bronze:Iterate"],"picked":"bronze:ChosenStrike","floor":11},{"not_picked":["bronze:CutThrough","bronze:InfiniteBeams"],"picked":"bronze:DelayedGuard","floor":12},{"not_picked":["bronze:Constructor","bronze:BitShift"],"picked":"bronze:Iterate","floor":14},{"not_picked":["bronze:Constructor","bronze:Shield"],"picked":"bronze:Separator","floor":15},{"not_picked":["bronze:FindAndReplace","bronze:AlphaBuild"],"picked":"bronze:HardenedForm","floor":16},{"not_picked":[],"picked":"bronze:WhirlingStrike","floor":19},{"not_picked":["bronze:BugBarrage+1"],"picked":"SKIP","floor":21},{"not_picked":[],"picked":"bronze:Iterate+1","floor":23},{"not_picked":["bronze:DarkDash+1"],"picked":"SKIP","floor":25},{"not_picked":[],"picked":"bronze:Terminator+1","floor":27},{"not_picked":[],"picked":"bronze:WhirlingStrike","floor":28},{"not_picked":["bronze:BugBarrage"],"picked":"SKIP","floor":31},{"not_picked":["bronze:Overheat"],"picked":"SKIP","floor":32},{"not_picked":[],"picked":"bronze:InfiniteLoop","floor":33},{"not_picked":["bronze:Frontload"],"picked":"SKIP","floor":36},{"not_picked":[],"picked":"bronze:WhirlingStrike+1","floor":37},{"not_picked":["bronze:WildBeam+1"],"picked":"SKIP","floor":38},{"not_picked":[],"picked":"bronze:DelayedGuard","floor":39},{"not_picked":["bronze:Safeguard+1"],"picked":"SKIP","floor":40},{"not_picked":["bronze:Refactor"],"picked":"SKIP","floor":42},{"not_picked":["bronze:Invalidate+1"],"picked":"SKIP","floor":44},{"not_picked":["bronze:BitShift+1"],"picked":"SKIP","floor":48},{"not_picked":["bronze:Allocate+1"],"picked":"SKIP","floor":49}],"player_experience":256907,"relics_obtained":[{"floor":7,"key":"CeramicFish"},{"floor":9,"key":"Oddly Smooth Stone"},{"floor":24,"key":"Juzu Bracelet"},{"floor":25,"key":"StrikeDummy"},{"floor":28,"key":"Incense Burner"},{"floor":31,"key":"Girya"},{"floor":39,"key":"Thread and Needle"},{"floor":40,"key":"Nunchaku"}],"event_choices":[],"is_beta":false,"boss_relics":[{"not_picked":["Astrolabe","Philosopher\u0027s Stone"],"picked":"Busted Crown"},{"not_picked":["Coffee Dripper","Runic Dome"],"picked":"Runic Pyramid"}],"items_purged_floors":[11],"is_endless":false,"potions_floor_spawned":[2,9,12,14,16,19,21,32,39,44,48],"ascension_level":2}}