{"host":"61ejhfsushs0xmcl","time":1613648169,"event":{"mods":["ATMod(阿瑾Mod)","Act Like it!","BaseMod","Colored Map","Gold Saver","Minty Spire (QoL Compilation)","MostiFishMod","Ruina","Spicy Shops","StSLib","TestMod","【遗物卡牌】REMEMod","篝火指南"],"gold_per_floor":[2459,2459,2384,2384,2364,2395,2002,2090,2090,2090,2149,2165,2198,1844,1844,1931,1931,1968,1981,2035,2035,2035,2082,2082,2102,2125,2162,2181,2181,2206,2230,1791,1878,1878,1903,1534,1534,1554,1167,1167,1167,1167,1167,1202,1230,953,974,1009,1009,1018,1027,1027,697,201,285,325],"floor_reached":57,"language":"ZHS","playtime":2760,"items_purged":["Shame","Shame","Strike_B","Defend_B","Defend_B","Strike_B","Defend_B","Strike_B","Strike_B","Defend_B","AT_WindFlip","Glacier+1"],"score":2808,"play_id":"d565c927-9ae5-4f51-90a3-87d17d2026b9","local_time":"20210218193609","is_ascension_mode":true,"campfire_choices":[{"data":"MostiFishMod:InterfaceCompatibility","floor":10.0,"key":"SMITH"},{"data":"Turbo","floor":15.0,"key":"SMITH"},{"data":"MostiFishMod:IntelligentEquipment","floor":24.0,"key":"SMITH"},{"data":"Dualcast","floor":29.0,"key":"SMITH"},{"data":"Recycle","floor":40.0,"key":"SMITH"},{"floor":42.0,"key":"RECALL"},{"data":"MostiFishMod:ActiveDefenseSystem","floor":49,"key":"SMITH"}],"circlet_count":0,"master_deck":["AscendersBane","Zap+1","Dualcast+1","MostiFishMod:InterfaceCompatibility+1","MostiFishMod:IntelligentEquipment+1","Turbo+1","MostiFishMod:ActiveDefenseSystem+1","Gash","Gash","Recycle+1","Core Surge","MostiFishMod:ButterFly","Force Field","Storm"],"relics":["Cracked Core","AT_ATBox","REME_ComplimentaryCards","testmod-TestBox","testmod-HeartOfStrike","xbg","SynthV:TestCard","Mango","REME_ArchaeologicalTools","DataDisk","Shuriken","Pen Nib","Inserter","testmod-LifeArmor","DaveBox","BionicSphere","REME_HourglassOfDeath","Bag of Marbles","Juzu Bracelet","Dodecahedron","Omamori","GreenFoldingFan","Membership Card","Happy Flower","testmod-OneHitWonder","BrkXgEgg","AT_ChloranthyRing","War Paint","Chemical X","testmod-EqualTreatment","AT_MibuBalloonWealth","Medical Kit","Ornamental Fan","ClockworkSouvenir","Art of War"],"acts_visited":["Exordium","Exordium","TheBeyond","TheEnding"],"potions_floor_usage":[56],"damage_taken":[{"damage":0.0,"enemies":"Cultist","floor":1.0,"turns":2.0},{"damage":8.0,"enemies":"Gremlin Nob","floor":6.0,"turns":3.0},{"damage":0.0,"enemies":"Lagavulin","floor":8.0,"turns":4.0},{"damage":0.0,"enemies":"3 Sentries","floor":11.0,"turns":4.0},{"damage":0.0,"enemies":"2 Louse","floor":12.0,"turns":2.0},{"damage":0.0,"enemies":"Gremlin Nob","floor":13.0,"turns":3.0},{"damage":23.0,"enemies":"Hexaghost","floor":16.0,"turns":3.0},{"damage":13.0,"enemies":"ruina:2_Scarecrows","floor":18.0,"turns":2.0},{"damage":4.0,"enemies":"ruina:Nosferatu","floor":19.0,"turns":2.0},{"damage":32.0,"enemies":"ruina:Mountain","floor":23.0,"turns":7.0},{"damage":13.0,"enemies":"ruina:3_Scarecrows","floor":25.0,"turns":3.0},{"damage":3.0,"enemies":"ruina:RoadHome","floor":27.0,"turns":2.0},{"damage":0.0,"enemies":"ruina:QueenOfHate","floor":28.0,"turns":2.0},{"damage":0.0,"enemies":"ruina:Woodsman","floor":30.0,"turns":2.0},{"damage":0.0,"enemies":"ruina:KnightOfDespair","floor":31.0,"turns":1.0},{"damage":0.0,"enemies":"ruina:Ozma","floor":33.0,"turns":2.0},{"damage":2.0,"enemies":"3 Darklings","floor":35.0,"turns":2.0},{"damage":2.0,"enemies":"Orb Walker","floor":38.0,"turns":1.0},{"damage":2.0,"enemies":"Reptomancer","floor":44.0,"turns":1.0},{"damage":2.0,"enemies":"Maw","floor":45.0,"turns":1.0},{"damage":2,"enemies":"Transient","floor":47,"turns":1},{"damage":2,"enemies":"Giant Head","floor":48,"turns":1},{"damage":2,"enemies":"Awakened One","floor":50,"turns":2},{"damage":2,"enemies":"Donu and Deca","floor":51,"turns":1},{"damage":2,"enemies":"Shield and Spear","floor":55,"turns":1},{"damage":10,"enemies":"The Heart","floor":56,"turns":4}],"seed_played":"-3709648230679230567","potions_obtained":[{"floor":1.0,"key":"BlessingOfTheForge"},{"floor":5.0,"key":"LiquidMemories"},{"floor":12.0,"key":"PowerPotion"},{"floor":25.0,"key":"Swift Potion"},{"floor":33.0,"key":"testmod-TimePotion"}],"is_trial":false,"path_per_floor":["M","?","$","?","?","E","R","E","T","R","E","M","E","$","R","B",null,"M","M","T","?","?","E","R","M","T","E","M","R","M","M","R","B",null,"M","$","?","M","$","R","?","R","T","E","M","R","M","E","R","B","B",null,"R","$","E","B",null],"character_chosen":"DEFECT","items_purchased":["DataDisk","Turbo","Dodecahedron","Omamori","Membership Card","Happy Flower","testmod-OneHitWonder","BrkXgEgg","War Paint","Chemical X","AT_MibuBalloonWealth","Medical Kit","Ornamental Fan","ClockworkSouvenir","Art of War","Storm"],"campfire_rested":0,"item_purchase_floors":[7,14,32,32,36,36,39,39,46,46,53,53,54,54,54,54],"current_hp_per_floor":[64,64,64,73,73,65,65,65,65,65,65,65,65,65,65,42,74,61,57,57,57,57,25,25,12,12,9,9,9,9,9,9,9,66,74,74,64,76,76,76,76,76,76,85,85,85,85,85,85,85,85,85,85,85,85,85],"gold":325,"neow_bonus":"THREE_RARE_CARDS","is_daily":false,"chose_seed":false,"campfire_upgraded":6,"win_rate":0.0,"timestamp":1613648169,"path_taken":["M","?","$","?","?","E","R","E","T","R","E","M","E","$","R","BOSS","M","M","?","?","?","E","R","M","T","E","M","R","M","M","R","BOSS","M","$","?","M","$","R","?","R","T","E","M","R","M","E","R","BOSS","BOSS","R","$","E","BOSS"],"items_purchased_type":["Relic","Card","Relic","Relic","Relic","Relic","Relic","Relic","Relic","Relic","Relic","Relic","Relic","Relic","Relic","Card"],"build_version":"2020-12-22","purchased_purges":12,"victory":true,"max_hp_per_floor":[71,71,71,85,85,85,85,85,85,85,85,85,85,85,85,85,85,85,85,85,85,85,85,85,85,85,85,85,85,85,85,85,85,85,85,85,85,85,85,85,85,85,85,85,85,85,85,85,85,85,85,85,85,85,85,85],"card_choices":[{"not_picked":["Buffer","All For One"],"picked":"MostiFishMod:InterfaceCompatibility","floor":0.0},{"not_picked":["Defragment","Stack","Steam Power"],"picked":"SKIP","floor":1.0},{"not_picked":["Leap","Rebound","Streamline","Beam Cell","Blizzard"],"picked":"SKIP","floor":6.0},{"not_picked":["Darkness","Conserve Battery","MostiFishMod:Exploitation","Hologram"],"picked":"Glacier","floor":8.0},{"not_picked":["Doom and Gloom","Cold Snap","Redo","Hologram","Compile Driver"],"picked":"SKIP","floor":11.0},{"not_picked":["Coolheaded","Doom and Gloom","Redo","Sweeping Beam"],"picked":"MostiFishMod:IntelligentEquipment","floor":12.0},{"not_picked":["Skim","Lockon","MostiFishMod:TalkingToTheRain","Steam Power","Streamline"],"picked":"SKIP","floor":13.0},{"not_picked":["MostiFishMod:Distribution","Amplify","Machine Learning","Reboot"],"picked":"MostiFishMod:ActiveDefenseSystem","floor":16.0},{"not_picked":["Doom and Gloom+1","AT_HeatAcrobatics","Hello World","Self Repair","Coolheaded"],"picked":"SKIP","floor":18.0},{"not_picked":["Force Field","Storm","MostiFishMod:IceShield","Darkness"],"picked":"Gash","floor":19.0},{"not_picked":["AT_WarpDrive","MostiFishMod:Exploitation","Steam","Coolheaded","Cold Snap"],"picked":"SKIP","floor":23.0},{"not_picked":["Lockon+1","Barrage","Turbo","Rebound"],"picked":"Gash","floor":25.0},{"not_picked":["Barrage","AT_WaterDrop","Compile Driver","AT_HeatAcrobatics","Coolheaded"],"picked":"SKIP","floor":27.0},{"not_picked":["Turbo","Leap","Go for the Eyes","MostiFishMod:Culaccino","Steam Power+1"],"picked":"SKIP","floor":28.0},{"not_picked":["Steam","Skim","MostiFishMod:LinkProtocol","Leap+1"],"picked":"Recycle","floor":30.0},{"not_picked":["Heatsinks","AT_HeatAcrobatics","Streamline","Electrodynamics","Turbo"],"picked":"SKIP","floor":31.0},{"not_picked":["REME_ForAll","MostiFishMod:TalkingToTheRain","Amplify","MostiFishMod:DeathFromBelow"],"picked":"Core Surge","floor":33.0},{"not_picked":["Cold Snap","Leap+1","Beam Cell","AT_WarpDrive","AT_HeatAcrobatics+1"],"picked":"SKIP","floor":35.0},{"not_picked":["testmod-ConditionedReflex","Trip","MostiFishMod:SupremeArchaeology","AT_CelerityRune"],"picked":"MostiFishMod:ButterFly","floor":37.0},{"not_picked":["Force Field","Compile Driver+1","Lockon","Cold Snap","REME_Whirling+1"],"picked":"SKIP","floor":38.0},{"not_picked":["Redo","Cold Snap","Rebound","Chill","Hologram"],"picked":"SKIP","floor":44.0},{"not_picked":["Compile Driver","Heatsinks","AT_ThunderBolt","Barrage+1","REME_Shoggoth+1"],"picked":"SKIP","floor":45.0},{"not_picked":["Compile Driver","AT_StudyProgram+1","Sweeping Beam","Steam","Redo+1"],"picked":"SKIP","floor":47},{"not_picked":["Ball Lightning+1","Stack","AT_RobotInSpace","Compile Driver"],"picked":"Force Field","floor":48},{"not_picked":["Sweeping Beam","Leap+1","AT_HeatAcrobatics+1","Barrage+1","Conserve Battery"],"picked":"SKIP","floor":55}],"player_experience":873002,"relics_obtained":[{"floor":1.0,"key":"SynthV:TestCard"},{"floor":6.0,"key":"REME_ArchaeologicalTools"},{"floor":11.0,"key":"Shuriken"},{"floor":13.0,"key":"Pen Nib"},{"floor":20.0,"key":"testmod-LifeArmor"},{"floor":23.0,"key":"REME_HourglassOfDeath"},{"floor":26.0,"key":"Bag of Marbles"},{"floor":27.0,"key":"Juzu Bracelet"},{"floor":43.0,"key":"AT_ChloranthyRing"},{"floor":48,"key":"testmod-EqualTreatment"}],"event_choices":[{"damage_healed":0.0,"max_hp_gain":0.0,"max_hp_loss":0.0,"gold_gain":0.0,"event_name":"Scrap Ooze","player_choice":"Success","floor":4.0,"gold_loss":0.0,"damage_taken":5.0,"relics_obtained":["Mango"]},{"damage_healed":0.0,"max_hp_gain":0.0,"max_hp_loss":0.0,"gold_gain":0.0,"event_name":"The Woman in Blue","player_choice":"Bought 1 Potion","floor":5.0,"gold_loss":0.0,"damage_taken":0.0},{"damage_healed":0.0,"max_hp_gain":0.0,"max_hp_loss":0.0,"gold_gain":0.0,"event_name":"给自己的盒子","player_choice":"Swap Relic","floor":21.0,"relics_lost":["DaveBox"],"gold_loss":0.0,"damage_taken":0.0,"relics_obtained":["DaveBox"]},{"damage_healed":0.0,"max_hp_gain":0.0,"max_hp_loss":0.0,"gold_gain":0.0,"event_name":"SensoryStone","player_choice":"Memory 3","floor":37.0,"gold_loss":0.0,"damage_taken":10.0},{"damage_healed":0.0,"max_hp_gain":0.0,"max_hp_loss":0.0,"gold_gain":0.0,"event_name":"Match and Keep!","player_choice":"0 cards matched","floor":41.0,"gold_loss":0.0,"damage_taken":0.0,"cards_obtained":[]}],"is_beta":false,"boss_relics":[{"not_picked":["REME_ChargedStone","Calling Bell"],"picked":"Inserter"},{"not_picked":["testmod-TimeTraveler","FrozenCore"],"picked":"GreenFoldingFan"}],"items_purged_floors":[3,7,7,14,14,32,36,39,39,46,53,54],"is_endless":false,"potions_floor_spawned":[1,12,13,16,18,25,28,33,38,45,47],"ascension_level":20}}