{"host":"js2su9tbbk4rmjfl","time":1613606674,"event":{"mods":["AchievementEnabler","BaseMod","Block Reminder","Colored Map","Colored Powertips","Highlight Path","Minty Spire (QoL Compilation)","Relic Stats"],"gold_per_floor":[110,128,31,51,51,51,80,80,133,166,101,127,227,246,246,246,246],"floor_reached":16,"language":"ENG","playtime":654,"items_purged":[],"score":205,"play_id":"32473c4e-a4e0-4e9c-ab2d-5a8cd5b5b553","local_time":"20210218010434","is_ascension_mode":true,"campfire_choices":[{"data":"Whirlwind","floor":6,"key":"SMITH"},{"data":"Forethought","floor":8,"key":"SMITH"},{"data":"Demon Form","floor":15,"key":"SMITH"}],"circlet_count":0,"master_deck":["AscendersBane","Strike_R","Strike_R","Strike_R","Strike_R","Strike_R","Defend_R","Defend_R","Defend_R+1","Defend_R+1","Bash","Headbutt","Pummel","Forethought+1","Whirlwind+1","Burning Pact","Battle Trance","Demon Form+1"],"relics":["Burning Blood","Bag of Preparation","Anchor","War Paint","Odd Mushroom"],"acts_visited":["Exordium"],"potions_floor_usage":[10,16],"damage_taken":[{"damage":3,"enemies":"2 Louse","floor":1,"turns":4},{"damage":16,"enemies":"Small Slimes","floor":2,"turns":5},{"damage":2,"enemies":"Cultist","floor":4,"turns":4},{"damage":25,"enemies":"3 Sentries","floor":7,"turns":6},{"damage":40,"enemies":"Lagavulin","floor":10,"turns":6},{"damage":2,"enemies":"The Mushroom Lair","floor":12,"turns":2},{"damage":3,"enemies":"Blue Slaver","floor":14,"turns":4},{"damage":36,"enemies":"The Guardian","floor":16,"turns":2}],"seed_played":"4338368160633430851","potions_obtained":[{"floor":2,"key":"ColorlessPotion"},{"floor":4,"key":"Strength Potion"},{"floor":14,"key":"LiquidMemories"}],"is_trial":false,"path_per_floor":["M","M","$","M","?","R","E","R","T","E","?","?","?","M","R","B"],"character_chosen":"IRONCLAD","items_purchased":["Forethought"],"campfire_rested":0,"item_purchase_floors":[3],"current_hp_per_floor":[78,68,68,72,72,72,53,53,53,19,19,23,23,26,26,0,0],"gold":246,"neow_bonus":"TEN_PERCENT_HP_BONUS","is_daily":false,"chose_seed":false,"campfire_upgraded":3,"win_rate":0.0,"timestamp":1613606674,"path_taken":["M","M","$","M","?","R","E","R","T","E","?","?","?","?","R","BOSS"],"items_purchased_type":["Card"],"build_version":"2020-12-22","purchased_purges":0,"victory":false,"max_hp_per_floor":[82,82,82,82,82,82,82,82,82,82,82,82,82,82,82,82,82],"relic_stats":{"counters":[8,33],"Bag of Preparation":[8],"War Paint":["Defend_R","Defend_R"],"obtain_stats":[{"Anchor":9,"Bag of Preparation":7,"War Paint":10,"Odd Mushroom":12,"Burning Blood":0},{"Anchor":4,"Bag of Preparation":4,"War Paint":5,"Odd Mushroom":6,"Burning Blood":0},{"Anchor":19,"Bag of Preparation":19,"War Paint":25,"Odd Mushroom":27,"Burning Blood":0}],"Burning Blood":42},"card_choices":[{"not_picked":["Perfected Strike","Thunderclap"],"picked":"Headbutt","floor":1},{"not_picked":["Dropkick","Anger"],"picked":"Pummel","floor":2},{"not_picked":["Thunderclap","Armaments"],"picked":"Whirlwind","floor":4},{"not_picked":["Bloodletting","Carnage"],"picked":"Burning Pact","floor":7},{"not_picked":["Sever Soul","Clash"],"picked":"Battle Trance","floor":10},{"not_picked":["Carnage","Sword Boomerang"],"picked":"Demon Form","floor":14}],"player_experience":829659,"relics_obtained":[{"floor":7,"key":"Bag of Preparation"},{"floor":9,"key":"Anchor"},{"floor":10,"key":"War Paint"},{"floor":12,"key":"Odd Mushroom"}],"event_choices":[{"damage_healed":0,"gold_gain":0,"player_choice":"Ignored","damage_taken":0,"max_hp_gain":0,"max_hp_loss":0,"event_name":"Liars Game","floor":5,"gold_loss":0},{"damage_healed":0,"gold_gain":0,"player_choice":"Left Gold","damage_taken":0,"max_hp_gain":0,"max_hp_loss":0,"event_name":"World of Goop","floor":11,"gold_loss":65},{"damage_healed":0,"gold_gain":0,"player_choice":"Fought Mushrooms","damage_taken":0,"max_hp_gain":0,"max_hp_loss":0,"event_name":"Mushrooms","floor":12,"gold_loss":0},{"damage_healed":0,"gold_gain":100,"player_choice":"Gold","damage_taken":0,"max_hp_gain":0,"max_hp_loss":0,"event_name":"Wheel of Change","floor":13,"gold_loss":0}],"is_beta":false,"boss_relics":[],"items_purged_floors":[],"is_endless":false,"potions_floor_spawned":[2,4,14],"killed_by":"The Guardian","ascension_level":18}}