{"host":"tr0r177cvmpvg89h","time":1613663060,"event":{"mods":["BaseMod","Colored Map","DeckTracker","Minty Spire (QoL Compilation)","StSLib","SuperFastMode"],"gold_per_floor":[115,115,115,115,115,134,161,161,161,173,192,205,205,223,223,223,223],"floor_reached":16,"language":"KOR","playtime":671,"items_purged":[],"score":127,"play_id":"6087d22b-6c21-4570-8870-80c649444661","local_time":"20210219004420","is_ascension_mode":false,"campfire_choices":[{"data":"Cloak And Dagger","floor":8,"key":"SMITH"},{"floor":13,"key":"DIG"},{"floor":15,"key":"DIG"}],"circlet_count":0,"master_deck":["Strike_G","Strike_G","Strike_G","Strike_G","Strike_G","Defend_G","Defend_G","Defend_G","Defend_G","Defend_G","Survivor","Neutralize+1","Endless Agony","Backflip","Cloak And Dagger+1","Quick Slash","Catalyst","Slice"],"relics":["Ring of the Snake","NeowsBlessing","Toy Ornithopter","Shovel","Ice Cream","Bag of Preparation"],"acts_visited":["Exordium"],"potions_floor_usage":[16],"damage_taken":[{"damage":0,"enemies":"Cultist","floor":1,"turns":1},{"damage":0,"enemies":"Jaw Worm","floor":6,"turns":1},{"damage":0,"enemies":"Lagavulin","floor":7,"turns":1},{"damage":0,"enemies":"2 Louse","floor":10,"turns":1},{"damage":1,"enemies":"2 Fungi Beasts","floor":11,"turns":4},{"damage":4,"enemies":"Gremlin Gang","floor":12,"turns":7},{"damage":11,"enemies":"Exordium Wildlife","floor":14,"turns":4},{"damage":35,"enemies":"Slime Boss","floor":16,"turns":8}],"seed_played":"-99330532701138036","potions_obtained":[{"floor":11,"key":"Strength Potion"}],"is_trial":false,"path_per_floor":["M","$","$","?","$","M","E","R","T","M","M","M","R","M","R","B"],"character_chosen":"THE_SILENT","items_purchased":[],"campfire_rested":0,"item_purchase_floors":[],"current_hp_per_floor":[70,70,70,70,70,70,70,70,70,70,69,65,65,54,54,24,24],"gold":223,"neow_bonus":"THREE_ENEMY_KILL","is_daily":false,"chose_seed":false,"campfire_upgraded":1,"win_rate":0.0,"timestamp":1613663060,"path_taken":["M","?","$","?","$","?","E","R","T","M","M","M","R","M","R","BOSS"],"items_purchased_type":[],"build_version":"2020-12-22","purchased_purges":0,"victory":false,"max_hp_per_floor":[70,70,70,70,70,70,70,70,70,70,70,70,70,70,70,70,70],"card_choices":[{"not_picked":["Outmaneuver","Dodge and Roll"],"picked":"Endless Agony","floor":1},{"not_picked":["Terror","Prepared"],"picked":"Backflip","floor":6},{"not_picked":["Poisoned Stab","Skewer"],"picked":"Cloak And Dagger","floor":7},{"not_picked":["Prepared","All Out Attack"],"picked":"Quick Slash","floor":10},{"not_picked":["Dagger Throw","Caltrops"],"picked":"Catalyst","floor":11},{"not_picked":["PiercingWail","Underhanded Strike","Cloak And Dagger"],"picked":"SKIP","floor":12},{"not_picked":["PiercingWail","Underhanded Strike","Cloak And Dagger"],"picked":"SKIP","floor":12},{"not_picked":["Cloak And Dagger","Dagger Spray"],"picked":"Slice","floor":14}],"player_experience":114306,"relics_obtained":[{"floor":7,"key":"Toy Ornithopter"},{"floor":9,"key":"Shovel"},{"floor":13,"key":"Ice Cream"},{"floor":15,"key":"Bag of Preparation"}],"event_choices":[{"damage_healed":0,"gold_gain":0,"player_choice":"Upgraded","damage_taken":0,"max_hp_gain":0,"max_hp_loss":0,"event_name":"Upgrade Shrine","floor":4,"gold_loss":0,"cards_upgraded":["Neutralize"]}],"is_beta":false,"boss_relics":[],"items_purged_floors":[],"is_endless":false,"potions_floor_spawned":[11],"killed_by":"Slime Boss","ascension_level":0}}