{"host":"d7iar273udrgisnz","time":1613628848,"event":{"mods":["BaseMod","Downfall","GifTheSpireLib","Minty Spire (QoL Compilation)","StSLib","UnlockEverythingMod"],"gold_per_floor":[99,114,128,141,141,291,291,191,201,235,135,157,157,3,14,123,123,123,133,152,180,180,180,180,180],"floor_reached":23,"language":"ENG","playtime":2693,"items_purged":["downfall:Icky"],"score":193,"play_id":"c5739498-d9d7-433f-b377-0407d049f416","local_time":"20210218061408","is_ascension_mode":false,"campfire_choices":[{"floor":1,"key":"RECALL"},{"data":"hexamod:DynamicBlow","floor":8,"key":"SMITH"},{"floor":11,"key":"REST"},{"data":"hexamod:SearingWound","floor":18,"key":"SMITH"}],"circlet_count":0,"master_deck":["hexamod:Strike","hexamod:Strike","hexamod:Strike","hexamod:Defend","hexamod:Defend","hexamod:Defend","hexamod:Defend","hexamod:Sear","hexamod:Float","hexamod:DynamicBlow+1","hexamod:FastForward","hexamod:InspiringFlames","hexamod:FirstSeal","hexamod:SecondSeal","hexamod:ChargedBarrage","hexamod:Hexaguard","hexamod:GhostOfSpirePresent","expansioncontent:AwakenDeath","hexamod:DynamicBlow","hexamod:ThirdSeal","hexamod:FifthSeal","hexamod:SearingWound+1","hexamod:Hexaguard","hexamod:EmpoweredFlame","hexamod:RadiantFlame","hexamod:InspiringFlames+1","hexamod:NightmareGuise+1"],"relics":["hexamod:SpiritBrand","Dead Branch","downfall:HeartBlessingRed","Prayer Wheel","downfall:HeartBlessingGreen","Smiling Mask","SlaversCollar"],"acts_visited":["Exordium","TheCity"],"potions_floor_usage":[16,19],"damage_taken":[{"damage":1,"enemies":"2 Louse","floor":2,"turns":4},{"damage":5,"enemies":"Small Slimes","floor":3,"turns":4},{"damage":5,"enemies":"Jaw Worm","floor":4,"turns":4},{"damage":8,"enemies":"Gremlin Gang","floor":9,"turns":6},{"damage":30,"enemies":"Lagavulin","floor":10,"turns":11},{"damage":0,"enemies":"3 Louse","floor":12,"turns":3},{"damage":0,"enemies":"downfall:FleeingMerchant","floor":14,"turns":4},{"damage":7,"enemies":"Large Slime","floor":15,"turns":8},{"damage":71,"enemies":"DF_ARCHETYPE_STREAMLINE","floor":16,"turns":11},{"damage":21,"enemies":"downfall:LooterAlt2","floor":19,"turns":6},{"damage":16,"enemies":"Chosen","floor":20,"turns":6},{"damage":28,"enemies":"Snake Plant","floor":21,"turns":7},{"damage":17,"enemies":"Cultist and Chosen","floor":23,"turns":5}],"seed_played":"-7685965675377846990","potions_obtained":[{"floor":2,"key":"Strength Potion"},{"floor":10,"key":"Ancient Potion"},{"floor":12,"key":"DuplicationPotion"},{"floor":16,"key":"Fire Potion"}],"is_trial":false,"path_per_floor":["R","M","M","M","?","?","T","R","M","E","R","M","?","$","M","B",null,"R","M","M","M","?","M"],"character_chosen":"THE_SPIRIT","items_purchased":["expansioncontent:AwakenDeath"],"campfire_rested":1,"item_purchase_floors":[14],"current_hp_per_floor":[77,76,71,66,66,66,66,66,58,35,58,58,46,53,53,21,77,77,56,47,26,26,9,9,9],"gold":180,"neow_bonus":"TEN_PERCENT_HP_BONUS","is_daily":false,"chose_seed":false,"campfire_upgraded":2,"win_rate":0.0,"timestamp":1613628848,"path_taken":["R","M","M","M","?","?","T","R","M","E","R","M","?","$","M","BOSS","R","M","M","M","?","M"],"items_purchased_type":["Card"],"build_version":"2020-12-22","purchased_purges":1,"victory":false,"max_hp_per_floor":[77,77,77,77,77,77,77,77,77,77,77,77,77,77,77,77,77,77,77,77,77,77,77,77,77],"card_choices":[{"not_picked":["hexamod:SpectersWail","hexamod:Firestarter"],"picked":"hexamod:DynamicBlow","floor":2},{"not_picked":["hexamod:ThermalTransfer","hexamod:HeatShield"],"picked":"hexamod:FastForward","floor":3},{"not_picked":["hexamod:Firestarter","hexamod:HeatMetal"],"picked":"hexamod:InspiringFlames","floor":4},{"not_picked":["hexamod:GhostOfSpireFuture","hexamod:SecondSeal"],"picked":"hexamod:FirstSeal","floor":9},{"not_picked":["hexamod:InspiringFlames","hexamod:BacktrackSmack"],"picked":"hexamod:SecondSeal","floor":10},{"not_picked":["hexamod:HeatCrush","hexamod:AdvancingGuard"],"picked":"hexamod:ChargedBarrage","floor":12},{"not_picked":["hexamod:BacktrackSmack","hexamod:GhostLash"],"picked":"hexamod:Hexaguard","floor":12},{"not_picked":["hexamod:FastForward","hexamod:SpectersWail"],"picked":"hexamod:GhostOfSpirePresent","floor":14},{"not_picked":["hexamod:GhostOfSpirePast","hexamod:AdvancingGuard"],"picked":"hexamod:DynamicBlow","floor":15},{"not_picked":["hexamod:AdvancingGuard","hexamod:NightmareStrike"],"picked":"hexamod:ThirdSeal","floor":15},{"not_picked":["hexamod:HexaLevel","hexamod:TurnItUp"],"picked":"hexamod:FifthSeal","floor":16},{"not_picked":["hexamod:TimeOfNeed","hexamod:UnlimitedPower"],"picked":"hexamod:SearingWound","floor":16},{"not_picked":["hexamod:EmpoweredFlame","hexamod:SpectersWail"],"picked":"hexamod:Hexaguard","floor":19},{"not_picked":["hexamod:NecessarySacrifice+1","hexamod:ShieldOfDarkness"],"picked":"hexamod:EmpoweredFlame","floor":19},{"not_picked":["hexamod:HeatCrush","hexamod:HauntingEcho"],"picked":"hexamod:RadiantFlame","floor":20},{"not_picked":["hexamod:ShieldOfDarkness","hexamod:Haunt"],"picked":"hexamod:InspiringFlames+1","floor":20},{"not_picked":["hexamod:BacktrackSmack","hexamod:NightmareStrike+1","hexamod:GhostOfSpirePast"],"picked":"SKIP","floor":20},{"not_picked":["hexamod:BacktrackSmack","hexamod:NightmareStrike+1","hexamod:GhostOfSpirePast"],"picked":"SKIP","floor":20},{"not_picked":["hexamod:Firestarter","hexamod:CatchUp"],"picked":"hexamod:NightmareGuise+1","floor":21},{"not_picked":["hexamod:GhostLash","hexamod:NightmareStrike+1","hexamod:EtherealExpedition"],"picked":"SKIP","floor":21},{"not_picked":["hexamod:ParanormalForm","hexamod:GhostLash","hexamod:BacktrackSmack"],"picked":"SKIP","floor":21}],"player_experience":266592,"relics_obtained":[{"floor":7,"key":"Dead Branch"},{"floor":10,"key":"Prayer Wheel"}],"event_choices":[{"damage_healed":0,"gold_gain":0,"player_choice":"Success","damage_taken":12,"relics_obtained":["Smiling Mask"],"max_hp_gain":0,"max_hp_loss":0,"event_name":"Scrap Ooze","floor":13,"gold_loss":0}],"is_beta":false,"boss_relics":[{"not_picked":["Coffee Dripper","Philosopher\u0027s Stone"],"picked":"SlaversCollar"}],"items_purged_floors":[14],"is_endless":false,"potions_floor_spawned":[2,10,12,16],"killed_by":"Cultist and Chosen","ascension_level":0}}