{"host":"whyfdmrq1ty0e9zp","time":1613643010,"event":{"mods":["Act Like it!","BaseMod","Colored Map","Colored Powertips","Conspire","Energized Spire","Gensokyo","Marisa£®ÏF”Í°°ƒß¿Ì…≥£©","Minty Spire (QoL Compilation)","MostiFishMod","Prisma Mod","Quick Restart","Relic Stats","Remilia£®¿Ÿ√◊¿Ú—«£©","Replay The Spire","StSLib","TestMod","The Servant 0.9.4","°æ“≈ŒÔø®≈∆°øREMEMod"],"gold_per_floor":[118,135,135,55,55,55,55,72,72,72,9,59,74,91,91,166,166,183,183,183,183,194,219,219,250,250,260,275,275,307,307,307,428,428,462,486,486,507,535,596,596,758,758,847,856,865,865,960,960,1025,1116,1116,1116,1125,1188,1250],"floor_reached":57,"language":"ZHS","playtime":2384,"items_purged":["Strike_B","Strike_B","Strike_B","Strike_B","Dualcast","Go for the Eyes","LessonLearned","MostiFishMod:Impulse"],"score":2330,"play_id":"d85bdd8e-38d5-45de-85a0-2957284dc66c","local_time":"20210218181010","is_ascension_mode":true,"campfire_choices":[{"data":"Zap","floor":6.0,"key":"SMITH"},{"data":"Creative AI","floor":10.0,"key":"SMITH"},{"data":"MostiFishMod:LinkProtocol","floor":15.0,"key":"SMITH"},{"data":"MostiFishMod:StrandedSiren","floor":24.0,"key":"SMITH"},{"data":"MostiFishMod:DawningShadow","floor":32,"key":"SMITH"},{"data":"Coolheaded","floor":41,"key":"SMITH"},{"floor":47,"key":"RECALL"},{"data":"Fission","floor":49,"key":"SMITH"},{"data":"Chaos","floor":53,"key":"SMITH"}],"circlet_count":0,"master_deck":["AscendersBane","Defend_B+1","Defend_B","Defend_B","Defend_B","Zap+1","Creative AI+1","MostiFishMod:Distribution","Flash of Steel+1","Force Field+1","Glacier","MostiFishMod:Distribution+1","ReplayTheSpireMod:GoodbyeWorld","MostiFishMod:LinkProtocol+1","MostiFishMod:DawningShadow+1","Electrodynamics+1","REME_SelfUpgrade","Hologram","Self Repair","MostiFishMod:StrandedSiren+1","White Noise","Loop","Recycle","testmod-ShutDown","MostiFishMod:Overload","MostiFishMod:GatherIntelligence+1","Defragment+1","Coolheaded","MostiFishMod:LinkProtocol+1","Chaos+1","Coolheaded+1","Amplify","Capacitor","Fission+1","Finesse"],"relics":["Cracked Core","testmod-TestBox","DaveBox","REME_ComplimentaryCards","DiscerningMonocle","testmod-InjuryResistance","NeowsBlessing","SynthV:TestCard","Prayer Wheel","MostiFishMod:AdaptiveDefenses","Strawberry","Bag of Marbles","Lantern","testmod-Antiphasic","OrangePellets","Replay:Accelerometer","conspire:DeflatedDodgeball","Membership Card","Art of War","Bottled Tornado","Replay:Bronze Core","Sling","Pen Nib","testmod-TurbochargingSystem","Carrot","testmod-BalancedPeriapt","Replay:Bottled Flurry","Symbiotic Virus","testmod-OneHitWonder","conspire:TreasureMap","testmod-TheFather","conspire:RoyalGoblet","Replay:Bandana","Eternal Feather","REME_ArchaeologicalTools","REME_LimitBreaker","CeramicFish","Blood Vial","Dodecahedron","ReplayTheSpireMod:Ninjato","SynthV:C4","HandDrill","Ornamental Fan"],"acts_visited":["Exordium","TheCity","TheBeyond","TheEnding"],"potions_floor_usage":[48,50,56,56,56],"damage_taken":[{"damage":0.0,"enemies":"Cultist","floor":1.0,"turns":1.0},{"damage":0.0,"enemies":"Small Slimes","floor":2.0,"turns":1.0},{"damage":0.0,"enemies":"Jaw Worm","floor":8.0,"turns":1.0},{"damage":10.0,"enemies":"Blue Slaver","floor":13.0,"turns":5.0},{"damage":12.0,"enemies":"Lots of Slimes","floor":14.0,"turns":4.0},{"damage":35.0,"enemies":"The Guardian","floor":16.0,"turns":7.0},{"damage":9.0,"enemies":"conspire:FuzzyDice","floor":18.0,"turns":4.0},{"damage":11.0,"enemies":"2 Thieves","floor":22.0,"turns":3.0},{"damage":30.0,"enemies":"conspire:SneckoGhost","floor":23.0,"turns":5.0},{"damage":10.0,"enemies":"Sentry and Sphere","floor":27.0,"turns":3.0},{"damage":12.0,"enemies":"Centurion and Healer","floor":28.0,"turns":5.0},{"damage":57.0,"enemies":"Slavers","floor":30.0,"turns":6.0},{"damage":13,"enemies":"Automaton","floor":33,"turns":5},{"damage":0,"enemies":"3 Darklings","floor":35,"turns":3},{"damage":6,"enemies":"Orb Walker","floor":36,"turns":3},{"damage":0,"enemies":"Jaw Worm Horde","floor":38,"turns":2},{"damage":25,"enemies":"Sphere and 2 Shapes","floor":39,"turns":5},{"damage":0,"enemies":"R_Hoarder","floor":40,"turns":7},{"damage":9,"enemies":"Nemesis","floor":42,"turns":7},{"damage":0,"enemies":"Maw","floor":44,"turns":7},{"damage":79,"enemies":"Transient","floor":48,"turns":6},{"damage":24,"enemies":"Time Eater","floor":50,"turns":7},{"damage":14,"enemies":"Replay:Hell Engine","floor":51,"turns":6},{"damage":7,"enemies":"Shield and Spear","floor":55,"turns":2},{"damage":28,"enemies":"The Heart","floor":56,"turns":7}],"seed_played":"-2745097930235206865","potions_obtained":[{"floor":1.0,"key":"Energy Potion"},{"floor":16.0,"key":"Elixir"},{"floor":23.0,"key":"Fire Potion"},{"floor":25.0,"key":"SkillPotion"}],"is_trial":false,"path_per_floor":["M","M","$","?","$","R","T","M","T","R","$","?","M","M","R","B",null,"M","?","$","?","M","E","R","?","T","M","M","T","E","$","R","B",null,"M","M","$","M","M","E","R","E","T","M","$","?","R","M","R","B","B",null,"R","$","E","B",null],"character_chosen":"DEFECT","items_purchased":["Prayer Wheel","MostiFishMod:AdaptiveDefenses","Strawberry","Creative AI","MostiFishMod:Distribution","Adrenaline Potion","Flash of Steel","Lantern","testmod-Antiphasic","OrangePellets","Force Field","Membership Card","Art of War","MostiFishMod:Distribution+1","ReplayTheSpireMod:GoodbyeWorld","Bottled Tornado","SkillPotion","Sling","Pen Nib","testmod-TurbochargingSystem","Hologram","testmod-SpacePotion","AttackPotion","Explosive Potion","testmod-OneHitWonder","conspire:TreasureMap","testmod-TheFather","Recycle","testmod-ShutDown","Replay:Bandana","Eternal Feather","Defragment","Coolheaded","CeramicFish","Blood Vial","Dodecahedron","Amplify","EssenceOfDarkness","PotionOfCapacity","ReplayTheSpireMod:Ninjato","SynthV:C4","HandDrill","Finesse"],"campfire_rested":0,"item_purchase_floors":[3,3,3,3,3,3,3,5,5,5,5,11,11,11,11,11,11,20,20,20,20,20,20,20,31,31,31,31,31,37,37,37,37,45,45,45,45,54,54,54,54,54,54],"current_hp_per_floor":[64,64,71,71,71,71,71,71,71,71,71,71,68,56,56,42,73,75,72,72,72,75,58,58,58,58,65,77,77,38,38,38,49,78,88,88,88,88,74,81,88,82,82,88,88,88,88,46,67,69,74,85,88,88,81,62],"gold":1250,"neow_bonus":"THREE_ENEMY_KILL","is_daily":false,"chose_seed":false,"campfire_upgraded":8,"win_rate":0.0,"timestamp":1613643010,"path_taken":["M","?","$","?","?","R","?","M","T","R","$","?","M","?","R","BOSS","M","?","$","?","M","E","R","?","T","M","?","?","E","$","R","BOSS","M","M","$","M","M","E","R","E","T","M","$","?","R","M","R","BOSS","BOSS","R","$","E","BOSS"],"items_purchased_type":["Relic","Relic","Relic","Card","Card","Potion","Card","Relic","Relic","Relic","Card","Relic","Relic","Card","Card","Relic","Potion","Relic","Relic","Relic","Card","Potion","Potion","Potion","Relic","Relic","Relic","Card","Card","Relic","Relic","Card","Card","Relic","Relic","Relic","Card","Potion","Potion","Relic","Relic","Relic","Card"],"build_version":"2020-12-22","purchased_purges":8,"victory":true,"max_hp_per_floor":[71,71,78,78,78,78,78,78,78,78,78,78,78,78,78,83,83,83,83,83,83,83,88,88,88,88,88,88,88,88,88,88,88,88,88,88,88,88,88,88,88,88,88,88,88,88,88,88,88,88,88,88,88,88,88,88],"relic_stats":{"Blood Vial":6,"OrangePellets":[30],"counters":[25,110],"Ornamental Fan":[0],"CeramicFish":36,"Prayer Wheel":13,"Eternal Feather":31,"Pen Nib":[3],"Art of War":[59],"HandDrill":[2],"obtain_stats":[{"Replay:Accelerometer":7,"Lantern":5,"Carrot":23,"DaveBox":0,"conspire:RoyalGoblet":34,"DiscerningMonocle":0,"CeramicFish":45,"MostiFishMod:AdaptiveDefenses":3,"Bottled Tornado":11,"Sling":20,"SynthV:C4":54,"Blood Vial":45,"Replay:Bandana":37,"testmod-InjuryResistance":0,"Strawberry":3,"Replay:Bronze Core":17,"Prayer Wheel":3,"testmod-TheFather":31,"Replay:Bottled Flurry":26,"REME_ArchaeologicalTools":40,"HandDrill":54,"Cracked Core":0,"conspire:TreasureMap":31,"testmod-TestBox":0,"ReplayTheSpireMod:Ninjato":54,"NeowsBlessing":0,"Dodecahedron":45,"Eternal Feather":37,"Pen Nib":20,"testmod-TurbochargingSystem":20,"REME_LimitBreaker":42,"testmod-Antiphasic":5,"OrangePellets":5,"SynthV:TestCard":1,"Ornamental Fan":55,"Bag of Marbles":4,"Art of War":11,"Membership Card":11,"conspire:DeflatedDodgeball":9,"testmod-BalancedPeriapt":25,"Symbiotic Virus":29,"testmod-OneHitWonder":31,"REME_ComplimentaryCards":0},{"Replay:Accelerometer":2,"Lantern":2,"Carrot":9,"DaveBox":0,"conspire:RoyalGoblet":13,"DiscerningMonocle":0,"CeramicFish":20,"MostiFishMod:AdaptiveDefenses":2,"Bottled Tornado":3,"Sling":7,"SynthV:C4":23,"Blood Vial":20,"Replay:Bandana":15,"testmod-InjuryResistance":0,"Strawberry":2,"Replay:Bronze Core":6,"Prayer Wheel":2,"testmod-TheFather":12,"Replay:Bottled Flurry":9,"REME_ArchaeologicalTools":18,"HandDrill":23,"Cracked Core":0,"conspire:TreasureMap":12,"testmod-TestBox":0,"ReplayTheSpireMod:Ninjato":23,"NeowsBlessing":0,"Dodecahedron":20,"Eternal Feather":15,"Pen Nib":7,"testmod-TurbochargingSystem":7,"REME_LimitBreaker":19,"testmod-Antiphasic":2,"OrangePellets":2,"SynthV:TestCard":1,"Ornamental Fan":24,"Bag of Marbles":2,"Art of War":3,"Membership Card":3,"conspire:DeflatedDodgeball":3,"testmod-BalancedPeriapt":9,"Symbiotic Virus":11,"testmod-OneHitWonder":12,"REME_ComplimentaryCards":0},{"Replay:Accelerometer":2,"Lantern":2,"Carrot":31,"DaveBox":0,"conspire:RoyalGoblet":50,"DiscerningMonocle":0,"CeramicFish":82,"MostiFishMod:AdaptiveDefenses":2,"Bottled Tornado":3,"Sling":23,"SynthV:C4":101,"Blood Vial":82,"Replay:Bandana":56,"testmod-InjuryResistance":0,"Strawberry":2,"Replay:Bronze Core":19,"Prayer Wheel":2,"testmod-TheFather":45,"Replay:Bottled Flurry":31,"REME_ArchaeologicalTools":69,"HandDrill":101,"Cracked Core":0,"conspire:TreasureMap":45,"testmod-TestBox":0,"ReplayTheSpireMod:Ninjato":101,"NeowsBlessing":0,"Dodecahedron":82,"Eternal Feather":56,"Pen Nib":23,"testmod-TurbochargingSystem":23,"REME_LimitBreaker":76,"testmod-Antiphasic":2,"OrangePellets":2,"SynthV:TestCard":1,"Ornamental Fan":103,"Bag of Marbles":2,"Art of War":3,"Membership Card":3,"conspire:DeflatedDodgeball":3,"testmod-BalancedPeriapt":31,"Symbiotic Virus":39,"testmod-OneHitWonder":45,"REME_ComplimentaryCards":0}]},"card_choices":[{"not_picked":["Beam Cell","REME_Compress","Capacitor"],"picked":"SKIP","floor":1.0},{"not_picked":["MostiFishMod:Impulse","Sweeping Beam","Self Repair","Tempest"],"picked":"Go for the Eyes","floor":2.0},{"not_picked":["Panic Button","Leap","Stack","Ball Lightning"],"picked":"Glacier","floor":8.0},{"not_picked":["Tempest","Compile Driver","ReplayRNGCard","Redo","Barrage"],"picked":"SKIP","floor":8.0},{"not_picked":["Hologram","ReplaySort","BasicCrystalCard","MostiFishMod:PushDownKick"],"picked":"MostiFishMod:LinkProtocol","floor":13.0},{"not_picked":["BootSequence","Barrage","Ball Lightning","Stack","ReplayTheSpireMod:System Scan"],"picked":"SKIP","floor":13.0},{"not_picked":["MostiFishMod:PushDownKick","BasicCrystalCard","FIFO Queue","Gash"],"picked":"MostiFishMod:DawningShadow","floor":14.0},{"not_picked":["BasicCrystalCard","Reprogram","Blizzard","Panic Button","Beam Cell"],"picked":"SKIP","floor":14.0},{"not_picked":["MostiFishMod:SeaWaves","All For One","MostiFishMod:Overload","MostiFishMod:Distribution","Core Surge"],"picked":"Electrodynamics","floor":16.0},{"not_picked":["Turbo","Conserve Battery","Hologram","MostiFishMod:PushDownKick"],"picked":"REME_SelfUpgrade","floor":18.0},{"not_picked":["Leap","Undo","Sweeping Beam","BasicCrystalCard","Aggregate+1"],"picked":"SKIP","floor":18.0},{"not_picked":["Redo","Compile Driver","Cold Snap","Stack","MostiFishMod:PushDownKick"],"picked":"SKIP","floor":22.0},{"not_picked":["ReplayTheSpireMod:Repulse","Hologram","BasicCrystalCard","Sweeping Beam","Stack"],"picked":"SKIP","floor":22.0},{"not_picked":["Auto Shields","Gash","Streamline","Hologram","ReplayGash+1"],"picked":"MostiFishMod:StrandedSiren","floor":23.0},{"not_picked":["MostiFishMod:GatherIntelligence","Chaos","Static Discharge","ReplayGash"],"picked":"White Noise","floor":25.0},{"not_picked":["Stack","MostiFishMod:ReprogramOld","Ball Lightning","MostiFishMod:IceShield"],"picked":"Loop","floor":27.0},{"not_picked":["Panic Button","Streamline","Leap","ReplaySolidLightProjector+1","Steam+1"],"picked":"SKIP","floor":27.0},{"not_picked":["Compile Driver","Streamline","MostiFishMod:FluxCapactior","ReplayTheSpireMod:Repulse","Steam"],"picked":"SKIP","floor":28.0},{"not_picked":["FTL","Sweeping Beam","Conserve Battery","MostiFishMod:DeathFromBelow","Hologram+1"],"picked":"SKIP","floor":28.0},{"not_picked":["ReplayTheSpireMod:Reroute Power","Sweeping Beam","Panic Button","Coolheaded","BasicCrystalCard"],"picked":"SKIP","floor":30},{"not_picked":["MostiFishMod:Prepare","MostiFishMod:IntelligentEquipment","MostiFishMod:DawningShadow","MostiFishMod:Distribution","Rainbow"],"picked":"MostiFishMod:Overload","floor":33},{"not_picked":["Stack","Go for the Eyes","REME_Whirling","conspire:SharedLibrary+1","Conserve Battery","ReplayTheSpireMod:Dual Polarity"],"picked":"MostiFishMod:GatherIntelligence+1","floor":35},{"not_picked":["Conserve Battery","Static Discharge","MostiFishMod:PushDownKick","ReplayTheSpireMod:GoodbyeWorld","Cold Snap","Barrage","REME_DataAnalysis"],"picked":"SKIP","floor":35},{"not_picked":["Redo","Glacier","ReplayGash","MostiFishMod:IceShield","Stack+1"],"picked":"SKIP","floor":36},{"not_picked":["Cold Snap+1","conspire:Rain","MostiFishMod:PushDownKick","Panic Button+1","Force Field"],"picked":"SKIP","floor":36},{"not_picked":["Capacitor","Cold Snap","Barrage+1","Go for the Eyes+1"],"picked":"MostiFishMod:LinkProtocol+1","floor":38},{"not_picked":["Go for the Eyes+1","Coolheaded","MostiFishMod:StrandedSiren","MostiFishMod:LinkProtocol"],"picked":"MostiFishMod:Impulse","floor":38},{"not_picked":["Sweeping Beam","Go for the Eyes","Melter","REME_SelfUpgrade","Ball Lightning","FIFO Queue"],"picked":"SKIP","floor":39},{"not_picked":["Leap","BasicCrystalCard","Doom and Gloom+1","Compile Driver","Chaos","Beam Cell"],"picked":"SKIP","floor":39},{"not_picked":["Leap","BasicCrystalCard","Doom and Gloom+1","Compile Driver","Beam Cell"],"picked":"Chaos","floor":39},{"not_picked":["Sweeping Beam","Go for the Eyes","Melter","REME_SelfUpgrade","Ball Lightning","FIFO Queue"],"picked":"SKIP","floor":39},{"not_picked":["Thunder Strike","BasicCrystalCard","Turbo+1","Conserve Battery+1","ReplayTheSpireMod:Reroute Power","Leap+1"],"picked":"Coolheaded","floor":40},{"not_picked":["BasicCrystalCard","Aggregate","MostiFishMod:IceShield","Leap","Beam Cell","Ball Lightning"],"picked":"SKIP","floor":42},{"not_picked":["REME_DataAnalysis","Turbo","ReplayTheSpireMod:Calculation Training","Loop","Rebound","Gash"],"picked":"SKIP","floor":44},{"not_picked":["Storm","MostiFishMod:ReprogramOld","Gash","Rip and Tear","Auto Shields","Steam"],"picked":"SKIP","floor":44},{"not_picked":["Streamline","Chaos+1","Beam Cell","Go for the Eyes","Leap"],"picked":"Fission","floor":48},{"not_picked":["Compile Driver","Turbo+1","Gash","Stack+1","ReplayGash","Doom and Gloom+1"],"picked":"SKIP","floor":48},{"not_picked":["Turbo","Stack","Reprogram+1","MostiFishMod:Impulse+1","Doom and Gloom","MostiFishMod:Distribution"],"picked":"SKIP","floor":55}],"player_experience":512419,"relics_obtained":[{"floor":1.0,"key":"SynthV:TestCard"},{"floor":7.0,"key":"Replay:Accelerometer"},{"floor":9.0,"key":"conspire:DeflatedDodgeball"},{"floor":23.0,"key":"Carrot"},{"floor":25.0,"key":"testmod-BalancedPeriapt"},{"floor":26.0,"key":"Replay:Bottled Flurry"},{"floor":29.0,"key":"Symbiotic Virus"},{"floor":40,"key":"REME_ArchaeologicalTools"},{"floor":42,"key":"REME_LimitBreaker"},{"floor":55,"key":"Ornamental Fan"}],"event_choices":[{"damage_healed":0.0,"max_hp_gain":0.0,"max_hp_loss":0.0,"gold_gain":0.0,"event_name":"WeMeetAgain","player_choice":"Paid Gold","floor":4.0,"gold_loss":80.0,"damage_taken":0.0,"relics_obtained":["Bag of Marbles"]},{"damage_healed":0.0,"max_hp_gain":0.0,"max_hp_loss":0.0,"gold_gain":50.0,"event_name":"Golden Shrine","player_choice":"Pray","floor":12.0,"gold_loss":0.0,"damage_taken":0.0},{"damage_healed":0.0,"max_hp_gain":0.0,"max_hp_loss":0.0,"gold_gain":0.0,"event_name":"conspire:Investor","player_choice":"Leave","floor":19.0,"gold_loss":0.0,"damage_taken":0.0},{"damage_healed":0.0,"max_hp_gain":0.0,"max_hp_loss":0.0,"gold_gain":0.0,"event_name":"The Library","player_choice":"Read","floor":21.0,"gold_loss":0.0,"damage_taken":0.0,"cards_obtained":["Self Repair"]},{"damage_healed":0,"gold_gain":0,"player_choice":"1 cards matched","damage_taken":0,"max_hp_gain":0,"max_hp_loss":0,"event_name":"Match and Keep!","floor":46,"gold_loss":0,"cards_obtained":["Capacitor"]}],"is_beta":false,"boss_relics":[{"not_picked":["testmod-Prudence","energizedSpire:DeadBattery"],"picked":"Replay:Bronze Core"},{"not_picked":["BloodWine","SacredBark"],"picked":"conspire:RoyalGoblet"}],"items_purged_floors":[3,5,11,20,31,37,45,54],"is_endless":false,"potions_floor_spawned":[1,13,16,23,33,36,39,42,44],"ascension_level":20}}