{"host":"t75twhtg6c476ygg","time":1613680359,"event":{"mods":["AchievementEnabler","BaseMod","Colored Powertips","Minty Spire (QoL Compilation)","Quick Restart","Relic Stats","StSLib","SuperFastMode"],"gold_per_floor":[114,114,133,83,307,345,345,345,370,389,408,408,427,446,446,571,571,590,609,628,647,647,647,685,718,793,812,831,850,227,246,246,371,371,390,409,472,491,510,510,110,110,110,129,148,148,186,205,205,205],"floor_reached":51,"language":"ENG","playtime":965,"items_purged":["Strike_R","Bash+1"],"score":1007,"play_id":"5acb1d9c-45ef-41ce-b058-57857b612fde","local_time":"20210218203239","daily_mods":["Cursed Run","Uncertain Future","Lethality"],"is_ascension_mode":false,"campfire_choices":[{"data":"Flex","floor":7.0,"key":"SMITH"},{"floor":12.0,"key":"REST"},{"floor":15.0,"key":"REST"},{"floor":23,"key":"REST"},{"floor":32,"key":"REST"},{"data":"1","floor":40,"key":"LIFT"},{"data":"2","floor":46,"key":"LIFT"},{"data":"3","floor":49,"key":"LIFT"}],"circlet_count":0,"master_deck":["Spot Weakness","Whirlwind+1","Limit Break+1","Flex+1","Injury","Heavy Blade+1","Pain","Rupture+1","Decay","Whirlwind+1","Normality","Regret","Normality"],"relics":["Cursed Key","Darkstone Periapt","Du-Vu Doll","Chemical X","Golden Idol","OrangePellets","Paper Frog","Singing Bowl","Molten Egg 2","Smiling Mask","Pandora\u0027s Box","Strawberry","Red Mask","Bottled Tornado","Kunai","Matryoshka","Calling Bell","Oddly Smooth Stone","Eternal Feather","Girya","Ice Cream","Brimstone","Letter Opener","Boot","Art of War","Toxic Egg 2"],"acts_visited":["Exordium","TheCity","TheBeyond"],"potions_floor_usage":[50,50,50],"damage_taken":[{"damage":0.0,"enemies":"Jaw Worm","floor":1.0,"turns":2.0},{"damage":0.0,"enemies":"2 Louse","floor":3.0,"turns":1.0},{"damage":17.0,"enemies":"Gremlin Nob","floor":6.0,"turns":3.0},{"damage":0.0,"enemies":"Cultist","floor":10.0,"turns":2.0},{"damage":8.0,"enemies":"Looter","floor":11.0,"turns":2.0},{"damage":5.0,"enemies":"Blue Slaver","floor":13.0,"turns":2.0},{"damage":14.0,"enemies":"Exordium Wildlife","floor":14.0,"turns":3.0},{"damage":23.0,"enemies":"The Guardian","floor":16.0,"turns":5.0},{"damage":0.0,"enemies":"Chosen","floor":18.0,"turns":1.0},{"damage":63,"enemies":"3 Byrds","floor":19,"turns":2},{"damage":24,"enemies":"Shelled Parasite and Fungi","floor":20,"turns":2},{"damage":19,"enemies":"Cultist and Chosen","floor":21,"turns":2},{"damage":21,"enemies":"Book of Stabbing","floor":24,"turns":2},{"damage":48,"enemies":"Masked Bandits","floor":25,"turns":3},{"damage":24,"enemies":"Snake Plant","floor":27,"turns":2},{"damage":13,"enemies":"Chosen and Byrds","floor":28,"turns":2},{"damage":16,"enemies":"Cultist and Chosen","floor":29,"turns":2},{"damage":6,"enemies":"Snake Plant","floor":31,"turns":2},{"damage":26,"enemies":"Automaton","floor":33,"turns":3},{"damage":2,"enemies":"3 Darklings","floor":35,"turns":1},{"damage":15,"enemies":"Orb Walker","floor":36,"turns":2},{"damage":3,"enemies":"Mind Bloom Boss Battle","floor":37,"turns":2},{"damage":4,"enemies":"Writhing Mass","floor":38,"turns":1},{"damage":0,"enemies":"Jaw Worm Horde","floor":39,"turns":1},{"damage":18,"enemies":"4 Shapes","floor":44,"turns":1},{"damage":22,"enemies":"3 Darklings","floor":45,"turns":2},{"damage":22,"enemies":"Reptomancer","floor":47,"turns":2},{"damage":3,"enemies":"Jaw Worm Horde","floor":48,"turns":1},{"damage":5,"enemies":"Awakened One","floor":50,"turns":2}],"seed_played":"-4060160915487772418","potions_obtained":[{"floor":1.0,"key":"FearPotion"},{"floor":6.0,"key":"Fire Potion"},{"floor":10.0,"key":"Dexterity Potion"},{"floor":25,"key":"DistilledChaos"},{"floor":35,"key":"HeartOfIron"},{"floor":37,"key":"Block Potion"}],"is_trial":false,"path_per_floor":["M","?","M","?","$","E","R","?","T","M","M","R","M","M","R","B",null,"M","M","M","M","?","R","E","?","T","M","M","M","$","M","R","B",null,"M","M","?","M","M","R","$","?","T","M","M","R","E","M","R","B",null],"character_chosen":"IRONCLAD","items_purchased":["OrangePellets","Paper Frog","Singing Bowl","Flex","Whirlwind+1","Kunai","Matryoshka","Brimstone","Letter Opener"],"campfire_rested":4,"item_purchase_floors":[5,5,5,5,30,30,30,41,41],"current_hp_per_floor":[80,60,60,60,60,45,45,29,35,35,29,56,53,41,69,54,102,104,43,21,4,4,37,101,55,61,39,28,14,14,10,50,117,143,143,130,129,127,129,135,135,135,141,125,105,111,91,90,96,97],"gold":205,"neow_bonus":"","is_daily":true,"chose_seed":false,"campfire_upgraded":1,"win_rate":0.0,"timestamp":1613680359,"path_taken":["M","?","M","?","$","E","R","?","T","M","M","R","M","M","R","BOSS","M","M","M","M","?","R","E","?","T","M","M","?","$","M","R","BOSS","M","M","?","M","M","R","$","?","T","?","M","R","E","M","R","BOSS"],"items_purchased_type":["Relic","Relic","Relic","Card","Card","Relic","Relic","Relic","Relic"],"build_version":"2020-12-22","purchased_purges":2,"victory":true,"max_hp_per_floor":[80,80,80,80,80,82,82,82,88,88,90,90,92,94,94,102,102,104,106,108,110,110,110,119,121,127,129,131,133,133,135,135,143,143,145,147,149,151,153,153,153,153,159,161,163,163,165,167,167,173],"relic_stats":{"Darkstone Periapt":36,"Singing Bowl":50,"counters":[29,58],"Golden Idol":199,"Eternal Feather":18,"Letter Opener":[0],"Cursed Key":3,"Smiling Mask":50,"Boot":[0],"OrangePellets":[8],"Pandora\u0027s Box":["Wild Strike","Sentinel","Headbutt","Reaper","Power Through","Battle Trance","Feed"],"Art of War":[1],"Chemical X":[27],"Kunai":[0],"obtain_stats":[{"Darkstone Periapt":0,"Ice Cream":37,"Singing Bowl":5,"Bottled Tornado":26,"Cursed Key":0,"Smiling Mask":9,"Boot":43,"Matryoshka":30,"Strawberry":24,"Red Mask":25,"Chemical X":2,"Kunai":30,"Toxic Egg 2":47,"Paper Frog":5,"Girya":34,"Golden Idol":2,"Oddly Smooth Stone":34,"Eternal Feather":34,"Letter Opener":41,"Du-Vu Doll":0,"Calling Bell":34,"OrangePellets":5,"Brimstone":41,"Molten Egg 2":6,"Pandora\u0027s Box":17,"Art of War":43},{"Darkstone Periapt":0,"Ice Cream":22,"Singing Bowl":2,"Bottled Tornado":14,"Cursed Key":0,"Smiling Mask":3,"Boot":24,"Matryoshka":17,"Strawberry":13,"Red Mask":14,"Chemical X":1,"Kunai":17,"Toxic Egg 2":27,"Paper Frog":2,"Girya":19,"Golden Idol":1,"Oddly Smooth Stone":19,"Eternal Feather":19,"Letter Opener":24,"Du-Vu Doll":0,"Calling Bell":19,"OrangePellets":2,"Brimstone":24,"Molten Egg 2":3,"Pandora\u0027s Box":8,"Art of War":24},{"Darkstone Periapt":0,"Ice Cream":48,"Singing Bowl":3,"Bottled Tornado":32,"Cursed Key":0,"Smiling Mask":6,"Boot":50,"Matryoshka":38,"Strawberry":29,"Red Mask":32,"Chemical X":2,"Kunai":38,"Toxic Egg 2":55,"Paper Frog":3,"Girya":43,"Golden Idol":2,"Oddly Smooth Stone":43,"Eternal Feather":43,"Letter Opener":50,"Du-Vu Doll":0,"Calling Bell":43,"OrangePellets":3,"Brimstone":50,"Molten Egg 2":6,"Pandora\u0027s Box":20,"Art of War":50}]},"card_choices":[{"not_picked":["Cleave","Evolve"],"picked":"Spot Weakness","floor":1.0},{"not_picked":["Anger","Body Slam","Sentinel"],"picked":"SKIP","floor":3.0},{"not_picked":["Inflame","Entrench","Body Slam+1"],"picked":"Singing Bowl","floor":6.0},{"not_picked":["True Grit","Warcry"],"picked":"Heavy Blade+1","floor":10.0},{"not_picked":["Reckless Charge+1","Clash+1","Sentinel"],"picked":"Singing Bowl","floor":11.0},{"not_picked":["Rupture","Pommel Strike+1","Sword Boomerang+1"],"picked":"Singing Bowl","floor":13.0},{"not_picked":["Headbutt+1","Hemokinesis+1","Inflame"],"picked":"Singing Bowl","floor":14.0},{"not_picked":["Demon Form","Immolate+1","Bludgeon+1"],"picked":"Singing Bowl","floor":16.0},{"not_picked":["Rage","Inflame","Feel No Pain+1"],"picked":"Singing Bowl","floor":18.0},{"not_picked":["Wild Strike+1","Sword Boomerang+1","Anger+1"],"picked":"Singing Bowl","floor":19},{"not_picked":["Pummel+1","Entrench+1","Wild Strike+1"],"picked":"Singing Bowl","floor":20},{"not_picked":["Shockwave","Dark Embrace","Twin Strike+1"],"picked":"Singing Bowl","floor":21},{"not_picked":["Iron Wave+1","Infernal Blade","Body Slam+1"],"picked":"Singing Bowl","floor":24},{"not_picked":["Flex","Metallicize","Blood for Blood+1"],"picked":"Singing Bowl","floor":25},{"not_picked":["Headbutt+1","Second Wind","Searing Blow+1"],"picked":"Singing Bowl","floor":27},{"not_picked":["Power Through","True Grit","Flex"],"picked":"Singing Bowl","floor":28},{"not_picked":["Shrug It Off","Pommel Strike+1","Pummel+1"],"picked":"Singing Bowl","floor":29},{"not_picked":["Shrug It Off","Perfected Strike+1","Searing Blow+1"],"picked":"Singing Bowl","floor":31},{"not_picked":["Bludgeon+1","Barricade","Exhume"],"picked":"Singing Bowl","floor":33},{"not_picked":["Heavy Blade+1","Twin Strike+1","Clothesline+1"],"picked":"Singing Bowl","floor":35},{"not_picked":["Wild Strike+1","Bloodletting+1","Intimidate"],"picked":"Singing Bowl","floor":36},{"not_picked":["Clash+1","Ghostly Armor","Wild Strike+1"],"picked":"Singing Bowl","floor":37},{"not_picked":["Body Slam+1","Wild Strike+1","Flex"],"picked":"Singing Bowl","floor":38},{"not_picked":["Warcry+1","Body Slam+1","Fire Breathing+1"],"picked":"Singing Bowl","floor":39},{"not_picked":["Offering","Havoc","Shockwave+1"],"picked":"Singing Bowl","floor":44},{"not_picked":["Wild Strike+1","Bloodletting","Pommel Strike+1"],"picked":"Singing Bowl","floor":45},{"not_picked":["Ghostly Armor+1","Cleave+1","Inflame"],"picked":"Singing Bowl","floor":47},{"not_picked":["Cleave+1","Hemokinesis+1","Shrug It Off+1"],"picked":"Singing Bowl","floor":48}],"player_experience":380398,"relics_obtained":[{"floor":6.0,"key":"Molten Egg 2"},{"floor":9.0,"key":"Smiling Mask"},{"floor":24,"key":"Strawberry"},{"floor":25,"key":"Red Mask"},{"floor":26,"key":"Bottled Tornado"},{"floor":34,"key":"Oddly Smooth Stone"},{"floor":34,"key":"Eternal Feather"},{"floor":34,"key":"Girya"},{"floor":37,"key":"Ice Cream"},{"floor":43,"key":"Boot"},{"floor":43,"key":"Art of War"},{"floor":47,"key":"Toxic Egg 2"}],"event_choices":[{"damage_healed":0.0,"max_hp_gain":0.0,"max_hp_loss":0.0,"gold_gain":0.0,"event_name":"Golden Idol","player_choice":"Take Damage","floor":2.0,"gold_loss":0.0,"damage_taken":20.0,"relics_obtained":["Golden Idol"]},{"cards_removed":["Strike_R"],"damage_healed":0.0,"max_hp_gain":0.0,"max_hp_loss":0.0,"gold_gain":0.0,"event_name":"The Cleric","player_choice":"Card Removal","floor":4.0,"gold_loss":50.0,"damage_taken":0.0},{"damage_healed":0.0,"max_hp_gain":0.0,"max_hp_loss":0.0,"gold_gain":0.0,"event_name":"Shining Light","player_choice":"Entered Light","floor":8.0,"gold_loss":0.0,"damage_taken":16.0,"cards_upgraded":["Strike_R","Bash"]},{"damage_healed":0,"gold_gain":0,"player_choice":"Ignored","damage_taken":0,"max_hp_gain":0,"max_hp_loss":0,"event_name":"Vampires","floor":22,"gold_loss":0},{"damage_healed":0,"gold_gain":0,"player_choice":"Fought Bandits","damage_taken":0,"max_hp_gain":0,"max_hp_loss":0,"event_name":"Masked Bandits","floor":25,"gold_loss":0},{"damage_healed":0,"gold_gain":0,"player_choice":"Fight","damage_taken":0,"max_hp_gain":0,"max_hp_loss":0,"event_name":"MindBloom","floor":37,"gold_loss":0},{"cards_removed":["Headbutt"],"damage_healed":0,"gold_gain":0,"player_choice":"Purged","damage_taken":0,"max_hp_gain":0,"max_hp_loss":0,"event_name":"Purifier","floor":42,"gold_loss":0}],"is_beta":false,"boss_relics":[{"not_picked":["SlaversCollar","Runic Dome"],"picked":"Pandora\u0027s Box"},{"not_picked":["Runic Pyramid","Fusion Hammer"],"picked":"Calling Bell"}],"items_purged_floors":[5,30],"is_endless":false,"potions_floor_spawned":[1,6,10,14,19,20,21,25,27,35,37,38,45,48],"ascension_level":0}}