{"host":"axuns55dzq466eei","time":1613660870,"event":{"mods":["BaseMod","Colored Map","Keyboard Shortcuts","Minty Spire (QoL Compilation)","StSLib","SuperFastMode"],"gold_per_floor":[10,10,25,35,51,51,51,83,83,111,111,49,63,78,78,78,78],"floor_reached":16,"language":"KOR","playtime":297,"items_purged":[],"score":224,"play_id":"ed6da5dc-31cb-43b1-b341-e35be378312b","local_time":"20210219000750","is_ascension_mode":true,"campfire_choices":[{"data":"Eruption","floor":6,"key":"SMITH"},{"floor":15,"key":"REST"}],"circlet_count":0,"master_deck":["AscendersBane","Strike_P","Strike_P","Strike_P","Defend_P","Defend_P","Defend_P","Eruption+1","Vigilance","FlurryOfBlows","EmptyFist","EmptyBody","CutThroughFate","FollowUp"],"relics":["PureWater","Ancient Tea Set","GoldenEye"],"acts_visited":["Exordium"],"potions_floor_usage":[10],"damage_taken":[{"damage":7,"enemies":"Jaw Worm","floor":1,"turns":3},{"damage":0,"enemies":"Small Slimes","floor":3,"turns":3},{"damage":0,"enemies":"2 Louse","floor":4,"turns":1},{"damage":9,"enemies":"Red Slaver","floor":5,"turns":3},{"damage":8,"enemies":"Gremlin Nob","floor":8,"turns":3},{"damage":29,"enemies":"3 Sentries","floor":10,"turns":9},{"damage":2,"enemies":"Exordium Thugs","floor":13,"turns":5},{"damage":4,"enemies":"2 Fungi Beasts","floor":14,"turns":3},{"damage":23,"enemies":"The Guardian","floor":16,"turns":8}],"seed_played":"-6712241840888473064","potions_obtained":[{"floor":1,"key":"BottledMiracle"},{"floor":5,"key":"StancePotion"},{"floor":10,"key":"DuplicationPotion"}],"is_trial":false,"path_per_floor":["M","?","M","M","M","R","?","E","T","E","?","?","M","M","R","B"],"character_chosen":"WATCHER","items_purchased":[],"campfire_rested":1,"item_purchase_floors":[],"current_hp_per_floor":[54,54,54,54,45,45,45,37,37,8,8,8,6,2,22,0,0],"gold":78,"neow_bonus":"REMOVE_TWO","is_daily":false,"chose_seed":false,"campfire_upgraded":1,"win_rate":0.0,"timestamp":1613660870,"path_taken":["M","?","M","M","M","R","?","E","T","E","?","?","M","M","R","BOSS"],"items_purchased_type":[],"build_version":"2020-12-22","purchased_purges":0,"victory":false,"max_hp_per_floor":[68,68,68,68,68,68,68,68,68,68,68,68,68,68,68,68,68],"card_choices":[{"not_picked":["Study","Halt","SashWhip"],"picked":"SKIP","floor":1},{"not_picked":["ReachHeaven","SashWhip"],"picked":"FlurryOfBlows","floor":3},{"not_picked":["Evaluate","Protect"],"picked":"EmptyFist","floor":4},{"not_picked":["Weave","Swivel","DevaForm"],"picked":"SKIP","floor":5},{"not_picked":["Pray","FlurryOfBlows","LikeWater"],"picked":"SKIP","floor":8},{"not_picked":["WaveOfTheHand","WreathOfFlame"],"picked":"EmptyBody","floor":10},{"not_picked":["FollowUp","ReachHeaven"],"picked":"CutThroughFate","floor":13},{"not_picked":["SashWhip","Crescendo"],"picked":"FollowUp","floor":14}],"player_experience":1126808,"relics_obtained":[{"floor":8,"key":"Ancient Tea Set"},{"floor":10,"key":"GoldenEye"}],"event_choices":[{"damage_healed":0,"gold_gain":0,"player_choice":"Ignored","damage_taken":0,"max_hp_gain":0,"max_hp_loss":0,"event_name":"Golden Idol","floor":2,"gold_loss":0},{"damage_healed":0,"gold_gain":0,"player_choice":"Leave","damage_taken":0,"max_hp_gain":0,"max_hp_loss":0,"event_name":"The Cleric","floor":7,"gold_loss":0},{"damage_healed":0,"gold_gain":0,"player_choice":"Ignored","damage_taken":0,"max_hp_gain":0,"max_hp_loss":0,"event_name":"Shining Light","floor":11,"gold_loss":0},{"damage_healed":0,"gold_gain":0,"player_choice":"Left Gold","damage_taken":0,"max_hp_gain":0,"max_hp_loss":0,"event_name":"World of Goop","floor":12,"gold_loss":62}],"is_beta":false,"boss_relics":[],"items_purged_floors":[],"is_endless":false,"potions_floor_spawned":[1,5,10],"killed_by":"The Guardian","ascension_level":20}}