{"host":"bjzqjr1ycgj8gt55","time":1613677941,"event":{"mods":["100% Spire Juice","BaseMod","Better Altar","Better Match","Better Sensory Stone","Better Skull","Better Third Choice","Better Vampires","Block Reminder","Colored Map","Colored Powertips","GifTheSpireLib","Hermit","Infinite Spire","Minty Spire (QoL Compilation)","Rare Cards Sparkle","Red Circlet Mod","Shade Mod","Shop Mod","Spicy Shops","StSLib","The Cursed","The Jungle","The Marked","The Necromancer","TheVacant","Waifu the Spire","everything is the same but u backflip on backflip","slay the spire mod where everything is the same but ironclad has a cowboy hat"],"gold_per_floor":[110,110,124,137,137,137,156,156,179,208,208,227,241,261,261,359,359,379,379,51,62,82,82,102,102,102,102,17,30,30,46,46,46,46],"floor_reached":33,"language":"ENG","playtime":1180,"items_purged":["theVacant:VacantStarterStrike","theVacant:VacantStarterStrike"],"score":290,"play_id":"80357452-cb1a-4523-bc0d-f22f50a00c44","local_time":"20210218135221","is_ascension_mode":true,"campfire_choices":[{"data":"theVacant:OnSecondThought","floor":6,"key":"SMITH"},{"data":"theVacant:Release","floor":8,"key":"SMITH"},{"data":"theVacant:PitOfDespair","floor":11,"key":"SMITH"},{"floor":15,"key":"REST"},{"data":"theVacant:Gloom","floor":23,"key":"SMITH"},{"data":"theVacant:Jab","floor":25,"key":"SMITH"},{"data":"theVacant:Hex","floor":27,"key":"SMITH"},{"data":"theVacant:Jab","floor":32,"key":"SMITH"}],"circlet_count":0,"master_deck":["theVacant:VacantStarterStrike","theVacant:VacantStarterDefend","theVacant:VacantStarterDefend","theVacant:VacantStarterDefend","theVacant:VacantStarterDefend","theVacant:Release+1","theVacant:Crunch","theVacant:PitOfDespair+1","theVacant:OnSecondThought+1","theVacant:CleanseSoul","theVacant:BellToll","theVacant:Gloom+1","theVacant:Snowball","theVacant:Hex+1","theVacant:GraveWave","theVacant:DeathSpiral","theVacant:GraveWave+1","theVacant:BrassMagnet","theVacant:TwistFate+1","theVacant:Jab+1","theVacant:CleanseSoul+1","theVacant:Jab+1"],"relics":["Cracked Core","NeowsBlessing","infinitespire:Cubic Diamond","Pen Nib","Juzu Bracelet","Coffee Dripper","Nunchaku","MealTicket","Bird Faced Urn"],"acts_visited":["Exordium","TheCity"],"potions_floor_usage":[7,10,13,16,18,21],"damage_taken":[{"damage":0,"enemies":"Jaw Worm","floor":1,"turns":1},{"damage":0,"enemies":"Cultist","floor":3,"turns":1},{"damage":0,"enemies":"Small Slimes","floor":4,"turns":1},{"damage":33,"enemies":"Exordium Thugs","floor":7,"turns":6},{"damage":0,"enemies":"Gremlin Nob","floor":10,"turns":2},{"damage":5,"enemies":"3 Louse","floor":12,"turns":2},{"damage":0,"enemies":"Gremlin Gang","floor":13,"turns":3},{"damage":29,"enemies":"Lots of Slimes","floor":14,"turns":5},{"damage":7,"enemies":"Slime Boss","floor":16,"turns":6},{"damage":12,"enemies":"2 Thieves","floor":18,"turns":3},{"damage":19,"enemies":"Shell Parasite","floor":21,"turns":3},{"damage":14,"enemies":"Centurion and Healer","floor":22,"turns":6},{"damage":9,"enemies":"3 Cultists","floor":24,"turns":5},{"damage":5,"enemies":"Snake Plant","floor":29,"turns":3},{"damage":32,"enemies":"Snecko","floor":31,"turns":5},{"damage":21,"enemies":"Collector","floor":33,"turns":2}],"seed_played":"3518809788460712770","potions_obtained":[{"floor":4,"key":"Fire Potion"},{"floor":7,"key":"infinitespire:BlackPotion"},{"floor":12,"key":"Explosive Potion"},{"floor":14,"key":"PowerPotion"},{"floor":16,"key":"FearPotion"},{"floor":18,"key":"PowerPotion"},{"floor":31,"key":"LiquidMemories"}],"is_trial":false,"path_per_floor":["M","?","M","M","?","R","M","R","T","E","R","M","M","M","R","B",null,"M","?","$","M","M","R","M","R","T","R","?","M","$","M","R","B"],"character_chosen":"THE_VACANT","items_purchased":["theVacant:BrassMagnet","Nunchaku"],"campfire_rested":1,"item_purchase_floors":[20,20],"current_hp_per_floor":[80,80,80,80,80,80,47,47,47,47,47,42,42,13,37,30,80,68,68,68,49,35,35,26,26,26,26,26,25,40,14,14,0,0],"gold":46,"neow_bonus":"THREE_ENEMY_KILL","is_daily":false,"chose_seed":false,"campfire_upgraded":7,"win_rate":0.0,"timestamp":1613677941,"path_taken":["M","?","M","?","?","R","?","R","T","E","R","M","M","M","R","BOSS","M","?","$","M","M","R","M","R","T","R","?","M","$","M","R","BOSS"],"items_purchased_type":["Card","Relic"],"build_version":"2020-12-22","purchased_purges":2,"victory":false,"max_hp_per_floor":[80,80,80,80,80,80,80,80,80,80,80,80,80,80,80,80,80,80,80,80,80,80,80,80,80,80,80,80,80,80,80,80,80,80],"card_choices":[{"not_picked":["theVacant:Immaterialize","theVacant:Dig"],"picked":"theVacant:PitOfDespair","floor":1},{"not_picked":["theVacant:Cower","theVacant:BattleScars"],"picked":"theVacant:OnSecondThought","floor":3},{"not_picked":["theVacant:Cower","theVacant:IntoTheAbyss"],"picked":"theVacant:CleanseSoul","floor":4},{"not_picked":["theVacant:ShriekingBlast","theVacant:GraveWave"],"picked":"theVacant:BellToll","floor":7},{"not_picked":["theVacant:Prevent","theVacant:BrassMagnet"],"picked":"theVacant:Gloom","floor":10},{"not_picked":["theVacant:FranticBlow","theVacant:Dig"],"picked":"theVacant:Snowball","floor":12},{"not_picked":["theVacant:BurdenBreak","theVacant:Reconnect"],"picked":"theVacant:Hex","floor":13},{"not_picked":["theVacant:ShutAway","theVacant:FranticBlow"],"picked":"theVacant:GraveWave","floor":14},{"not_picked":["theVacant:WhenDarknessComes","theVacant:Exorcise"],"picked":"theVacant:DeathSpiral","floor":16},{"not_picked":["theVacant:Soothe","theVacant:FranticBlow"],"picked":"theVacant:GraveWave+1","floor":18},{"not_picked":["theVacant:Enrage","theVacant:OnSecondThought"],"picked":"theVacant:TwistFate+1","floor":21},{"not_picked":["theVacant:Barrage","theVacant:Snowball"],"picked":"theVacant:Jab","floor":22},{"not_picked":["theVacant:Thoughtseize+1","theVacant:Cower","theVacant:Expand+1"],"picked":"SKIP","floor":24},{"not_picked":["theVacant:Cower","theVacant:MindBreak"],"picked":"theVacant:CleanseSoul+1","floor":29},{"not_picked":["theVacant:Fling","theVacant:Enrage"],"picked":"theVacant:Jab","floor":31}],"player_experience":174448,"relics_obtained":[{"floor":9,"key":"Pen Nib"},{"floor":10,"key":"Juzu Bracelet"},{"floor":26,"key":"MealTicket"}],"event_choices":[{"damage_healed":0,"gold_gain":0,"player_choice":"Bought 0 Potions","damage_taken":0,"max_hp_gain":0,"max_hp_loss":0,"event_name":"The Woman in Blue","floor":5,"gold_loss":0},{"cards_removed":["theVacant:VacantStarterStrike"],"damage_healed":0,"gold_gain":0,"player_choice":"Offered Basic","damage_taken":0,"max_hp_gain":0,"max_hp_loss":0,"event_name":"Bonfire Elementals","floor":19,"gold_loss":0},{"damage_healed":0,"gold_gain":0,"player_choice":"Obtained Relic","damage_taken":0,"relics_obtained":["Bird Faced Urn"],"max_hp_gain":0,"max_hp_loss":0,"event_name":"Addict","floor":28,"gold_loss":85}],"is_beta":false,"boss_relics":[{"not_picked":["Snecko Eye","Tiny House"],"picked":"Coffee Dripper"}],"items_purged_floors":[20,20],"is_endless":false,"potions_floor_spawned":[4,7,12,14,16,18,31],"killed_by":"Collector","ascension_level":1}}