{"host":"yqw1zpryoutrnocq","time":1613620268,"event":{"mods":["2.2 Compatiblity","AchievementEnabler","BaseMod","Colored Map","Custom Start","DeckTracker","Minty Spire (QoL Compilation)","StSLib","SuperFastMode"],"gold_per_floor":[116,116,127,127,140,140,168,168,168,168,195,208,240,240,240,340,340,379,109,109,120,120,120,120],"floor_reached":23,"language":"KOR","playtime":466,"items_purged":["Strike_P"],"score":278,"play_id":"b8ca1440-6c28-4c46-acd8-f37e492d2ae6","local_time":"20210217215108","is_ascension_mode":true,"campfire_choices":[{"data":"Eruption","floor":6,"key":"SMITH"},{"data":"Ragnarok","floor":8,"key":"SMITH"},{"data":"DeusExMachina","floor":10,"key":"SMITH"},{"floor":15,"key":"REST"}],"circlet_count":0,"master_deck":["Strike_P","Strike_P","Strike_P","Defend_P","Defend_P","Defend_P","Eruption+1","Vigilance","DeusExMachina+1","SashWhip","FollowUp+1","FlyingSleeves+1","Ragnarok+1","BattleHymn+1","SandsOfTime","Wish","JustLucky+1"],"relics":["PureWater","Calipers","Blue Candle","Ginger","Pantograph","Black Star","Membership Card","CeramicFish"],"acts_visited":["Exordium","TheCity"],"potions_floor_usage":[7,13,16],"damage_taken":[{"damage":2,"enemies":"Jaw Worm","floor":1,"turns":5},{"damage":0,"enemies":"Small Slimes","floor":3,"turns":2},{"damage":0,"enemies":"Cultist","floor":5,"turns":3},{"damage":14,"enemies":"Gremlin Nob","floor":7,"turns":3},{"damage":0,"enemies":"Lagavulin","floor":11,"turns":3},{"damage":27,"enemies":"Gremlin Gang","floor":12,"turns":3},{"damage":10,"enemies":"3 Sentries","floor":13,"turns":4},{"damage":57,"enemies":"The Guardian","floor":16,"turns":5},{"damage":30,"enemies":"Spheric Guardian","floor":18,"turns":5},{"damage":16,"enemies":"2 Thieves","floor":21,"turns":2},{"damage":28,"enemies":"Gremlin Leader","floor":23,"turns":1}],"seed_played":"7174678549988261611","potions_obtained":[{"floor":3,"key":"Swift Potion"},{"floor":11,"key":"ColorlessPotion"},{"floor":13,"key":"Regen Potion"}],"is_trial":false,"path_per_floor":["M","?","M","?","M","R","E","R","T","R","E","M","E","?","R","B",null,"M","$","?","M","?","E"],"character_chosen":"WATCHER","items_purchased":["Membership Card","CeramicFish"],"campfire_rested":1,"item_purchase_floors":[19,19],"current_hp_per_floor":[70,70,70,70,70,70,56,56,56,56,56,29,19,5,26,3,72,42,42,42,26,26,0,0],"gold":120,"neow_bonus":"ONE_RANDOM_RARE_CARD","is_daily":false,"chose_seed":false,"campfire_upgraded":3,"win_rate":0.0,"timestamp":1613620268,"path_taken":["M","?","M","?","?","R","E","R","T","R","E","?","E","?","R","BOSS","M","$","?","M","?","E"],"items_purchased_type":["Relic","Relic"],"build_version":"2020-12-22","purchased_purges":1,"victory":false,"max_hp_per_floor":[72,72,72,72,72,72,72,72,72,72,72,72,72,72,72,72,72,72,72,72,72,72,72,72],"card_choices":[{"not_picked":["ThirdEye","Meditate"],"picked":"SashWhip","floor":1},{"not_picked":["FlurryOfBlows","EmptyBody"],"picked":"FollowUp","floor":3},{"not_picked":["Protect","BowlingBash"],"picked":"FlyingSleeves","floor":5},{"not_picked":["LikeWater","EmptyFist"],"picked":"Ragnarok","floor":7},{"not_picked":["CarveReality","Indignation"],"picked":"BattleHymn","floor":11},{"not_picked":["BowlingBash","Protect","ClearTheMind"],"picked":"SKIP","floor":12},{"not_picked":["FollowUp","LikeWater"],"picked":"SandsOfTime","floor":13},{"not_picked":["Vault","Blasphemy"],"picked":"Wish","floor":16},{"not_picked":["BowlingBash","ForeignInfluence"],"picked":"JustLucky+1","floor":18},{"not_picked":["Halt","Evaluate","WaveOfTheHand+1"],"picked":"SKIP","floor":21}],"player_experience":344272,"relics_obtained":[{"floor":7,"key":"Calipers"},{"floor":9,"key":"Blue Candle"},{"floor":11,"key":"Ginger"},{"floor":13,"key":"Pantograph"}],"event_choices":[{"damage_healed":0,"gold_gain":0,"player_choice":"Ignored","damage_taken":0,"max_hp_gain":0,"max_hp_loss":0,"event_name":"Liars Game","floor":2,"gold_loss":0},{"cards_removed":["Defend_P"],"damage_healed":0,"gold_gain":0,"player_choice":"Offered Basic","damage_taken":0,"max_hp_gain":0,"max_hp_loss":0,"event_name":"Bonfire Elementals","floor":4,"gold_loss":0},{"damage_healed":0,"gold_gain":0,"player_choice":"Entered Light","damage_taken":14,"max_hp_gain":0,"max_hp_loss":0,"event_name":"Shining Light","floor":14,"gold_loss":0,"cards_upgraded":["FollowUp","FlyingSleeves"]},{"damage_healed":0,"gold_gain":0,"player_choice":"Ignored","damage_taken":0,"max_hp_gain":0,"max_hp_loss":0,"event_name":"Vampires","floor":20,"gold_loss":0},{"damage_healed":0,"gold_gain":0,"player_choice":"Forge","damage_taken":0,"max_hp_gain":0,"max_hp_loss":0,"event_name":"Accursed Blacksmith","floor":22,"gold_loss":0,"cards_upgraded":["BattleHymn"]}],"is_beta":false,"boss_relics":[{"not_picked":["Coffee Dripper","Snecko Eye"],"picked":"Black Star"}],"items_purged_floors":[19],"is_endless":false,"potions_floor_spawned":[3,11,13],"killed_by":"Gremlin Leader","ascension_level":4}}