{"host":"8yon5n5je7lh4vc0","time":1613634979,"event":{"mods":["AchievementEnabler","BaseMod","Downfall","Gold Saver","Highlight Path","Hubris","Infinite Spire","Minty Spire (QoL Compilation)","Permanent Neow","Quick Restart","Remilia（蕾米莉亚）","Remove Card Discount Mod","Replay The Spire","Shop Mod","Spicy Shops","StSLib","SuperFastMode","TestMod","The Jungle","篝火指南"],"gold_per_floor":[118,131,141,157,157,190,190,202,225,1,11,27,47,76,76,181,181,201,214,489,68,88,43,60,86,86,96,116,116,134,151,151,255,255,267,121,121,139,139,139,159,194,262,272,284,13,31,51,51,51],"floor_reached":51,"language":"ZHS","playtime":6736,"items_purged":["Defend_R","Regret","Rupture","Defend_R","Thunderclap","Body Slam","testmod-RabbitOfFibonacci","Parasite","Defend_R","Defend_R"],"score":854,"play_id":"09b702e8-9270-4f21-af2b-ce4ea7ce5e8f","local_time":"20210218155619","is_ascension_mode":true,"campfire_choices":[{"floor":7,"key":"REST"},{"floor":15,"key":"REST"},{"floor":29,"key":"REST"},{"floor":32,"key":"REST"},{"data":"testmod-BloodBlade","floor":40,"key":"SMITH"},{"floor":49,"key":"REST"}],"circlet_count":0,"master_deck":["Strike_R","Strike_R+1","Strike_R","Strike_R","Strike_R+1","Bash","Iron Wave","Run Through","Perfected Strike","ReplayTheSpireMod:LeadingStrike","Fire Breathing","expansioncontent:Hexaburn","Adrenaline","testmod-BloodBlade+1","sneckomod:UnknownBlock+1","Reinforced Body+1","Twin Strike","testmod-ConditionedReflex","Wild Strike","Wild Strike","Flame Barrier","Pommel Strike","Immolate","Reaper","hubris:Wrath","ScarletShoot","Immolate","infinitespire:Gouge","Flex+1","ReplayTheSpireMod:Strike From Hell+1","Perfected Strike","Wild Strike+1","testmod-Dream","Bloodletting"],"relics":["Burning Blood","testmod-TestBox","testmod-RealStoneCalender","testmod-InjuryResistance","ReplayFunnel","hubris:OldNail","testmod-CardMagician","MerchantsRug","infinitespire:Broken Mirror","infinitespire:EmpoweringShard","testmod-Déjàvu","ReplayTheSpireMod:EnergyBall","Replay:Towering Pillar of Hats","Mercury Hourglass","OrangePellets"],"acts_visited":["Exordium","TheCity","TheBeyond"],"potions_floor_usage":[6,16,25,27,33,33,50],"damage_taken":[{"damage":13,"enemies":"infinitespire:Voidling","floor":1,"turns":4},{"damage":7,"enemies":"Small Slimes","floor":2,"turns":3},{"damage":0,"enemies":"Cultist","floor":3,"turns":3},{"damage":18,"enemies":"Lots of Slimes","floor":4,"turns":3},{"damage":3,"enemies":"Gremlin Nob","floor":6,"turns":4},{"damage":11,"enemies":"Red Slaver","floor":8,"turns":2},{"damage":0,"enemies":"Large Slime","floor":11,"turns":4},{"damage":7,"enemies":"Looter","floor":12,"turns":2},{"damage":8,"enemies":"Gremlin Gang","floor":13,"turns":3},{"damage":37,"enemies":"Lagavulin","floor":14,"turns":4},{"damage":0,"enemies":"Slime Boss","floor":16,"turns":6},{"damage":5,"enemies":"Chosen","floor":18,"turns":3},{"damage":19,"enemies":"3 Byrds","floor":19,"turns":4},{"damage":2,"enemies":"Snecko","floor":22,"turns":4},{"damage":40,"enemies":"Centurion and Healer","floor":24,"turns":4},{"damage":10,"enemies":"Gremlin Leader","floor":25,"turns":4},{"damage":12,"enemies":"Chosen and Byrds","floor":27,"turns":4},{"damage":19,"enemies":"Snecko","floor":28,"turns":4},{"damage":1,"enemies":"Centurion and Healer","floor":30,"turns":4},{"damage":3,"enemies":"Shelled Parasite and Fungi","floor":31,"turns":3},{"damage":19,"enemies":"Collector","floor":33,"turns":6},{"damage":3,"enemies":"Orb Walker","floor":35,"turns":2},{"damage":18,"enemies":"3 Darklings","floor":38,"turns":2},{"damage":39,"enemies":"Spire Growth","floor":41,"turns":4},{"damage":5,"enemies":"Giant Head","floor":42,"turns":5},{"damage":3,"enemies":"Writhing Mass","floor":44,"turns":3},{"damage":0,"enemies":"Sphere and 2 Shapes","floor":45,"turns":3},{"damage":17,"enemies":"Transient","floor":47,"turns":5},{"damage":21,"enemies":"Maw","floor":48,"turns":5},{"damage":36,"enemies":"hubris:GrandSnecko","floor":50,"turns":9}],"seed_played":"6199693289835192461","potions_obtained":[{"floor":1,"key":"Explosive Potion"},{"floor":4,"key":"Block Potion"},{"floor":8,"key":"ColorlessPotion"},{"floor":12,"key":"Elixir"},{"floor":13,"key":"Fire Potion"},{"floor":25,"key":"Dexterity Potion"},{"floor":27,"key":"Fire Potion"},{"floor":30,"key":"Fire Potion"},{"floor":33,"key":"bronze:BurnAndBuffPotion"},{"floor":38,"key":"DuplicationPotion"},{"floor":42,"key":"ColorlessPotion"},{"floor":44,"key":"Milkshake"}],"is_trial":false,"path_per_floor":["M","M","M","M","?","E","R","M","T","R","M","M","M","E","R","B",null,"M","M","?","$","M","R","M","E","T","M","M","R","M","M","R","B",null,"M","$","?","M","AVR","R","M","E","T","M","M","$","M","M","R","B",null],"character_chosen":"IRONCLAD","items_purchased":["PrismaticShard","Fire Breathing","Twin Strike","testmod-ConditionedReflex","MerchantsRug","Body Slam","testmod-Déjàvu","testmod-Dream","OrangePellets"],"campfire_rested":5,"item_purchase_floors":[10,10,21,21,21,23,36,46,46],"current_hp_per_floor":[58,57,63,51,36,39,63,58,58,58,64,63,61,30,54,60,80,80,67,67,67,71,71,37,33,33,27,14,38,43,46,70,57,80,80,80,80,80,80,80,47,48,48,52,59,59,55,53,76,57],"gold":51,"neow_bonus":"ONE_RARE_RELIC","is_daily":false,"chose_seed":false,"campfire_upgraded":1,"win_rate":0.0,"timestamp":1613634979,"path_taken":["M","M","?","?","?","E","R","M","T","R","M","M","M","E","R","BOSS","M","M","?","$","M","R","M","E","T","M","M","R","M","?","R","BOSS","M","?","?","M","AVR","R","M","E","T","M","M","$","M","M","R","BOSS"],"items_purchased_type":["Relic","Card","Card","Card","Relic","Card","Relic","Card","Relic"],"build_version":"2020-12-22","purchased_purges":10,"victory":true,"max_hp_per_floor":[80,80,80,80,80,80,80,80,80,80,80,80,80,80,80,80,80,80,80,80,80,80,80,80,80,80,80,80,80,80,80,80,80,80,80,80,80,80,80,80,80,80,80,80,80,77,77,77,77,77],"card_choices":[{"not_picked":["Run Through","Flex"],"picked":"Rupture","floor":1},{"not_picked":["Sword Boomerang","Clash"],"picked":"Iron Wave","floor":2},{"not_picked":["True Grit","Sever Soul"],"picked":"Thunderclap","floor":3},{"not_picked":["Impervious","Clash"],"picked":"Run Through","floor":4},{"not_picked":["Replay:Undeath\u0027s Touch","True Grit"],"picked":"Perfected Strike","floor":6},{"not_picked":["Ghostly Armor","hubris:CleavingFinish"],"picked":"ReplayTheSpireMod:LeadingStrike","floor":8},{"not_picked":["Guardian:PrismaticBeam","FlurryOfBlows","bronze:Philosophize"],"picked":"SKIP","floor":11},{"not_picked":["Hemogenesis","sneckomod:UnknownClassPURPLE"],"picked":"bronze:FineTuning","floor":12},{"not_picked":["champ:DefensiveShout","sneckomod:UnknownClassINFINITE_BLACK"],"picked":"expansioncontent:Hexaburn","floor":13},{"not_picked":["Steam Power","ReplayTheSpireMod:Corrosion Curse"],"picked":"Adrenaline","floor":14},{"not_picked":["Violence","bronze:ThunderWave"],"picked":"testmod-BloodBlade","floor":16},{"not_picked":["champ:AdrenalArmor","bronze:Shield"],"picked":"sneckomod:UnknownBlock+1","floor":18},{"not_picked":["Guardian:PiercingHide","champ:DefensiveShout"],"picked":"Reinforced Body+1","floor":19},{"not_picked":["Sword Boomerang","Hemokinesis"],"picked":"Wild Strike","floor":22},{"not_picked":["Blood for Blood","Run Through"],"picked":"Wild Strike","floor":24},{"not_picked":["ReplayTheSpireMod:Strike From Hell","Intimidate"],"picked":"Flame Barrier","floor":25},{"not_picked":["Bludgeon","Heavy Blade+1","Disarm"],"picked":"SKIP","floor":27},{"not_picked":["Abandon","Sword Boomerang","ReplayTheSpireMod:Limb From Limb"],"picked":"SKIP","floor":28},{"not_picked":["Heavy Blade","Hemokinesis"],"picked":"Pommel Strike","floor":30},{"not_picked":["Clash","Havoc"],"picked":"Immolate","floor":31},{"not_picked":["Hemogenesis","Demonic Infusion"],"picked":"Reaper","floor":33},{"not_picked":["Slimebound:Tackle","champ:Taunt"],"picked":"ScarletShoot","floor":34},{"not_picked":["Berserk","Corruption"],"picked":"Immolate","floor":34},{"not_picked":["testmod-Mystery","Replay:BasicMightCard"],"picked":"testmod-RabbitOfFibonacci","floor":34},{"not_picked":["infinitespire:Execution","infinitespire:SealOfDarkness+"],"picked":"infinitespire:Gouge","floor":34},{"not_picked":["Havoc+1","Sword Boomerang"],"picked":"Flex+1","floor":35},{"not_picked":["Heavy Blade+1","Blood for Blood+1","Intimidate"],"picked":"SKIP","floor":38},{"not_picked":["Hemogenesis","Anger+1"],"picked":"ReplayTheSpireMod:Strike From Hell+1","floor":41},{"not_picked":["Inflame","Twin Strike+1"],"picked":"Perfected Strike","floor":42},{"not_picked":["hubris:CleavingFinish+1","Metallicize"],"picked":"Wild Strike+1","floor":44},{"not_picked":["Headbutt","Heavy Blade+1","True Grit+1"],"picked":"SKIP","floor":45},{"not_picked":["Warcry","Armaments","ReplayReversal"],"picked":"SKIP","floor":47},{"not_picked":["Body Slam+1","Dark Embrace"],"picked":"Bloodletting","floor":48}],"player_experience":41831,"relics_obtained":[{"floor":6,"key":"ReplayFunnel"},{"floor":9,"key":"hubris:OldNail"},{"floor":14,"key":"Boot"},{"floor":25,"key":"infinitespire:Broken Mirror"},{"floor":26,"key":"infinitespire:EmpoweringShard"},{"floor":42,"key":"Replay:Towering Pillar of Hats"},{"floor":43,"key":"Mercury Hourglass"}],"event_choices":[{"damage_healed":0,"gold_gain":0,"player_choice":"Entered Light","damage_taken":16,"max_hp_gain":0,"max_hp_loss":0,"event_name":"Shining Light","floor":5,"gold_loss":0,"cards_upgraded":["Strike_R","Strike_R"]},{"damage_healed":0,"gold_gain":275,"player_choice":"Desecrate","damage_taken":0,"max_hp_gain":0,"max_hp_loss":0,"event_name":"Golden Shrine","floor":20,"gold_loss":0,"cards_obtained":["Regret"]},{"cards_removed":["bronze:FineTuning"],"damage_healed":5,"gold_gain":0,"player_choice":"Offered Common","damage_taken":0,"max_hp_gain":0,"max_hp_loss":0,"event_name":"Bonfire Elementals","floor":37,"gold_loss":0},{"cards_removed":["bronze:FineTuning"],"damage_healed":5,"gold_gain":0,"player_choice":"Offered Special","damage_taken":0,"max_hp_gain":0,"max_hp_loss":0,"event_name":"Bonfire Elementals","floor":37,"gold_loss":0}],"is_beta":false,"boss_relics":[{"not_picked":["Replay:Drink Me","testmod-Prudence"],"picked":"testmod-CardMagician"},{"not_picked":["testmod-StringDisintegrator","hubris:TerracottaHorce"],"picked":"ReplayTheSpireMod:SealedPack"}],"items_purged_floors":[10,21,21,21,36,36,46,46,46,46],"is_endless":false,"potions_floor_spawned":[1,4,8,12,13,25,27,30,31,33,38,42,44,47],"ascension_level":3}}