{"host":"a3gu5zu37ht99mpa","time":1613615671,"event":{"mods":["100% Spire Juice","Act Like it!","BaseMod","Better Silent Start","Better Third Choice","BetterRewards","Conspire","Downfall","Energized Spire","GifTheSpireLib","Gold Saver","Gremlin Mod","Halation","Hallownest","Hermit","JesterMod","Lobotomy","LobotomyExtend","Luminous","Minty Spire (QoL Compilation)","Reliquary","StSLib","Stuff the Spire","The Administrix","The Animator","The Bug Knight","The Hayseed","The Necromancer","The Runesmith","The Saiyan","The Senshi","The Showman","The Wild Card","Virulent Crown","Wandering Minibosses","WarShipGirlsR/????R mod","yUi","??????REMEMod"],"gold_per_floor":[114,78,92,15,15,15,50,50,50,50,50,64,77,94,94,94,94],"floor_reached":16,"language":"ENG","playtime":796,"items_purged":[],"score":100,"play_id":"4784486f-1718-4edd-aa69-5dccdadb5ad1","local_time":"20210217213431","is_ascension_mode":false,"campfire_choices":[{"data":"rmod:expedition","floor":6.0,"key":"SMITH"},{"data":"rmod:expedition+1","floor":8.0,"key":"SMITH"},{"data":"rmod:expedition+2","floor":10.0,"key":"SMITH"},{"data":"sneckomod:UnknownRareAttack","floor":15,"key":"SMITH"}],"circlet_count":0,"master_deck":["rmod:strick","rmod:strick","rmod:defend","rmod:basicallowance","rmod:maingunfire","BigBadWolf","sneckomod:UnknownRareAttack+1","rmod:rockthrower","Bloodbath","rmod:unsinkable","rmod:firesupport","NothingThere","rmod:fletcherpendant","MeatLantern"],"relics":["rmod:firstchargereward","REME_ComplimentaryCards","CogitoBucket","LetterFromLob","Hallownest:DreamNailRelic","Oddly Smooth Stone","reliquary:PrincelyHelmet","Gaze_r","Heaven_r","FleshIdol"],"acts_visited":["Hallownest:Greenpath"],"potions_floor_usage":[],"damage_taken":[{"damage":0.0,"enemies":"Hallownest:monsterHuskGuard","floor":1.0,"turns":3.0},{"damage":5.0,"enemies":"2_ Uuma","floor":3.0,"turns":6.0},{"damage":15.0,"enemies":"Hallownest:eliteVengeflyKing","floor":7.0,"turns":9.0},{"damage":11.0,"enemies":"Hallownest:monsterHuskWarrior","floor":11.0,"turns":4.0},{"damage":25.0,"enemies":"Hallownest:monsterHuskWarrior","floor":11.0,"turns":3.0},{"damage":0.0,"enemies":"Hallownest:monsterHuskWarrior","floor":12.0,"turns":2.0},{"damage":2.0,"enemies":"Hallownest:Guard_and_Warrior","floor":13.0,"turns":3.0},{"damage":0,"enemies":"Hallownest:monsterMossCharger","floor":14,"turns":1},{"damage":124,"enemies":"Hallownest:BossFalseKnight","floor":16,"turns":8}],"seed_played":"6112694358509622490","potions_obtained":[{"floor":1.0,"key":"Weak Potion"},{"floor":7.0,"key":"champ:CounterPotion"},{"floor":13.0,"key":"BlessingOfTheForge"}],"is_trial":false,"path_per_floor":["M","$","M","$","?","R","E","R","T","R","M","M","M","M","R","B"],"character_chosen":"PRAEFECT","items_purchased":["rmod:expedition","rmod:mineteam"],"campfire_rested":0,"item_purchase_floors":[2,4],"current_hp_per_floor":[75,75,70,70,70,70,61,61,61,61,34,34,33,63,63,0,0],"gold":94,"neow_bonus":"","is_daily":false,"chose_seed":false,"campfire_upgraded":4,"win_rate":0.0,"timestamp":1613615671,"path_taken":["M","?","M","$","?","R","E","R","T","R","M","M","M","M","R","BOSS"],"items_purchased_type":["Card","Card"],"build_version":"2020-12-22","purchased_purges":0,"victory":false,"max_hp_per_floor":[75,75,75,75,75,75,75,75,75,75,75,75,75,75,75,75,75],"card_choices":[{"not_picked":["rmod:diamondstrike","rmod:aviationdawn"],"picked":"rmod:ammunitionsupply","floor":1.0},{"not_picked":["VoidDream","SpiderBud"],"picked":"BigBadWolf","floor":1.0},{"not_picked":["UniverseFragment","PunishingBird"],"picked":"Wellcheers","floor":3.0},{"not_picked":["rmod:saltedfish","rmod:circuitoustactics"],"picked":"rmod:diaomin","floor":3.0},{"not_picked":["rmod:fletcherpendant","rmod:smokecover"],"picked":"rmod:rockthrower","floor":7.0},{"not_picked":["WhitesApple","SpiderBud"],"picked":"Bloodbath","floor":7.0},{"not_picked":["rmod:circuitoustactics","rmod:diamondstrike"],"picked":"rmod:unsinkable","floor":12.0},{"not_picked":["rmod:stealaluminum","rmod:aluminumsupply"],"picked":"rmod:firesupport","floor":13.0},{"not_picked":["UniverseFragment","QueenBee"],"picked":"NothingThere","floor":13.0},{"not_picked":["rmod:aluminumsupply","rmod:tearstotiara"],"picked":"rmod:fletcherpendant","floor":14},{"not_picked":["NakedNest","SingingMachine"],"picked":"MeatLantern","floor":14}],"player_experience":116118,"relics_obtained":[{"floor":1.0,"key":"LetterFromLob"},{"floor":7.0,"key":"Oddly Smooth Stone"},{"floor":9.0,"key":"reliquary:PrincelyHelmet"}],"event_choices":[],"is_beta":false,"boss_relics":[],"items_purged_floors":[],"is_endless":false,"potions_floor_spawned":[1,7,13],"killed_by":"Hallownest:BossFalseKnight","ascension_level":0}}