{"host":"7s0ipaqx8m4pdduf","time":1613666132,"event":{"mods":["BaseMod","BetterRewards","Colored Map","Infinite Spire","Minty Spire (QoL Compilation)","StSLib","SuperFastMode","The Animator"],"gold_per_floor":[120,35,35,47,47,47,59,63,63,10,14,14],"floor_reached":11,"language":"ENG","playtime":201,"items_purged":[],"score":113,"play_id":"8cc1d184-7825-41ba-b973-6d6d710bb1d4","local_time":"20210218173532","is_ascension_mode":true,"campfire_choices":[{"floor":6,"key":"REST"}],"circlet_count":0,"master_deck":["AscendersBane","Strike_G","Strike_G","Strike_G","Strike_G","Strike_G","Defend_G","Defend_G","Defend_G","Defend_G","Defend_G","Survivor","Neutralize","Noxious Fumes","Unload","Noxious Fumes","Dash","Storm of Steel","Infinite Blades","Caltrops","Sucker Punch","Blade Dance"],"relics":["Ring of the Snake","infinitespire:Midas Blood","The Specimen","Kunai","Pen Nib","infinitespire:Bottled Soul"],"acts_visited":["Exordium"],"potions_floor_usage":[11],"damage_taken":[{"damage":2,"enemies":"Small Slimes","floor":1,"turns":4},{"damage":0,"enemies":"Cultist","floor":4,"turns":3},{"damage":12,"enemies":"Jaw Worm","floor":7,"turns":2},{"damage":12,"enemies":"3 Sentries","floor":11,"turns":2}],"seed_played":"8559831579230944403","potions_obtained":[],"is_trial":false,"path_per_floor":["M","$","?","M","$","R","M","?","T","$","E"],"character_chosen":"THE_SILENT","items_purchased":["Noxious Fumes","infinitespire:Midas Blood","Unload","PowerPotion","Noxious Fumes","Kunai","Dash","Caltrops","Blade Dance"],"campfire_rested":1,"item_purchase_floors":[0,0,0,0,0,0,0,2,10],"current_hp_per_floor":[16,16,16,16,16,35,23,12,12,12,0,0],"gold":14,"neow_bonus":"","is_daily":false,"chose_seed":false,"campfire_upgraded":0,"win_rate":0.0,"timestamp":1613666132,"path_taken":["M","$","?","M","?","R","M","?","T","$","E"],"items_purchased_type":["Card","Relic","Card","Potion","Card","Relic","Card","Card","Card"],"build_version":"2020-12-22","purchased_purges":0,"victory":false,"max_hp_per_floor":[66,66,66,66,66,66,66,66,66,66,66,66],"card_choices":[{"not_picked":["Underhanded Strike","Heel Hook"],"picked":"Infinite Blades","floor":1},{"not_picked":["Reflex","Acrobatics"],"picked":"Sucker Punch","floor":4},{"not_picked":["Dodge and Roll","Setup","Blur"],"picked":"SKIP","floor":7}],"player_experience":2420196,"relics_obtained":[{"floor":9,"key":"infinitespire:Bottled Soul"}],"event_choices":[{"damage_healed":0,"gold_gain":0,"player_choice":"0 cards matched","damage_taken":0,"max_hp_gain":0,"max_hp_loss":0,"event_name":"Match and Keep!","floor":3,"gold_loss":0,"cards_obtained":[]},{"damage_healed":0,"gold_gain":0,"player_choice":"Success","damage_taken":11,"relics_obtained":["Pen Nib"],"max_hp_gain":0,"max_hp_loss":0,"event_name":"Scrap Ooze","floor":8,"gold_loss":0}],"is_beta":false,"boss_relics":[],"items_purged_floors":[],"is_endless":false,"potions_floor_spawned":[],"killed_by":"3 Sentries","ascension_level":17}}