{"host":"bg8va46pgqgvtzim","time":1613655303,"event":{"mods":["BaseMod","Minty Spire (QoL Compilation)","Quick Restart","StSLib","SuperFastMode"],"gold_per_floor":[13,27,27,42,55,55,20,54,54,81,81,100,100,125,139,139,157,183,183,200,233,233,233,233,331,331,341,359,141,141,159,175,175,175,205,205,223,47,47,47,47,66,66,85,101,116,126,161,161,161,257,257,276,295,295,295,313,325,348,348,358,358,392,406,406,57,74,74,74,74,74,109,121,132,166,166,166,166,166,166,15,41,41],"floor_reached":84,"language":"ZHS","playtime":4520,"items_purged":["Strike_R","Strike_R","Strike_R+1"],"score":1859,"play_id":"8b2fd78c-f425-43d3-94d9-f584778aa669","local_time":"20210218213503","is_ascension_mode":true,"campfire_choices":[{"data":"Immolate","floor":9.0,"key":"SMITH"},{"data":"True Grit","floor":11.0,"key":"SMITH"},{"data":"Barricade","floor":16.0,"key":"SMITH"},{"data":"Feed","floor":23.0,"key":"SMITH"},{"data":"Evolve","floor":24.0,"key":"SMITH"},{"data":"Body Slam","floor":34.0,"key":"SMITH"},{"data":"Dark Embrace","floor":49,"key":"SMITH"},{"data":"Shrug It Off","floor":50,"key":"SMITH"},{"floor":62,"key":"RECALL"},{"data":"Echo Form","floor":65,"key":"SMITH"},{"data":"Feel No Pain","floor":69,"key":"SMITH"},{"data":"Impervious","floor":77,"key":"SMITH"},{"data":"Finesse","floor":80,"key":"SMITH"}],"circlet_count":0,"master_deck":["Defend_R","Defend_R","Defend_R","Defend_R+1","Bash","Immolate+1","Barricade+1","Evolve+1","Fiend Fire+1","True Grit+1","Feed+1","Reckless Charge","Exhume+1","Body Slam+1","Armaments+1","Thinking Ahead","Dark Embrace+1","Shrug It Off+1","Echo Form+1","Glacier","Feel No Pain+1","Impervious+1","Steam Power","Finesse+1","After Image","Well Laid Plans"],"relics":["Burning Blood","Kunai","Vajra","Red Skull","Omamori","Bag of Marbles","InkBottle","Coffee Dripper","PrismaticShard","War Paint","Ancient Tea Set","PreservedInsect","MutagenicStrength","Strawberry","Calling Bell","Toy Ornithopter","Mercury Hourglass","Magic Flower","Centennial Puzzle","Whetstone","ClockworkSouvenir","Sundial","HornCleat","Eternal Feather","Medical Kit","Bottled Tornado"],"acts_visited":["Exordium","TheCity","TheBeyond","TheEnding"],"potions_floor_usage":[46,83],"damage_taken":[{"damage":6.0,"enemies":"Jaw Worm","floor":1.0,"turns":2.0},{"damage":0.0,"enemies":"Small Slimes","floor":2.0,"turns":2.0},{"damage":0.0,"enemies":"2 Louse","floor":4.0,"turns":2.0},{"damage":18.0,"enemies":"Exordium Thugs","floor":5.0,"turns":3.0},{"damage":13.0,"enemies":"3 Sentries","floor":8.0,"turns":3.0},{"damage":30.0,"enemies":"Gremlin Nob","floor":10.0,"turns":4.0},{"damage":13.0,"enemies":"Exordium Wildlife","floor":12.0,"turns":2.0},{"damage":1.0,"enemies":"2 Fungi Beasts","floor":15.0,"turns":2.0},{"damage":2.0,"enemies":"Blue Slaver","floor":17.0,"turns":2.0},{"damage":0.0,"enemies":"Lagavulin","floor":18.0,"turns":7.0},{"damage":2.0,"enemies":"3 Louse","floor":20.0,"turns":3.0},{"damage":9.0,"enemies":"3 Sentries","floor":21.0,"turns":4.0},{"damage":16.0,"enemies":"Slime Boss","floor":25.0,"turns":5.0},{"damage":0.0,"enemies":"Chosen","floor":27.0,"turns":3.0},{"damage":12.0,"enemies":"Shell Parasite","floor":28.0,"turns":6.0},{"damage":3.0,"enemies":"Centurion and Healer","floor":31.0,"turns":6.0},{"damage":9.0,"enemies":"Snecko","floor":32.0,"turns":8.0},{"damage":37.0,"enemies":"Book of Stabbing","floor":35.0,"turns":5.0},{"damage":2.0,"enemies":"Shelled Parasite and Fungi","floor":37.0,"turns":2.0},{"damage":24.0,"enemies":"Snake Plant","floor":42.0,"turns":5.0},{"damage":4.0,"enemies":"Centurion and Healer","floor":44.0,"turns":6.0},{"damage":9.0,"enemies":"Sentry and Sphere","floor":45.0,"turns":4.0},{"damage":22,"enemies":"Snecko","floor":46,"turns":6},{"damage":5,"enemies":"Centurion and Healer","floor":47,"turns":6},{"damage":0,"enemies":"Gremlin Leader","floor":48,"turns":5},{"damage":11,"enemies":"Collector","floor":51,"turns":11},{"damage":7,"enemies":"3 Darklings","floor":53,"turns":7},{"damage":0,"enemies":"3 Shapes","floor":54,"turns":5},{"damage":9,"enemies":"3 Darklings","floor":57,"turns":12},{"damage":4,"enemies":"Sphere and 2 Shapes","floor":58,"turns":6},{"damage":8,"enemies":"Spire Growth","floor":61,"turns":6},{"damage":8,"enemies":"Reptomancer","floor":63,"turns":7},{"damage":0,"enemies":"Jaw Worm Horde","floor":64,"turns":1},{"damage":6,"enemies":"4 Shapes","floor":67,"turns":5},{"damage":0,"enemies":"Giant Head","floor":72,"turns":9},{"damage":13,"enemies":"Spire Growth","floor":73,"turns":8},{"damage":17,"enemies":"Jaw Worm Horde","floor":74,"turns":10},{"damage":9,"enemies":"Nemesis","floor":75,"turns":11},{"damage":9,"enemies":"Donu and Deca","floor":78,"turns":13},{"damage":4,"enemies":"Shield and Spear","floor":82,"turns":7},{"damage":0,"enemies":"The Heart","floor":83,"turns":10}],"seed_played":"6442672992134135977","potions_obtained":[{"floor":4.0,"key":"Ancient Potion"},{"floor":5.0,"key":"AttackPotion"},{"floor":12.0,"key":"SneckoOil"},{"floor":15.0,"key":"EssenceOfSteel"},{"floor":17.0,"key":"DuplicationPotion"},{"floor":20.0,"key":"Fire Potion"},{"floor":35.0,"key":"LiquidMemories"},{"floor":42.0,"key":"SkillPotion"},{"floor":47,"key":"BlessingOfTheForge"}],"is_trial":false,"path_per_floor":["M","M","?","M","M","$","$","E","R","E","R","M","T","T","M","R","M","E","?","M","E","?","R","R","B",null,"M","M","$","?","M","M","?","R","E","?","M","$","T","T","?","M","$","M","M","M","M","E","R","R","B",null,"M","M","?","?","M","M","T","?","M","R","E","M","R","$","M","T","R","?","$","E","M","M","E","$","R","B",null,"R","$","E","B",null],"character_chosen":"IRONCLAD","items_purchased":["Evolve","PrismaticShard","Dark Embrace","ClockworkSouvenir","Feel No Pain","Medical Kit"],"campfire_rested":0,"item_purchase_floors":[7,29,38,66,66,81],"current_hp_per_floor":[80,80,80,80,68,68,68,61,61,37,37,30,30,30,35,35,39,45,50,54,54,54,54,54,48,92,96,94,94,94,101,102,102,102,75,75,83,83,83,83,83,69,69,75,76,64,69,86,86,86,85,151,155,159,159,151,155,159,159,149,156,156,163,167,167,167,171,171,171,171,171,175,177,181,187,187,191,199,199,199,199,207,211],"gold":41,"neow_bonus":"THREE_RARE_CARDS","is_daily":false,"chose_seed":false,"campfire_upgraded":12,"win_rate":0.0,"timestamp":1613655303,"path_taken":["M","M","?","M","M","?","$","E","R","E","R","M","T","T","M","R","M","E","?","M","E","?","R","R","BOSS","M","M","$","?","M","M","?","R","E","?","M","?","T","T","?","M","$","M","M","?","M","E","R","R","BOSS","M","M","?","?","M","M","?","?","M","R","E","M","R","$","?","T","R","?","?","E","M","M","E","$","R","BOSS","R","$","E","BOSS"],"items_purchased_type":["Card","Relic","Card","Relic","Card","Relic"],"build_version":"2020-12-22","purchased_purges":3,"victory":true,"max_hp_per_floor":[80,80,80,80,80,80,80,80,80,80,80,80,80,80,80,80,80,80,85,85,88,88,88,88,92,92,96,100,100,100,104,108,108,108,112,112,116,116,116,116,116,120,120,124,128,132,136,147,147,147,151,151,155,159,159,151,155,159,159,159,163,163,167,167,167,167,171,171,171,171,171,175,179,187,191,191,191,199,199,199,199,207,211],"card_choices":[{"not_picked":["Juggernaut","Feed"],"picked":"Immolate","floor":0.0},{"not_picked":["Sword Boomerang","Sever Soul","Headbutt"],"picked":"SKIP","floor":1.0},{"not_picked":["Iron Wave","Whirlwind","Anger"],"picked":"SKIP","floor":2.0},{"not_picked":["Clash","Dark Embrace"],"picked":"Barricade","floor":4.0},{"not_picked":["Cleave","Dual Wield","Carnage"],"picked":"SKIP","floor":5.0},{"not_picked":["Clash","Sword Boomerang"],"picked":"Fiend Fire","floor":8.0},{"not_picked":["Cleave","Rampage"],"picked":"True Grit","floor":10.0},{"not_picked":["Uppercut","Clash","Warcry"],"picked":"SKIP","floor":12.0},{"not_picked":["Combust","Heavy Blade","Thunderclap"],"picked":"SKIP","floor":15.0},{"not_picked":["Rage","Whirlwind"],"picked":"Feed","floor":17.0},{"not_picked":["Spot Weakness","Cleave"],"picked":"Reckless Charge","floor":18.0},{"not_picked":["Ghostly Armor","Warcry","Thunderclap"],"picked":"SKIP","floor":20.0},{"not_picked":["Clothesline","Infernal Blade","Twin Strike"],"picked":"SKIP","floor":21.0},{"not_picked":["Feed","Reaper"],"picked":"Exhume","floor":25.0},{"not_picked":["Blood for Blood","Carnage"],"picked":"Body Slam","floor":27.0},{"not_picked":["Iron Wave","Sword Boomerang+1"],"picked":"Armaments+1","floor":28.0},{"not_picked":["Setup","EmptyBody","Crescendo+1"],"picked":"SKIP","floor":31.0},{"not_picked":["Dramatic Entrance","Devotion","Warcry"],"picked":"SKIP","floor":32.0},{"not_picked":["Armaments","BattleHymn+1"],"picked":"Thinking Ahead","floor":35.0},{"not_picked":["Adaptation+1","Cold Snap+1","Iron Wave"],"picked":"SKIP","floor":37.0},{"not_picked":["Armaments","Streamline","Ball Lightning"],"picked":"SKIP","floor":42.0},{"not_picked":["Anger+1","Tactician+1","FollowUp"],"picked":"SKIP","floor":44.0},{"not_picked":["ClearTheMind","Warcry","Loop"],"picked":"SKIP","floor":45.0},{"not_picked":["Perfected Strike","Armaments"],"picked":"Shrug It Off","floor":46},{"not_picked":["Blade Dance","Fusion","Stack"],"picked":"SKIP","floor":47},{"not_picked":["Cold Snap+1","Sweeping Beam","Mayhem"],"picked":"SKIP","floor":48},{"not_picked":["Night Terror","Berserk"],"picked":"Echo Form","floor":51},{"not_picked":["Outmaneuver+1","Weave"],"picked":"Glacier","floor":53},{"not_picked":["Steam","DeceiveReality","Outmaneuver+1"],"picked":"SKIP","floor":54},{"not_picked":["Noxious Fumes","EmptyFist","LikeWater"],"picked":"SKIP","floor":57},{"not_picked":["Dodge and Roll+1","Underhanded Strike","Riddle With Holes+1"],"picked":"SKIP","floor":58},{"not_picked":["PanicButton","Dark Shackles"],"picked":"Finesse","floor":60},{"not_picked":["Iron Wave","Predator+1","Backstab+1"],"picked":"SKIP","floor":61},{"not_picked":["ThirdEye","Conserve Battery","EmptyFist"],"picked":"SKIP","floor":63},{"not_picked":["Dual Wield+1","Body Slam+1","Sweeping Beam"],"picked":"SKIP","floor":64},{"not_picked":["Deadly Poison+1","Anger"],"picked":"Impervious","floor":67},{"not_picked":["Sweeping Beam","Consecrate"],"picked":"Steam Power","floor":72},{"not_picked":["Steam Power+1","Fire Breathing+1"],"picked":"Finesse","floor":73},{"not_picked":["Eviscerate","Wild Strike","Crescendo"],"picked":"SKIP","floor":74},{"not_picked":["CutThroughFate","Outmaneuver+1"],"picked":"After Image","floor":75},{"not_picked":["Lockon","Cloak And Dagger+1"],"picked":"Well Laid Plans","floor":82}],"player_experience":2495269,"relics_obtained":[{"floor":8.0,"key":"Kunai"},{"floor":10.0,"key":"Vajra"},{"floor":13.0,"key":"Red Skull"},{"floor":14.0,"key":"Omamori"},{"floor":18.0,"key":"Bag of Marbles"},{"floor":21.0,"key":"InkBottle"},{"floor":35.0,"key":"Ancient Tea Set"},{"floor":39.0,"key":"PreservedInsect"},{"floor":48,"key":"Strawberry"},{"floor":52,"key":"Toy Ornithopter"},{"floor":52,"key":"Mercury Hourglass"},{"floor":52,"key":"Magic Flower"},{"floor":59,"key":"Centennial Puzzle"},{"floor":63,"key":"Whetstone"},{"floor":68,"key":"Sundial"},{"floor":72,"key":"HornCleat"},{"floor":75,"key":"Eternal Feather"},{"floor":82,"key":"Bottled Tornado"}],"event_choices":[{"cards_removed":["Strike_R"],"damage_healed":0.0,"max_hp_gain":0.0,"max_hp_loss":0.0,"gold_gain":0.0,"event_name":"Living Wall","player_choice":"Forget","floor":3.0,"gold_loss":0.0,"damage_taken":0.0},{"damage_healed":0.0,"max_hp_gain":5.0,"max_hp_loss":0.0,"gold_gain":0.0,"event_name":"Big Fish","player_choice":"Donut","floor":19.0,"gold_loss":0.0,"damage_taken":0.0},{"damage_healed":0.0,"max_hp_gain":0.0,"max_hp_loss":0.0,"gold_gain":0.0,"event_name":"Liars Game","player_choice":"Ignored","floor":22.0,"gold_loss":0.0,"damage_taken":0.0},{"cards_removed":["Strike_R"],"damage_healed":0.0,"max_hp_gain":0.0,"max_hp_loss":0.0,"gold_gain":0.0,"event_name":"Back to Basics","player_choice":"Elegance","floor":30.0,"gold_loss":0.0,"damage_taken":0.0},{"damage_healed":0.0,"max_hp_gain":0.0,"max_hp_loss":0.0,"gold_gain":0.0,"event_name":"The Mausoleum","player_choice":"Opened","floor":33.0,"gold_loss":0.0,"damage_taken":0.0,"relics_obtained":["War Paint"]},{"damage_healed":0.0,"max_hp_gain":0.0,"max_hp_loss":0.0,"gold_gain":0.0,"event_name":"Cursed Tome","player_choice":"Ignored","floor":36.0,"gold_loss":0.0,"damage_taken":0.0},{"damage_healed":0.0,"max_hp_gain":0.0,"max_hp_loss":0.0,"gold_gain":0.0,"event_name":"Drug Dealer","player_choice":"Inject Mutagens","floor":41.0,"gold_loss":0.0,"damage_taken":0.0,"relics_obtained":["MutagenicStrength"]},{"damage_healed":0,"gold_gain":0,"player_choice":"Ignored","damage_taken":0,"max_hp_gain":0,"max_hp_loss":0,"event_name":"Tomb of Lord Red Mask","floor":55,"gold_loss":0},{"damage_healed":0,"gold_gain":0,"player_choice":"Max HP","damage_taken":0,"max_hp_gain":0,"max_hp_loss":8,"event_name":"Winding Halls","floor":56,"gold_loss":0},{"damage_healed":0,"gold_gain":0,"player_choice":"Memory 3","damage_taken":10,"max_hp_gain":0,"max_hp_loss":0,"event_name":"SensoryStone","floor":60,"gold_loss":0},{"cards_removed":["Finesse"],"damage_healed":0,"gold_gain":0,"player_choice":"Removed Skill","damage_taken":0,"max_hp_gain":0,"max_hp_loss":0,"event_name":"Falling","floor":70,"gold_loss":0}],"is_beta":false,"boss_relics":[{"not_picked":["Busted Crown","Sozu"],"picked":"Coffee Dripper"},{"not_picked":["SacredBark","Velvet Choker"],"picked":"Calling Bell"}],"items_purged_floors":[29,38,66],"is_endless":false,"potions_floor_spawned":[4,5,12,15,17,20,28,32,35,42,47,54,61,64,72,74],"ascension_level":1}}