{"host":"tf5skwcwe0vlu2md","time":1613655526,"event":{"mods":["BaseMod","Downfall","Highlight Path","Minty Spire (QoL Compilation)","Quick Restart","StSLib","The Hierophant"],"gold_per_floor":[117,128,128,145,163,191,209,209,256,256,256,271,306,316,316,417,417,435,446,465,465,479,479,479,479],"floor_reached":24,"playtime":1131,"items_purged":[],"score":273,"play_id":"1018c48d-f782-4b99-8622-ccd9a6902a84","local_time":"20210219003846","is_ascension_mode":true,"campfire_choices":[{"data":"Buffer","floor":10,"key":"SMITH"},{"data":"Defragment","floor":15,"key":"SMITH"},{"data":"Loop","floor":23,"key":"SMITH"}],"circlet_count":0,"master_deck":["Strike_B","Strike_B","Strike_B","Strike_B+1","Defend_B","Defend_B","Defend_B","Defend_B","Zap","Dualcast","Melter","Beam Cell+1","Sweeping Beam","Consume","Buffer+1","Defragment+1","Rebound","Turbo","Meteor Strike","Sunder","Turbo","Loop+1"],"relics":["Cracked Core","Toy Ornithopter","Incense Burner","Shuriken","Orichalcum","SacredBark"],"acts_visited":["Exordium","TheCity"],"potions_floor_usage":[14,20,20,20,24],"damage_taken":[{"damage":0,"enemies":"2 Louse","floor":1,"turns":2},{"damage":7,"enemies":"Jaw Worm","floor":2,"turns":2},{"damage":2,"enemies":"Small Slimes","floor":4,"turns":2},{"damage":6,"enemies":"Exordium Wildlife","floor":5,"turns":2},{"damage":10,"enemies":"Gremlin Nob","floor":6,"turns":3},{"damage":1,"enemies":"2 Fungi Beasts","floor":7,"turns":3},{"damage":0,"enemies":"Large Slime","floor":12,"turns":4},{"damage":0,"enemies":"Lagavulin","floor":13,"turns":6},{"damage":0,"enemies":"Gremlin Gang","floor":14,"turns":2},{"damage":14,"enemies":"Slime Boss","floor":16,"turns":11},{"damage":3,"enemies":"3 Byrds","floor":18,"turns":5},{"damage":6,"enemies":"Chosen","floor":19,"turns":3},{"damage":5,"enemies":"Shelled Parasite and Fungi","floor":20,"turns":3},{"damage":26,"enemies":"Snake Plant","floor":22,"turns":5},{"damage":62,"enemies":"Slavers","floor":24,"turns":3}],"seed_played":"-5689666755962683487","potions_obtained":[{"floor":1,"key":"Energy Potion"},{"floor":6,"key":"Explosive Potion"},{"floor":12,"key":"Energy Potion"},{"floor":16,"key":"SkillPotion"},{"floor":20,"key":"LiquidBronze"}],"is_trial":false,"path_per_floor":["M","M","?","M","M","E","M","?","T","R","?","M","E","M","R","B",null,"M","M","M","?","M","R","E"],"character_chosen":"DEFECT","items_purchased":[],"campfire_rested":0,"item_purchase_floors":[],"current_hp_per_floor":[75,68,53,51,45,35,34,39,39,39,32,32,32,37,37,23,80,77,71,80,80,54,54,0,0],"gold":479,"neow_bonus":"RANDOM_COMMON_RELIC","is_daily":false,"chose_seed":false,"campfire_upgraded":3,"win_rate":0.0,"timestamp":1613655526,"path_taken":["M","M","?","M","M","E","M","?","T","R","?","M","E","M","R","BOSS","M","M","M","?","M","R","E"],"items_purchased_type":[],"build_version":"2020-12-13","purchased_purges":0,"victory":false,"max_hp_per_floor":[75,75,75,75,75,75,75,80,80,80,80,80,80,80,80,80,80,80,80,80,80,80,80,80,80],"card_choices":[{"not_picked":["Streamline","Go for the Eyes"],"picked":"Melter","floor":1},{"not_picked":["Turbo","Blizzard"],"picked":"Beam Cell","floor":2},{"not_picked":["Conserve Battery","Hologram"],"picked":"Sweeping Beam","floor":4},{"not_picked":["Turbo","Beam Cell"],"picked":"Consume","floor":5},{"not_picked":["Compile Driver","Scrape"],"picked":"Buffer","floor":6},{"not_picked":["Hologram","Genetic Algorithm"],"picked":"Defragment","floor":7},{"not_picked":["Conserve Battery","Cold Snap"],"picked":"Rebound","floor":12},{"not_picked":["Glacier","Coolheaded"],"picked":"Turbo","floor":13},{"not_picked":["Steam","Hello World","Skim"],"picked":"SKIP","floor":14},{"not_picked":["Rainbow","Thunder Strike"],"picked":"Meteor Strike","floor":16},{"not_picked":["Beam Cell","Sweeping Beam"],"picked":"Sunder","floor":18},{"not_picked":["Rebound+1","Chill"],"picked":"Turbo","floor":19},{"not_picked":["Barrage","Redo","Glacier"],"picked":"SKIP","floor":20},{"not_picked":["Steam","White Noise"],"picked":"Loop","floor":22}],"player_experience":274005,"relics_obtained":[{"floor":6,"key":"Incense Burner"},{"floor":13,"key":"Orichalcum"}],"event_choices":[{"damage_healed":0,"gold_gain":0,"player_choice":"Entered Light","damage_taken":15,"max_hp_gain":0,"max_hp_loss":0,"event_name":"Shining Light","floor":3,"gold_loss":0,"cards_upgraded":["Beam Cell","Strike_B"]},{"damage_healed":0,"gold_gain":0,"player_choice":"Donut","damage_taken":0,"max_hp_gain":5,"max_hp_loss":0,"event_name":"Big Fish","floor":8,"gold_loss":0},{"damage_healed":0,"gold_gain":0,"player_choice":"Success","damage_taken":7,"relics_obtained":["Shuriken"],"max_hp_gain":0,"max_hp_loss":0,"event_name":"Scrap Ooze","floor":11,"gold_loss":0},{"damage_healed":0,"gold_gain":0,"player_choice":"Ignored","damage_taken":0,"max_hp_gain":0,"max_hp_loss":0,"event_name":"Ghosts","floor":21,"gold_loss":0}],"is_beta":false,"boss_relics":[{"not_picked":["Fusion Hammer","Astrolabe"],"picked":"SacredBark"}],"items_purged_floors":[],"is_endless":false,"potions_floor_spawned":[1,6,12,16,20],"killed_by":"Slavers","ascension_level":3}}