{"host":"vyrim7c8c6ucsmzk","time":1613614598,"event":{"mods":["BaseMod","Colored Map","Downfall","Minty Spire (QoL Compilation)","StSLib"],"gold_per_floor":[349,366,380,71,71,71,97,127,144,157,168,188,203,33,44,149,149,149,164,176,81,181,166,215,115,132,117,17,317,317,317,317,317],"floor_reached":31,"language":"ENG","playtime":2978,"items_purged":["Slimebound:Strike_Slimebound"],"score":274,"play_id":"93369bdb-af4b-459a-b8ab-c8761f84c513","local_time":"20210217211638","is_ascension_mode":true,"campfire_choices":[{"data":"Slimebound:Split","floor":1.0,"key":"SMITH"},{"data":"Slimebound:SlimeBarrage","floor":6.0,"key":"SMITH"},{"data":"Slimebound:DuplicatedForm","floor":18.0,"key":"SMITH"},{"floor":25,"key":"RECALL"},{"data":"Slimebound:MinionMaster","floor":28,"key":"SMITH"}],"circlet_count":0,"master_deck":["Slimebound:Strike_Slimebound","Slimebound:Strike_Slimebound","Slimebound:Tackle","Slimebound:Defend_Slimebound","Slimebound:Defend_Slimebound","Slimebound:Defend_Slimebound","Slimebound:Defend_Slimebound","Slimebound:Split+1","Slimebound:CorrosiveSpit","Slimebound:SlimeBarrage+1","Slimebound:LivingWall","Slimebound:LivingWall+1","Slimebound:Overexert","Slimebound:SplitAcid+1","Slimebound:GoopSpray+1","Slimebound:DuplicatedForm+1","Slimebound:MinionMaster+1","Slimebound:SplitLeeching+1","Slimebound:ProtectTheBoss+1","Slimebound:Dissolve+1","Slimebound:GoopSpray+1","Slimebound:GrowthPunch","Slimebound:AcidTongue+1"],"relics":["Slimebound:AbsorbEndCombat","Toxic Egg 2","Incense Burner","Omamori","Cursed Key","Toy Ornithopter","Happy Flower","downfall:HeartBlessingBlue","downfall:HeartBlessingRed"],"acts_visited":["Exordium","TheCity"],"potions_floor_usage":[26,27],"damage_taken":[{"damage":1.0,"enemies":"Small Slimes","floor":2.0,"turns":4.0},{"damage":12.0,"enemies":"Jaw Worm","floor":3.0,"turns":4.0},{"damage":0.0,"enemies":"downfall:FleeingMerchant","floor":4.0,"turns":4.0},{"damage":38.0,"enemies":"Gremlin Nob","floor":8.0,"turns":4.0},{"damage":1.0,"enemies":"Cultist","floor":9.0,"turns":3.0},{"damage":0.0,"enemies":"Exordium Wildlife","floor":10.0,"turns":5.0},{"damage":1.0,"enemies":"Large Slime","floor":11.0,"turns":4.0},{"damage":2.0,"enemies":"3 Louse","floor":12.0,"turns":2.0},{"damage":0.0,"enemies":"downfall:LooterAlt","floor":13.0,"turns":4.0},{"damage":0.0,"enemies":"downfall:FleeingMerchant","floor":14.0,"turns":4.0},{"damage":15.0,"enemies":"Large Slime","floor":15.0,"turns":4.0},{"damage":19.0,"enemies":"SI_SHIV_ARCHETYPE","floor":16.0,"turns":4.0},{"damage":20.0,"enemies":"Chosen","floor":19.0,"turns":4.0},{"damage":0,"enemies":"3 Byrds","floor":20,"turns":4},{"damage":15,"enemies":"downfall:FleeingMerchant","floor":21,"turns":4},{"damage":26,"enemies":"downfall:LadyInBlue","floor":22,"turns":12},{"damage":16,"enemies":"downfall:FleeingMerchant","floor":23,"turns":4},{"damage":15,"enemies":"Shelled Parasite and Fungi","floor":26,"turns":5},{"damage":23,"enemies":"downfall:FleeingMerchant","floor":27,"turns":4},{"damage":20,"enemies":"downfall:FleeingMerchant","floor":29,"turns":3},{"damage":59,"enemies":"Gremlin Leader","floor":31,"turns":5}],"seed_played":"-9192036523820569470","potions_obtained":[{"floor":3.0,"key":"SkillPotion"},{"floor":10.0,"key":"Slimebound:SlimedPotion"},{"floor":11.0,"key":"EssenceOfSteel"},{"floor":16.0,"key":"Slimebound:SlimyTonguePotion"},{"floor":22,"key":"SkillPotion"},{"floor":22,"key":"Block Potion"},{"floor":26,"key":"Strength Potion"}],"is_trial":false,"path_per_floor":["R","M","M","$","?","R","T","E","M","M","M","M","M","$","M","B",null,"R","M","M","$","?","$","T","R","M","$","R","$","?","E"],"character_chosen":"SLIMEBOUND","items_purchased":["Toxic Egg 2","Slimebound:LivingWall+1","Omamori","Slimebound:Dissolve+1"],"campfire_rested":0,"item_purchase_floors":[4,4,14,21],"current_hp_per_floor":[59,59,53,57,57,57,57,21,24,30,31,33,35,41,45,41,59,59,56,58,59,56,46,46,56,67,66,66,51,51,0,0,0],"gold":317,"neow_bonus":"TWO_FIFTY_GOLD","is_daily":false,"chose_seed":false,"campfire_upgraded":4,"win_rate":0.0,"timestamp":1613614598,"path_taken":["R","M","M","$","?","R","T","E","M","M","M","M","M","$","M","BOSS","R","M","M","$","?","?","T","R","M","$","R","?","?","E"],"items_purchased_type":["Relic","Card","Relic","Card"],"build_version":"2020-12-22","purchased_purges":1,"victory":false,"max_hp_per_floor":[59,59,59,59,59,59,59,59,59,59,59,59,59,59,59,59,59,59,59,59,59,59,59,59,69,69,69,69,69,69,69,69,69],"card_choices":[{"not_picked":["Slimebound:SplitBruiser","Slimebound:SlimeTap"],"picked":"Slimebound:SlimeBarrage","floor":3.0},{"not_picked":["Slimebound:ComboTackle","Slimebound:ItLooksTasty"],"picked":"Slimebound:LivingWall","floor":4.0},{"not_picked":["Slimebound:ComboTackle","Slimebound:HauntingLick+1"],"picked":"Slimebound:Overexert","floor":8.0},{"not_picked":["Slimebound:DisruptingSlam","Slimebound:Repurpose+1","Slimebound:LivingWall+1"],"picked":"SKIP","floor":9.0},{"not_picked":["Slimebound:Schlurp+1","Slimebound:MegaLick+1"],"picked":"Slimebound:SplitAcid+1","floor":10.0},{"not_picked":["Slimebound:ItLooksTasty","Slimebound:LeadByExample","Slimebound:RejuvenatingLick+1"],"picked":"SKIP","floor":11.0},{"not_picked":["Slimebound:Grow","Slimebound:ComboTackle"],"picked":"Slimebound:GoopSpray+1","floor":12.0},{"not_picked":["Slimebound:RainOfGoop+1","Slimebound:ComboTackle","Slimebound:FormOfPuddle+1"],"picked":"SKIP","floor":13.0},{"not_picked":["Slimebound:SlimeTap+1","Slimebound:ServeAndProtect+1"],"picked":"Slimebound:DuplicatedForm","floor":14.0},{"not_picked":["Slimebound:SlimeSpikes+1","Slimebound:GoopTackle","Slimebound:PressTheAttack"],"picked":"SKIP","floor":15.0},{"not_picked":["Slimebound:Teamwork+1","Slimebound:OozeBath+1"],"picked":"Slimebound:MinionMaster","floor":16.0},{"not_picked":["Slimebound:SplitAcid+1","Slimebound:SlimeBrawl+1"],"picked":"Slimebound:SplitLeeching+1","floor":19.0},{"not_picked":["Slimebound:SplitMire+1","Slimebound:GoopTackle"],"picked":"Slimebound:ProtectTheBoss+1","floor":20},{"not_picked":["Slimebound:Nibble+1","Slimebound:LivingWall+1","Slimebound:GoopTackle+1"],"picked":"SKIP","floor":21},{"not_picked":["Slimebound:FormOfPuddle+1","Slimebound:PressTheAttack"],"picked":"Slimebound:GoopSpray+1","floor":22},{"not_picked":["Slimebound:ComboTackle","Slimebound:SplitAcid+1","Slimebound:FirmFortitude+1"],"picked":"SKIP","floor":23},{"not_picked":["Slimebound:LivingWall+1","Slimebound:ForwardTackle","Slimebound:SlimeSpikes+1"],"picked":"SKIP","floor":26},{"not_picked":["Slimebound:ComboTackle","Slimebound:SplitMire+1"],"picked":"Slimebound:GrowthPunch","floor":27},{"not_picked":["Slimebound:Chomp","Slimebound:LevelUp"],"picked":"Slimebound:AcidTongue+1","floor":29}],"player_experience":1403698,"relics_obtained":[{"floor":8.0,"key":"Incense Burner"},{"floor":22,"key":"Toy Ornithopter"},{"floor":24,"key":"Happy Flower"}],"event_choices":[],"is_beta":false,"boss_relics":[{"not_picked":["Slimebound:AbsorbEndCombatUpgraded","Busted Crown"],"picked":"Cursed Key"}],"items_purged_floors":[29],"is_endless":false,"potions_floor_spawned":[3,10,11,16,22,26],"killed_by":"Gremlin Leader","ascension_level":1}}