{"host":"vzx23wlhlhnhmsyc","time":1613635316,"event":{"mods":["100% Spire Juice","Act Like it!","Arknights","Aspiration","BaseMod","Friendly Minions","Gensokyo","Minty Spire (QoL Compilation)","Remilia（蕾米莉亚）","Replay The Spire","RumiaBox-露米娅的神秘盒子","StSLib","The Alterego","【功能Mod】混沌之环修复补丁"],"gold_per_floor":[119,129,209,209,219,247,19,19,19],"floor_reached":8,"language":"ZHS","playtime":731,"items_purged":["alterego_mod:Support"],"score":56,"play_id":"08767798-fd65-40a3-a334-cb60ab53c1ae","local_time":"20210218160155","is_ascension_mode":false,"campfire_choices":[],"circlet_count":0,"master_deck":["alterego_mod:DiscoLights","alterego_mod:TrickOrTreatment","alterego_mod:Valkyrie","alterego_mod:VirginLaserPalladion","alterego_mod:AlterEgo","alterego_mod:Valkyrie","alterego_mod:Weigh","alterego_mod:VirginLaserPalladion","alterego_mod:TrickOrTreatment","alterego_mod:Antipathy","alterego_mod:RingBreak","alterego_mod:BrynhildrRomantia","alterego_mod:PainIsPleasure"],"relics":["alterego_mod:MasochisticConstitution","NeowsBlessing","SumBook","Replay:Rubber Ducky"],"acts_visited":["Exordium"],"potions_floor_usage":[8,8],"damage_taken":[{"damage":6,"enemies":"Gensokyo:2_Kodama","floor":1,"turns":2},{"damage":2,"enemies":"Gensokyo:Gryphon","floor":2,"turns":2},{"damage":3,"enemies":"Gensokyo:3_Fairies","floor":5,"turns":5},{"damage":55,"enemies":"Gensokyo:Cirno","floor":6,"turns":9},{"damage":23,"enemies":"Gensokyo:Aya","floor":8,"turns":3}],"seed_played":"-7431089928672584600","potions_obtained":[{"floor":2,"key":"LifebloodPotion"},{"floor":5,"key":"SpeedPotion"},{"floor":6,"key":"AttackPotion"}],"is_trial":false,"path_per_floor":["M","M","?","?","M","E","$","E"],"character_chosen":"The_Alterego","items_purchased":["Replay:Rubber Ducky"],"campfire_rested":0,"item_purchase_floors":[7],"current_hp_per_floor":[65,71,71,71,70,16,16,0,0],"gold":19,"neow_bonus":"THREE_ENEMY_KILL","is_daily":false,"chose_seed":false,"campfire_upgraded":0,"win_rate":0.0,"timestamp":1613635315,"path_taken":["M","M","?","?","?","E","$","E"],"items_purchased_type":["Relic"],"build_version":"2020-12-22","purchased_purges":1,"victory":false,"max_hp_per_floor":[71,72,72,72,73,74,74,74,74],"card_choices":[{"not_picked":["alterego_mod:Rip","alterego_mod:Cooking"],"picked":"alterego_mod:DiscoLights","floor":1},{"not_picked":["alterego_mod:Cycle","alterego_mod:Stockings"],"picked":"alterego_mod:TrickOrTreatment","floor":2},{"not_picked":["alterego_mod:Cycle","alterego_mod:DeftHands"],"picked":"alterego_mod:Support","floor":5},{"not_picked":["alterego_mod:Lingerie","alterego_mod:Clap","alterego_mod:TrashNCrash"],"picked":"SKIP","floor":6}],"player_experience":195152,"relics_obtained":[{"floor":6,"key":"SumBook"}],"event_choices":[],"is_beta":false,"boss_relics":[],"items_purged_floors":[7],"is_endless":false,"potions_floor_spawned":[2,5,6],"killed_by":"Gensokyo:Aya","ascension_level":0}}