{"host":"8rqsnaeml9gxb0kp","time":1613625056,"event":{"mods":["AchievementEnabler","BaseMod","Colored Powertips","Dark Map","Minty Spire (QoL Compilation)","Rare Cards Sparkle","Relic Stats","StSLib","slay the spire mod where everything is the same but ironclad has a cowboy hat"],"gold_per_floor":[118,131,83,93,93,121,121,153,153,170,181,181,209,38,38,142,142,158,158,177,210,223,256,256,171,171,104,104,133,145,164,164,259,259,259,112,131,144,144,173,173,204,204,218,218,263,292,303,303,303],"floor_reached":51,"language":"ENG","playtime":4426,"items_purged":[],"score":1173,"play_id":"ae5b192d-e455-44bb-8f8a-eec76c328a6b","local_time":"20210217211056","is_ascension_mode":true,"campfire_choices":[{"floor":7.0,"key":"REST"},{"floor":12.0,"key":"REST"},{"floor":15.0,"key":"REST"},{"floor":24.0,"key":"REST"},{"data":"Malaise","floor":28.0,"key":"SMITH"},{"floor":32.0,"key":"REST"},{"floor":41.0,"key":"REST"},{"floor":49,"key":"REST"}],"circlet_count":0,"master_deck":["Strike_G","Defend_G","Defend_G","Defend_G","Defend_G","Defend_G","Survivor","Neutralize","Corpse Explosion","Predator","Poisoned Stab","Dagger Spray","Acrobatics","Dagger Throw","Acrobatics","Concentrate","Bouncing Flask","Poisoned Stab","Malaise+1","Finisher+1","Bane+1","Slice+1","Noxious Fumes+1","PiercingWail","Crippling Poison+1","Tactician","PiercingWail","Well Laid Plans","Catalyst","Die Die Die","Tactician","Venomology","Backflip","Outmaneuver","Deadly Poison+1","Calculated Gamble","Calculated Gamble+1","Outmaneuver","Outmaneuver+1","Tactician+1"],"relics":["Ring of the Snake","Tough Bandages","Incense Burner","FossilizedHelix","Blue Candle","Membership Card","Astrolabe","Red Mask","Orichalcum","Meat on the Bone","Unceasing Top","Cursed Key","HornCleat","Snake Skull","Bird Faced Urn","Shovel","Paper Crane"],"acts_visited":["Exordium","TheCity","TheBeyond"],"potions_floor_usage":[50,50,50,50],"damage_taken":[{"damage":0.0,"enemies":"Cultist","floor":1.0,"turns":5.0},{"damage":1.0,"enemies":"Jaw Worm","floor":2.0,"turns":4.0},{"damage":8.0,"enemies":"Small Slimes","floor":4.0,"turns":3.0},{"damage":2.0,"enemies":"3 Sentries","floor":6.0,"turns":2.0},{"damage":43.0,"enemies":"Lagavulin","floor":8.0,"turns":7.0},{"damage":10.0,"enemies":"Exordium Thugs","floor":10.0,"turns":4.0},{"damage":1.0,"enemies":"Large Slime","floor":11.0,"turns":6.0},{"damage":10.0,"enemies":"3 Sentries","floor":13.0,"turns":5.0},{"damage":28.0,"enemies":"Slime Boss","floor":16.0,"turns":15.0},{"damage":18.0,"enemies":"3 Byrds","floor":18.0,"turns":3.0},{"damage":8.0,"enemies":"Shell Parasite","floor":20.0,"turns":6.0},{"damage":0.0,"enemies":"Masked Bandits","floor":21.0,"turns":2.0},{"damage":5.0,"enemies":"Snake Plant","floor":22.0,"turns":6.0},{"damage":5.0,"enemies":"Book of Stabbing","floor":23.0,"turns":8.0},{"damage":0.0,"enemies":"Slavers","floor":29.0,"turns":2.0},{"damage":1.0,"enemies":"Snecko","floor":30.0,"turns":6.0},{"damage":0.0,"enemies":"3 Cultists","floor":31.0,"turns":5.0},{"damage":43.0,"enemies":"Automaton","floor":33.0,"turns":10.0},{"damage":0.0,"enemies":"3 Darklings","floor":35.0,"turns":2.0},{"damage":0.0,"enemies":"Orb Walker","floor":37.0,"turns":4.0},{"damage":0.0,"enemies":"4 Shapes","floor":38.0,"turns":5.0},{"damage":44.0,"enemies":"Giant Head","floor":40.0,"turns":9.0},{"damage":0.0,"enemies":"Nemesis","floor":42.0,"turns":9.0},{"damage":0.0,"enemies":"Transient","floor":44.0,"turns":5.0},{"damage":15.0,"enemies":"2 Orb Walkers","floor":46.0,"turns":4.0},{"damage":35.0,"enemies":"Giant Head","floor":47.0,"turns":8.0},{"damage":0.0,"enemies":"Sphere and 2 Shapes","floor":48.0,"turns":4.0},{"damage":17,"enemies":"Time Eater","floor":50,"turns":7}],"seed_played":"-8034542771108339112","potions_obtained":[{"floor":1.0,"key":"FearPotion"},{"floor":4.0,"key":"Regen Potion"},{"floor":8.0,"key":"Dexterity Potion"},{"floor":13.0,"key":"Weak Potion"},{"floor":18.0,"key":"GamblersBrew"},{"floor":29.0,"key":"CunningPotion"},{"floor":33.0,"key":"SmokeBomb"},{"floor":40.0,"key":"Block Potion"},{"floor":46.0,"key":"Regen Potion"},{"floor":47.0,"key":"Explosive Potion"}],"is_trial":false,"path_per_floor":["M","M","$","M","$","E","R","E","T","M","M","R","E","$","R","B",null,"M","?","M","?","M","E","R","?","T","$","R","E","M","M","R","B",null,"M","$","M","M","?","E","R","E","T","M","?","?","E","M","R","B",null],"character_chosen":"THE_SILENT","items_purchased":["Poisoned Stab","Membership Card","Poisoned Stab","Catalyst","Energy Potion","Block Potion","HornCleat","Backflip"],"campfire_rested":7,"item_purchase_floors":[3,14,14,27,27,27,36,36],"current_hp_per_floor":[45,44,44,36,36,34,55,27,27,17,16,37,27,27,48,20,58,40,40,32,32,27,22,43,43,43,43,43,43,42,42,63,32,61,61,61,61,61,61,29,50,50,50,54,54,43,39,43,62,49],"gold":303,"neow_bonus":"THREE_RARE_CARDS","is_daily":false,"chose_seed":false,"campfire_upgraded":1,"win_rate":0.0,"timestamp":1613625056,"path_taken":["M","M","$","M","$","E","R","E","T","M","M","R","E","?","R","BOSS","M","?","M","?","M","E","R","?","T","$","R","E","M","?","R","BOSS","M","$","M","M","?","E","R","E","T","M","?","?","E","M","R","BOSS"],"items_purchased_type":["Card","Relic","Card","Card","Potion","Potion","Relic","Card"],"build_version":"2020-12-22","purchased_purges":0,"victory":true,"max_hp_per_floor":[70,70,70,70,70,70,70,70,70,70,70,70,70,70,70,70,70,70,70,70,70,70,70,70,70,70,70,70,70,70,70,70,70,70,70,70,70,70,70,70,70,70,70,70,66,66,66,66,66,66],"relic_stats":{"counters":[28,156],"Blue Candle":[0],"Astrolabe":["Finisher","Bane","Slice"],"Snake Skull":[78],"Orichalcum":[132],"Cursed Key":0,"Tough Bandages":[465],"Shovel":0,"Bird Faced Urn":[20],"obtain_stats":[{"Blue Candle":13,"Astrolabe":17,"Snake Skull":40,"Incense Burner":8,"Orichalcum":25,"Paper Crane":47,"Cursed Key":34,"Tough Bandages":6,"HornCleat":36,"Shovel":46,"Bird Faced Urn":42,"Red Mask":21,"Membership Card":14,"FossilizedHelix":9,"Unceasing Top":29,"Ring of the Snake":0,"Meat on the Bone":26},{"Blue Candle":8,"Astrolabe":9,"Snake Skull":22,"Incense Burner":5,"Orichalcum":14,"Paper Crane":26,"Cursed Key":18,"Tough Bandages":4,"HornCleat":19,"Shovel":25,"Bird Faced Urn":23,"Red Mask":12,"Membership Card":8,"FossilizedHelix":5,"Unceasing Top":15,"Ring of the Snake":0,"Meat on the Bone":14},{"Blue Candle":36,"Astrolabe":51,"Snake Skull":119,"Incense Burner":21,"Orichalcum":76,"Paper Crane":145,"Cursed Key":99,"Tough Bandages":14,"HornCleat":101,"Shovel":137,"Bird Faced Urn":128,"Red Mask":62,"Membership Card":36,"FossilizedHelix":21,"Unceasing Top":78,"Ring of the Snake":0,"Meat on the Bone":76}],"Unceasing Top":[35],"Ring of the Snake":[56],"Meat on the Bone":36},"card_choices":[{"not_picked":["Bullet Time","A Thousand Cuts"],"picked":"Corpse Explosion","floor":0.0},{"not_picked":["Finisher","Bane"],"picked":"Predator","floor":1.0},{"not_picked":["Caltrops","Finisher","Dodge and Roll"],"picked":"SKIP","floor":2.0},{"not_picked":["Riddle With Holes","PiercingWail"],"picked":"Dagger Spray","floor":4.0},{"not_picked":["Underhanded Strike","Infinite Blades"],"picked":"Acrobatics","floor":6.0},{"not_picked":["Doppelganger","Footwork"],"picked":"Dagger Throw","floor":8.0},{"not_picked":["Accuracy","Quick Slash"],"picked":"Acrobatics","floor":10.0},{"not_picked":["Well Laid Plans","Underhanded Strike"],"picked":"Concentrate","floor":11.0},{"not_picked":["Dash","Terror"],"picked":"Bouncing Flask","floor":13.0},{"not_picked":["Envenom","A Thousand Cuts"],"picked":"Malaise","floor":16.0},{"not_picked":["Poisoned Stab","Blade Dance"],"picked":"Noxious Fumes+1","floor":18.0},{"not_picked":["PiercingWail+1","Infinite Blades"],"picked":"Crippling Poison+1","floor":20.0},{"not_picked":["Flying Knee","Terror"],"picked":"Tactician","floor":21.0},{"not_picked":["Prepared","Choke"],"picked":"PiercingWail","floor":22.0},{"not_picked":["Dagger Spray","Flying Knee"],"picked":"Well Laid Plans","floor":23.0},{"not_picked":["Blade Dance","Flechettes","Quick Slash+1"],"picked":"SKIP","floor":29.0},{"not_picked":["Dagger Spray","Slice"],"picked":"Die Die Die","floor":30.0},{"not_picked":["Escape Plan","Blade Dance+1"],"picked":"Tactician","floor":31.0},{"not_picked":["Envenom","Die Die Die"],"picked":"Venomology","floor":33.0},{"not_picked":["Endless Agony","Poisoned Stab"],"picked":"Outmaneuver","floor":37.0},{"not_picked":["Sucker Punch+1","Slice+1","Flechettes+1"],"picked":"SKIP","floor":38.0},{"not_picked":["Dagger Spray+1","Quick Slash"],"picked":"Deadly Poison+1","floor":40.0},{"not_picked":["Outmaneuver","Wraith Form v2"],"picked":"Calculated Gamble","floor":42.0},{"not_picked":["Sucker Punch+1","Dagger Throw+1"],"picked":"Calculated Gamble+1","floor":44.0},{"not_picked":["Cloak And Dagger+1","Well Laid Plans+1"],"picked":"Outmaneuver","floor":46.0},{"not_picked":["Sucker Punch","Deflect"],"picked":"Outmaneuver+1","floor":47.0},{"not_picked":["Dagger Throw","Sucker Punch"],"picked":"Tactician+1","floor":48.0}],"player_experience":271001,"relics_obtained":[{"floor":6.0,"key":"Tough Bandages"},{"floor":8.0,"key":"Incense Burner"},{"floor":9.0,"key":"FossilizedHelix"},{"floor":13.0,"key":"Blue Candle"},{"floor":21.0,"key":"Red Mask"},{"floor":26.0,"key":"Meat on the Bone"},{"floor":29.0,"key":"Unceasing Top"},{"floor":40.0,"key":"Snake Skull"},{"floor":42.0,"key":"Bird Faced Urn"},{"floor":46.0,"key":"Shovel"},{"floor":47.0,"key":"Paper Crane"}],"event_choices":[{"damage_healed":0.0,"max_hp_gain":0.0,"max_hp_loss":0.0,"gold_gain":0.0,"event_name":"The Library","player_choice":"Read","floor":19.0,"gold_loss":0.0,"damage_taken":0.0,"cards_obtained":["PiercingWail"]},{"damage_healed":0.0,"max_hp_gain":0.0,"max_hp_loss":0.0,"gold_gain":0.0,"event_name":"Masked Bandits","player_choice":"Fought Bandits","floor":21.0,"gold_loss":0.0,"damage_taken":0.0},{"damage_healed":0.0,"max_hp_gain":0.0,"max_hp_loss":0.0,"gold_gain":0.0,"event_name":"Addict","player_choice":"Obtained Relic","floor":25.0,"gold_loss":85.0,"damage_taken":0.0,"relics_obtained":["Orichalcum"]},{"cards_removed":["Strike_G"],"damage_healed":0.0,"max_hp_gain":0.0,"max_hp_loss":0.0,"gold_gain":0.0,"event_name":"Falling","player_choice":"Removed Attack","floor":39.0,"gold_loss":0.0,"damage_taken":0.0},{"damage_healed":0.0,"max_hp_gain":0.0,"max_hp_loss":4.0,"gold_gain":0.0,"event_name":"Winding Halls","player_choice":"Max HP","floor":45.0,"gold_loss":0.0,"damage_taken":0.0},{"damage_healed":0.0,"max_hp_gain":0.0,"max_hp_loss":0.0,"gold_gain":0.0,"event_name":"Mysterious Sphere","player_choice":"Fight","floor":46.0,"gold_loss":0.0,"damage_taken":0.0}],"is_beta":false,"boss_relics":[{"not_picked":["Ring of the Serpent","WristBlade"],"picked":"Astrolabe"},{"not_picked":["Coffee Dripper","Snecko Eye"],"picked":"Cursed Key"}],"items_purged_floors":[],"is_endless":false,"potions_floor_spawned":[1,4,8,13,18,29,31,33,35,40,46,47],"ascension_level":8}}