{"host":"tzwikg9s6mkzv6w0","time":1613635009,"event":{"mods":["BaseMod","Good Game Mod","Minty Spire (QoL Compilation)","Spicy Shops","StSLib"],"gold_per_floor":[113,132,57,73,73,107,107,117,144,144,157,185,8,19,19,98,98,110,60,79,79,95,126,126,159,185,135,156,156,171,23,23,99,99,109,26,26,41,75,75,75,105,105,105,16,43,52,86,86,86,86,95,41,76,76],"floor_reached":56,"language":"ZHS","playtime":1675,"items_purged":["Strike_G","Strike_G","Defend_G","Defend_G","Defend_G"],"score":2341,"play_id":"964aca00-e569-4785-9354-7f3cf877c7ac","local_time":"20210218155649","is_ascension_mode":true,"campfire_choices":[{"data":"Apotheosis","floor":7.0,"key":"SMITH"},{"floor":10.0,"key":"REST"},{"data":"1","floor":15.0,"key":"LIFT"},{"data":"2","floor":24.0,"key":"LIFT"},{"data":"3","floor":29.0,"key":"LIFT"},{"floor":32.0,"key":"RECALL"},{"floor":40.0,"key":"REST"},{"floor":47.0,"key":"REST"},{"floor":49.0,"key":"REST"},{"floor":52.0,"key":"REST"}],"circlet_count":0,"master_deck":["AscendersBane","Defend_G","Survivor","Neutralize","Apotheosis+1","Prepared","Venomology","Blade Dance","Accuracy","Adrenaline","Tactician+1","Accuracy","Terror+1","Acrobatics+1","Backflip","Phantasmal Killer","Footwork+1","Acrobatics","Cloak And Dagger+1"],"relics":["Ring of the Snake","REME:ComplimentaryCards","Ginger","Smiling Mask","Pen Nib","Dream Catcher","Girya","Membership Card","Empty Cage","Matryoshka","Calipers","Centennial Puzzle","CeramicFish","ClockworkSouvenir","Fusion Hammer","Medical Kit","CaptainsWheel","Kunai","Ninja Scroll","Blood Vial","OrangePellets","Snake Skull","Vajra"],"acts_visited":["Exordium","TheCity","TheBeyond","TheEnding"],"potions_floor_usage":[54,55,55],"damage_taken":[{"damage":4.0,"enemies":"Jaw Worm","floor":1.0,"turns":5.0},{"damage":7.0,"enemies":"Small Slimes","floor":2.0,"turns":4.0},{"damage":0.0,"enemies":"Cultist","floor":4.0,"turns":4.0},{"damage":12.0,"enemies":"3 Sentries","floor":6.0,"turns":11.0},{"damage":2.0,"enemies":"Lots of Slimes","floor":8.0,"turns":4.0},{"damage":1.0,"enemies":"Exordium Thugs","floor":11.0,"turns":5.0},{"damage":6.0,"enemies":"Lagavulin","floor":12.0,"turns":8.0},{"damage":6.0,"enemies":"Looter","floor":14.0,"turns":3.0},{"damage":0.0,"enemies":"Hexaghost","floor":16.0,"turns":7.0},{"damage":1.0,"enemies":"Spheric Guardian","floor":18.0,"turns":3.0},{"damage":1.0,"enemies":"Chosen","floor":20.0,"turns":4.0},{"damage":0.0,"enemies":"Centurion and Healer","floor":22.0,"turns":5.0},{"damage":18.0,"enemies":"Slavers","floor":23.0,"turns":6.0},{"damage":0.0,"enemies":"Gremlin Leader","floor":25.0,"turns":6.0},{"damage":2.0,"enemies":"Cultist and Chosen","floor":28.0,"turns":4.0},{"damage":2.0,"enemies":"Snecko","floor":30.0,"turns":4.0},{"damage":13.0,"enemies":"Collector","floor":33.0,"turns":5.0},{"damage":0.0,"enemies":"3 Shapes","floor":35.0,"turns":2.0},{"damage":0.0,"enemies":"Orb Walker","floor":38.0,"turns":3.0},{"damage":0.0,"enemies":"Mind Bloom Boss Battle","floor":39.0,"turns":4.0},{"damage":7.0,"enemies":"Reptomancer","floor":42.0,"turns":4.0},{"damage":5.0,"enemies":"Spire Growth","floor":46.0,"turns":3.0},{"damage":0.0,"enemies":"Nemesis","floor":48.0,"turns":1.0},{"damage":9.0,"enemies":"Time Eater","floor":50.0,"turns":2.0},{"damage":0,"enemies":"Shield and Spear","floor":54,"turns":2},{"damage":41,"enemies":"The Heart","floor":55,"turns":5}],"seed_played":"-4933433818506024273","potions_obtained":[{"floor":1.0,"key":"Ancient Potion"},{"floor":4.0,"key":"SpeedPotion"},{"floor":6.0,"key":"Strength Potion"},{"floor":12.0,"key":"Weak Potion"},{"floor":23.0,"key":"SpeedPotion"},{"floor":33.0,"key":"SkillPotion"},{"floor":35.0,"key":"DistilledChaos"},{"floor":48.0,"key":"CunningPotion"},{"floor":54,"key":"CunningPotion"}],"is_trial":false,"path_per_floor":["M","M","?","M","?","E","R","M","T","R","M","E","$","M","R","B",null,"M","$","M","?","M","E","R","E","T","$","M","R","M","$","R","B",null,"M","$","?","M","?","R","?","E","T","?","$","M","R","E","R","B",null,"R","$","E","B",null],"character_chosen":"THE_SILENT","items_purchased":["Membership Card","Accuracy","ClockworkSouvenir","Accuracy","Medical Kit","OrangePellets","Acrobatics"],"campfire_rested":5,"item_purchase_floors":[13,13,31,31,36,45,53],"current_hp_per_floor":[55,48,48,48,30,18,18,16,16,34,33,27,27,21,21,21,50,49,49,48,48,48,30,30,30,30,30,28,28,26,26,26,13,48,48,48,48,48,48,60,57,50,50,50,50,47,57,57,57,48,55,57,57,57,16],"gold":76,"neow_bonus":"ONE_RARE_RELIC","is_daily":false,"chose_seed":false,"campfire_upgraded":1,"win_rate":0.0,"timestamp":1613635009,"path_taken":["M","M","?","M","?","E","R","M","T","R","M","E","$","M","R","BOSS","M","$","M","?","M","E","R","E","T","?","?","R","M","$","R","BOSS","M","$","?","M","?","R","?","E","T","?","$","M","R","E","R","BOSS","R","$","E","BOSS"],"items_purchased_type":["Relic","Card","Relic","Card","Relic","Relic","Card"],"build_version":"2020-12-22","purchased_purges":5,"victory":true,"max_hp_per_floor":[60,60,60,60,60,60,60,60,60,60,60,60,60,60,60,60,60,60,60,60,60,60,60,60,60,60,60,60,60,60,60,60,60,60,60,60,60,60,60,60,57,57,57,57,57,57,57,57,57,57,57,57,57,57,57],"card_choices":[{"not_picked":["Catalyst","Infinite Blades"],"picked":"Underhanded Strike","floor":1.0},{"not_picked":["Flying Knee","Masterful Stab","Sucker Punch"],"picked":"SKIP","floor":2.0},{"not_picked":["Deadly Poison","Poisoned Stab"],"picked":"Prepared","floor":4.0},{"not_picked":["Bane","Sucker Punch","Infinite Blades"],"picked":"SKIP","floor":6.0},{"not_picked":["Dagger Spray","Bane"],"picked":"Venomology","floor":8.0},{"not_picked":["Dodge and Roll","Poisoned Stab","Bane"],"picked":"SKIP","floor":11.0},{"not_picked":["Deflect","Choke"],"picked":"Blade Dance","floor":12.0},{"not_picked":["Sucker Punch","Prepared","Cloak And Dagger"],"picked":"SKIP","floor":14.0},{"not_picked":["Storm of Steel","Phantasmal Killer"],"picked":"Adrenaline","floor":16.0},{"not_picked":["Dagger Throw","Deadly Poison","Deflect"],"picked":"SKIP","floor":18.0},{"not_picked":["Dodge and Roll","Bane","Poisoned Stab"],"picked":"SKIP","floor":20.0},{"not_picked":["Catalyst","Underhanded Strike","Sucker Punch"],"picked":"SKIP","floor":22.0},{"not_picked":["Heel Hook","Prepared","Storm of Steel"],"picked":"SKIP","floor":23.0},{"not_picked":["Dagger Throw+1","Poisoned Stab","Dodge and Roll"],"picked":"SKIP","floor":25.0},{"not_picked":["Outmaneuver","Dagger Throw+1"],"picked":"Tactician+1","floor":28.0},{"not_picked":["Dagger Throw","Distraction","Finisher"],"picked":"SKIP","floor":30.0},{"not_picked":["Dagger Throw+1","Infinite Blades","Outmaneuver"],"picked":"SKIP","floor":35.0},{"not_picked":["Noxious Fumes+1","Outmaneuver","Catalyst"],"picked":"SKIP","floor":38.0},{"not_picked":["Bane","Quick Slash+1"],"picked":"Terror+1","floor":39.0},{"not_picked":["Flechettes+1","Masterful Stab+1","All Out Attack"],"picked":"SKIP","floor":42.0},{"not_picked":["Bane","Cloak And Dagger"],"picked":"Acrobatics+1","floor":46.0},{"not_picked":["Sucker Punch","Distraction"],"picked":"Backflip","floor":47.0},{"not_picked":["Heel Hook","Bane"],"picked":"Phantasmal Killer","floor":48.0},{"not_picked":["Sucker Punch","Catalyst+1"],"picked":"Footwork+1","floor":52.0},{"not_picked":["Blade Dance+1","Outmaneuver"],"picked":"Cloak And Dagger+1","floor":54}],"player_experience":135707,"relics_obtained":[{"floor":6.0,"key":"Pen Nib"},{"floor":9.0,"key":"Dream Catcher"},{"floor":12.0,"key":"Girya"},{"floor":23.0,"key":"Calipers"},{"floor":25.0,"key":"Centennial Puzzle"},{"floor":26.0,"key":"CeramicFish"},{"floor":39.0,"key":"CaptainsWheel"},{"floor":42.0,"key":"Kunai"},{"floor":43.0,"key":"Ninja Scroll"},{"floor":43.0,"key":"Blood Vial"},{"floor":48.0,"key":"Snake Skull"},{"floor":54,"key":"Vajra"}],"event_choices":[{"cards_removed":["Strike_G"],"damage_healed":0.0,"max_hp_gain":0.0,"max_hp_loss":0.0,"gold_gain":0.0,"event_name":"The Cleric","player_choice":"Card Removal","floor":3.0,"gold_loss":75.0,"damage_taken":0.0},{"damage_healed":0.0,"max_hp_gain":0.0,"max_hp_loss":0.0,"gold_gain":0.0,"event_name":"Scrap Ooze","player_choice":"Success","floor":5.0,"gold_loss":0.0,"damage_taken":18.0,"relics_obtained":["Smiling Mask"]},{"cards_removed":["Underhanded Strike"],"damage_healed":0.0,"max_hp_gain":0.0,"max_hp_loss":0.0,"gold_gain":0.0,"event_name":"WeMeetAgain","player_choice":"Gave Card","floor":21.0,"gold_loss":0.0,"damage_taken":0.0,"relics_obtained":["Matryoshka"]},{"cards_removed":["Defend_G"],"damage_healed":0.0,"max_hp_gain":0.0,"max_hp_loss":0.0,"gold_gain":0.0,"event_name":"Falling","player_choice":"Removed Skill","floor":37.0,"gold_loss":0.0,"damage_taken":0.0},{"damage_healed":0.0,"max_hp_gain":0.0,"max_hp_loss":0.0,"gold_gain":0.0,"event_name":"MindBloom","player_choice":"Fight","floor":39.0,"gold_loss":0.0,"damage_taken":0.0},{"damage_healed":0.0,"max_hp_gain":0.0,"max_hp_loss":3.0,"gold_gain":0.0,"event_name":"Winding Halls","player_choice":"Max HP","floor":41.0,"gold_loss":0.0,"damage_taken":0.0},{"damage_healed":0.0,"max_hp_gain":0.0,"max_hp_loss":0.0,"gold_gain":0.0,"event_name":"Tomb of Lord Red Mask","player_choice":"Ignored","floor":44.0,"gold_loss":0.0,"damage_taken":0.0}],"is_beta":false,"boss_relics":[{"not_picked":["Velvet Choker","Sozu"],"picked":"Empty Cage"},{"not_picked":["Ring of the Serpent","Tiny House"],"picked":"Fusion Hammer"}],"items_purged_floors":[19,27,31,45,53],"is_endless":false,"potions_floor_spawned":[1,4,6,12,23,30,33,35,46,48,54],"ascension_level":17}}