{"host":"e8hwgc5hwysw32tq","time":1613625464,"event":{"mods":["BaseMod","Minty Spire (QoL Compilation)","StSLib","Together in Spire"],"gold_per_floor":[111,121,170,180,190,216,216,246,246,246,246,276,276,293,293,390,390,407,422,434,349,349,376,376,8,8,25,50,69,69,69,69,174,174,190,190,90,108,123,156,168,168,168,168,187,207,232,232,232,232],"floor_reached":51,"language":"ENG","playtime":5518,"items_purged":["Defend_P","Defend_P"],"score":1067,"play_id":"f58c7fd3-e504-49d9-8a84-fb9dc51b5255","local_time":"20210217211744","is_ascension_mode":false,"campfire_choices":[{"data":"Vigilance","floor":7.0,"key":"SMITH"},{"data":"Eruption","floor":10.0,"key":"SMITH"},{"data":"SashWhip","floor":15.0,"key":"SMITH"},{"data":"Ragnarok","floor":24.0,"key":"SMITH"},{"data":"FlurryOfBlows","floor":32.0,"key":"SMITH"},{"data":"Meditate","floor":49,"key":"SMITH"}],"circlet_count":0,"master_deck":["Strike_P","Strike_P","Strike_P","Defend_P","Eruption+1","Vigilance+1","Meditate+1","FearNoEvil","FollowUp","EmptyBody","Protect","Indignation","SashWhip+1","DevaForm","FlurryOfBlows+1","Ragnarok+1","LikeWater+1","Sanctity","ClearTheMind+1","Halt+1","Study","Alpha+1","ThirdEye+1","Bandage Up+1","Evaluate+1"],"relics":["PureWater","Gambling Chip","PreservedInsect","Ornamental Fan","Nunchaku","Strawberry","White Beast Statue","Oddly Smooth Stone","Dream Catcher","SlaversCollar","Bag of Marbles","Bottled Lightning","Matryoshka","Toxic Egg 2","Shuriken","Omamori","Empty Cage","Eternal Feather","Orichalcum","Gremlin Horn","Juzu Bracelet"],"acts_visited":[],"potions_floor_usage":[50,50],"damage_taken":[{"damage":0.0,"enemies":"Cultist","floor":1.0,"turns":2.0},{"damage":14.0,"enemies":"Small Slimes","floor":2.0,"turns":2.0},{"damage":0.0,"enemies":"Jaw Worm","floor":4.0,"turns":2.0},{"damage":11.0,"enemies":"Exordium Wildlife","floor":5.0,"turns":2.0},{"damage":0.0,"enemies":"Gremlin Nob","floor":6.0,"turns":1.0},{"damage":0.0,"enemies":"Lagavulin","floor":8.0,"turns":3.0},{"damage":4.0,"enemies":"3 Sentries","floor":12.0,"turns":4.0},{"damage":0.0,"enemies":"Blue Slaver","floor":14.0,"turns":1.0},{"damage":0.0,"enemies":"Slime Boss","floor":16.0,"turns":5.0},{"damage":5.0,"enemies":"Spheric Guardian","floor":18.0,"turns":4.0},{"damage":0.0,"enemies":"3 Byrds","floor":19.0,"turns":2.0},{"damage":0.0,"enemies":"Snake Plant","floor":20.0,"turns":2.0},{"damage":0.0,"enemies":"Slavers","floor":23.0,"turns":1.0},{"damage":0.0,"enemies":"Centurion and Healer","floor":27.0,"turns":2.0},{"damage":0.0,"enemies":"Gremlin Leader","floor":28.0,"turns":3.0},{"damage":0.0,"enemies":"Cultist and Chosen","floor":29.0,"turns":3.0},{"damage":0.0,"enemies":"Automaton","floor":33.0,"turns":3.0},{"damage":0.0,"enemies":"3 Shapes","floor":35.0,"turns":1.0},{"damage":21.0,"enemies":"3 Darklings","floor":38.0,"turns":3.0},{"damage":8.0,"enemies":"Sphere and 2 Shapes","floor":39.0,"turns":3.0},{"damage":3.0,"enemies":"Reptomancer","floor":40.0,"turns":4.0},{"damage":0.0,"enemies":"4 Shapes","floor":41.0,"turns":3.0},{"damage":2.0,"enemies":"Transient","floor":45.0,"turns":2.0},{"damage":0.0,"enemies":"Jaw Worm Horde","floor":46.0,"turns":1.0},{"damage":0.0,"enemies":"Giant Head","floor":47.0,"turns":4.0},{"damage":17,"enemies":"Time Eater","floor":50,"turns":4}],"seed_played":"9164398956049157750","potions_obtained":[{"floor":2.0,"key":"StancePotion"},{"floor":4.0,"key":"Energy Potion"},{"floor":5.0,"key":"DuplicationPotion"},{"floor":6.0,"key":"Dexterity Potion"},{"floor":12.0,"key":"EssenceOfSteel"},{"floor":18.0,"key":"AttackPotion"},{"floor":19.0,"key":"Energy Potion"},{"floor":20.0,"key":"Explosive Potion"},{"floor":23.0,"key":"Explosive Potion"},{"floor":27.0,"key":"DuplicationPotion"},{"floor":33.0,"key":"Strength Potion"},{"floor":35.0,"key":"Explosive Potion"},{"floor":38.0,"key":"Fire Potion"},{"floor":39.0,"key":"DistilledChaos"},{"floor":40.0,"key":"ColorlessPotion"},{"floor":45.0,"key":"Ancient Potion"},{"floor":46.0,"key":"Fire Potion"}],"is_trial":false,"path_per_floor":["M","M","T","M","M","E","R","E","T","R","?","E","T","M","R","B",null,"M","M","M","?","?","E","R","$","T","M","E","M","?","$","R","B",null,"M","?","$","M","M","E","M","?","T","?","M","M","E","?","R","B",null],"character_chosen":"WATCHER","items_purchased":["Matryoshka","Sanctity"],"campfire_rested":0,"item_purchase_floors":[25,25],"current_hp_per_floor":[72,58,58,58,47,47,47,47,54,54,51,47,47,47,47,47,79,74,74,74,74,74,74,74,74,74,74,74,74,79,79,79,79,79,79,79,79,58,50,47,47,47,47,47,51,51,57,57,72,55],"gold":232,"neow_bonus":"ONE_RARE_RELIC","is_daily":false,"chose_seed":false,"campfire_upgraded":6,"win_rate":0.0,"timestamp":1613625464,"path_taken":["M","M","?","M","M","E","R","E","T","R","?","E","?","M","R","BOSS","M","M","M","?","?","E","R","$","T","M","E","M","?","?","R","BOSS","M","?","$","M","M","E","M","?","T","?","M","M","E","?","R","BOSS"],"items_purchased_type":["Relic","Card"],"build_version":"2020-12-22","purchased_purges":2,"victory":true,"max_hp_per_floor":[72,72,72,72,72,72,72,72,79,79,79,79,79,79,79,79,79,79,79,79,79,79,79,79,79,79,79,79,79,79,79,79,79,79,79,79,79,79,79,79,79,79,79,79,79,79,79,79,79,79],"card_choices":[{"not_picked":["DeceiveReality","Crescendo"],"picked":"Meditate","floor":1.0},{"not_picked":["CrushJoints","Weave"],"picked":"FearNoEvil","floor":2.0},{"not_picked":["FearNoEvil","Prostrate"],"picked":"FollowUp","floor":4.0},{"not_picked":["Study","Vengeance"],"picked":"EmptyBody","floor":5.0},{"not_picked":["JustLucky","Consecrate"],"picked":"Protect","floor":6.0},{"not_picked":["ThirdEye","ForeignInfluence","EmptyMind"],"picked":"SKIP","floor":8.0},{"not_picked":["TalkToTheHand","Nirvana"],"picked":"Indignation","floor":12.0},{"not_picked":["CrushJoints","CarveReality"],"picked":"SashWhip","floor":14.0},{"not_picked":["Ragnarok","Alpha"],"picked":"DevaForm","floor":16.0},{"not_picked":["Consecrate","EmptyFist","SashWhip"],"picked":"SKIP","floor":18.0},{"not_picked":["EmptyFist","BowlingBash"],"picked":"FlurryOfBlows","floor":19.0},{"not_picked":["CutThroughFate","Pray"],"picked":"Ragnarok","floor":20.0},{"not_picked":["Sanctity","ThirdEye"],"picked":"LikeWater+1","floor":23.0},{"not_picked":["CutThroughFate","InnerPeace+1"],"picked":"ClearTheMind+1","floor":27.0},{"not_picked":["CrushJoints+1","Judgement+1"],"picked":"Halt+1","floor":28.0},{"not_picked":["ClearTheMind+1","SignatureMove+1"],"picked":"Study","floor":29.0},{"not_picked":["Vault+1","MasterReality"],"picked":"Alpha+1","floor":33.0},{"not_picked":["PathToVictory+1","CrushJoints","BattleHymn+1"],"picked":"SKIP","floor":35.0},{"not_picked":["SignatureMove","ForeignInfluence+1"],"picked":"ThirdEye+1","floor":38.0},{"not_picked":["SandsOfTime","ClearTheMind+1"],"picked":"Evaluate+1","floor":39.0},{"not_picked":["ThirdEye+1","DevaForm","PathToVictory+1"],"picked":"SKIP","floor":40.0},{"not_picked":["Protect+1","EmptyFist+1","WheelKick+1"],"picked":"SKIP","floor":41.0},{"not_picked":["Good Instincts+1","Secret Weapon+1"],"picked":"Bandage Up+1","floor":44.0},{"not_picked":["Worship+1","Sanctity+1","FearNoEvil"],"picked":"SKIP","floor":45.0},{"not_picked":["InnerPeace+1","Study"],"picked":"Evaluate+1","floor":46.0},{"not_picked":["BowlingBash+1","Swivel+1","Protect+1"],"picked":"SKIP","floor":47.0}],"player_experience":395762,"relics_obtained":[{"floor":3.0,"key":"PreservedInsect"},{"floor":6.0,"key":"Ornamental Fan"},{"floor":8.0,"key":"Nunchaku"},{"floor":9.0,"key":"Strawberry"},{"floor":12.0,"key":"Oddly Smooth Stone"},{"floor":13.0,"key":"Dream Catcher"},{"floor":23.0,"key":"Bottled Lightning"},{"floor":26.0,"key":"Toxic Egg 2"},{"floor":26.0,"key":"Shuriken"},{"floor":28.0,"key":"Omamori"},{"floor":40.0,"key":"Eternal Feather"},{"floor":43.0,"key":"Orichalcum"},{"floor":43.0,"key":"Gremlin Horn"},{"floor":47.0,"key":"Juzu Bracelet"}],"event_choices":[{"damage_healed":0.0,"max_hp_gain":0.0,"max_hp_loss":0.0,"gold_gain":0.0,"event_name":"Scrap Ooze","player_choice":"Success","floor":11.0,"gold_loss":0.0,"damage_taken":3.0,"relics_obtained":["White Beast Statue"]},{"damage_healed":0.0,"max_hp_gain":0.0,"max_hp_loss":0.0,"gold_gain":0.0,"event_name":"Addict","player_choice":"Obtained Relic","floor":21.0,"gold_loss":85.0,"damage_taken":0.0,"relics_obtained":["Bag of Marbles"]},{"cards_removed":["Normality"],"damage_healed":0.0,"max_hp_gain":0.0,"max_hp_loss":0.0,"gold_gain":0.0,"event_name":"Back to Basics","player_choice":"Elegance","floor":22.0,"gold_loss":0.0,"damage_taken":0.0},{"damage_healed":26.0,"max_hp_gain":0.0,"max_hp_loss":0.0,"gold_gain":0.0,"event_name":"The Library","player_choice":"Heal","floor":30.0,"gold_loss":0.0,"damage_taken":0.0},{"damage_healed":0.0,"max_hp_gain":0.0,"max_hp_loss":0.0,"gold_gain":0.0,"event_name":"Tomb of Lord Red Mask","player_choice":"Ignored","floor":36.0,"gold_loss":0.0,"damage_taken":0.0},{"cards_removed":["Evaluate"],"damage_healed":0.0,"max_hp_gain":0.0,"max_hp_loss":0.0,"gold_gain":0.0,"event_name":"Falling","player_choice":"Removed Skill","floor":42.0,"gold_loss":0.0,"damage_taken":0.0},{"damage_healed":0.0,"max_hp_gain":0.0,"max_hp_loss":0.0,"gold_gain":0.0,"event_name":"SensoryStone","player_choice":"Memory 1","floor":44.0,"gold_loss":0.0,"damage_taken":0.0},{"damage_healed":0,"gold_gain":0,"player_choice":"Ignored","damage_taken":0,"max_hp_gain":0,"max_hp_loss":0,"event_name":"Mysterious Sphere","floor":48,"gold_loss":0}],"is_beta":false,"boss_relics":[{"not_picked":["Calling Bell","Snecko Eye"],"picked":"SlaversCollar"},{"not_picked":["SacredBark","Astrolabe"],"picked":"Empty Cage"}],"items_purged_floors":[25,37],"is_endless":false,"potions_floor_spawned":[2,4,5,6,12,14,16,18,19,20,23,27,28,29,33,35,38,39,40,41,45,46,47],"ascension_level":0}}