{"host":"k4hb7medsm45vqxu","time":1613669964,"event":{"mods":["AchievementEnabler","Act Like it!","Arknights","BaseMod","BetterRewards","Colored Map","Colored Powertips","DeckTracker","Downfall","Friendly Minions","Highlight Path","Marisa????????","Minty Spire (QoL Compilation)","Permanent Neow","READ ME - Guardian Mod","Rare Cards Sparkle","Replay The Spire","Shop Mod","StSLib","SuperFastMode","The Death Knight","The Forsaken","Together in Spire","Waifu the Spire","Yuyuko"],"gold_per_floor":[99,111,123,140,152,52,106,106,131,131,149,161,71,104,122,122,122,122],"floor_reached":16,"language":"ENG","playtime":742,"items_purged":["Slimebound:SplotLeeching"],"score":114,"play_id":"bb05a1f9-6f1a-4211-b9b6-29a87cd8ef06","local_time":"20210218113924","is_ascension_mode":false,"campfire_choices":[{"floor":1,"key":"RECALL"},{"floor":6,"key":"REST"}],"circlet_count":0,"master_deck":["Slimebound:Strike_Slimebound","Slimebound:Strike_Slimebound","Slimebound:Strike_Slimebound","Slimebound:Tackle","Slimebound:Defend_Slimebound","Slimebound:Defend_Slimebound","Slimebound:Defend_Slimebound","Slimebound:Defend_Slimebound","Slimebound:Split","Slimebound:CorrosiveSpit","Slimebound:ForwardTackle","Slimebound:Prepare","Slimebound:GoopTackle","Slimebound:SplitLeeching","Slimebound:MassFeed","Slimebound:LeechingTouch","Slimebound:HauntingLick","Slimebound:LeechingTouch","Slimebound:Dissolve","Slimebound:Schlurp"],"relics":["Busted Crown","downfall:HeartBlessingRed","downfall:BrokenWingStatue","Bronze Scales","Onion Ring","Peace Pipe"],"acts_visited":["Exordium"],"potions_floor_usage":[5,13,16],"damage_taken":[{"damage":2,"enemies":"Cultist","floor":2,"turns":4},{"damage":9,"enemies":"Jaw Worm","floor":3,"turns":3},{"damage":3,"enemies":"2 Louse","floor":4,"turns":3},{"damage":21,"enemies":"Gremlin Gang","floor":5,"turns":3},{"damage":21,"enemies":"Replay:BlueRogue","floor":9,"turns":4},{"damage":0,"enemies":"downfall:LooterAlt","floor":11,"turns":2},{"damage":0,"enemies":"Red Slaver","floor":12,"turns":2},{"damage":3,"enemies":"downfall:FleeingMerchant","floor":13,"turns":4},{"damage":12,"enemies":"3 Sentries","floor":14,"turns":5},{"damage":0,"enemies":"2 Fungi Beasts","floor":15,"turns":2},{"damage":23,"enemies":"WA_ARCHETYPE_RETAIN","floor":16,"turns":4}],"seed_played":"5365009759961746958","potions_obtained":[{"floor":2,"key":"LiquidBronze"},{"floor":12,"key":"Weak Potion"},{"floor":15,"key":"Swift Potion"}],"is_trial":false,"path_per_floor":["R","M","M","M","M","R","T","?","E","T","M","M","$","E","M","B"],"character_chosen":"SLIMEBOUND","items_purchased":[],"campfire_rested":1,"item_purchase_floors":[],"current_hp_per_floor":[65,63,54,51,30,49,49,49,28,28,31,31,28,19,19,0,0,0],"gold":122,"neow_bonus":"BOSS_RELIC","is_daily":false,"chose_seed":false,"campfire_upgraded":0,"win_rate":0.0,"timestamp":1613669964,"path_taken":["R","M","M","?","M","R","T","?","E","?","M","?","$","E","M","BOSS"],"items_purchased_type":[],"build_version":"2020-12-22","purchased_purges":1,"victory":false,"max_hp_per_floor":[65,65,65,65,65,65,65,65,65,65,68,68,68,71,71,71,71,71],"card_choices":[{"not_picked":[],"picked":"Slimebound:ForwardTackle","floor":2},{"not_picked":[],"picked":"Slimebound:Prepare","floor":3},{"not_picked":[],"picked":"Slimebound:GoopTackle","floor":4},{"not_picked":[],"picked":"Slimebound:SplitLeeching","floor":5},{"not_picked":[],"picked":"Slimebound:MassFeed","floor":9},{"not_picked":[],"picked":"Slimebound:LeechingTouch","floor":11},{"not_picked":[],"picked":"Slimebound:HauntingLick","floor":12},{"not_picked":[],"picked":"Slimebound:LeechingTouch","floor":13},{"not_picked":[],"picked":"Slimebound:Dissolve","floor":14},{"not_picked":[],"picked":"Slimebound:Schlurp","floor":15}],"player_experience":15173,"relics_obtained":[{"floor":9,"key":"Bronze Scales"},{"floor":10,"key":"Onion Ring"},{"floor":14,"key":"Peace Pipe"}],"event_choices":[],"is_beta":false,"boss_relics":[],"items_purged_floors":[13],"is_endless":false,"potions_floor_spawned":[2,12,15],"killed_by":"WA_ARCHETYPE_RETAIN","ascension_level":0}}