{"host":"qgrlfjrqk9z96gfi","time":1613687875,"event":{"mods":["BaseMod","Block Reminder","Colored Map","Custom Start","DeckTracker","Minty Spire (QoL Compilation)"],"gold_per_floor":[113,113,132,132,132,165,165,177,177,197,208,243,243,70,70,141,141,152,152,171,16,31,31,57,57,57,75,85,85,10,36,36,107,107,121,0,0,19,69,69,104,118,118,118,118,129,129,171,171,171,171],"floor_reached":52,"language":"ENG","playtime":1803,"items_purged":["Bite"],"score":2016,"play_id":"49b5e4b7-038f-406e-be06-2af7347c8e2d","local_time":"20210218123755","is_ascension_mode":true,"campfire_choices":[{"data":"Blade Dance","floor":7.0,"key":"SMITH"},{"data":"Tools of the Trade","floor":13.0,"key":"SMITH"},{"data":"Blade Dance","floor":15.0,"key":"SMITH"},{"data":"Die Die Die","floor":23.0,"key":"SMITH"},{"data":"Cloak And Dagger","floor":25.0,"key":"SMITH"},{"data":"Terror","floor":29.0,"key":"SMITH"},{"data":"Finisher","floor":32.0,"key":"SMITH"},{"floor":40.0,"key":"REST"},{"floor":44,"key":"RECALL"},{"data":"Envenom","floor":47,"key":"SMITH"},{"data":"Leg Sweep","floor":49,"key":"SMITH"}],"circlet_count":0,"master_deck":["AscendersBane","Defend_G","Defend_G","Defend_G","Defend_G+1","Defend_G","Survivor","Neutralize+1","Endless Agony+1","Blade Dance+1","Blade Dance+1","Terror+1","Tools of the Trade+1","Die Die Die+1","Bite","Bite","Cloak And Dagger+1","Calculated Gamble+1","Finisher+1","Backflip","PiercingWail","Backstab","Envenom+1","Acrobatics","Good Instincts","Calculated Gamble+1","Dodge and Roll+1","Reflex+1","Deflect+1","Leg Sweep+1"],"relics":["Ring of the Snake","NeowsBlessing","Question Card","Oddly Smooth Stone","Centennial Puzzle","Nunchaku","WristBlade","Kunai","Potion Belt","Smiling Mask","Philosopher\u0027s Stone","Red Mask","Unceasing Top","War Paint","Mercury Hourglass","CeramicFish"],"acts_visited":["Exordium","TheCity","TheBeyond"],"potions_floor_usage":[51],"damage_taken":[{"damage":0.0,"enemies":"Cultist","floor":1.0,"turns":1.0},{"damage":0.0,"enemies":"Jaw Worm","floor":3.0,"turns":1.0},{"damage":0.0,"enemies":"Gremlin Nob","floor":6.0,"turns":1.0},{"damage":0.0,"enemies":"2 Louse","floor":8.0,"turns":2.0},{"damage":0.0,"enemies":"Blue Slaver","floor":10.0,"turns":3.0},{"damage":7.0,"enemies":"Large Slime","floor":11.0,"turns":3.0},{"damage":11.0,"enemies":"Lagavulin","floor":12.0,"turns":7.0},{"damage":2.0,"enemies":"The Guardian","floor":16.0,"turns":15.0},{"damage":2.0,"enemies":"Spheric Guardian","floor":18.0,"turns":3.0},{"damage":0.0,"enemies":"Chosen","floor":20.0,"turns":3.0},{"damage":5.0,"enemies":"Snecko","floor":22.0,"turns":3.0},{"damage":21.0,"enemies":"Gremlin Leader","floor":24.0,"turns":3.0},{"damage":4.0,"enemies":"Snake Plant","floor":27.0,"turns":2.0},{"damage":0.0,"enemies":"Centurion and Healer","floor":28.0,"turns":4.0},{"damage":0.0,"enemies":"Book of Stabbing","floor":31.0,"turns":3.0},{"damage":2.0,"enemies":"Champ","floor":33.0,"turns":9.0},{"damage":22.0,"enemies":"3 Darklings","floor":35.0,"turns":5.0},{"damage":0.0,"enemies":"Orb Walker","floor":38.0,"turns":2.0},{"damage":14.0,"enemies":"2 Orb Walkers","floor":39.0,"turns":2.0},{"damage":14.0,"enemies":"Reptomancer","floor":41.0,"turns":5.0},{"damage":2,"enemies":"Writhing Mass","floor":42,"turns":4},{"damage":0,"enemies":"4 Shapes","floor":46,"turns":4},{"damage":0,"enemies":"Nemesis","floor":48,"turns":3},{"damage":9,"enemies":"Donu and Deca","floor":50,"turns":8},{"damage":16,"enemies":"Awakened One","floor":51,"turns":14}],"seed_played":"-2196888470554261347","potions_obtained":[{"floor":1.0,"key":"Regen Potion"},{"floor":6.0,"key":"Weak Potion"},{"floor":12.0,"key":"BlessingOfTheForge"},{"floor":22.0,"key":"AttackPotion"},{"floor":24.0,"key":"Fire Potion"},{"floor":27.0,"key":"CunningPotion"},{"floor":28.0,"key":"BlessingOfTheForge"},{"floor":38.0,"key":"Energy Potion"},{"floor":42,"key":"Weak Potion"},{"floor":45,"key":"EssenceOfSteel"},{"floor":45,"key":"LiquidBronze"}],"is_trial":false,"path_per_floor":["M","?","M","?","?","E","R","M","T","M","M","E","R","$","R","B",null,"M","?","M","$","M","R","E","R","T","M","M","R","?","E","R","B",null,"M","?","?","M","?","R","E","M","T","R","?","M","R","E","R","B","B",null],"character_chosen":"THE_SILENT","items_purchased":["Nunchaku","Calculated Gamble"],"campfire_rested":1,"item_purchase_floors":[14,21],"current_hp_per_floor":[59,59,59,48,48,48,48,48,48,48,41,45,45,45,45,45,61,61,61,66,66,63,63,45,45,45,43,47,47,47,49,49,63,65,48,48,48,52,38,57,49,51,51,51,51,55,55,57,57,54,50],"gold":171,"neow_bonus":"THREE_ENEMY_KILL","is_daily":false,"chose_seed":false,"campfire_upgraded":9,"win_rate":0.0,"timestamp":1613687875,"path_taken":["M","?","?","?","?","E","R","M","T","M","M","E","R","?","R","BOSS","M","?","M","$","M","R","E","R","T","M","M","R","?","E","R","BOSS","M","?","?","?","?","R","E","M","T","R","?","M","R","E","R","BOSS","BOSS"],"items_purchased_type":["Relic","Card"],"build_version":"2020-12-22","purchased_purges":1,"victory":true,"max_hp_per_floor":[66,66,66,66,66,66,66,66,66,66,66,66,66,66,66,66,66,66,66,66,66,66,66,66,66,66,66,66,66,66,66,66,66,66,66,66,66,66,66,66,66,66,66,66,66,66,66,66,66,66,66],"card_choices":[{"not_picked":["Reflex","Dodge and Roll","Expertise"],"picked":"SKIP","floor":1.0},{"not_picked":["Leg Sweep","Deadly Poison"],"picked":"Endless Agony","floor":3.0},{"not_picked":["Flechettes","Masterful Stab","Prepared"],"picked":"Blade Dance","floor":6.0},{"not_picked":["Reflex","Dagger Throw","Catalyst"],"picked":"Blade Dance","floor":8.0},{"not_picked":["Distraction","Deadly Poison","Riddle With Holes"],"picked":"Terror","floor":10.0},{"not_picked":["Bane","Acrobatics","Tactician","Prepared"],"picked":"SKIP","floor":11.0},{"not_picked":["Quick Slash","Sucker Punch","Terror"],"picked":"Tools of the Trade","floor":12.0},{"not_picked":["Glass Knife","Envenom","Venomology"],"picked":"Die Die Die","floor":16.0},{"not_picked":["Flying Knee","Dagger Spray","Dagger Throw","All Out Attack+1"],"picked":"SKIP","floor":18.0},{"not_picked":["Quick Slash","Deflect","Expertise"],"picked":"Cloak And Dagger","floor":20.0},{"not_picked":["Dagger Throw","Outmaneuver","Dodge and Roll"],"picked":"Finisher","floor":22.0},{"not_picked":["Eviscerate","Concentrate","Corpse Explosion"],"picked":"Backflip","floor":24.0},{"not_picked":["Bouncing Flask","Slice","Quick Slash"],"picked":"PiercingWail","floor":27.0},{"not_picked":["Crippling Poison","Slice","Finisher"],"picked":"Backstab","floor":28.0},{"not_picked":["Dagger Throw","All Out Attack","Dodge and Roll","Flying Knee"],"picked":"SKIP","floor":31.0},{"not_picked":["Corpse Explosion","Storm of Steel","Grand Finale"],"picked":"Envenom","floor":33.0},{"not_picked":["Heel Hook","Dagger Throw+1","Catalyst"],"picked":"Acrobatics","floor":35.0},{"not_picked":["Deadly Poison","Underhanded Strike","Unload"],"picked":"Calculated Gamble+1","floor":38.0},{"not_picked":["Acrobatics","Crippling Poison","Poisoned Stab+1"],"picked":"Dodge and Roll+1","floor":39.0},{"not_picked":["Heel Hook","Endless Agony","Crippling Poison+1"],"picked":"Reflex+1","floor":41.0},{"not_picked":["Bane","Dodge and Roll","Quick Slash","PiercingWail"],"picked":"SKIP","floor":42},{"not_picked":["Leg Sweep","Dodge and Roll","Terror+1"],"picked":"Deflect+1","floor":46},{"not_picked":["Corpse Explosion","Setup","Deadly Poison"],"picked":"Leg Sweep","floor":48}],"player_experience":1160663,"relics_obtained":[{"floor":6.0,"key":"Oddly Smooth Stone"},{"floor":9.0,"key":"Centennial Puzzle"},{"floor":12.0,"key":"Blood Vial"},{"floor":24.0,"key":"Kunai"},{"floor":26.0,"key":"Potion Belt"},{"floor":31.0,"key":"Smiling Mask"},{"floor":39.0,"key":"Unceasing Top"},{"floor":41.0,"key":"War Paint"},{"floor":43,"key":"Mercury Hourglass"},{"floor":48,"key":"CeramicFish"}],"event_choices":[{"damage_healed":0.0,"max_hp_gain":0.0,"max_hp_loss":0.0,"gold_gain":0.0,"event_name":"Upgrade Shrine","player_choice":"Upgraded","floor":2.0,"gold_loss":0.0,"damage_taken":0.0,"cards_upgraded":["Neutralize"]},{"damage_healed":0.0,"max_hp_gain":0.0,"max_hp_loss":0.0,"gold_gain":0.0,"event_name":"Scrap Ooze","player_choice":"Success","floor":4.0,"gold_loss":0.0,"damage_taken":11.0,"relics_obtained":["Question Card"]},{"damage_healed":0.0,"max_hp_gain":0.0,"max_hp_loss":0.0,"gold_gain":0.0,"event_name":"Living Wall","player_choice":"Grow","floor":5.0,"gold_loss":0.0,"damage_taken":0.0,"cards_upgraded":["Endless Agony"]},{"damage_healed":0.0,"max_hp_gain":0.0,"max_hp_loss":0.0,"gold_gain":0.0,"event_name":"Vampires","player_choice":"Became a vampire (Vial)","floor":19.0,"relics_lost":["Blood Vial"],"gold_loss":0.0,"damage_taken":0.0,"cards_obtained":["Bite","Bite","Bite","Bite","Bite"]},{"cards_removed":["Bite"],"damage_healed":0.0,"max_hp_gain":0.0,"max_hp_loss":0.0,"gold_gain":0.0,"event_name":"Beggar","player_choice":"Gave Gold","floor":30.0,"gold_loss":75.0,"damage_taken":0.0},{"damage_healed":0.0,"max_hp_gain":0.0,"max_hp_loss":0.0,"gold_gain":0.0,"event_name":"Tomb of Lord Red Mask","player_choice":"Paid","floor":36.0,"gold_loss":121.0,"damage_taken":0.0,"relics_obtained":["Red Mask"]},{"damage_healed":0.0,"max_hp_gain":0.0,"max_hp_loss":0.0,"gold_gain":0.0,"cards_transformed":["Bite"],"event_name":"Transmorgrifier","player_choice":"Transformed","floor":37.0,"gold_loss":0.0,"damage_taken":0.0,"cards_obtained":["Good Instincts"]},{"damage_healed":0.0,"max_hp_gain":0.0,"max_hp_loss":0.0,"gold_gain":0.0,"event_name":"Mysterious Sphere","player_choice":"Fight","floor":39.0,"gold_loss":0.0,"damage_taken":0.0},{"damage_healed":0,"gold_gain":0,"player_choice":"Got Potions","damage_taken":0,"max_hp_gain":0,"max_hp_loss":0,"event_name":"Lab","floor":45,"gold_loss":0}],"is_beta":false,"boss_relics":[{"not_picked":["Runic Dome","SacredBark"],"picked":"WristBlade"},{"not_picked":["Tiny House","Astrolabe"],"picked":"Philosopher\u0027s Stone"}],"items_purged_floors":[21],"is_endless":false,"potions_floor_spawned":[1,6,11,12,22,24,27,28,38,42],"ascension_level":20}}