{"host":"sjo4oracihb00px1","time":1613685637,"event":{"mods":["Astrologer","BaseMod","Better Note","Colored Powertips","Defective Defect","Friendly Minions","Hermit","HololiveMod","Hubris","Jorbs\u0027s Wanderer Trilogy","Kiyohime????","Marisa????????","Minty Spire (QoL Compilation)","Quick Restart","Random Character Button","Remilia??????","Replay The Spire","Shop Mod","ShortenTheSpire","Somnambulant","StSLib","The Administrix","The Animator","The Awakened One except there are too many feathers","The Bug Knight","The Cursed","The Death Knight","The Disciple","The Gatherer","The IronCluck","The Necromancer","The Problem Sleuth","The Runesmith","The Servant 0.9.4","The Vixen","TheBandit","Waifu the Spire","Wandering Minibosses","Yuri Mod","everything is the same but u backflip on backflip","slay the spire mod where everything is the same but ironclad has a cowboy hat","thorton"],"gold_per_floor":[113,86,99,59,92,151,4,68,92,92,118,51,91,151,151,278,278,322,322,322,39,105,167,167,236,260,300,300,300,300],"floor_reached":29,"language":"ENG","playtime":3902,"items_purged":["animator:Curse_Greed"],"score":601,"play_id":"cc0dc0e6-f794-47ab-8343-48a6edf76a69","local_time":"20210218170037","is_ascension_mode":true,"campfire_choices":[{"floor":10.0,"key":"REST"},{"floor":15.0,"key":"REST"},{"floor":24.0,"key":"REST"}],"circlet_count":0,"master_deck":["AscendersBane","Strike_MRS","Strike_MRS","Strike_MRS","Strike_MRS+1","Defend_MRS+1","Defend_MRS","Defend_MRS","Defend_MRS+1","MasterSpark+1","UpSweep+1","PowerUp","WitchOfGreed","WitchOfGreed","PropBag+1","AsteroidBelt+1","TreasureHunter","MysteriousBeam","MaximisePower","EarthLightRay","UltimateShortwave","FinalSpark","CurseOfTheBell","Parasite","Parasite","ChargeUpSpray","Pain","MagicChant+1","AsteroidBelt+1","LuminesStrike","Acceleration+1","MagicAbsorber","GrandCross"],"relics":["MiniHakkero","NeowsBlessing","HollowMod:StagPassRelic","hubris:EmptyBottle","Gremlin Food","Whetstone","Strawberry","HandmadeGrimoire","ReplayTheSpireMod:CursedCoin","hubris:ToyBattleship","Bag of Preparation","WingedGreaves","Calling Bell","White Beast Statue","Unceasing Top","ShroomBag","WarpedTongs","Regal Pillow","Nunchaku","Bag of Marbles","War Paint","Onion Ring","Juzu Bracelet"],"acts_visited":["Exordium","TheCity"],"potions_floor_usage":[],"damage_taken":[{"damage":0.0,"enemies":"Small Slimes","floor":1.0,"turns":1.0},{"damage":0.0,"enemies":"Cultist","floor":3.0,"turns":1.0},{"damage":0.0,"enemies":"Jaw Worm","floor":5.0,"turns":1.0},{"damage":9.0,"enemies":"Gremlin Nob","floor":6.0,"turns":5.0},{"damage":14.0,"enemies":"3 Sentries","floor":8.0,"turns":8.0},{"damage":17.0,"enemies":"Gremlin Nob","floor":11.0,"turns":4.0},{"damage":1.0,"enemies":"Exordium Wildlife","floor":13.0,"turns":4.0},{"damage":4.0,"enemies":"3 Sentries","floor":14.0,"turns":4.0},{"damage":3.0,"enemies":"Slime Boss","floor":16.0,"turns":7.0},{"damage":30.0,"enemies":"3 Byrds","floor":18.0,"turns":5.0},{"damage":0.0,"enemies":"2 Thieves","floor":19.0,"turns":1.0},{"damage":52.0,"enemies":"Cultist and Chosen","floor":22.0,"turns":8.0},{"damage":9.0,"enemies":"Slavers","floor":23.0,"turns":3.0},{"damage":20.0,"enemies":"HollowMod:Nosk","floor":25.0,"turns":5.0},{"damage":7.0,"enemies":"Book of Stabbing","floor":27.0,"turns":2.0},{"damage":0,"enemies":"HollowMod:Nosk","floor":29,"turns":1}],"seed_played":"7316395993955980956","potions_obtained":[{"floor":4.0,"key":"EntropicBrew"},{"floor":4.0,"key":"ColorlessPotion"},{"floor":4.0,"key":"Reflective Coating"},{"floor":5.0,"key":"Block Potion"},{"floor":6.0,"key":"SpeedPotion"},{"floor":6.0,"key":"Ancient Potion"},{"floor":8.0,"key":"SpeedPotion"},{"floor":13.0,"key":"AttackPotion"},{"floor":13.0,"key":"SteroidPotion"},{"floor":14.0,"key":"DuplicationPotion"},{"floor":14.0,"key":"Dexterity Potion"},{"floor":16.0,"key":"SteroidPotion"},{"floor":16.0,"key":"LifebloodPotion"},{"floor":18.0,"key":"FairyPotion"},{"floor":18.0,"key":"ShroomBrew"},{"floor":22.0,"key":"LiquidBronze"},{"floor":22.0,"key":"Elixir"},{"floor":23.0,"key":"SpeedPotion"},{"floor":23.0,"key":"Strength Potion"},{"floor":25.0,"key":"Adrenaline Potion"},{"floor":25.0,"key":"Energy Potion"},{"floor":27.0,"key":"CultistPotion"},{"floor":27.0,"key":"Languid Potion"}],"is_trial":false,"path_per_floor":["M","$","M","?","M","E","$","E","T","R","E","$","M","E","R","B",null,"M","M","?","$","M","E","R","E","T","E","?","E"],"character_chosen":"MARISA","items_purchased":["WitchOfGreed","hubris:EmptyBottle","ReplayTheSpireMod:CursedCoin","MaximisePower","MagicChant","Regal Pillow","AsteroidBelt"],"campfire_rested":3,"item_purchase_floors":[2,7,12,12,21,21,21],"current_hp_per_floor":[68,68,68,68,68,59,59,45,45,67,57,57,56,56,80,79,81,54,56,56,56,14,13,52,42,42,43,43,43,43],"gold":300,"neow_bonus":"THREE_ENEMY_KILL","is_daily":false,"chose_seed":false,"campfire_upgraded":0,"win_rate":0.0,"timestamp":1613685637,"path_taken":["M","$","M","?","M","E","$","E","T","R","E","?","M","E","R","BOSS","M","?","?","$","M","E","R","E","T","E","?","E"],"items_purchased_type":["Card","Relic","Relic","Card","Card","Relic","Card"],"build_version":"2020-12-22","purchased_purges":1,"victory":false,"max_hp_per_floor":[75,75,75,75,75,75,75,75,75,75,82,82,82,82,82,82,82,82,82,82,82,82,82,82,82,82,82,82,82,82],"card_choices":[{"not_picked":["WitchLeyline","SprinkleStarSeal"],"picked":"PowerUp","floor":1.0},{"not_picked":["GrandCross","ShootingEcho"],"picked":"WitchOfGreed","floor":3.0},{"not_picked":["FairyDestructionRay","ChargeUpSpray"],"picked":"PropBag","floor":5.0},{"not_picked":["MagicAbsorber","Occultation"],"picked":"AsteroidBelt","floor":6.0},{"not_picked":["DoubleSpark","BinaryStars"],"picked":"TreasureHunter","floor":8.0},{"not_picked":["DC","MilkyWay"],"picked":"MysteriousBeam","floor":11.0},{"not_picked":["GalacticHalo","FairyDestructionRay"],"picked":"EarthLightRay","floor":13.0},{"not_picked":["MysteriousBeam","WitchOfGreed"],"picked":"UltimateShortwave","floor":14.0},{"not_picked":["SuperNova","BinaryStars"],"picked":"FinalSpark","floor":16.0},{"not_picked":["MeteoricShower","PowerUp+1"],"picked":"ChargeUpSpray","floor":18.0},{"not_picked":["GravityBeat+1","WitchLeyline"],"picked":"LuminesStrike","floor":22.0},{"not_picked":["Robbery","AsteroidBelt"],"picked":"Acceleration+1","floor":23.0},{"not_picked":["Occultation","BigCrunch"],"picked":"MagicAbsorber","floor":25.0},{"not_picked":["Occultation","StarBarrage+1"],"picked":"GrandCross","floor":27.0}],"player_experience":719641,"relics_obtained":[{"floor":6.0,"key":"HollowMod:StagPassRelic"},{"floor":8.0,"key":"Gremlin Food"},{"floor":9.0,"key":"Whetstone"},{"floor":11.0,"key":"Strawberry"},{"floor":11.0,"key":"HandmadeGrimoire"},{"floor":14.0,"key":"hubris:ToyBattleship"},{"floor":14.0,"key":"Bag of Preparation"},{"floor":16.0,"key":"WingedGreaves"},{"floor":17.0,"key":"White Beast Statue"},{"floor":17.0,"key":"Unceasing Top"},{"floor":17.0,"key":"ShroomBag"},{"floor":23.0,"key":"Nunchaku"},{"floor":25.0,"key":"Bag of Marbles"},{"floor":26.0,"key":"War Paint"},{"floor":27.0,"key":"Onion Ring"},{"floor":27.0,"key":"Juzu Bracelet"}],"event_choices":[{"damage_healed":0.0,"max_hp_gain":0.0,"max_hp_loss":0.0,"gold_gain":0.0,"event_name":"The Woman in Blue","player_choice":"Bought 3 Potions","floor":4.0,"gold_loss":0.0,"damage_taken":0.0},{"damage_healed":0.0,"max_hp_gain":0.0,"max_hp_loss":0.0,"gold_gain":0.0,"event_name":"Accursed Blacksmith","player_choice":"Rummage","floor":20.0,"gold_loss":0.0,"damage_taken":0.0,"relics_obtained":["WarpedTongs"],"cards_obtained":["Pain"]},{"damage_healed":0.0,"max_hp_gain":0.0,"max_hp_loss":0.0,"gold_gain":0.0,"event_name":"Vampires","player_choice":"Ignored","floor":28.0,"gold_loss":0.0,"damage_taken":0.0}],"is_beta":false,"boss_relics":[{"not_picked":["Astrolabe","Snecko Eye"],"picked":"Calling Bell"}],"items_purged_floors":[12],"is_endless":false,"potions_floor_spawned":[5,6,13,14,18,19,22,23,25,27],"killed_by":"HollowMod:Nosk","ascension_level":10}}