{"host":"gf8hyl7jhl0is674","time":1613618831,"event":{"mods":["2.2 Compatiblity","Act Like it!","BaseMod","CapriCore","Chen","Colored Map","Gensokyo","Hallownest","KinomotoSakuraMod(????)","Koishi","Marisa????????","Minty Spire (QoL Compilation)","Permanent Neow","Reimu??????","StSLib","The Administrix","The Blue Laboratory","The Immortal","The Servant 0.9.4","Waifu the Spire"],"gold_per_floor":[115,129,148,167,13,13,113,38,38,68,81,81,81,98,98,196,196,207,207,85,102,114,141,0,212,212,212,222,222,257,280,280,280,280],"floor_reached":33,"language":"ENG","playtime":2346,"items_purged":["Koishi:BasicStrike"],"score":312,"play_id":"1e991b1e-d1b0-454a-ae5a-5d81d3733ff8","local_time":"20210217202711","is_ascension_mode":false,"campfire_choices":[{"data":"Koishi:YoukaiPolygraph","floor":6,"key":"SMITH"},{"data":"Koishi:Provoke","floor":13,"key":"SMITH"},{"data":"Koishi:GrowingPain","floor":15,"key":"SMITH"},{"data":"Koishi:HeartfeltFancy","floor":29,"key":"SMITH"},{"data":"Koishi:FleetingPhantom","floor":32,"key":"SMITH"}],"circlet_count":0,"master_deck":["Koishi:Provoke+1","Koishi:HauntingSlash","Koishi:GrowingPain+1","Koishi:SprinkleStarAndHeart+1","Koishi:Untouchable","Koishi:YoukaiPolygraph+1","Koishi:UnconsciousUrges","Koishi:GeneticsOfTheUnconscious","Koishi:PerfectMindControl","Koishi:EmbryosDream","Koishi:DanmakuParanoia","Koishi:RorschachInDanmaku","Koishi:FreudianInstinct","Koishi:ParalyzingFear","Koishi:StingingMind","Koishi:HeartAttack+1","Koishi:Whimsy","Koishi:ReflexRadar","Koishi:FleetingPhantom+1","Koishi:HeartfeltFancy+1","Koishi:DNAsFlaw"],"relics":["Koishi:ImaginaryFriend","Tiny Chest","Koishi:AHoleWhereASisterShouldBe","Koishi:TeethAndClaws","Pandora\u0027s Box","Potion Belt","Lantern","Omamori","Molten Egg 2","Gensokyo:DirgeOfMelancholy","PureWhite:ReiMu","Bronze Scales"],"acts_visited":["Gensokyo:Gensokyo","Gensokyo:Gensokyoer"],"potions_floor_usage":[16,23,23,25,33],"damage_taken":[{"damage":6,"enemies":"Gensokyo:Gryphon","floor":1,"turns":4},{"damage":4,"enemies":"Gensokyo:2_Kodama","floor":2,"turns":3},{"damage":3,"enemies":"Gensokyo:3_Fairies","floor":3,"turns":5},{"damage":6,"enemies":"Gensokyo:2_Rabbits","floor":4,"turns":4},{"damage":2,"enemies":"Gensokyo:Aya","floor":10,"turns":5},{"damage":0,"enemies":"Gensokyo:3_Kodama","floor":11,"turns":5},{"damage":10,"enemies":"Gensokyo:LivingMonolith","floor":14,"turns":4},{"damage":8,"enemies":"Gensokyo:Yukari","floor":16,"turns":13},{"damage":4,"enemies":"Gensokyo:CosmicMonolith","floor":18,"turns":4},{"damage":0,"enemies":"Gensokyo:3_Dogs","floor":21,"turns":8},{"damage":0,"enemies":"Gensokyo:Chomper_and_Gloop","floor":22,"turns":6},{"damage":44,"enemies":"Gensokyo:Reisen","floor":23,"turns":13},{"damage":0,"enemies":"Gensokyo:Mirror_and_Dog","floor":25,"turns":5},{"damage":2,"enemies":"Gensokyo:Slime_Group","floor":28,"turns":6},{"damage":0,"enemies":"Gensokyo:Tenshi","floor":30,"turns":4},{"damage":54,"enemies":"Gensokyo:Eternal_Rivals","floor":33,"turns":9}],"seed_played":"5862664510672411468","potions_obtained":[{"floor":1,"key":"blueLaboratory:FruitPunch"},{"floor":3,"key":"blueLaboratory:TrueEctoplasm"},{"floor":10,"key":"Energy Potion"},{"floor":22,"key":"Swift Potion"},{"floor":23,"key":"Weak Potion"},{"floor":30,"key":"blueLaboratory:HorrorPotion"}],"is_trial":false,"path_per_floor":["M","M","M","M","$","R","?","$","T","E","M","?","R","M","R","B",null,"M","T","COS","M","M","E","?","M","T","?","M","R","E","T","R","B"],"character_chosen":"KOISHI","items_purchased":["Tiny Chest"],"campfire_rested":0,"item_purchase_floors":[5],"current_hp_per_floor":[56,53,50,46,46,46,46,46,46,45,47,41,41,32,32,30,62,59,59,59,61,62,23,23,26,26,26,29,29,30,30,30,0,0],"gold":280,"neow_bonus":"ONE_RANDOM_RARE_CARD","is_daily":false,"chose_seed":false,"campfire_upgraded":5,"win_rate":0.0,"timestamp":1613618831,"path_taken":["M","?","?","M","$","R","?","?","T","E","M","?","R","M","R","BOSS","M","?","COS","M","M","E","?","?","T","?","M","R","E","?","R","BOSS"],"items_purchased_type":["Relic"],"build_version":"2020-12-22","purchased_purges":1,"victory":false,"max_hp_per_floor":[60,60,60,60,60,60,60,60,60,60,60,60,60,60,60,62,62,62,62,62,62,62,62,62,62,62,62,62,62,62,62,62,62,62],"card_choices":[{"not_picked":["Koishi:BloodcurdlingScream","Koishi:Bloodlust"],"picked":"Koishi:SprinkleStarAndHeart","floor":1},{"not_picked":["Koishi:SubconsciousSweep","Koishi:SpiritedAway"],"picked":"Koishi:Untouchable","floor":2},{"not_picked":["Koishi:PhantomStrike","Koishi:Prune"],"picked":"Koishi:YoukaiPolygraph","floor":3},{"not_picked":["Koishi:RollingInRichesHeart","Koishi:StingingMind","Koishi:Possession"],"picked":"SKIP","floor":4},{"not_picked":["Koishi:SprinkleStarAndHeart","Koishi:UnansweredLove","Koishi:RacingHeart"],"picked":"SKIP","floor":10},{"not_picked":["Koishi:ParalyzingFear","Koishi:Prune"],"picked":"Koishi:UnconsciousUrges","floor":11},{"not_picked":["Koishi:SubterraneanRose","Koishi:RorschachInDanmaku"],"picked":"Koishi:GeneticsOfTheUnconscious","floor":14},{"not_picked":["Koishi:HeartStoppingHorror","Koishi:RoseHell"],"picked":"Koishi:PerfectMindControl","floor":16},{"not_picked":["Koishi:MassHysteria","Koishi:CatchAndRose","Koishi:UnconsciousUprising"],"picked":"SKIP","floor":18},{"not_picked":["Koishi:CatchAndRose","Koishi:PhantomStrike"],"picked":"Koishi:Whimsy","floor":21},{"not_picked":["Koishi:DreadfulBlow","Koishi:Catatonia"],"picked":"Koishi:ReflexRadar","floor":22},{"not_picked":["Koishi:BloodcurdlingScream","Koishi:SubconsciousSweep"],"picked":"Koishi:FleetingPhantom","floor":23},{"not_picked":["Koishi:JumpScare+1","Koishi:PhantomStrike","Koishi:UnconsciousUprising"],"picked":"SKIP","floor":25},{"not_picked":["Koishi:DNAsFlaw","Koishi:FourthEye"],"picked":"Koishi:HeartfeltFancy","floor":28},{"not_picked":["Koishi:HeartAttack+1","Koishi:PredatoryInstincts"],"picked":"Koishi:DNAsFlaw","floor":30}],"player_experience":451385,"relics_obtained":[{"floor":9,"key":"Koishi:AHoleWhereASisterShouldBe"},{"floor":10,"key":"Koishi:TeethAndClaws"},{"floor":23,"key":"Lantern"},{"floor":26,"key":"Molten Egg 2"},{"floor":30,"key":"PureWhite:ReiMu"},{"floor":31,"key":"Bronze Scales"}],"event_choices":[],"is_beta":false,"boss_relics":[{"not_picked":["Koishi:ColorfulDays","Snecko Eye"],"picked":"Pandora\u0027s Box"}],"items_purged_floors":[8],"is_endless":false,"potions_floor_spawned":[1,3,10,22,23,30],"killed_by":"Gensokyo:Eternal_Rivals","ascension_level":0}}