{"host":"g3js2eermvvpeiqn","time":1613658926,"event":{"mods":["BaseMod","DeckTracker","Downfall","Minty Spire (QoL Compilation)","Quick Restart","StSLib"],"gold_per_floor":[117,42,57,57,57,88,101,127,207,207,107,137,137,52,52,52,52],"floor_reached":16,"language":"ENG","playtime":1089,"items_purged":["Strike_G","Strike_G"],"score":282,"play_id":"bb40407f-b94b-443e-b4cd-88f862e1cfd5","local_time":"20210218083526","is_ascension_mode":true,"campfire_choices":[{"floor":10.0,"key":"REST"},{"floor":15,"key":"REST"}],"circlet_count":0,"master_deck":["AscendersBane","Strike_G","Strike_G+1","Strike_G","Defend_G","Defend_G","Defend_G","Defend_G","Survivor","Neutralize","Dagger Throw+1","Well Laid Plans","Crippling Poison","Acrobatics","PiercingWail","Dodge and Roll","Noxious Fumes"],"relics":["Ring of the Snake","NeowsBlessing","Prayer Wheel","Whetstone","StrikeDummy","Calipers","Golden Idol"],"acts_visited":["Exordium"],"potions_floor_usage":[12],"damage_taken":[{"damage":0.0,"enemies":"Jaw Worm","floor":1.0,"turns":1.0},{"damage":0.0,"enemies":"2 Louse","floor":3.0,"turns":1.0},{"damage":0.0,"enemies":"Gremlin Nob","floor":6.0,"turns":1.0},{"damage":11.0,"enemies":"Small Slimes","floor":7.0,"turns":4.0},{"damage":27.0,"enemies":"3 Sentries","floor":8.0,"turns":11.0},{"damage":38,"enemies":"Gremlin Nob","floor":12,"turns":5},{"damage":21,"enemies":"Hexaghost","floor":16,"turns":9}],"seed_played":"-8623674274363427195","potions_obtained":[{"floor":3.0,"key":"Fire Potion"},{"floor":6.0,"key":"CunningPotion"},{"floor":8.0,"key":"Swift Potion"}],"is_trial":false,"path_per_floor":["M","$","M","?","?","E","M","E","T","R","$","E","?","$","R","B"],"character_chosen":"THE_SILENT","items_purchased":["Noxious Fumes"],"campfire_rested":2,"item_purchase_floors":[14],"current_hp_per_floor":[59,59,59,52,57,57,46,19,19,40,40,2,2,2,21,0,0],"gold":52,"neow_bonus":"THREE_ENEMY_KILL","is_daily":false,"chose_seed":false,"campfire_upgraded":0,"win_rate":0.0,"timestamp":1613658926,"path_taken":["M","$","M","?","?","E","M","E","T","R","$","E","?","$","R","BOSS"],"items_purchased_type":["Card"],"build_version":"2020-12-22","purchased_purges":2,"victory":false,"max_hp_per_floor":[66,66,66,66,71,71,71,71,71,71,71,71,64,64,64,64,64],"card_choices":[{"not_picked":["Underhanded Strike","Sucker Punch"],"picked":"Dagger Throw","floor":1.0},{"not_picked":["Footwork","PiercingWail"],"picked":"Well Laid Plans","floor":3.0},{"not_picked":["Caltrops","Escape Plan"],"picked":"Crippling Poison","floor":6.0},{"not_picked":["Predator","Masterful Stab"],"picked":"Acrobatics","floor":7.0},{"not_picked":["Infinite Blades","Setup","Expertise"],"picked":"SKIP","floor":7.0},{"not_picked":["Acrobatics","Choke"],"picked":"PiercingWail","floor":8.0},{"not_picked":["Bane","Concentrate"],"picked":"Dodge and Roll","floor":12}],"player_experience":1478291,"relics_obtained":[{"floor":6.0,"key":"Prayer Wheel"},{"floor":8.0,"key":"Whetstone"},{"floor":9.0,"key":"StrikeDummy"},{"floor":12,"key":"Calipers"}],"event_choices":[{"cards_removed":["Defend_G"],"damage_healed":0.0,"max_hp_gain":0.0,"max_hp_loss":0.0,"gold_gain":0.0,"event_name":"Golden Wing","player_choice":"Card Removal","floor":4.0,"gold_loss":0.0,"damage_taken":7.0},{"damage_healed":0.0,"max_hp_gain":5.0,"max_hp_loss":0.0,"gold_gain":0.0,"event_name":"Big Fish","player_choice":"Donut","floor":5.0,"gold_loss":0.0,"damage_taken":0.0},{"damage_healed":0,"gold_gain":0,"player_choice":"Lose Max HP","damage_taken":0,"relics_obtained":["Golden Idol"],"max_hp_gain":0,"max_hp_loss":7,"event_name":"Golden Idol","floor":13,"gold_loss":0}],"is_beta":false,"boss_relics":[],"items_purged_floors":[2,11],"is_endless":false,"potions_floor_spawned":[3,6,8],"killed_by":"Hexaghost","ascension_level":20}}