{"host":"ufhw4cf0hh51lveu","time":1613616266,"event":{"mods":["BaseMod","DeckTracker","Minty Spire (QoL Compilation)","SuperFastMode"],"gold_per_floor":[111,111,91,65,77,77,94,94,117,117,90,90,103,120,120,222,222,238,115,135,35,134,134,148,148,173,48,48,64,154,171,171,269,269,289,289,309,132,42,42,73,73,73,90,105,105,120,140,140,140],"floor_reached":51,"language":"KOR","playtime":1228,"items_purged":["Strike_R","Strike_R","Strike_R"],"score":692,"play_id":"07332bc2-6aa4-4bf0-8ed9-f59ff9a59bfd","local_time":"20210218114426","is_ascension_mode":false,"campfire_choices":[{"data":"Trip","floor":6,"key":"SMITH"},{"data":"Heavy Blade","floor":8,"key":"SMITH"},{"data":"Flex","floor":10,"key":"SMITH"},{"data":"Sword Boomerang","floor":12,"key":"SMITH"},{"data":"Bash","floor":15,"key":"SMITH"},{"data":"Reaper","floor":23,"key":"SMITH"},{"data":"Inflame","floor":25,"key":"SMITH"},{"data":"Cleave","floor":28,"key":"SMITH"},{"data":"Limit Break","floor":32,"key":"SMITH"},{"data":"Impervious","floor":40,"key":"SMITH"},{"data":"Iron Wave","floor":42,"key":"SMITH"},{"data":"Thunderclap","floor":46,"key":"SMITH"},{"data":"Headbutt","floor":49,"key":"SMITH"}],"circlet_count":0,"master_deck":["Strike_R","Defend_R+1","Defend_R","Defend_R","Defend_R+1","Bash+1","Trip+1","Heavy Blade+1","Flex+1","Thunderclap+1","Sword Boomerang+1","Headbutt+1","Reaper+1","Iron Wave+1","Cleave+1","Inflame+1","Limit Break+1","Headbutt","Impervious+1","Anger+1","Shrug It Off+1","Flex+1","Twin Strike+1"],"relics":["Burning Blood","MealTicket","Coffee Dripper","Happy Flower","SlaversCollar","War Paint","Kunai","Darkstone Periapt"],"acts_visited":["Exordium","TheCity","TheBeyond"],"potions_floor_usage":[16,16,24,29,31,37,37,41,44,47],"damage_taken":[{"damage":0,"enemies":"Small Slimes","floor":1,"turns":3},{"damage":6,"enemies":"Jaw Worm","floor":5,"turns":3},{"damage":0,"enemies":"Cultist","floor":7,"turns":2},{"damage":0,"enemies":"Large Slime","floor":13,"turns":4},{"damage":6,"enemies":"Exordium Wildlife","floor":14,"turns":3},{"damage":53,"enemies":"The Guardian","floor":16,"turns":9},{"damage":35,"enemies":"2 Thieves","floor":18,"turns":4},{"damage":10,"enemies":"Chosen","floor":20,"turns":2},{"damage":17,"enemies":"Snake Plant","floor":24,"turns":3},{"damage":6,"enemies":"3 Cultists","floor":29,"turns":3},{"damage":20,"enemies":"Centurion and Healer","floor":31,"turns":4},{"damage":37,"enemies":"Champ","floor":33,"turns":6},{"damage":18,"enemies":"Orb Walker","floor":35,"turns":3},{"damage":14,"enemies":"3 Shapes","floor":37,"turns":4},{"damage":30,"enemies":"Reptomancer","floor":41,"turns":6},{"damage":21,"enemies":"Maw","floor":44,"turns":6},{"damage":0,"enemies":"Jaw Worm Horde","floor":45,"turns":3},{"damage":21,"enemies":"4 Shapes","floor":47,"turns":4},{"damage":34,"enemies":"Sphere and 2 Shapes","floor":48,"turns":5},{"damage":89,"enemies":"Donu and Deca","floor":50,"turns":9}],"seed_played":"9091795328072732191","potions_obtained":[{"floor":1,"key":"PowerPotion"},{"floor":3,"key":"LiquidMemories"},{"floor":13,"key":"BlessingOfTheForge"},{"floor":16,"key":"Ancient Potion"},{"floor":18,"key":"FairyPotion"},{"floor":24,"key":"Fire Potion"},{"floor":29,"key":"Fire Potion"},{"floor":31,"key":"EntropicBrew"},{"floor":37,"key":"PowerPotion"},{"floor":41,"key":"DistilledChaos"},{"floor":45,"key":"Regen Potion"}],"is_trial":false,"path_per_floor":["M","?","?","$","M","R","M","R","T","R","$","R","M","M","R","B",null,"M","$","M","$","?","R","M","R","T","$","R","M","?","M","R","B",null,"M","?","M","$","?","R","E","R","T","M","M","R","M","M","R","B",null],"character_chosen":"IRONCLAD","items_purchased":["Heavy Blade","Sword Boomerang","Cleave","Flex","War Paint"],"campfire_rested":0,"item_purchase_floors":[4,11,19,38,38],"current_hp_per_floor":[80,80,80,80,80,80,80,80,80,80,80,80,80,80,80,33,80,63,78,74,80,80,80,69,69,69,80,80,80,62,48,48,24,80,78,78,80,80,80,80,56,56,56,41,53,53,67,55,55,18],"gold":140,"neow_bonus":"RANDOM_COLORLESS","is_daily":false,"chose_seed":false,"campfire_upgraded":13,"win_rate":0.0,"timestamp":1613616266,"path_taken":["M","?","?","$","?","R","M","R","T","R","$","R","M","M","R","BOSS","M","$","M","$","?","R","M","R","T","$","R","M","?","M","R","BOSS","M","?","M","$","?","R","E","R","T","?","M","R","M","M","R","BOSS"],"items_purchased_type":["Card","Card","Card","Card","Relic"],"build_version":"2020-12-22","purchased_purges":3,"victory":true,"max_hp_per_floor":[80,80,80,80,80,80,80,80,80,80,80,80,80,80,80,80,80,80,80,80,80,80,80,80,80,80,80,80,80,80,80,80,80,80,80,80,80,80,80,80,80,80,80,80,80,80,80,80,80,80],"card_choices":[{"not_picked":["Jack Of All Trades","Bandage Up"],"picked":"Trip","floor":0},{"not_picked":["Rampage","True Grit","Burning Pact"],"picked":"SKIP","floor":1},{"not_picked":["Spot Weakness","Anger"],"picked":"Flex","floor":5},{"not_picked":["Clash","Perfected Strike"],"picked":"Thunderclap","floor":7},{"not_picked":["Anger","Perfected Strike"],"picked":"Headbutt","floor":13},{"not_picked":["Clash","Reckless Charge","Wild Strike"],"picked":"SKIP","floor":14},{"not_picked":["Exhume","Immolate"],"picked":"Reaper","floor":16},{"not_picked":["Entrench","Dark Embrace"],"picked":"Iron Wave","floor":18},{"not_picked":["Havoc","Cleave","Body Slam"],"picked":"SKIP","floor":20},{"not_picked":["Armaments","True Grit"],"picked":"Inflame","floor":24},{"not_picked":["Body Slam","Clothesline"],"picked":"Limit Break","floor":29},{"not_picked":["Cleave","Blood for Blood"],"picked":"Headbutt","floor":31},{"not_picked":["Feed","Exhume"],"picked":"Impervious","floor":33},{"not_picked":["Bloodletting","Sever Soul+1"],"picked":"Anger+1","floor":35},{"not_picked":["Metallicize","Feel No Pain"],"picked":"Shrug It Off+1","floor":37},{"not_picked":["Hemokinesis+1","Perfected Strike+1","Second Wind+1"],"picked":"SKIP","floor":41},{"not_picked":["Rage+1","True Grit+1","Wild Strike+1"],"picked":"SKIP","floor":44},{"not_picked":["Headbutt+1","Blood for Blood","Power Through"],"picked":"SKIP","floor":45},{"not_picked":["Havoc","Iron Wave+1"],"picked":"Twin Strike+1","floor":47},{"not_picked":["Bloodletting+1","Seeing Red+1","Thunderclap+1"],"picked":"SKIP","floor":48}],"player_experience":32544,"relics_obtained":[{"floor":9,"key":"MealTicket"},{"floor":26,"key":"Happy Flower"},{"floor":41,"key":"Kunai"},{"floor":43,"key":"Darkstone Periapt"}],"event_choices":[{"damage_healed":0,"gold_gain":0,"player_choice":"Ignored","damage_taken":0,"max_hp_gain":0,"max_hp_loss":0,"event_name":"Liars Game","floor":2,"gold_loss":0},{"damage_healed":0,"gold_gain":0,"player_choice":"Bought 1 Potion","damage_taken":0,"max_hp_gain":0,"max_hp_loss":0,"event_name":"The Woman in Blue","floor":3,"gold_loss":0},{"damage_healed":0,"gold_gain":99,"player_choice":"Stole From Cult","damage_taken":0,"max_hp_gain":0,"max_hp_loss":0,"event_name":"Nest","floor":22,"gold_loss":0},{"damage_healed":0,"gold_gain":90,"player_choice":"POTION GOLD ","damage_taken":18,"max_hp_gain":0,"max_hp_loss":0,"event_name":"Knowing Skull","floor":30,"potions_obtained":["DistilledChaos"],"gold_loss":0,"cards_obtained":[]},{"damage_healed":0,"gold_gain":0,"player_choice":"Ignored","damage_taken":0,"max_hp_gain":0,"max_hp_loss":0,"event_name":"Mysterious Sphere","floor":36,"gold_loss":0},{"cards_removed":["Strike_R"],"damage_healed":0,"gold_gain":0,"player_choice":"Upgrade and Remove","damage_taken":0,"max_hp_gain":0,"max_hp_loss":0,"event_name":"Designer","floor":39,"gold_loss":90,"cards_upgraded":["Flex"]}],"is_beta":false,"boss_relics":[{"not_picked":["Cursed Key","Runic Cube"],"picked":"Coffee Dripper"},{"not_picked":["Empty Cage","Runic Dome"],"picked":"SlaversCollar"}],"items_purged_floors":[19,21,27],"is_endless":false,"potions_floor_spawned":[1,13,16,18,24,29,31,35,37,41,45],"ascension_level":0}}