{"host":"i73ch23exsqar74a","time":1613635450,"event":{"mods":["AchievementEnabler","Act Like it!","Arknights","Aspiration","Astrologer","Bard","Bartender","BaseMod","Beaked The Cultist","Better Sensory Stone","CCEM2","CapriCore","Challenge The Spire","ChefMod","Chen","Colored Map","Colored Powertips","Conjunction","Conspire","Downfall","Fireblade Mod","FutureSeer","GifTheSpireLib","Glutton Mod","Gremlin Mod","Halation","Hermit","Highlight Path","HololiveMod","Hubris","Infinite Spire","Jedi Mod","Lobotomy","LobotomyExtend","Luminous","Marked Mod","Minty Spire (QoL Compilation)","Prisma Mod","Quarter Circle Forward PUNCH!","Quick Restart","Random Character Button","RatMod","Relic Sorter","Reliquary","Replay The Spire","Ruina","SOS???????","Shade Mod","Spicy Shops","Spikes Relics","Spire Arcade","StSLib","Stuff the Spire","The Alterego","The Animator","The Bug Knight","The Construct","The Cursed","The Druid","The Exalted","The Immortal","The Judge","The Poker Player","The Sage","The Wild Card","TheHero","TheSwordswoman","TheVacant","TheVelvet","Thieving Mod","Yuri Mod","???Mod??????Boss","???mod?????"],"gold_per_floor":[110,133,167,178,178,225,225,263,263,263,263,291,291,309,309,410,410,428,428,443,462,473,473,511,25,25,25,36,36,36],"floor_reached":29,"language":"ENG","playtime":1110,"items_purged":[],"score":328,"play_id":"d5ab5228-5863-4f1e-a60d-6b11b249fb63","local_time":"20210218120410","is_ascension_mode":true,"campfire_choices":[{"floor":7,"key":"REST"},{"data":"animator:Konayuki","floor":13,"key":"SMITH"},{"data":"animator:Laby","floor":15,"key":"SMITH"},{"data":"animator:Sora","floor":23,"key":"SMITH"},{"data":"ruina:GoldRush","floor":27,"key":"SMITH"}],"circlet_count":0,"master_deck":["animator:Strike_Fate","animator:Defend_Fate","animator:Strike","animator:Strike+1","animator:Defend","animator:Defend","animator:Alexander","animator:Rider","animator:Canti+1","animator:Rena+1","animator:UneriGinkaku+1","animator:Emonzaemon","animator:Laby+1","animator:Assassin","animator:Konayuki","downfall:Aged","infinitespire:Gouge+1","animator:Konayuki+1","animator:Sora+1","animator:Archer","Doubt","animator:KyokoSakura","animator:Raven","animator:Cocytus+1","animator:MumenRider","ruina:BlindRage","ruina:Harvest","ruina:Nihil","animator:Saber","ruina:FadedMemories","ruina:GoldRush+1"],"relics":["animator:LivingPicture","animator:TheMissingPiece","LetterFromLob","conspire:Boomerang","Juzu Bracelet","The Courier","Ginger","HonorFeather","Heaven_r","infinitespire:BottledMercury","halation:HeavySnake","jedi:gremlinknob","aspiration:ChemicalBlood","hubris:Potato"],"acts_visited":["Exordium","Exordium"],"potions_floor_usage":[10,12,21,28,29],"damage_taken":[{"damage":5,"enemies":"2 Louse","floor":1,"turns":3},{"damage":2,"enemies":"Jaw Worm","floor":2,"turns":4},{"damage":14,"enemies":"conspire:MimicChest","floor":3,"turns":6},{"damage":1,"enemies":"Cultist","floor":4,"turns":3},{"damage":22,"enemies":"Lagavulin","floor":6,"turns":5},{"damage":15,"enemies":"3 Sentries","floor":8,"turns":6},{"damage":0,"enemies":"Large Slime","floor":10,"turns":1},{"damage":50,"enemies":"Large Slime","floor":10,"turns":3},{"damage":0,"enemies":"Gremlin Nob","floor":12,"turns":3},{"damage":0,"enemies":"Large Slime","floor":14,"turns":3},{"damage":10,"enemies":"Slime Boss","floor":16,"turns":7},{"damage":24,"enemies":"ruina:BadWolf","floor":18,"turns":2},{"damage":13,"enemies":"ruina:2_Scarecrows","floor":20,"turns":3},{"damage":15,"enemies":"ruina:QueenOfHate","floor":21,"turns":3},{"damage":9,"enemies":"ruina:KingOfGreed","floor":22,"turns":3},{"damage":33,"enemies":"ruina:RoadHome","floor":24,"turns":7},{"damage":19,"enemies":"ruina:Woodsman","floor":28,"turns":3},{"damage":52,"enemies":"ruina:Mountain","floor":29,"turns":3}],"seed_played":"-5681009650962881060","potions_obtained":[{"floor":3,"key":"Death Potion"},{"floor":6,"key":"LiquidMemories"},{"floor":14,"key":"Dexterity Potion"},{"floor":20,"key":"Doom Potion"},{"floor":22,"key":"Adrenaline Potion"},{"floor":28,"key":"SteroidPotion"},{"floor":29,"key":"hexamod:SoulburnPotion"}],"is_trial":false,"path_per_floor":["M","M","?","M","?","E","R","E","T","M","?","E","R","M","R","B",null,"M","?","M","M","M","R","E","$","T","R","M","E"],"character_chosen":"THE_ANIMATOR","items_purchased":["ruina:BlindRage","ruina:Harvest","ruina:Nihil","animator:Saber","ruina:FadedMemories","ruina:GoldRush"],"campfire_rested":1,"item_purchase_floors":[25,25,25,25,25,25],"current_hp_per_floor":[61,59,46,45,45,23,43,28,28,17,17,17,67,67,67,57,67,44,44,31,16,7,68,35,35,35,68,49,0,0],"gold":36,"neow_bonus":"RANDOM_COLORLESS","is_daily":false,"chose_seed":false,"campfire_upgraded":4,"win_rate":0.0,"timestamp":1613635450,"path_taken":["M","M","?","M","?","E","R","E","T","M","?","E","R","M","R","BOSS","M","?","M","M","M","R","E","?","T","R","M","E"],"items_purchased_type":["Card","Card","Card","Card","Card","Card"],"build_version":"2020-12-22","purchased_purges":0,"victory":false,"max_hp_per_floor":[66,66,67,67,67,67,67,67,67,67,67,67,67,67,67,67,67,68,68,68,68,68,68,68,68,68,68,68,68,68],"card_choices":[{"not_picked":["animator:Urushihara","animator:MisaKurobane"],"picked":"animator:Canti","floor":0},{"not_picked":["animator:Elsword","animator:Demiurge"],"picked":"animator:Rena","floor":1},{"not_picked":["animator:Togame","animator:DolaSchwi"],"picked":"animator:UneriGinkaku","floor":2},{"not_picked":["animator:Hitei","animator:Jibril"],"picked":"animator:Emonzaemon","floor":3},{"not_picked":["animator:MamiTomoe","animator:RinTohsaka"],"picked":"animator:Laby","floor":4},{"not_picked":["animator:Rider","animator:SakuraMatou"],"picked":"animator:Assassin","floor":6},{"not_picked":["animator:Chung","animator:ZankiKiguchi"],"picked":"animator:Konayuki","floor":8},{"not_picked":["ReplayTheSpireMod:??????????????????????","infinitespire:NeuralNetwork"],"picked":"infinitespire:Gouge","floor":11},{"not_picked":["animator:Azekura","animator:Sonic"],"picked":"animator:Konayuki","floor":12},{"not_picked":["animator:Laby","animator:Assassin","animator:Jibril"],"picked":"SKIP","floor":14},{"not_picked":["animator:HomuraAkemi","animator:Boros"],"picked":"animator:Sora","floor":16},{"not_picked":["animator:Rider","animator:Illya"],"picked":"animator:Archer","floor":18},{"not_picked":["animator:OrikoMikuni","animator:Evileye"],"picked":"animator:KyokoSakura","floor":20},{"not_picked":["animator:Ara","animator:Add"],"picked":"animator:Raven","floor":21},{"not_picked":["animator:ShinjiMatou","animator:Elsword"],"picked":"animator:Cocytus","floor":22},{"not_picked":["animator:Sonic","animator:Geryuganshoop"],"picked":"animator:MumenRider","floor":24},{"not_picked":["animator:Togame","animator:Laby","animator:ZankiKiguchi"],"picked":"SKIP","floor":28}],"player_experience":1480104,"relics_obtained":[{"floor":1,"key":"LetterFromLob"},{"floor":3,"key":"conspire:Boomerang"},{"floor":6,"key":"Juzu Bracelet"},{"floor":8,"key":"The Courier"},{"floor":9,"key":"Ginger"},{"floor":12,"key":"infinitespire:BottledMercury"},{"floor":24,"key":"aspiration:ChemicalBlood"},{"floor":26,"key":"hubris:Potato"}],"event_choices":[],"is_beta":false,"boss_relics":[{"not_picked":["halation:ForbiddenBikini","reliquary:Craggleroot"],"picked":"halation:HeavySnake"}],"items_purged_floors":[],"is_endless":false,"potions_floor_spawned":[3,6,10,10,14,20,22,28],"killed_by":"ruina:Mountain","ascension_level":1}}