{"host":"6bsan6hkua32tfq7","time":1613681027,"event":{"mods":["BaseMod","Better Third Choice","Colored Map","Highlight Path","Minty Spire (QoL Compilation)","StSLib"],"gold_per_floor":[118,138,149,160,175,206,206,235,294,306,330,354,331,360,372,460,472,499,511,523,546,573,585,487,532,544,556,588,600,612,612],"floor_reached":30,"language":"ENG","playtime":721,"items_purged":[],"score":603,"play_id":"23757ffb-9e14-468c-9772-e2082989ae88","local_time":"20210218214347","is_ascension_mode":true,"campfire_choices":[{"data":"Consecrate","floor":7,"key":"SMITH"},{"data":"Eruption","floor":15,"key":"SMITH"},{"data":"Study","floor":23,"key":"SMITH"},{"data":"Ghostly","floor":27,"key":"SMITH"},{"data":"Ghostly","floor":29,"key":"SMITH"}],"circlet_count":0,"master_deck":["AscendersBane","Defend_P+1","Defend_P+1","Defend_P","Eruption+1","Vigilance","ReachHeaven","FollowUp","CarveReality","LikeWater+1","BowlingBash+1","Consecrate+1","Study+1","ClearTheMind+1","LessonLearned","PathToVictory+1","Bite","Bite","Bite+1","Bite","Bite","Ghostly+1","Ghostly","Ghostly+1"],"relics":["Coffee Dripper","Kunai","MawBank","Whetstone","Black Star","Mummified Hand","Akabeko","Pantograph"],"acts_visited":["Exordium","TheCity"],"potions_floor_usage":[16,18,18,25,28],"damage_taken":[{"damage":0,"enemies":"Cultist","floor":1,"turns":3},{"damage":3,"enemies":"Small Slimes","floor":2,"turns":2},{"damage":4,"enemies":"2 Louse","floor":3,"turns":2},{"damage":2,"enemies":"2 Fungi Beasts","floor":4,"turns":3},{"damage":30,"enemies":"Exordium Thugs","floor":5,"turns":4},{"damage":15,"enemies":"3 Sentries","floor":6,"turns":4},{"damage":0,"enemies":"Gremlin Nob","floor":8,"turns":2},{"damage":0,"enemies":"Exordium Wildlife","floor":11,"turns":2},{"damage":0,"enemies":"Gremlin Gang","floor":12,"turns":2},{"damage":0,"enemies":"Exordium Thugs","floor":14,"turns":3},{"damage":20,"enemies":"Hexaghost","floor":16,"turns":9},{"damage":25,"enemies":"3 Byrds","floor":18,"turns":4},{"damage":4,"enemies":"2 Thieves","floor":21,"turns":4},{"damage":6,"enemies":"Snake Plant","floor":22,"turns":6},{"damage":3,"enemies":"Gremlin Leader","floor":25,"turns":5},{"damage":5,"enemies":"Sentry and Sphere","floor":28,"turns":5},{"damage":27,"enemies":"Slavers","floor":30,"turns":1}],"seed_played":"-2657344132438755326","potions_obtained":[{"floor":4,"key":"SpeedPotion"},{"floor":5,"key":"DuplicationPotion"},{"floor":8,"key":"Energy Potion"},{"floor":12,"key":"AttackPotion"},{"floor":16,"key":"EssenceOfSteel"},{"floor":18,"key":"Ambrosia"},{"floor":22,"key":"Strength Potion"},{"floor":28,"key":"Dexterity Potion"}],"is_trial":false,"path_per_floor":["M","M","M","M","M","E","R","E","T","$","M","M","?","M","R","B",null,"M","?","?","M","M","R","?","E","T","R","M","R","E"],"character_chosen":"WATCHER","items_purchased":[],"campfire_rested":0,"item_purchase_floors":[],"current_hp_per_floor":[61,58,54,52,22,7,7,7,7,7,7,7,24,24,24,4,52,27,27,23,23,23,23,23,22,22,22,22,22,0,0],"gold":612,"neow_bonus":"BOSS_RELIC","is_daily":false,"chose_seed":false,"campfire_upgraded":5,"win_rate":0.0,"timestamp":1613681027,"path_taken":["M","?","M","M","M","E","R","E","T","$","M","M","?","M","R","BOSS","M","?","?","M","M","R","?","E","T","R","M","R","E"],"items_purchased_type":[],"build_version":"2020-12-22","purchased_purges":0,"victory":false,"max_hp_per_floor":[68,68,68,68,68,68,68,68,68,68,68,68,68,68,68,68,68,68,47,23,23,23,23,23,23,23,23,23,23,23,23],"card_choices":[{"not_picked":["BowlingBash","Consecrate"],"picked":"ReachHeaven","floor":1},{"not_picked":["EmptyFist","ClearTheMind"],"picked":"FollowUp","floor":2},{"not_picked":["FollowUp","Scrawl"],"picked":"CarveReality","floor":3},{"not_picked":["ForeignInfluence","BowlingBash"],"picked":"LikeWater","floor":4},{"not_picked":["JustLucky","EmptyFist"],"picked":"BowlingBash","floor":5},{"not_picked":["Tantrum","Halt"],"picked":"Consecrate","floor":6},{"not_picked":["Halt","Alpha","CutThroughFate"],"picked":"SKIP","floor":8},{"not_picked":["Swivel","BowlingBash","Evaluate"],"picked":"SKIP","floor":11},{"not_picked":["FearNoEvil","FlyingSleeves"],"picked":"Study","floor":12},{"not_picked":["WaveOfTheHand","FollowUp"],"picked":"ClearTheMind","floor":14},{"not_picked":["Vault","Devotion"],"picked":"LessonLearned","floor":16},{"not_picked":["Tantrum+1","WreathOfFlame"],"picked":"PathToVictory+1","floor":18},{"not_picked":["Vengeance","Adaptation","Prostrate"],"picked":"SKIP","floor":21},{"not_picked":["ClearTheMind+1","Pray","Crescendo"],"picked":"SKIP","floor":22},{"not_picked":["DeusExMachina","CutThroughFate","Evaluate"],"picked":"SKIP","floor":25},{"not_picked":["CrushJoints","Crescendo","SashWhip"],"picked":"SKIP","floor":28}],"player_experience":5436460,"relics_obtained":[{"floor":6,"key":"Kunai"},{"floor":8,"key":"MawBank"},{"floor":9,"key":"Whetstone"},{"floor":25,"key":"Mummified Hand"},{"floor":25,"key":"Akabeko"},{"floor":26,"key":"Pantograph"}],"event_choices":[{"damage_healed":17,"gold_gain":0,"player_choice":"Healed","damage_taken":0,"max_hp_gain":0,"max_hp_loss":0,"event_name":"The Cleric","floor":13,"gold_loss":35},{"damage_healed":0,"gold_gain":0,"player_choice":"Became a vampire","damage_taken":0,"max_hp_gain":0,"max_hp_loss":21,"event_name":"Vampires","floor":19,"gold_loss":0,"cards_obtained":["Bite","Bite","Bite","Bite","Bite"]},{"damage_healed":0,"gold_gain":0,"player_choice":"Became a Ghost","damage_taken":0,"max_hp_gain":0,"max_hp_loss":24,"event_name":"Ghosts","floor":20,"gold_loss":0,"cards_obtained":["Ghostly","Ghostly","Ghostly"]},{"cards_removed":["Defend_P"],"damage_healed":0,"gold_gain":0,"player_choice":"Upgrade and Remove","damage_taken":0,"max_hp_gain":0,"max_hp_loss":0,"event_name":"Designer","floor":24,"gold_loss":110,"cards_upgraded":["LikeWater"]}],"is_beta":false,"boss_relics":[{"not_picked":["Runic Pyramid","Astrolabe"],"picked":"Black Star"}],"items_purged_floors":[],"is_endless":false,"potions_floor_spawned":[4,5,8,12,16,18,22,28],"killed_by":"Slavers","ascension_level":20}}