{"host":"rs956zbefct9hzhl","time":1613639014,"event":{"mods":["BaseMod","BetterRewards","Downfall","Minty Spire (QoL Compilation)","Replay The Spire","Shop Mod","Spicy Shops","Spikes Relics","StSLib"],"gold_per_floor":[99,119,138,138,152,163,189,639,732,11,21,21,21,38,70,55,65,164,264,264,283,283,297,313,388,433,444,286,319,335,335,355,399,409,409,409,409],"floor_reached":35,"language":"ENG","playtime":2265,"items_purged":["downfall:Malfunctioning","downfall:Icky"],"score":372,"play_id":"6822be45-2301-486c-a7f9-640aa53bfb44","local_time":"20210218100334","is_ascension_mode":true,"campfire_choices":[{"floor":1,"key":"DIG"},{"floor":20,"key":"RECALL"}],"circlet_count":0,"master_deck":["bronze:Strike","bronze:Strike","bronze:Strike","bronze:Defend","bronze:Defend","bronze:Replicate","bronze:Goto","bronze:HyperBeam+1","bronze:Flail","bronze:ChosenStrike","bronze:BurnOut","bronze:Assembly+1","bronze:SpaghettiCode","bronze:Deprecate","bronze:Fortify","Pot Of Greed","Pot Of Greed","downfall:Icky","downfall:Icky","bronze:Repair","bronze:Terminator","bronze:RecursiveStrike","expansioncontent:StudyTheSpire","bronze:FineTuning","Pot Of Greed","bronze:Shell","bronze:Repair","bronze:MaxOutput","bronze:ShipIt","bronze:ChildClass","bronze:FineTuning+1","bronze:FindAndReplace","bronze:BuggyMess+1","bronze:Terminator+1","BlessedFruit","BlessedFruit","bronze:DelayedGuard+1","Pot Of Greed"],"relics":["bronze:BronzeCore","Pen Nib","Grinning Jar","Simple Rune","Guide Book","Bag of Marbles","BlackRope","Replay:Wanted Poster","Omamori","Guardian:PocketSentry","Potion Belt","PreservedInsect","HeavenlyBonsai"],"acts_visited":["Exordium","TheCity"],"potions_floor_usage":[6,11,15,16,16,16,18,18,21,27,32,32,33,35,35],"damage_taken":[{"damage":2,"enemies":"Small Slimes","floor":2,"turns":4},{"damage":0,"enemies":"Cultist","floor":3,"turns":2},{"damage":7,"enemies":"2 Louse","floor":5,"turns":2},{"damage":12,"enemies":"Exordium Thugs","floor":6,"turns":3},{"damage":10,"enemies":"downfall:FleeingMerchant","floor":10,"turns":4},{"damage":3,"enemies":"Exordium Wildlife","floor":11,"turns":3},{"damage":10,"enemies":"Large Slime","floor":14,"turns":5},{"damage":11,"enemies":"Lagavulin","floor":15,"turns":7},{"damage":0,"enemies":"downfall:FleeingMerchant","floor":16,"turns":4},{"damage":0,"enemies":"3 Louse","floor":17,"turns":1},{"damage":18,"enemies":"SI_SHIV_ARCHETYPE","floor":18,"turns":5},{"damage":37,"enemies":"3 Byrds","floor":21,"turns":5},{"damage":5,"enemies":"Spheric Guardian","floor":23,"turns":3},{"damage":8,"enemies":"Centurion and Healer","floor":24,"turns":3},{"damage":0,"enemies":"Snecko","floor":27,"turns":2},{"damage":15,"enemies":"downfall:FleeingMerchant","floor":28,"turns":4},{"damage":20,"enemies":"Slavers","floor":29,"turns":3},{"damage":15,"enemies":"Shelled Parasite and Fungi","floor":30,"turns":3},{"damage":0,"enemies":"Chosen and Byrds","floor":32,"turns":4},{"damage":0,"enemies":"downfall:FleeingMerchant","floor":33,"turns":2},{"damage":4,"enemies":"Cultist and Chosen","floor":34,"turns":2},{"damage":54,"enemies":"WA_ARCHETYPE_CALM","floor":35,"turns":8}],"seed_played":"-6106342330248570050","potions_obtained":[{"floor":5,"key":"Energy Potion"},{"floor":6,"key":"sneckomod:MuddlingPotion"},{"floor":11,"key":"EssenceOfSteel"},{"floor":15,"key":"EntropicBrew"},{"floor":17,"key":"Death Potion"},{"floor":18,"key":"DistilledChaos"},{"floor":21,"key":"Fire Potion"},{"floor":22,"key":"CultistPotion"},{"floor":23,"key":"Death Potion"},{"floor":29,"key":"Energy Potion"},{"floor":30,"key":"DuplicationPotion"},{"floor":32,"key":"Explosive Potion"},{"floor":34,"key":"EntropicBrew"}],"is_trial":false,"path_per_floor":["R","M","M","?","M","M","T","?","?","$","M","PTL","PTL","M","E","$","M","B",null,"R","M","?","M","M","?","T","M","$","E","M","T","M","$","M","B"],"character_chosen":"THE_AUTOMATON","items_purchased":["Guide Book","Bag of Marbles","expansioncontent:StudyTheSpire","Guardian:PocketSentry","HeavenlyBonsai"],"campfire_rested":0,"item_purchase_floors":[10,10,10,28,33],"current_hp_per_floor":[70,68,68,68,61,49,49,49,21,18,15,15,15,12,8,22,22,12,70,70,40,40,35,27,27,27,34,33,13,12,12,26,34,38,0,0,0],"gold":409,"neow_bonus":"ONE_RANDOM_RARE_CARD","is_daily":false,"chose_seed":false,"campfire_upgraded":0,"win_rate":0.0,"timestamp":1613639014,"path_taken":["R","M","M","?","?","M","T","?","?","$","M","PTL","PTL","M","E","$","M","BOSS","R","M","?","M","M","?","T","M","$","E","?","?","M","$","M","BOSS"],"items_purchased_type":["Relic","Relic","Card","Relic","Relic"],"build_version":"2020-12-22","purchased_purges":2,"victory":false,"max_hp_per_floor":[70,70,70,70,70,70,70,70,70,70,70,70,70,70,70,70,70,70,70,70,70,70,70,70,70,70,70,70,70,70,70,70,70,71,73,73,73],"card_choices":[{"not_picked":["bronze:WildBeam","bronze:MaxOutput"],"picked":"bronze:Flail","floor":2},{"not_picked":["bronze:WildBeam","bronze:BitShift"],"picked":"bronze:ChosenStrike","floor":3},{"not_picked":["bronze:OilSpill","bronze:DelayedSlice"],"picked":"bronze:Deprecate","floor":5},{"not_picked":["bronze:OilSpill","bronze:WildBeam"],"picked":"bronze:Fortify","floor":6},{"not_picked":["bronze:Separator","bronze:CutThrough"],"picked":"bronze:Repair","floor":9},{"not_picked":["bronze:Separator","bronze:Hardcode"],"picked":"bronze:Terminator","floor":9},{"not_picked":["bronze:Repulsor","bronze:Frontload"],"picked":"bronze:RecursiveStrike","floor":10},{"not_picked":["bronze:CutThrough","bronze:Frontload"],"picked":"bronze:FineTuning","floor":11},{"not_picked":["bronze:Return","bronze:DigitalCarnage"],"picked":"bronze:Shell","floor":14},{"not_picked":["bronze:BuggyMess","bronze:DigitalCarnage"],"picked":"bronze:Repair","floor":15},{"not_picked":["bronze:BurnOut","bronze:DarkDash"],"picked":"bronze:MaxOutput","floor":16},{"not_picked":["bronze:Return","bronze:Constructor","bronze:Frontload"],"picked":"SKIP","floor":17},{"not_picked":["bronze:Break","bronze:ThunderWave"],"picked":"bronze:ShipIt","floor":18},{"not_picked":["bronze:Iterate","bronze:WhirlingStrike","bronze:Deprecate"],"picked":"SKIP","floor":21},{"not_picked":["bronze:WildBeam+1","bronze:Overheat"],"picked":"bronze:ChildClass","floor":23},{"not_picked":["bronze:Constructor","bronze:WhirlingStrike","bronze:Terminator"],"picked":"SKIP","floor":24},{"not_picked":["bronze:ChildClass","bronze:Turbo+1"],"picked":"bronze:FineTuning+1","floor":27},{"not_picked":["bronze:Terminator","bronze:Turbo"],"picked":"bronze:FindAndReplace","floor":28},{"not_picked":["bronze:Frontload+1","bronze:Boost"],"picked":"bronze:BuggyMess+1","floor":29},{"not_picked":["bronze:Terminator","bronze:BronzeArmor","bronze:Fortify"],"picked":"SKIP","floor":30},{"not_picked":["bronze:Deprecate","bronze:Turbo","bronze:DarkDash+1"],"picked":"SKIP","floor":32},{"not_picked":["bronze:ForLoop","bronze:Assembly"],"picked":"bronze:Terminator+1","floor":33},{"not_picked":["bronze:Overheat+1","bronze:Separator"],"picked":"bronze:DelayedGuard+1","floor":34}],"player_experience":529748,"relics_obtained":[{"floor":1,"key":"Pen Nib"},{"floor":7,"key":"Grinning Jar"},{"floor":9,"key":"Simple Rune"},{"floor":15,"key":"BlackRope"},{"floor":26,"key":"Omamori"},{"floor":29,"key":"Potion Belt"},{"floor":31,"key":"PreservedInsect"}],"event_choices":[],"is_beta":false,"boss_relics":[{"not_picked":["Sozu","Empty Cage"],"picked":"Replay:Wanted Poster"}],"items_purged_floors":[10,10],"is_endless":false,"potions_floor_spawned":[5,6,11,15,17,18,21,23,29,30,32,34],"killed_by":"WA_ARCHETYPE_CALM","ascension_level":1}}