{"host":"qxeepl7ydvsgmfdb","time":1613617773,"event":{"mods":["AchievementEnabler","BaseMod","Colored Powertips","Minty Spire (QoL Compilation)","Quick Restart","slay the spire mod where everything is the same but ironclad has a cowboy hat"],"gold_per_floor":[109,109,2,2,2,2,33,53,78,78,96,111,111,111,111],"floor_reached":14,"language":"ENG","playtime":209,"items_purged":[],"score":141,"play_id":"3f0351b1-c739-40ae-b395-90073717db4e","local_time":"20210217220933","is_ascension_mode":true,"campfire_choices":[{"data":"Dualcast","floor":6,"key":"SMITH"}],"circlet_count":0,"master_deck":["Strike_B","Strike_B","Strike_B","Defend_B","Defend_B","Defend_B","Defend_B","Zap+1","Dualcast+1","Cold Snap","Melter","Regret","Leap"],"relics":["Cracked Core","NeowsBlessing","Golden Idol","Blood Vial","Orichalcum","Dream Catcher","WingedGreaves"],"acts_visited":["Exordium"],"potions_floor_usage":[],"damage_taken":[{"damage":0,"enemies":"Small Slimes","floor":1,"turns":1},{"damage":0,"enemies":"3 Sentries","floor":7,"turns":1},{"damage":0,"enemies":"2 Louse","floor":8,"turns":1},{"damage":0,"enemies":"Cultist","floor":11,"turns":3},{"damage":14,"enemies":"Large Slime","floor":12,"turns":6},{"damage":58,"enemies":"Gremlin Nob","floor":14,"turns":4}],"seed_played":"-3762171434120542528","potions_obtained":[{"floor":12,"key":"LiquidBronze"}],"is_trial":false,"path_per_floor":["M","?","$","?","?","R","E","M","T","?","M","M","?","E"],"character_chosen":"DEFECT","items_purchased":["Cold Snap","Melter"],"campfire_rested":0,"item_purchase_floors":[3,3],"current_hp_per_floor":[75,57,57,57,57,57,57,59,59,59,61,49,49,0,0],"gold":111,"neow_bonus":"THREE_ENEMY_KILL","is_daily":false,"chose_seed":false,"campfire_upgraded":1,"win_rate":0.0,"timestamp":1613617773,"path_taken":["M","?","$","?","?","R","E","?","T","?","M","M","?","E"],"items_purchased_type":["Card","Card"],"build_version":"2020-12-22","purchased_purges":0,"victory":false,"max_hp_per_floor":[75,75,75,75,75,75,75,75,75,75,75,75,75,75,75],"card_choices":[{"not_picked":["Barrage","Go for the Eyes","Reinforced Body"],"picked":"SKIP","floor":1},{"not_picked":["Blizzard","Rebound","Stack"],"picked":"SKIP","floor":7},{"not_picked":["Steam Power","Double Energy","Loop"],"picked":"SKIP","floor":8},{"not_picked":["Hello World","Reprogram"],"picked":"Leap","floor":11},{"not_picked":["Recycle","Reinforced Body","Scrape"],"picked":"SKIP","floor":12}],"player_experience":166238,"relics_obtained":[{"floor":7,"key":"Blood Vial"},{"floor":9,"key":"Orichalcum"}],"event_choices":[{"damage_healed":0,"gold_gain":0,"player_choice":"Take Damage","damage_taken":18,"relics_obtained":["Golden Idol"],"max_hp_gain":0,"max_hp_loss":0,"event_name":"Golden Idol","floor":2,"gold_loss":0},{"cards_removed":["Strike_B"],"damage_healed":0,"gold_gain":0,"player_choice":"Forget","damage_taken":0,"max_hp_gain":0,"max_hp_loss":0,"event_name":"Living Wall","floor":4,"gold_loss":0},{"damage_healed":0,"gold_gain":0,"player_choice":"Upgraded","damage_taken":0,"max_hp_gain":0,"max_hp_loss":0,"event_name":"Upgrade Shrine","floor":5,"gold_loss":0,"cards_upgraded":["Zap"]},{"damage_healed":0,"gold_gain":0,"player_choice":"Box","damage_taken":0,"relics_obtained":["Dream Catcher"],"max_hp_gain":0,"max_hp_loss":0,"event_name":"Big Fish","floor":10,"gold_loss":0,"cards_obtained":["Regret"]},{"damage_healed":0,"gold_gain":0,"player_choice":"Gave Potion","damage_taken":0,"relics_obtained":["WingedGreaves"],"max_hp_gain":0,"max_hp_loss":0,"event_name":"WeMeetAgain","floor":13,"gold_loss":0}],"is_beta":false,"boss_relics":[],"items_purged_floors":[],"is_endless":false,"potions_floor_spawned":[12],"killed_by":"Gremlin Nob","ascension_level":5}}