{"host":"lg2j834m1ujxvni0","time":1613622694,"event":{"mods":["AchievementEnabler","BaseMod","Beaked The Cultist","Better Vampires","BetterRewards","Colored Map","Colored Powertips","Conspire","Downfall","Glutton Mod","Googly Eyes","Gremlin Mod","Hermit","Highlight Path","Hubris","Infinite Spire","Marisa????????","Mimic Mod","Minty Spire (QoL Compilation)","Quick Restart","Replay The Spire","Shade Mod","Shop Mod","StSLib","The Bladedancer","The Bug Knight","The Construct","The Cursed","The Death Knight","The Disciple","The Druid","The Elementalist","The Forsaken","The Hayseed","The Hierophant","The IronCluck","The Judge","The Jungle","The Mystic","The Necromancer","The Runesmith","The Servant 0.9.4","The Spell Scribe","The Witch"],"gold_per_floor":[99,113,123,123,398,414,414,445,106,121,135,148,163,163,177,177,177,177],"floor_reached":16,"language":"ENG","playtime":11588,"items_purged":["Regret"],"score":106,"play_id":"8c11690e-3688-4dee-a772-fb3f44398aed","local_time":"20210217233134","is_ascension_mode":false,"campfire_choices":[{"data":"hexamod:Float","floor":1,"key":"SMITH"}],"circlet_count":0,"master_deck":["hexamod:Strike","hexamod:Strike","hexamod:Strike","hexamod:Strike","hexamod:Defend","hexamod:Defend","hexamod:Defend","hexamod:Defend","hexamod:Sear","hexamod:Float+1","hexamod:GhostOfSpireFuture","hexamod:StepThrough","hexamod:GhostOfSpirePast","hexamod:DynamicBlow","hexamod:SearingWound","hexamod:RadiantFlame","hexamod:BacktrackSmack","hexamod:HeatMetal","hexamod:ThermalTransfer","hexamod:WildfireWeapon","hexamod:ThermalTransfer","hexamod:Incineration"],"relics":["m_BronzeBlood","infinitespire:Cubic Diamond","Kunai","hubris:SphereOfDissonance","Pet Ghost","hubris:Icosahedron"],"acts_visited":["Exordium"],"potions_floor_usage":[8,12,16],"damage_taken":[{"damage":7,"enemies":"Cultist","floor":2,"turns":6},{"damage":0,"enemies":"Small Slimes","floor":3,"turns":4},{"damage":5,"enemies":"infinitespire:Voidling","floor":6,"turns":4},{"damage":40,"enemies":"HollowMod:MossKnight","floor":8,"turns":10},{"damage":12,"enemies":"downfall:FleeingMerchant","floor":9,"turns":4},{"damage":9,"enemies":"2 Fungi Beasts","floor":10,"turns":4},{"damage":10,"enemies":"Exordium Thugs","floor":11,"turns":3},{"damage":0,"enemies":"Large Slime","floor":12,"turns":4},{"damage":14,"enemies":"Blue Slaver","floor":13,"turns":3},{"damage":6,"enemies":"Exordium Wildlife","floor":15,"turns":3},{"damage":24,"enemies":"IC_STATUS_ARCHETYPE","floor":16,"turns":4}],"seed_played":"-4545995476245497583","potions_obtained":[{"floor":2,"key":"LiquidMemories"},{"floor":8,"key":"construct:ShiftPotion"},{"floor":11,"key":"Weak Potion"},{"floor":12,"key":"ColorlessPotion"}],"is_trial":false,"path_per_floor":["R","M","M","?","?","M","T","E","$","M","M","M","M","?","M","B"],"character_chosen":"THE_SPIRIT","items_purchased":["Pet Ghost","hexamod:RadiantFlame","hexamod:BacktrackSmack"],"campfire_rested":0,"item_purchase_floors":[9,9,9],"current_hp_per_floor":[77,70,70,70,70,71,71,37,31,28,24,30,22,22,22,0,0,0],"gold":177,"neow_bonus":"TEN_PERCENT_HP_BONUS","is_daily":false,"chose_seed":false,"campfire_upgraded":1,"win_rate":0.0,"timestamp":1613622694,"path_taken":["R","M","M","?","?","M","T","E","$","M","M","M","?","?","M","BOSS"],"items_purchased_type":["Relic","Card","Card"],"build_version":"2020-12-22","purchased_purges":1,"victory":false,"max_hp_per_floor":[77,77,77,77,77,77,77,77,77,77,77,77,77,77,77,77,77,77],"card_choices":[{"not_picked":["hexamod:BurningTouch","hexamod:InspiringFlames"],"picked":"hexamod:GhostOfSpireFuture","floor":2},{"not_picked":["hexamod:Haunt","hexamod:BacktrackSmack"],"picked":"hexamod:StepThrough","floor":3},{"not_picked":["Shrug It Off","bronze:BuggyMess"],"picked":"hexamod:GhostOfSpirePast","floor":6},{"not_picked":["bronze:BugBarrage","hexamod:GhostOfSpireFuture"],"picked":"hexamod:DynamicBlow","floor":8},{"not_picked":["hexamod:NightmareStrike","hexamod:BurningTouch"],"picked":"hexamod:SearingWound","floor":9},{"not_picked":["bronze:BugBarrage","hexamod:Firestarter"],"picked":"hexamod:HeatMetal","floor":10},{"not_picked":["hexamod:GhostLash","hexamod:GhostShield"],"picked":"hexamod:ThermalTransfer","floor":11},{"not_picked":["hexamod:InspiringFlames","Body Slam"],"picked":"hexamod:WildfireWeapon","floor":12},{"not_picked":["Body Slam","hexamod:GhostShield"],"picked":"hexamod:ThermalTransfer","floor":13},{"not_picked":["hexamod:SpectersWail","hexamod:NightmareStrike"],"picked":"hexamod:Incineration","floor":15}],"player_experience":178189,"relics_obtained":[{"floor":7,"key":"Kunai"},{"floor":8,"key":"hubris:SphereOfDissonance"}],"event_choices":[],"is_beta":false,"boss_relics":[],"items_purged_floors":[9],"is_endless":false,"potions_floor_spawned":[2,8,11,12],"killed_by":"IC_STATUS_ARCHETYPE","ascension_level":0}}