{"host":"np4f5reu8f2vit8r","time":1613639004,"event":{"mods":["BaseMod","Bestiary","Curses Come First","Minty Spire (QoL Compilation)","Permanent Neow","Relic Stats","StSLib"],"gold_per_floor":[368,293,293,26,26,62,62,62,62,106,122,137,153,39,39,39,39],"floor_reached":16,"language":"ENG","playtime":502,"items_purged":["Strike_P"],"score":216,"play_id":"fd877e3e-5681-41c4-be4f-adbde0c93fdf","local_time":"20210218220324","is_ascension_mode":true,"campfire_choices":[{"floor":7,"key":"REST"},{"floor":15,"key":"REST"}],"circlet_count":0,"master_deck":["AscendersBane","Strike_P","Strike_P+1","Strike_P+1","Defend_P","Defend_P","Defend_P","Defend_P","Eruption","Vigilance","SashWhip","BattleHymn","Tantrum","Consecrate","Prostrate","Protect","Halt","Wireheading","EmptyBody"],"relics":["PureWater","Bag of Marbles","Golden Idol","Turnip","Matryoshka","Akabeko"],"acts_visited":["Exordium"],"potions_floor_usage":[16],"damage_taken":[{"damage":0,"enemies":"Jaw Worm","floor":1,"turns":4},{"damage":22,"enemies":"Gremlin Nob","floor":6,"turns":3},{"damage":27,"enemies":"3 Sentries","floor":10,"turns":5},{"damage":0,"enemies":"2 Louse","floor":11,"turns":3},{"damage":0,"enemies":"Small Slimes","floor":12,"turns":1},{"damage":0,"enemies":"Red Slaver","floor":13,"turns":2},{"damage":17,"enemies":"The Guardian","floor":16,"turns":7}],"seed_played":"-7337887045120167861","potions_obtained":[{"floor":13,"key":"Fire Potion"}],"is_trial":false,"path_per_floor":["M","$","?","$","?","E","R","?","T","E","M","M","M","$","R","B"],"character_chosen":"WATCHER","items_purchased":["BattleHymn","Bag of Marbles","BlessingOfTheForge","Wireheading","EmptyBody"],"campfire_rested":2,"item_purchase_floors":[4,4,4,14,14],"current_hp_per_floor":[61,61,42,42,42,20,36,28,28,1,1,1,1,1,17,0,0],"gold":39,"neow_bonus":"TWO_FIFTY_GOLD","is_daily":false,"chose_seed":false,"campfire_upgraded":0,"win_rate":0.0,"timestamp":1613639004,"path_taken":["M","$","?","$","?","E","R","?","T","E","?","M","M","?","R","BOSS"],"items_purchased_type":["Card","Relic","Potion","Card","Card"],"build_version":"2020-12-22","purchased_purges":1,"victory":false,"max_hp_per_floor":[62,62,62,62,56,56,56,56,56,56,56,56,56,56,56,56,56],"relic_stats":{"counters":[7,25],"Golden Idol":25,"Turnip":[0],"obtain_stats":[{"Matryoshka":9,"Golden Idol":5,"Turnip":6,"Bag of Marbles":4,"PureWater":0,"Akabeko":10},{"Matryoshka":2,"Golden Idol":1,"Turnip":2,"Bag of Marbles":1,"PureWater":0,"Akabeko":3},{"Matryoshka":7,"Golden Idol":4,"Turnip":7,"Bag of Marbles":4,"PureWater":0,"Akabeko":12}]},"card_choices":[{"not_picked":["PathToVictory","ClearTheMind"],"picked":"SashWhip","floor":1},{"not_picked":["Judgement","WreathOfFlame"],"picked":"Tantrum","floor":6},{"not_picked":["Halt","Blasphemy"],"picked":"Consecrate","floor":10},{"not_picked":["Crescendo","BowlingBash"],"picked":"Prostrate","floor":11},{"not_picked":["Study","FollowUp"],"picked":"Protect","floor":12},{"not_picked":["BowlingBash","Pray"],"picked":"Halt","floor":13}],"player_experience":956463,"relics_obtained":[{"floor":6,"key":"Turnip"},{"floor":9,"key":"Matryoshka"},{"floor":10,"key":"Akabeko"}],"event_choices":[{"damage_healed":0,"gold_gain":0,"player_choice":"Entered Light","damage_taken":19,"max_hp_gain":0,"max_hp_loss":0,"event_name":"Shining Light","floor":3,"gold_loss":0,"cards_upgraded":["Strike_P","Strike_P"]},{"damage_healed":0,"gold_gain":0,"player_choice":"Lose Max HP","damage_taken":0,"relics_obtained":["Golden Idol"],"max_hp_gain":0,"max_hp_loss":6,"event_name":"Golden Idol","floor":5,"gold_loss":0},{"damage_healed":0,"gold_gain":0,"player_choice":"Damaged","damage_taken":8,"max_hp_gain":0,"max_hp_loss":0,"event_name":"Wheel of Change","floor":8,"gold_loss":0}],"is_beta":false,"boss_relics":[],"items_purged_floors":[2],"is_endless":false,"potions_floor_spawned":[13],"killed_by":"The Guardian","ascension_level":20}}