{"host":"sxaoifcprvg3ww0o","time":1613655735,"event":{"mods":["Act Like it!","Arknights","BaseMod","Downfall","GifTheSpireLib","Hermit","KinomotoSakuraMod(ƒæ÷Æ±æ”£)","Lobotomy","LobotomyExtend","Marisa£®ÏF”Í°°ƒß¿Ì…≥£©","Minty Spire (QoL Compilation)","Prisma Mod","Quick Restart","Reimu£®≤©¿ˆ¡È√Œ£©","Reliquary","Remilia£®¿Ÿ√◊¿Ú—«£©","Replay The Spire","StSLib","The Bug Knight","The Senshi","Waifu the Spire","WarShipGirlsR/’ΩΩ¢…Ÿ≈ÆR mod","Yakumo Yukari mod","Youmu£®ªÍ∆«—˝√Œ£©","Yuyuko","°æ“≈ŒÔø®≈∆°øREMEMod"],"gold_per_floor":[114,133,143,160,160,160,194,194,194,210,228,228,188,215,215,311,311,329,343,143,143,153,153,153,153,207,232,249,279,279,279,311,311,311,413,413,430,25,25,85,100,130,146,171,183,227,149,175,187,233,245,257],"floor_reached":53,"language":"ZHS","playtime":5549,"items_purged":["downfall:Bewildered"],"score":970,"play_id":"ea2dc353-eddb-4c1c-8526-21724109c23f","local_time":"20210218214215","is_ascension_mode":false,"campfire_choices":[{"data":"ats:Emotion Absorption","floor":6.0,"key":"SMITH"},{"data":"ats:Blood Oath","floor":8.0,"key":"SMITH"},{"floor":15.0,"key":"DIG"},{"floor":23.0,"key":"DIG"},{"floor":25.0,"key":"DIG"},{"floor":34.0,"key":"REST"},{"floor":49.0,"key":"DIG"},{"floor":51.0,"key":"DIG"}],"circlet_count":0,"master_deck":["ats:Strike C","ats:Strike G","ats:Strike S","ats:Strike V","ats:Armor Crushing Shot","ats:Defend","ats:Defend","ats:Defend","ats:Defend","ats:Emotion Absorption+1","GluttonyofRealm_purpleEX+1","ats:Blood Oath+1","ats:Directed Diagnosis","ats:Ignite","ats:Volcano","ats:Revitalization","ats:Very Hot Blade","ats:Phantom","ats:Ambush","ats:Fractured Body","ats:Flame Of Heaven","ats:Apocalypse+1","ats:Literary Storm","ats:Soul Rend","ats:Guardian Obelisk","ats:Defend Order","ats:Fractured Body","ats:Shadow Raid","ats:Blood Oath+1","REME_PuzzleBox","ats:Shell Defense","ats:Shell Defense+1","ats:Soul Rend","ats:Beaten Up+1","ats:Closed Bolt Burst Fire+1","ats:Charging Defense+1","ats:Cat Scratch+1","ats:Very Hot Blade","ats:Guard Mode","ats:Hook Shot+1","ats:Apocalypse","ats:Shell Defense+1","ats:Hook Shot+1","ats:Explosion Area Strengthen+1","ats:Defend Order+1","ats:Mental Burst+1","ats:Closed Bolt Burst Fire","ats:Ignite","ats:Consecutive Shot Auto+1","ats:Hammer On","ats:Flexible Camouflage","ats:Consecutive Shot Auto+1","ats:Ignite+1"],"relics":["REME_ComplimentaryCards","reliquary:Ember","LetterFromLob","ats:Originium","Meat on the Bone","REME_HourglassOfDeath","Shovel","PaintedHorse:ReiMu","Pen Nib","Singing Bowl","Black Star","ats:Spiritual Recovery","ats:Bonebreaker","reliquary:Aerogel","Peace Pipe","Blue Candle","reliquary:Sod","Dream Catcher","Snack Pack","HollowMod:StagPassRelic","sneckomod:BabySnecko","Replay:Bronze Core","Replay:PocketPolymizer","ats:Lavender","REME_IWantAll","reliquary:PorcupineQuills","Gambling Chip","MawBank","Replay:Towering Pillar of Hats","reliquary:Spinner","reliquary:BoilingFlask","Sundial","StoneCalendar","Replay:Bottled Flurry","reliquary:PrincelyHelmet"],"acts_visited":["Exordium","TheCity","TheBeyond"],"potions_floor_usage":[52,52],"damage_taken":[{"damage":3.0,"enemies":"Jaw Worm","floor":1.0,"turns":4.0},{"damage":0.0,"enemies":"2 Louse","floor":2.0,"turns":2.0},{"damage":0.0,"enemies":"Small Slimes","floor":3.0,"turns":4.0},{"damage":7.0,"enemies":"Looter","floor":4.0,"turns":3.0},{"damage":22.0,"enemies":"Gremlin Nob","floor":7.0,"turns":4.0},{"damage":8.0,"enemies":"2 Fungi Beasts","floor":10.0,"turns":4.0},{"damage":6.0,"enemies":"3 Louse","floor":11.0,"turns":3.0},{"damage":29.0,"enemies":"3 Sentries","floor":14.0,"turns":6.0},{"damage":78.0,"enemies":"Hexaghost","floor":16.0,"turns":11.0},{"damage":15.0,"enemies":"3 Byrds","floor":18.0,"turns":4.0},{"damage":30.0,"enemies":"Spheric Guardian","floor":19.0,"turns":5.0},{"damage":59.0,"enemies":"Chosen and Byrds","floor":22.0,"turns":8.0},{"damage":56.0,"enemies":"Book of Stabbing","floor":27.0,"turns":6.0},{"damage":52.0,"enemies":"Centurion and Healer","floor":28.0,"turns":17.0},{"damage":67.0,"enemies":"Slavers","floor":29.0,"turns":5.0},{"damage":61.0,"enemies":"Gremlin Leader","floor":32.0,"turns":5.0},{"damage":92.0,"enemies":"Collector","floor":35.0,"turns":10.0},{"damage":49.0,"enemies":"3 Darklings","floor":37.0,"turns":6.0},{"damage":14.0,"enemies":"Orb Walker","floor":41.0,"turns":3.0},{"damage":174.0,"enemies":"Giant Head","floor":42.0,"turns":11.0},{"damage":42.0,"enemies":"Sphere and 2 Shapes","floor":43.0,"turns":4.0},{"damage":11.0,"enemies":"HollowMod:StalkingDevout","floor":44.0,"turns":4.0},{"damage":4.0,"enemies":"Nemesis","floor":46.0,"turns":5.0},{"damage":20.0,"enemies":"4 Shapes","floor":47.0,"turns":3.0},{"damage":32.0,"enemies":"Writhing Mass","floor":48.0,"turns":4.0},{"damage":11.0,"enemies":"R_Hoarder","floor":50.0,"turns":6.0},{"damage":142,"enemies":"Time Eater","floor":52,"turns":10}],"seed_played":"1809769010732453030","potions_obtained":[{"floor":1.0,"key":"Venom Potion"},{"floor":2.0,"key":"Reflective Coating"},{"floor":4.0,"key":"LiquidBronze"},{"floor":16.0,"key":"GamblersBrew"},{"floor":19.0,"key":"LiquidMemories"},{"floor":22.0,"key":"Swift Potion"},{"floor":27.0,"key":"SkillPotion"},{"floor":28.0,"key":"Fire Potion"},{"floor":32.0,"key":"Weak Potion"},{"floor":40.0,"key":"Guardian:BlockOnCardUsePotion"},{"floor":41.0,"key":"Fire Potion"},{"floor":42.0,"key":"Flashbang"},{"floor":47.0,"key":"Slimebound:ThreeZeroPotion"},{"floor":48.0,"key":"Reflective Coating"}],"is_trial":false,"path_per_floor":["M","M","M","M","?","R","E","R","T","M","M","?","?","E","R","B",null,"M","M","$","?","M","R","?","R","T","E","M","E","PTL","PTL","E","?","R","B",null,"M","$","?","?","M","E","M","E","T","E","M","M","R","E","R","B",null],"character_chosen":"DOCTOR_CLASS","items_purchased":["ats:Literary Storm","ats:Soul Rend","Replay:PocketPolymizer","ats:Blood Oath"],"campfire_rested":1,"item_purchase_floors":[20,20,38,38],"current_hp_per_floor":[69,75,78,74,74,74,62,62,62,76,75,50,50,57,57,19,90,85,73,73,73,56,56,56,56,56,46,68,44,44,44,15,15,48,13,106,82,82,82,82,97,24,17,68,68,111,105,109,109,131,131,26],"gold":269,"neow_bonus":"BOSS_RELIC","is_daily":false,"chose_seed":false,"campfire_upgraded":2,"win_rate":0.0,"timestamp":1613655735,"path_taken":["M","M","M","M","?","R","E","R","T","M","M","?","?","E","R","BOSS","M","M","$","?","M","R","?","R","T","E","M","E","PTL","PTL","E","?","R","BOSS","M","$","?","?","M","E","M","E","T","E","M","M","R","E","R","BOSS"],"items_purchased_type":["Card","Card","Relic","Card"],"build_version":"2020-12-22","purchased_purges":1,"victory":true,"max_hp_per_floor":[72,75,78,78,78,78,82,82,82,86,86,86,86,90,90,90,90,94,94,94,94,94,94,94,94,94,96,100,102,102,102,104,104,106,106,106,106,106,106,106,110,113,120,123,123,126,129,132,132,139,139,139],"card_choices":[{"not_picked":["ats:Leaping Hammer","ats:Burning Ground"],"picked":"ats:Blood Oath","floor":1.0},{"not_picked":["ats:Part Time Job","ats:Magnetic Hammer"],"picked":"ats:Directed Diagnosis","floor":2.0},{"not_picked":["ats:Hammer On","ats:Leaping Hammer"],"picked":"ats:Ignite","floor":3.0},{"not_picked":["ats:Ignite","ats:Powerful Strike"],"picked":"ats:Volcano","floor":4.0},{"not_picked":["ats:Demon Strength","ats:Encircling Forest"],"picked":"ats:Revitalization","floor":7.0},{"not_picked":["ats:Assault Order","ats:Guard Mode"],"picked":"ats:Very Hot Blade","floor":10.0},{"not_picked":["ats:Leaping Hammer","ats:Hammer On"],"picked":"ats:Phantom","floor":11.0},{"not_picked":["ats:Poison Spread","ats:Flexible Camouflage"],"picked":"ats:Ambush","floor":14.0},{"not_picked":["ats:Shadow Assault","ats:Echo Reverb"],"picked":"ats:Fractured Body","floor":16.0},{"not_picked":["ats:Counter Healing Mode","ats:Ignite"],"picked":"ats:Flame Of Heaven","floor":18.0},{"not_picked":["ats:Absolute Focus+1","ats:Healing Strengthening"],"picked":"ats:Apocalypse+1","floor":19.0},{"not_picked":["ats:Ignite+1","ats:Cat Scratch+1"],"picked":"ats:Guardian Obelisk","floor":22.0},{"not_picked":["ats:Powerful Strike+1","ats:Overload","ats:Guardian Obelisk+1"],"picked":"Singing Bowl","floor":27.0},{"not_picked":["ats:Flexible Camouflage+1","ats:Echo Reverb"],"picked":"ats:Defend Order","floor":28.0},{"not_picked":["ats:Flexible Camouflage","ats:Thorns+1","ats:Echo Reverb"],"picked":"Singing Bowl","floor":29.0},{"not_picked":["ats:Powerful Strike","ats:Consecutive Shot Auto","ats:Ignite"],"picked":"Singing Bowl","floor":32.0},{"not_picked":["ats:Consecutive Shot Auto","ats:Ignite","ats:Curse Doll"],"picked":"Singing Bowl","floor":34.0},{"not_picked":["ats:Roar Of Ursus","ats:Volcano"],"picked":"ats:Fractured Body","floor":35.0},{"not_picked":["ats:Demon Strength","ats:Phantom+1"],"picked":"ats:Shadow Raid","floor":37.0},{"not_picked":["REME_MagicPocketWatch","HandOfGreed"],"picked":"REME_PuzzleBox","floor":39.0},{"not_picked":["ats:Leaping Hammer+1","ats:Encircling Forest"],"picked":"ats:Shell Defense","floor":40.0},{"not_picked":["ats:Leaping Hammer","ats:Guard Mode"],"picked":"ats:Shell Defense+1","floor":41.0},{"not_picked":["ats:Soul Rend","ats:Beaten Up+1","ats:Closed Bolt Burst Fire+1"],"picked":"Singing Bowl","floor":42.0},{"not_picked":["ats:Charging Defense+1","ats:Cat Scratch+1","ats:Very Hot Blade"],"picked":"Singing Bowl","floor":43.0},{"not_picked":["ats:Guard Mode","ats:Hook Shot+1","ats:Apocalypse"],"picked":"Singing Bowl","floor":44.0},{"not_picked":["ats:Shell Defense+1","ats:Hook Shot+1","ats:Explosion Area Strengthen+1"],"picked":"Singing Bowl","floor":46.0},{"not_picked":["ats:Defend Order+1","ats:Mental Burst+1","ats:Closed Bolt Burst Fire"],"picked":"Singing Bowl","floor":47.0},{"not_picked":["ats:Phantom","ats:Ignite","ats:Consecutive Shot Auto+1"],"picked":"Singing Bowl","floor":48.0},{"not_picked":["ats:Flexible Camouflage","ats:Consecutive Shot Auto+1","ats:Ignite+1"],"picked":"Singing Bowl","floor":50.0}],"player_experience":572805,"relics_obtained":[{"floor":1.0,"key":"LetterFromLob"},{"floor":7.0,"key":"ats:Originium"},{"floor":7.0,"key":"Meat on the Bone"},{"floor":9.0,"key":"REME_HourglassOfDeath"},{"floor":14.0,"key":"ats:Originium"},{"floor":14.0,"key":"Pen Nib"},{"floor":15.0,"key":"Singing Bowl"},{"floor":23.0,"key":"ats:Spiritual Recovery"},{"floor":25.0,"key":"ats:Bonebreaker"},{"floor":26.0,"key":"reliquary:Aerogel"},{"floor":27.0,"key":"Peace Pipe"},{"floor":27.0,"key":"ats:Originium"},{"floor":27.0,"key":"Blue Candle"},{"floor":29.0,"key":"ats:Originium"},{"floor":29.0,"key":"reliquary:Sod"},{"floor":29.0,"key":"Dream Catcher"},{"floor":32.0,"key":"Snack Pack"},{"floor":32.0,"key":"HollowMod:StagPassRelic"},{"floor":40.0,"key":"ats:Lavender"},{"floor":42.0,"key":"REME_IWantAll"},{"floor":42.0,"key":"reliquary:PorcupineQuills"},{"floor":44.0,"key":"Gambling Chip"},{"floor":44.0,"key":"MawBank"},{"floor":45.0,"key":"Replay:Towering Pillar of Hats"},{"floor":46.0,"key":"reliquary:Spinner"},{"floor":46.0,"key":"reliquary:BoilingFlask"},{"floor":49.0,"key":"Sundial"},{"floor":50.0,"key":"StoneCalendar"},{"floor":50.0,"key":"Replay:Bottled Flurry"},{"floor":51.0,"key":"reliquary:PrincelyHelmet"}],"event_choices":[{"damage_healed":0.0,"max_hp_gain":0.0,"max_hp_loss":0.0,"gold_gain":0.0,"event_name":"Living Wall","player_choice":"Grow","floor":5.0,"gold_loss":0.0,"damage_taken":0.0,"cards_upgraded":["GluttonyofRealm_purpleEX"]},{"damage_healed":0.0,"max_hp_gain":0.0,"max_hp_loss":0.0,"gold_gain":0.0,"event_name":"Scrap Ooze","player_choice":"Success","floor":12.0,"gold_loss":0.0,"damage_taken":25.0,"relics_obtained":["Shovel"]},{"damage_healed":0.0,"max_hp_gain":0.0,"max_hp_loss":0.0,"gold_gain":0.0,"event_name":"yidonshenshe","player_choice":"»˚«Æ","floor":13.0,"gold_loss":40.0,"damage_taken":0.0,"relics_obtained":["PaintedHorse:ReiMu"]},{"damage_healed":0.0,"max_hp_gain":0.0,"max_hp_loss":0.0,"gold_gain":0.0,"event_name":"Vampires","player_choice":"Ignored","floor":21.0,"gold_loss":0.0,"damage_taken":0.0},{"damage_healed":0.0,"max_hp_gain":0.0,"max_hp_loss":0.0,"gold_gain":0.0,"event_name":"Ghosts","player_choice":"Ignored","floor":24.0,"gold_loss":0.0,"damage_taken":0.0},{"damage_healed":0.0,"max_hp_gain":0.0,"max_hp_loss":0.0,"gold_gain":0.0,"event_name":"SensoryStone","player_choice":"Memory 1","floor":39.0,"gold_loss":0.0,"damage_taken":0.0}],"is_beta":false,"boss_relics":[{"not_picked":["REME_DemonsWealth","reliquary:RedCape"],"picked":"Black Star"},{"not_picked":["Empty Cage","Coffee Dripper"],"picked":"Replay:Bronze Core"}],"items_purged_floors":[38],"is_endless":false,"potions_floor_spawned":[1,2,4,10,16,19,22,27,28,32,42,43,47,48],"ascension_level":0}}