{"host":"1dhlu4qzehvrzpot","time":1613681884,"event":{"mods":["2.2 Compatiblity","AchievementEnabler","BaseMod","Block Reminder","Minty Spire (QoL Compilation)","Permanent Neow","Quick Restart","Rare Cards Sparkle","Relic Stats","Say the Spire","Slay-I","StSLib","SuperFastMode"],"gold_per_floor":[119,294,38,113,113,146,166,45,45,45,10,10,10],"floor_reached":12,"language":"ENG","playtime":204,"items_purged":["Doubt"],"score":115,"play_id":"c8928ffa-8eb5-4216-bacc-a087911edacf","local_time":"20210218215804","is_ascension_mode":true,"campfire_choices":[{"floor":10,"key":"REST"}],"circlet_count":0,"master_deck":["AscendersBane","Strike_B","Strike_B","Strike_B","Strike_B","Defend_B","Defend_B","Defend_B","Defend_B","Zap","Dualcast","Conserve Battery","Mayhem","Injury","Go for the Eyes","Doom and Gloom","Loop","Conserve Battery"],"relics":["Black Star","Golden Idol","Juzu Bracelet","Omamori","Gremlin Horn"],"acts_visited":["Exordium"],"potions_floor_usage":[12],"damage_taken":[{"damage":8,"enemies":"Small Slimes","floor":1,"turns":4},{"damage":34,"enemies":"Lagavulin","floor":6,"turns":9},{"damage":7,"enemies":"Jaw Worm","floor":7,"turns":4},{"damage":59,"enemies":"Gremlin Nob","floor":12,"turns":6}],"seed_played":"5302376339373287084","potions_obtained":[{"floor":7,"key":"SkillPotion"}],"is_trial":false,"path_per_floor":["M","?","$","?","?","E","M","$","T","R","?","E"],"character_chosen":"DEFECT","items_purchased":["Mayhem","Loop","Conserve Battery"],"campfire_rested":1,"item_purchase_floors":[3,8,8],"current_hp_per_floor":[60,60,60,49,49,15,8,8,8,30,48,0,0],"gold":10,"neow_bonus":"BOSS_RELIC","is_daily":false,"chose_seed":false,"campfire_upgraded":0,"win_rate":0.0,"timestamp":1613681884,"path_taken":["M","?","$","?","?","E","M","?","T","R","?","E"],"items_purchased_type":["Card","Card","Card"],"build_version":"2020-12-22","purchased_purges":1,"victory":false,"max_hp_per_floor":[75,75,75,75,75,75,75,75,75,75,75,75,75],"relic_stats":{"Gremlin Horn":[0,0],"counters":[4,23],"Golden Idol":11,"Black Star":1,"Juzu Bracelet":1,"obtain_stats":[{"Gremlin Horn":9,"Golden Idol":5,"Black Star":0,"Juzu Bracelet":6,"Omamori":6,"Cracked Core":0},{"Gremlin Horn":3,"Golden Idol":1,"Black Star":0,"Juzu Bracelet":2,"Omamori":2,"Cracked Core":0},{"Gremlin Horn":17,"Golden Idol":4,"Black Star":0,"Juzu Bracelet":13,"Omamori":13,"Cracked Core":0}]},"card_choices":[{"not_picked":["Hologram","Leap"],"picked":"Conserve Battery","floor":1},{"not_picked":["Beam Cell","Coolheaded"],"picked":"Go for the Eyes","floor":6},{"not_picked":["Hologram","Barrage"],"picked":"Doom and Gloom","floor":7}],"player_experience":546746,"relics_obtained":[{"floor":6,"key":"Juzu Bracelet"},{"floor":6,"key":"Omamori"},{"floor":9,"key":"Gremlin Horn"}],"event_choices":[{"damage_healed":0,"gold_gain":175,"player_choice":"AGREE","damage_taken":0,"max_hp_gain":0,"max_hp_loss":0,"event_name":"Liars Game","floor":2,"gold_loss":0,"cards_obtained":["Doubt"]},{"damage_healed":0,"gold_gain":75,"player_choice":"Gather Gold","damage_taken":11,"max_hp_gain":0,"max_hp_loss":0,"event_name":"World of Goop","floor":4,"gold_loss":0},{"damage_healed":0,"gold_gain":0,"player_choice":"Take Wound","damage_taken":0,"relics_obtained":["Golden Idol"],"max_hp_gain":0,"max_hp_loss":0,"event_name":"Golden Idol","floor":5,"gold_loss":0,"cards_obtained":["Injury"]},{"damage_healed":18,"gold_gain":0,"player_choice":"Healed","damage_taken":0,"max_hp_gain":0,"max_hp_loss":0,"event_name":"The Cleric","floor":11,"gold_loss":35}],"is_beta":false,"boss_relics":[],"items_purged_floors":[3],"is_endless":false,"potions_floor_spawned":[7],"killed_by":"Gremlin Nob","ascension_level":11}}