{"host":"zsnmfqgcm92hlreo","time":1613622659,"event":{"mods":["AchievementEnabler","BaseMod","Bestiary","Block Reminder","Colored Map","Colored Powertips","Filter the Spire","Minty Spire (QoL Compilation)","Permanent Neow","Quick Restart","Relic Stats","StSLib","Weighted Paths"],"gold_per_floor":[114,132,145,195,37,67,67,96,122,133,133,133],"floor_reached":11,"language":"ENG","playtime":448,"items_purged":[],"score":216,"play_id":"b47f8c81-f024-442a-be52-513dd254aa4b","local_time":"20210217223059","is_ascension_mode":true,"campfire_choices":[{"floor":7,"key":"REST"}],"circlet_count":0,"master_deck":["AscendersBane","Strike_P","Strike_P","Strike_P","Strike_P","Defend_P","Defend_P","Defend_P","Defend_P","Eruption","Vigilance","Vengeance","Fasting2","DeusExMachina","Protect","Perseverance"],"relics":["Snecko Eye","Nunchaku","Dream Catcher","Damaru","Ancient Tea Set"],"acts_visited":["Exordium"],"potions_floor_usage":[],"damage_taken":[{"damage":4.0,"enemies":"Small Slimes","floor":1.0,"turns":4.0},{"damage":0.0,"enemies":"Cultist","floor":2.0,"turns":2.0},{"damage":7.0,"enemies":"2 Louse","floor":3.0,"turns":2.0},{"damage":0.0,"enemies":"Lagavulin","floor":6.0,"turns":4.0},{"damage":25,"enemies":"Gremlin Nob","floor":8,"turns":4},{"damage":13,"enemies":"Large Slime","floor":10,"turns":4},{"damage":35,"enemies":"3 Sentries","floor":11,"turns":3}],"seed_played":"2462552371633494963","potions_obtained":[{"floor":2.0,"key":"LiquidMemories"},{"floor":3.0,"key":"Strength Potion"}],"is_trial":false,"path_per_floor":["M","M","M","?","$","E","R","E","T","M","E"],"character_chosen":"WATCHER","items_purchased":["Nunchaku"],"campfire_rested":1,"item_purchase_floors":[5],"current_hp_per_floor":[57,57,50,50,50,50,68,43,43,30,0,0],"gold":133,"neow_bonus":"BOSS_RELIC","is_daily":false,"chose_seed":false,"campfire_upgraded":0,"win_rate":0.0,"timestamp":1613622659,"path_taken":["M","M","M","?","?","E","R","E","T","M","E"],"items_purchased_type":["Relic"],"build_version":"2020-12-22","purchased_purges":0,"victory":false,"max_hp_per_floor":[68,68,68,68,68,68,68,68,68,68,68,68],"relic_stats":{"Nunchaku":[2],"Dream Catcher":1,"counters":[7,23],"Snecko Eye":[36,35,47,37],"obtain_stats":[{"Nunchaku":5,"Dream Catcher":6,"Snecko Eye":0,"Damaru":8,"PureWater":0,"Ancient Tea Set":9},{"Nunchaku":3,"Dream Catcher":4,"Snecko Eye":0,"Damaru":5,"PureWater":0,"Ancient Tea Set":5},{"Nunchaku":8,"Dream Catcher":12,"Snecko Eye":0,"Damaru":16,"PureWater":0,"Ancient Tea Set":16}]},"card_choices":[{"not_picked":["ClearTheMind","Halt","Crescendo"],"picked":"SKIP","floor":1.0},{"not_picked":["FlyingSleeves","FlurryOfBlows"],"picked":"Vengeance","floor":2.0},{"not_picked":["Collect","FlurryOfBlows"],"picked":"Fasting2","floor":3.0},{"not_picked":["ForeignInfluence","MentalFortress"],"picked":"DeusExMachina","floor":6.0},{"not_picked":["FollowUp","SignatureMove"],"picked":"Protect","floor":7},{"not_picked":["LikeWater","Crescendo"],"picked":"Perseverance","floor":8},{"not_picked":["Consecrate","Halt","Evaluate"],"picked":"SKIP","floor":10}],"player_experience":1218548,"relics_obtained":[{"floor":6.0,"key":"Dream Catcher"},{"floor":8,"key":"Damaru"},{"floor":9,"key":"Ancient Tea Set"}],"event_choices":[{"damage_healed":0.0,"max_hp_gain":0.0,"max_hp_loss":0.0,"gold_gain":50.0,"event_name":"Golden Shrine","player_choice":"Pray","floor":4.0,"gold_loss":0.0,"damage_taken":0.0}],"is_beta":false,"boss_relics":[],"items_purged_floors":[],"is_endless":false,"potions_floor_spawned":[2,3,10],"killed_by":"3 Sentries","ascension_level":20}}