{"host":"soyfmymeou4emntr","time":1613621971,"event":{"mods":["BaseMod","Minty Spire (QoL Compilation)","Permanent Neow","Relic Sorter","Relic Stats","StSLib"],"gold_per_floor":[216,30,42,42,55,55,80,80,80,114,114,135,170,194,194,194,194],"floor_reached":16,"language":"ENG","playtime":1543,"items_purged":[],"score":240,"play_id":"5513c8d4-9ce1-4e99-b44a-5fb68b7203b7","local_time":"20210217211931","is_ascension_mode":true,"campfire_choices":[{"floor":6,"key":"REST"},{"data":"Eruption","floor":8,"key":"SMITH"},{"floor":15,"key":"REST"}],"circlet_count":0,"master_deck":["AscendersBane","Strike_P","Strike_P","Strike_P","Strike_P","Defend_P","Defend_P+1","Defend_P+1","Defend_P","Eruption+1","Vigilance","BowlingBash","ClearTheMind","ThirdEye","CrushJoints","Weave","Halt","Wallop","EmptyBody","Weave"],"relics":["PureWater","HandDrill","Matryoshka","Tiny Chest","Anchor","Blood Vial","Golden Idol","Pantograph"],"acts_visited":["Exordium"],"potions_floor_usage":[13],"damage_taken":[{"damage":0,"enemies":"Cultist","floor":1,"turns":3},{"damage":2,"enemies":"2 Louse","floor":3,"turns":3},{"damage":0,"enemies":"Small Slimes","floor":5,"turns":5},{"damage":23,"enemies":"Lagavulin","floor":7,"turns":6},{"damage":17,"enemies":"3 Sentries","floor":10,"turns":6},{"damage":0,"enemies":"Red Slaver","floor":12,"turns":2},{"damage":6,"enemies":"Lagavulin","floor":13,"turns":5},{"damage":0,"enemies":"3 Louse","floor":14,"turns":3},{"damage":89,"enemies":"Hexaghost","floor":16,"turns":13}],"seed_played":"-3702082089555981182","potions_obtained":[{"floor":5,"key":"FairyPotion"},{"floor":10,"key":"Energy Potion"}],"is_trial":false,"path_per_floor":["M","$","M","?","M","R","E","R","T","E","?","M","E","M","R","B"],"character_chosen":"WATCHER","items_purchased":["HandDrill","ClearTheMind"],"campfire_rested":2,"item_purchase_floors":[2,2],"current_hp_per_floor":[61,61,59,39,39,59,36,36,36,19,19,21,17,19,37,0,0],"gold":194,"neow_bonus":"HUNDRED_GOLD","is_daily":false,"chose_seed":false,"campfire_upgraded":1,"win_rate":0.0,"timestamp":1613621971,"path_taken":["M","$","M","?","M","R","E","R","T","E","?","M","E","M","R","BOSS"],"items_purchased_type":["Relic","Card"],"build_version":"2020-12-22","purchased_purges":0,"victory":false,"max_hp_per_floor":[68,68,68,68,68,68,68,68,68,68,62,62,62,62,62,62,62],"relic_stats":{"Blood Vial":6,"counters":[9,46],"Golden Idol":16,"Pantograph":25,"Tiny Chest":0,"HandDrill":[8],"obtain_stats":[{"Blood Vial":10,"Anchor":9,"Matryoshka":7,"Golden Idol":11,"Pantograph":13,"Tiny Chest":9,"HandDrill":2,"PureWater":0},{"Blood Vial":5,"Anchor":4,"Matryoshka":4,"Golden Idol":5,"Pantograph":7,"Tiny Chest":4,"HandDrill":1,"PureWater":0},{"Blood Vial":23,"Anchor":17,"Matryoshka":17,"Golden Idol":23,"Pantograph":30,"Tiny Chest":17,"HandDrill":3,"PureWater":0}]},"card_choices":[{"not_picked":["Consecrate","Sanctity"],"picked":"BowlingBash","floor":1},{"not_picked":["EmptyBody","Evaluate"],"picked":"ThirdEye","floor":3},{"not_picked":["Swivel","FollowUp"],"picked":"CrushJoints","floor":5},{"not_picked":["Collect","InnerPeace"],"picked":"Weave","floor":7},{"not_picked":["FlurryOfBlows","WheelKick"],"picked":"Halt","floor":10},{"not_picked":["BowlingBash","CrushJoints"],"picked":"Wallop","floor":12},{"not_picked":["CrushJoints","Brilliance"],"picked":"EmptyBody","floor":13},{"not_picked":["Consecrate","BattleHymn"],"picked":"Weave","floor":14}],"player_experience":3387508,"relics_obtained":[{"floor":7,"key":"Matryoshka"},{"floor":9,"key":"Tiny Chest"},{"floor":9,"key":"Anchor"},{"floor":10,"key":"Blood Vial"},{"floor":13,"key":"Pantograph"}],"event_choices":[{"damage_healed":0,"gold_gain":0,"player_choice":"Entered Light","damage_taken":20,"max_hp_gain":0,"max_hp_loss":0,"event_name":"Shining Light","floor":4,"gold_loss":0,"cards_upgraded":["Defend_P","Defend_P"]},{"damage_healed":0,"gold_gain":0,"player_choice":"Lose Max HP","damage_taken":0,"relics_obtained":["Golden Idol"],"max_hp_gain":0,"max_hp_loss":6,"event_name":"Golden Idol","floor":11,"gold_loss":0}],"is_beta":false,"boss_relics":[],"items_purged_floors":[],"is_endless":false,"potions_floor_spawned":[5,10,12],"killed_by":"Hexaghost","ascension_level":20}}