{"host":"y64g3erquapiaw2n","time":1613659470,"event":{"mods":["BaseMod","Colored Map","Colored Powertips","Downfall","Googly Eyes","Minty Spire (QoL Compilation)","Quick Restart","Rare Cards Sparkle","StSLib"],"gold_per_floor":[99,116,131,131,145,145,171,14,31,49,62,62,62,62,73,178,178,178,190,207,224,224,224,224,224],"floor_reached":23,"language":"ENG","playtime":1375,"items_purged":[],"score":185,"play_id":"b5472c1d-9796-4818-b5d9-17f80b0ca468","local_time":"20210218094430","is_ascension_mode":false,"campfire_choices":[{"data":"bronze:Goto","floor":1,"key":"SMITH"},{"data":"bronze:Branch","floor":6,"key":"SMITH"},{"data":"bronze:GetLatest","floor":13,"key":"SMITH"},{"data":"bronze:Verify","floor":18,"key":"SMITH"}],"circlet_count":0,"master_deck":["bronze:Strike","bronze:Strike","bronze:Strike","bronze:Strike","bronze:Defend","bronze:Defend","bronze:Defend","bronze:Defend","bronze:Replicate+1","bronze:Goto+1","bronze:Branch+1","bronze:DelayedGuard","bronze:Repair","bronze:WhirlingStrike","bronze:Frontload","bronze:Fortify","bronze:GetLatest+1","bronze:FollowUp","bronze:DelayedSlice","bronze:Flail","bronze:Verify+1","bronze:Branch","bronze:FineTuning","bronze:DelayedSlice"],"relics":["bronze:BronzeCore","Pen Nib"],"acts_visited":["Exordium","TheCity"],"potions_floor_usage":[],"damage_taken":[{"damage":10,"enemies":"Cultist","floor":2,"turns":4},{"damage":1,"enemies":"Jaw Worm","floor":3,"turns":3},{"damage":14,"enemies":"Small Slimes","floor":5,"turns":3},{"damage":0,"enemies":"downfall:FleeingMerchant","floor":8,"turns":4},{"damage":5,"enemies":"Exordium Thugs","floor":9,"turns":4},{"damage":4,"enemies":"Large Slime","floor":10,"turns":4},{"damage":0,"enemies":"2 Fungi Beasts","floor":11,"turns":2},{"damage":0,"enemies":"Exordium Thugs","floor":15,"turns":2},{"damage":17,"enemies":"SI_SHIV_ARCHETYPE","floor":16,"turns":6},{"damage":30,"enemies":"downfall:LooterAlt2","floor":19,"turns":4},{"damage":7,"enemies":"Spheric Guardian","floor":20,"turns":5},{"damage":31,"enemies":"Chosen and Byrds","floor":21,"turns":7},{"damage":38,"enemies":"Slavers","floor":23,"turns":2}],"seed_played":"2502202897523713305","potions_obtained":[{"floor":5,"key":"champ:CounterPotion"},{"floor":9,"key":"FearPotion"},{"floor":10,"key":"GamblersBrew"},{"floor":11,"key":"Guardian:BlockOnCardUsePotion"}],"is_trial":false,"path_per_floor":["R","M","M","?","M","R","T","$","M","M","M","?","R","?","M","B",null,"R","M","M","M","?","E"],"character_chosen":"THE_AUTOMATON","items_purchased":["bronze:WhirlingStrike","bronze:Frontload","bronze:Fortify"],"campfire_rested":0,"item_purchase_floors":[8,8,8],"current_hp_per_floor":[77,67,66,66,52,52,52,52,54,57,57,57,57,57,57,47,77,77,54,54,30,30,0,0,0],"gold":224,"neow_bonus":"TEN_PERCENT_HP_BONUS","is_daily":false,"chose_seed":false,"campfire_upgraded":4,"win_rate":0.0,"timestamp":1613659470,"path_taken":["R","M","M","?","M","R","T","?","M","M","M","?","R","?","M","BOSS","R","M","M","M","?","E"],"items_purchased_type":["Card","Card","Card"],"build_version":"2020-12-22","purchased_purges":0,"victory":false,"max_hp_per_floor":[77,77,77,77,77,77,77,77,77,77,77,77,77,77,77,77,77,77,77,77,77,77,77,77,77],"card_choices":[{"not_picked":["bronze:WildBeam","bronze:Allocate","bronze:NullPointer"],"picked":"SKIP","floor":2},{"not_picked":["bronze:BronzeArmor","bronze:Allocate"],"picked":"bronze:Branch","floor":3},{"not_picked":["bronze:Overheat","bronze:Allocate"],"picked":"bronze:DelayedGuard","floor":5},{"not_picked":["bronze:ThunderWave","bronze:BitShift"],"picked":"bronze:Repair","floor":8},{"not_picked":["bronze:BitShift","bronze:Safeguard"],"picked":"bronze:GetLatest","floor":9},{"not_picked":["bronze:DelayedGuard","bronze:Turbo"],"picked":"bronze:FollowUp","floor":10},{"not_picked":["bronze:DelayedGuard","bronze:ChildClass"],"picked":"bronze:DelayedSlice","floor":11},{"not_picked":["bronze:BuggyMess","bronze:Repulsor"],"picked":"bronze:Flail","floor":15},{"not_picked":["bronze:Assembly","bronze:Virus"],"picked":"bronze:Verify","floor":16},{"not_picked":["bronze:Invalidate","bronze:Turbo"],"picked":"bronze:Branch","floor":19},{"not_picked":["bronze:OilSpill+1","bronze:Repulsor"],"picked":"bronze:FineTuning","floor":20},{"not_picked":["bronze:HyperBeam","bronze:Shield+1"],"picked":"bronze:DelayedSlice","floor":21}],"player_experience":70085,"relics_obtained":[{"floor":7,"key":"Pen Nib"}],"event_choices":[],"is_beta":false,"boss_relics":[{"not_picked":["Velvet Choker","Calling Bell","Snecko Eye"]}],"items_purged_floors":[],"is_endless":false,"potions_floor_spawned":[5,9,10,11,15,16],"killed_by":"Slavers","ascension_level":0}}