{"host":"4nqeo0vu1vuav7gg","time":1613680685,"event":{"mods":["AchievementEnabler","BaseMod","Block Reminder","Colored Map","Colored Powertips","Highlight Path","Minty Spire (QoL Compilation)","Quick Restart","Rare Cards Sparkle","Relic Relevance Reorder","StSLib"],"gold_per_floor":[117,127,127,142,161,193,209,209,232,242,317,317,328,340,340,437,487,507,519,18,38,48,48,61,92,92,92,0,10,10,26,26,130,130,146,165,176,176,176,176],"floor_reached":39,"language":"ENG","playtime":2001,"items_purged":["Strike_B"],"score":436,"play_id":"b1d6d679-ea81-4a2b-bb81-4727db8ae0d1","local_time":"20210218213805","is_ascension_mode":false,"campfire_choices":[{"floor":8.0,"key":"REST"},{"floor":12.0,"key":"REST"},{"data":"Gash","floor":15.0,"key":"SMITH"},{"floor":23.0,"key":"RECALL"},{"floor":32,"key":"REST"}],"circlet_count":0,"master_deck":["Zap","Dualcast+1","Gash+1","Genetic Algorithm","Fusion","Gash","Fission","Tempest","Sunder","Doom and Gloom","Gash","Echo Form","Glacier","Go for the Eyes+1","Gash","Buffer","Gash+1","Ball Lightning+1","Static Discharge","Cold Snap+1","Melter","Loop","Buffer","Rip and Tear","Hyperbeam","Undo","Ball Lightning","Static Discharge","Amplify","Skim+1","Rebound+1","Decay"],"relics":["Cracked Core","Pen Nib","Dream Catcher","Eternal Feather","War Paint","Tiny House","DollysMirror","Potion Belt","Whetstone","Pandora\u0027s Box"],"acts_visited":["Exordium","TheCity","TheBeyond"],"potions_floor_usage":[29,33,37,39],"damage_taken":[{"damage":1.0,"enemies":"Cultist","floor":1.0,"turns":3.0},{"damage":0.0,"enemies":"Small Slimes","floor":2.0,"turns":2.0},{"damage":0.0,"enemies":"2 Louse","floor":4.0,"turns":2.0},{"damage":13.0,"enemies":"Lots of Slimes","floor":5.0,"turns":4.0},{"damage":45.0,"enemies":"Lagavulin","floor":6.0,"turns":9.0},{"damage":1.0,"enemies":"3 Louse","floor":7.0,"turns":2.0},{"damage":9.0,"enemies":"2 Fungi Beasts","floor":10.0,"turns":4.0},{"damage":10.0,"enemies":"Looter","floor":13.0,"turns":4.0},{"damage":2.0,"enemies":"3 Louse","floor":14.0,"turns":3.0},{"damage":43.0,"enemies":"Hexaghost","floor":16.0,"turns":9.0},{"damage":22.0,"enemies":"2 Thieves","floor":18.0,"turns":3.0},{"damage":0.0,"enemies":"Spheric Guardian","floor":19.0,"turns":5.0},{"damage":27.0,"enemies":"3 Cultists","floor":21.0,"turns":6.0},{"damage":5.0,"enemies":"Centurion and Healer","floor":22.0,"turns":4.0},{"damage":17.0,"enemies":"Cultist and Chosen","floor":24.0,"turns":6.0},{"damage":11,"enemies":"Gremlin Leader","floor":25,"turns":7},{"damage":1,"enemies":"Chosen and Byrds","floor":29,"turns":4},{"damage":0,"enemies":"Snake Plant","floor":31,"turns":3},{"damage":48,"enemies":"Champ","floor":33,"turns":10},{"damage":13,"enemies":"Orb Walker","floor":35,"turns":4},{"damage":15,"enemies":"3 Shapes","floor":36,"turns":4},{"damage":33,"enemies":"Transient","floor":37,"turns":5},{"damage":23,"enemies":"Sphere and 2 Shapes","floor":39,"turns":3}],"seed_played":"-4764806953173747014","potions_obtained":[{"floor":2.0,"key":"Swift Potion"},{"floor":6.0,"key":"AttackPotion"},{"floor":14.0,"key":"Block Potion"},{"floor":16.0,"key":"Fire Potion"},{"floor":17.0,"key":"EssenceOfSteel"},{"floor":18.0,"key":"SpeedPotion"},{"floor":21.0,"key":"SneckoOil"},{"floor":25,"key":"Fire Potion"},{"floor":31,"key":"Dexterity Potion"},{"floor":33,"key":"SteroidPotion"},{"floor":37,"key":"AttackPotion"}],"is_trial":false,"path_per_floor":["M","M","?","M","M","E","M","R","T","M","?","R","M","M","R","B",null,"M","M","$","M","M","R","M","E","T","$","?","M","?","M","R","B",null,"M","M","M","?","M"],"character_chosen":"DEFECT","items_purchased":["Gash","Buffer","Pen Nib","DollysMirror"],"campfire_rested":3,"item_purchase_floors":[20,20,20,20],"current_hp_per_floor":[74,74,67,67,54,9,8,36,36,27,20,51,41,39,48,5,80,58,58,58,31,26,41,24,13,13,13,13,12,12,12,51,3,80,67,52,19,19,0,0],"gold":176,"neow_bonus":"RANDOM_COMMON_RELIC","is_daily":false,"chose_seed":false,"campfire_upgraded":1,"win_rate":0.0,"timestamp":1613680685,"path_taken":["M","M","?","M","M","E","M","R","T","M","?","R","?","M","R","BOSS","M","?","$","M","M","R","M","E","T","?","?","M","?","M","R","BOSS","M","M","M","?","?"],"items_purchased_type":["Card","Card","Relic","Relic"],"build_version":"2020-12-22","purchased_purges":1,"victory":false,"max_hp_per_floor":[75,75,75,75,75,75,75,75,75,75,75,75,75,75,75,75,80,80,80,80,80,80,80,80,80,80,80,80,80,80,80,80,80,80,80,80,80,80,80,80],"card_choices":[{"not_picked":["Stack","Recycle","Turbo"],"picked":"SKIP","floor":1.0},{"not_picked":["Coolheaded","Turbo"],"picked":"Gash","floor":2.0},{"not_picked":["Undo","Cold Snap"],"picked":"Genetic Algorithm","floor":4.0},{"not_picked":["Compile Driver","Chaos"],"picked":"Fusion","floor":5.0},{"not_picked":["Barrage","Stack"],"picked":"Gash","floor":6.0},{"not_picked":["Coolheaded","Hologram"],"picked":"Fission","floor":7.0},{"not_picked":["Stack","Barrage"],"picked":"Tempest","floor":10.0},{"not_picked":["Leap","Beam Cell"],"picked":"Sunder","floor":12.0},{"not_picked":["Barrage","Compile Driver"],"picked":"Doom and Gloom","floor":13.0},{"not_picked":["All For One","Barrage"],"picked":"Gash","floor":14.0},{"not_picked":["Buffer","Amplify"],"picked":"Echo Form","floor":16.0},{"not_picked":["Cold Snap","Coolheaded"],"picked":"Glacier","floor":17.0},{"not_picked":["Heatsinks","Turbo+1"],"picked":"Go for the Eyes+1","floor":18.0},{"not_picked":["Rip and Tear","Rebound","Chaos"],"picked":"SKIP","floor":19.0},{"not_picked":["Recycle","Stack+1"],"picked":"Ball Lightning+1","floor":21.0},{"not_picked":["Rebound","Cold Snap"],"picked":"Static Discharge","floor":22.0},{"not_picked":["Redo","Blizzard+1"],"picked":"Cold Snap","floor":24.0},{"not_picked":["Leap","Cold Snap","Steam Power"],"picked":"SKIP","floor":25},{"not_picked":["Streamline","Ball Lightning"],"picked":"Melter","floor":29},{"not_picked":["Recycle+1","Hello World+1","Streamline"],"picked":"SKIP","floor":31},{"not_picked":["Glacier","Hologram"],"picked":"Loop","floor":32},{"not_picked":["Fission","Machine Learning"],"picked":"Buffer","floor":33},{"not_picked":["Streamline","Darkness"],"picked":"Skim+1","floor":35},{"not_picked":["Self Repair","Ball Lightning","Skim+1"],"picked":"SKIP","floor":36},{"not_picked":["Reinforced Body+1","Aggregate+1"],"picked":"Rebound+1","floor":37}],"player_experience":1105446,"relics_obtained":[{"floor":6.0,"key":"Eternal Feather"},{"floor":9.0,"key":"War Paint"},{"floor":25,"key":"Potion Belt"},{"floor":26,"key":"Whetstone"}],"event_choices":[{"cards_removed":["Strike_B"],"damage_healed":0.0,"max_hp_gain":0.0,"max_hp_loss":0.0,"gold_gain":0.0,"event_name":"Golden Wing","player_choice":"Card Removal","floor":3.0,"gold_loss":0.0,"damage_taken":7.0},{"damage_healed":0.0,"max_hp_gain":0.0,"max_hp_loss":0.0,"gold_gain":75.0,"event_name":"FaceTrader","player_choice":"Touch","floor":11.0,"gold_loss":0.0,"damage_taken":7.0},{"damage_healed":0,"gold_gain":0,"player_choice":"Paid Fearfully","damage_taken":0,"max_hp_gain":0,"max_hp_loss":0,"event_name":"Masked Bandits","floor":28,"gold_loss":92},{"damage_healed":0,"gold_gain":0,"player_choice":"Ignored","damage_taken":0,"max_hp_gain":0,"max_hp_loss":0,"event_name":"Cursed Tome","floor":30,"gold_loss":0},{"damage_healed":0,"gold_gain":0,"player_choice":"Cursed","damage_taken":0,"max_hp_gain":0,"max_hp_loss":0,"event_name":"Wheel of Change","floor":38,"gold_loss":0,"cards_obtained":["Decay"]}],"is_beta":false,"boss_relics":[{"not_picked":["Runic Dome","Velvet Choker"],"picked":"Tiny House"},{"not_picked":["Calling Bell","Runic Pyramid"],"picked":"Pandora\u0027s Box"}],"items_purged_floors":[20],"is_endless":false,"potions_floor_spawned":[2,6,14,16,18,21,25,31,33,37],"killed_by":"Sphere and 2 Shapes","ascension_level":0}}