{"host":"mxox80e574zusnt5","time":1613623655,"event":{"mods":["AchievementEnabler","Act Like it!","BaseMod","Better Match","CapriCore","Challenge The Spire","Energized Spire","Friendly Minions","Gensokyo","GifTheSpireLib","HexUI Lib","Infinite Spire","Minty Spire (QoL Compilation)","Pale of the Ancients","Quick Restart","Reliquary","Replay The Spire","Spire Arcade","StSLib","The Clintock","The Construct","The Elementalist","The Marked","The Servant 0.9.4","The Trickster","TheVacant"],"gold_per_floor":[112,112,112,14,28,54,54,72,72,72,72,101,113,126,126,228,228,244,264,264,264],"floor_reached":20,"language":"ENG","playtime":1714,"items_purged":[],"score":209,"play_id":"f22d4c0c-3ff3-4665-87eb-6f62d7ccffaf","local_time":"20210217224735","is_ascension_mode":false,"campfire_choices":[{"data":"theVacant:Release","floor":7,"key":"SMITH"},{"data":"theVacant:Crunch","floor":10,"key":"SMITH"},{"data":"theVacant:VoidForm","floor":15,"key":"SMITH"}],"circlet_count":0,"master_deck":["theVacant:VacantStarterStrike","theVacant:VacantStarterStrike","theVacant:VacantStarterStrike","theVacant:VacantStarterStrike","theVacant:VacantStarterDefend","theVacant:VacantStarterDefend","theVacant:VacantStarterDefend","theVacant:VacantStarterDefend","theVacant:Release+1","theVacant:Crunch+1","theVacant:ShutAway","CommonCold","theVacant:CursedBlast","theVacant:FiendFrost","theVacant:BattleScars","theVacant:VoidForm+1","theVacant:WhenDarknessComes","theVacant:WaitInWrath","theVacant:Husk","theVacant:FiendFrost","theVacant:CleanseSoul","theVacant:PitOfDespair"],"relics":["theVacant:BrassGoblet","NeowsBlessing","reliquary:Boomerang","reliquary:TridentHead","Eternal Feather","reliquary:WeakTea"],"acts_visited":["Gensokyo:Gensokyo","Gensokyo:Gensokyoer"],"potions_floor_usage":[16,19,19],"damage_taken":[{"damage":0,"enemies":"Gensokyo:Gryphon","floor":1,"turns":1},{"damage":0,"enemies":"Gensokyo:Python","floor":5,"turns":1},{"damage":0,"enemies":"Gensokyo:Aya","floor":6,"turns":1},{"damage":7,"enemies":"Gensokyo:2_Kodama","floor":8,"turns":4},{"damage":19,"enemies":"Gensokyo:Mamizou","floor":12,"turns":10},{"damage":0,"enemies":"Gensokyo:5_Fairies","floor":13,"turns":3},{"damage":2,"enemies":"Gensokyo:2_Rabbits","floor":14,"turns":3},{"damage":29,"enemies":"Gensokyo:Reimu","floor":16,"turns":10},{"damage":15,"enemies":"Gensokyo:CosmicMonolith","floor":18,"turns":12},{"damage":21,"enemies":"Gensokyo:Chomper","floor":19,"turns":8},{"damage":55,"enemies":"Gensokyo:Slime_Group","floor":20,"turns":4}],"seed_played":"2600932890012691137","potions_obtained":[{"floor":6,"key":"SpeedPotion"},{"floor":12,"key":"Explosive Potion"},{"floor":13,"key":"Ancient Potion"}],"is_trial":false,"path_per_floor":["M","?","?","COS","M","E","R","M","T","R","?","E","M","M","R","B",null,"M","M","M"],"character_chosen":"THE_VACANT","items_purchased":[],"campfire_rested":0,"item_purchase_floors":[],"current_hp_per_floor":[80,80,80,80,80,80,80,73,73,73,73,54,54,52,61,32,80,65,44,0,0],"gold":264,"neow_bonus":"THREE_ENEMY_KILL","is_daily":false,"chose_seed":false,"campfire_upgraded":3,"win_rate":0.0,"timestamp":1613623655,"path_taken":["M","?","?","COS","M","E","R","M","T","R","?","E","M","M","R","BOSS","M","M","M"],"items_purchased_type":[],"build_version":"2020-12-22","purchased_purges":0,"victory":false,"max_hp_per_floor":[80,80,80,80,80,80,80,80,80,80,80,80,80,80,80,80,80,80,80,80,80],"card_choices":[{"not_picked":["theVacant:Enrage","theVacant:Return"],"picked":"theVacant:ShutAway","floor":1},{"not_picked":["theVacant:ShutAway","theVacant:Enrage"],"picked":"theVacant:CursedBlast","floor":5},{"not_picked":["theVacant:Whip","theVacant:Barrage"],"picked":"theVacant:FiendFrost","floor":6},{"not_picked":["theVacant:OnSecondThought","theVacant:BrassMagnet"],"picked":"theVacant:BattleScars","floor":8},{"not_picked":["theVacant:FromNothing","theVacant:DeathSpiral"],"picked":"theVacant:VoidForm","floor":12},{"not_picked":["theVacant:BurdenBreak","theVacant:CursedBlast"],"picked":"theVacant:WhenDarknessComes","floor":12},{"not_picked":["theVacant:Yeet","theVacant:Dig"],"picked":"theVacant:WaitInWrath","floor":13},{"not_picked":["theVacant:OnSecondThought","theVacant:Yeet"],"picked":"theVacant:Husk","floor":14},{"not_picked":["theVacant:DimensionTear","theVacant:Exorcise"],"picked":"theVacant:FiendFrost","floor":16},{"not_picked":["theVacant:Throttle","theVacant:FranticBlow+1"],"picked":"theVacant:CleanseSoul","floor":18},{"not_picked":["theVacant:BrassMagnet","theVacant:Unearth"],"picked":"theVacant:PitOfDespair","floor":19}],"player_experience":957093,"relics_obtained":[{"floor":6,"key":"reliquary:Boomerang"},{"floor":9,"key":"reliquary:TridentHead"},{"floor":12,"key":"reliquary:WeakTea"}],"event_choices":[],"is_beta":false,"boss_relics":[{"not_picked":["Sozu","Ring of Chaos","reliquary:RedCape"]}],"items_purged_floors":[],"is_endless":false,"potions_floor_spawned":[6,12,13],"killed_by":"Gensokyo:Slime_Group","ascension_level":0}}