{"host":"e326moqq81vao3qq","time":1613659189,"event":{"mods":["BaseMod","Colored Powertips","Highlight Path","Minty Spire (QoL Compilation)","Quick Restart","Relic Stats","Spicy Shops","StSLib"],"gold_per_floor":[117,37,50,225,225,253,253,285,310,23,23,23,23],"floor_reached":12,"language":"ENG","playtime":295,"items_purged":[],"score":136,"play_id":"93d37ae4-396c-4554-98db-4b9c24d4eab2","local_time":"20210218093949","is_ascension_mode":true,"campfire_choices":[{"data":"Genetic Algorithm","floor":7,"key":"SMITH"},{"data":"Genetic Algorithm","floor":11,"key":"SMITH"}],"circlet_count":0,"master_deck":["Strike_B","Strike_B","Strike_B","Defend_B","Defend_B","Defend_B","Defend_B","Zap","Dualcast","Genetic Algorithm+1","Genetic Algorithm+1","Cold Snap","Doubt","BootSequence","Conserve Battery"],"relics":["Cracked Core","NeowsBlessing","Bronze Scales","Vajra","Orichalcum","TungstenRod"],"acts_visited":["Exordium"],"potions_floor_usage":[],"damage_taken":[{"damage":0,"enemies":"2 Louse","floor":1,"turns":1},{"damage":0,"enemies":"Small Slimes","floor":3,"turns":1},{"damage":0,"enemies":"Gremlin Nob","floor":6,"turns":1},{"damage":29,"enemies":"Lagavulin","floor":8,"turns":9},{"damage":39,"enemies":"Gremlin Nob","floor":12,"turns":4}],"seed_played":"6777418856031890334","potions_obtained":[{"floor":3,"key":"LiquidBronze"},{"floor":8,"key":"Ancient Potion"}],"is_trial":false,"path_per_floor":["M","$","M","?","?","E","R","E","T","$","R","E"],"character_chosen":"DEFECT","items_purchased":["Genetic Algorithm","TungstenRod"],"campfire_rested":0,"item_purchase_floors":[2,10],"current_hp_per_floor":[75,75,75,75,68,68,68,39,39,39,39,0,0],"gold":23,"neow_bonus":"THREE_ENEMY_KILL","is_daily":false,"chose_seed":false,"campfire_upgraded":2,"win_rate":0.0,"timestamp":1613659189,"path_taken":["M","$","M","?","?","E","R","E","T","?","R","E"],"items_purchased_type":["Card","Relic"],"build_version":"2020-12-22","purchased_purges":0,"victory":false,"max_hp_per_floor":[75,75,75,75,75,75,75,75,75,75,75,75,75],"relic_stats":{"counters":[5,16],"Bronze Scales":[18],"Orichalcum":[6],"obtain_stats":[{"NeowsBlessing":0,"Bronze Scales":6,"Vajra":8,"Orichalcum":9,"Cracked Core":0,"TungstenRod":10},{"NeowsBlessing":0,"Bronze Scales":3,"Vajra":4,"Orichalcum":4,"Cracked Core":0,"TungstenRod":4},{"NeowsBlessing":0,"Bronze Scales":3,"Vajra":12,"Orichalcum":12,"Cracked Core":0,"TungstenRod":12}],"TungstenRod":3},"card_choices":[{"not_picked":["Gash","Rebound"],"picked":"Genetic Algorithm","floor":1},{"not_picked":["Compile Driver","Leap"],"picked":"Cold Snap","floor":3},{"not_picked":["Gash","Rebound"],"picked":"BootSequence","floor":6},{"not_picked":["Leap","Beam Cell"],"picked":"Conserve Battery","floor":8}],"player_experience":235128,"relics_obtained":[{"floor":6,"key":"Bronze Scales"},{"floor":8,"key":"Vajra"},{"floor":9,"key":"Orichalcum"}],"event_choices":[{"damage_healed":0,"gold_gain":175,"player_choice":"AGREE","damage_taken":0,"max_hp_gain":0,"max_hp_loss":0,"event_name":"Liars Game","floor":4,"gold_loss":0,"cards_obtained":["Doubt"]},{"cards_removed":["Strike_B"],"damage_healed":0,"gold_gain":0,"player_choice":"Card Removal","damage_taken":7,"max_hp_gain":0,"max_hp_loss":0,"event_name":"Golden Wing","floor":5,"gold_loss":0}],"is_beta":false,"boss_relics":[],"items_purged_floors":[],"is_endless":false,"potions_floor_spawned":[3,8],"killed_by":"Gremlin Nob","ascension_level":5}}