{"host":"i9wanet4r0ff4t9y","time":1613647793,"event":{"mods":["2.2 Compatiblity","Act Like it!","BaseMod","Bestiary","Better Altar","Better Match","Better Note","Better Sensory Stone","Better Skull","Better Third Choice","Better Vampires","BetterRewards","CapriCore","Colored Map","Curses Come First","Downfall","Hubris","Minty Spire (QoL Compilation)","Quick Restart","READ ME - Guardian Mod","READ ME - Snecko Mod","Relic Stats","Reliquary","Ruina","Say the Spire","Spicy Shops","StSLib","The Gatherer","Waifu the Spire"],"gold_per_floor":[115,132,97,372,388,388,16,27,78,78,94,128,128,128,128,205,205,218,230,248,148,148,148,148,148],"floor_reached":24,"language":"POL","playtime":860,"items_purged":[],"score":617,"play_id":"3e272cb5-7d10-421a-a86f-d08a29f43eae","local_time":"20210218122953","is_ascension_mode":true,"campfire_choices":[{"floor":6,"key":"REST"},{"data":"Mayhem","floor":13,"key":"SMITH"},{"data":"Rupture","floor":15,"key":"SMITH"},{"floor":23,"key":"REST"}],"circlet_count":0,"master_deck":["AscendersBane","Strike_R","Strike_R","Strike_R","Strike_R","Strike_R","Defend_R","Defend_R","Defend_R","Defend_R","Bash","Uppercut","Flex","Feel No Pain","Mayhem+1","Flame Barrier","Sword Boomerang","Infernal Blade","Flex","Uppercut","Clothesline","Twin Strike","Regret","True Grit","Rupture+1","Seeing Red","Ghostly Armor","Disarm","Exhume","Metallicize","Reaper","Blood for Blood","Cleave","Anger+1","Bludgeon"],"relics":["Burning Blood","hubris:TenFootPole","reliquary:Knoch","reliquary:CitrusReamer","Happy Flower","Lantern","reliquary:Bookmark","Champion Belt","hexamod:CandleOfCauterizing","reliquary:TridentHead","reliquary:PorcupineQuills","Orrery","Toolbox","Juzu Bracelet","Potion Belt","hubris:Towel","reliquary:BigHammer"],"acts_visited":["Exordium","ruina:Briah"],"potions_floor_usage":[18,20,20,24],"damage_taken":[{"damage":5,"enemies":"Jaw Worm","floor":1,"turns":3},{"damage":0,"enemies":"2 Louse","floor":2,"turns":3},{"damage":0,"enemies":"Cultist","floor":5,"turns":2},{"damage":0,"enemies":"Blue Slaver","floor":8,"turns":1},{"damage":2,"enemies":"Gremlin Gang","floor":11,"turns":2},{"damage":17,"enemies":"Gremlin Nob","floor":12,"turns":3},{"damage":28,"enemies":"Slime Boss","floor":16,"turns":9},{"damage":27,"enemies":"ruina:3_Bats","floor":18,"turns":7},{"damage":8,"enemies":"ruina:2_Scarecrows","floor":19,"turns":5},{"damage":46,"enemies":"ruina:KnightOfDespair","floor":20,"turns":6},{"damage":56,"enemies":"ruina:Mountain","floor":24,"turns":9}],"seed_played":"-369819907821820093","potions_obtained":[{"floor":1,"key":"ElixirPotion"},{"floor":11,"key":"Guardian:BlockOnCardUsePotion"},{"floor":12,"key":"PowerPotion"},{"floor":18,"key":"LiquidMemories"}],"is_trial":false,"path_per_floor":["M","M","?","?","M","R","$","M","T","?","M","E","R","?","R","B",null,"M","M","M","?","?","R","E"],"character_chosen":"IRONCLAD","items_purchased":["hubris:TenFootPole","reliquary:Knoch","reliquary:CitrusReamer","Happy Flower","Lantern","reliquary:Bookmark","Uppercut","Flex","Feel No Pain","Mayhem","hexamod:CandleOfCauterizing","reliquary:TridentHead","reliquary:PorcupineQuills","Orrery","Toolbox","Rupture","Seeing Red","Ghostly Armor"],"campfire_rested":2,"item_purchase_floors":[0,0,0,0,0,0,0,0,0,0,0,0,0,0,7,7,7,7],"current_hp_per_floor":[22,28,46,46,52,74,74,75,75,75,75,64,64,64,64,42,67,48,50,18,18,18,40,0,0],"gold":148,"neow_bonus":"","is_daily":false,"chose_seed":false,"campfire_upgraded":2,"win_rate":0.0,"timestamp":1613647793,"path_taken":["M","M","?","?","M","R","$","?","T","?","M","E","R","?","R","BOSS","M","M","M","?","?","R","E"],"items_purchased_type":["Relic","Relic","Relic","Relic","Relic","Relic","Card","Card","Card","Card","Relic","Relic","Relic","Relic","Relic","Card","Card","Card"],"build_version":"2020-12-22","purchased_purges":0,"victory":false,"max_hp_per_floor":[75,75,75,75,75,75,75,75,75,75,75,75,75,75,75,75,75,75,75,75,75,75,75,75,75],"relic_stats":{"Happy Flower":[16],"counters":[159,697],"Juzu Bracelet":1,"Champion Belt":[16],"obtain_stats":[{"reliquary:BigHammer":17,"Whetstone":0,"Ginger":45,"reliquary:Tamtam":2,"Sling":0,"Boot":17,"Old Coin":23,"reliquary:FerryPass":10,"Blood Vial":38,"MealTicket":48,"HandDrill":0,"Pear":0,"Blue Candle":0,"reliquary:WeakTea":0,"reliquary:Bookmark":0,"Mark of Pain":17,"reliquary:SculptingSteel":26,"CultistMask":24,"hubris:TenFootPole":0,"StrikeDummy":26,"Unceasing Top":22,"Lantern":0,"Regal Pillow":3,"reliquary:SilkGlove":9,"Singing Bowl":43,"reliquary:Aerogel":25,"Magic Flower":0,"Bag of Preparation":7,"hubris:EmptyBottle":0,"Cursed Key":17,"Smiling Mask":9,"Burning Blood":0,"reliquary:TridentHead":0,"Shovel":7,"Matryoshka":0,"Toolbox":0,"reliquary:Buckler":0,"WingedGreaves":26,"downfall:ExtraCursedBell":7,"Potion Belt":26,"Lee\u0027s Waffle":11,"Golden Idol":2,"PreservedInsect":22,"Omamori":11,"hubris:Towel":47,"reliquary:RosewoodLute":0,"Frozen Egg 2":9,"reliquary:Crutches":42,"sneckomod:BabySnecko":21,"Busted Crown":17,"Ornamental Fan":0,"betterThird:SlimedRelic":4,"Bloody Idol":24,"Orrery":0,"Turnip":40,"Champion Belt":0,"Toy Ornithopter":10,"Ice Cream":27,"Calipers":0,"Tiny House":34,"reliquary:PartyBalloon":14,"CeramicFish":0,"Vajra":15,"Sozu":17,"Centennial Puzzle":24,"Lizard Tail":0,"HornCleat":13,"reliquary:CitrusReamer":0,"reliquary:SharkskinSheath":9,"Girya":5,"Happy Flower":0,"Oddly Smooth Stone":0,"Charon\u0027s Ashes":0,"Letter Opener":24,"War Paint":0,"WarpedTongs":30,"reliquary:JackalopeAntler":26,"Du-Vu Doll":48,"reliquary:PorcupineQuills":0,"Shuriken":9,"Bronze Scales":6,"Molten Egg 2":31,"reliquary:BallBearing":12,"Black Star":34,"reliquary:MedicineBall":0,"reliquary:Knoch":0,"Pocketwatch":27,"Meat on the Bone":0,"Darkstone Periapt":10,"reliquary:PrincelyHelmet":7,"reliquary:Firecrackers":31,"Enchiridion":25,"Mango":0,"Incense Burner":19,"Juzu Bracelet":0,"ClockworkSouvenir":0,"Frozen Eye":19,"Dream Catcher":9,"Nunchaku":42,"hubris:Icosahedron":2,"Mummified Hand":17,"Gambling Chip":17,"Tiny Chest":0,"hubris:IronBody":26,"Red Mask":39,"hexamod:CandleOfCauterizing":9,"Orichalcum":0,"Odd Mushroom":8,"White Beast Statue":17,"reliquary:IridiumChain":0,"Mercury Hourglass":32,"Calling Bell":17,"reliquary:ExpiredCoupon":0,"Anchor":9,"CaptainsWheel":0,"reliquary:Stiletto":11,"reliquary:TuningFork":0,"Membership Card":0,"hubris:Potato":6,"TungstenRod":0},{"reliquary:BigHammer":155,"Whetstone":0,"Ginger":125,"reliquary:Tamtam":99,"Sling":3,"Boot":46,"Old Coin":38,"reliquary:FerryPass":108,"Blood Vial":21,"MealTicket":126,"HandDrill":39,"Pear":26,"Blue Candle":59,"reliquary:WeakTea":102,"reliquary:Bookmark":26,"Mark of Pain":65,"reliquary:SculptingSteel":69,"CultistMask":114,"hubris:TenFootPole":148,"StrikeDummy":115,"Unceasing Top":68,"Lantern":0,"Regal Pillow":1,"reliquary:SilkGlove":42,"Singing Bowl":23,"reliquary:Aerogel":97,"Magic Flower":3,"Bag of Preparation":61,"hubris:EmptyBottle":0,"Cursed Key":13,"Smiling Mask":30,"Burning Blood":0,"reliquary:TridentHead":148,"Shovel":61,"Matryoshka":102,"Toolbox":80,"reliquary:Buckler":59,"WingedGreaves":49,"downfall:ExtraCursedBell":61,"Potion Belt":115,"Lee\u0027s Waffle":61,"Golden Idol":27,"PreservedInsect":113,"Omamori":11,"hubris:Towel":24,"reliquary:RosewoodLute":39,"Frozen Egg 2":90,"reliquary:Crutches":146,"sneckomod:BabySnecko":113,"Busted Crown":111,"Ornamental Fan":80,"betterThird:SlimedRelic":28,"Bloody Idol":49,"Orrery":0,"Turnip":145,"Champion Belt":53,"Toy Ornithopter":11,"Ice Cream":115,"Calipers":98,"Tiny House":141,"reliquary:PartyBalloon":45,"CeramicFish":98,"Vajra":64,"Sozu":35,"Centennial Puzzle":69,"Lizard Tail":85,"HornCleat":91,"reliquary:CitrusReamer":148,"reliquary:SharkskinSheath":107,"Girya":105,"Happy Flower":148,"Oddly Smooth Stone":39,"Charon\u0027s Ashes":26,"Letter Opener":17,"War Paint":0,"WarpedTongs":18,"reliquary:JackalopeAntler":97,"Du-Vu Doll":146,"reliquary:PorcupineQuills":148,"Shuriken":57,"Bronze Scales":106,"Molten Egg 2":19,"reliquary:BallBearing":62,"Black Star":20,"reliquary:MedicineBall":39,"reliquary:Knoch":80,"Pocketwatch":69,"Meat on the Bone":102,"Darkstone Periapt":31,"reliquary:PrincelyHelmet":61,"reliquary:Firecrackers":72,"Enchiridion":49,"Mango":85,"Incense Burner":14,"Juzu Bracelet":98,"ClockworkSouvenir":3,"Frozen Eye":156,"Dream Catcher":61,"Nunchaku":125,"hubris:Icosahedron":1,"Mummified Hand":134,"Gambling Chip":46,"Tiny Chest":50,"hubris:IronBody":17,"Red Mask":21,"hexamod:CandleOfCauterizing":10,"Orichalcum":85,"Odd Mushroom":90,"White Beast Statue":46,"reliquary:IridiumChain":85,"Mercury Hourglass":72,"Calling Bell":46,"reliquary:ExpiredCoupon":53,"Anchor":101,"CaptainsWheel":127,"reliquary:Stiletto":43,"reliquary:TuningFork":53,"Membership Card":98,"hubris:Potato":9,"TungstenRod":102},{"reliquary:BigHammer":670,"Whetstone":0,"Ginger":550,"reliquary:Tamtam":452,"Sling":10,"Boot":217,"Old Coin":178,"reliquary:FerryPass":483,"Blood Vial":105,"MealTicket":553,"HandDrill":184,"Pear":133,"Blue Candle":267,"reliquary:WeakTea":463,"reliquary:Bookmark":133,"Mark of Pain":295,"reliquary:SculptingSteel":310,"CultistMask":506,"hubris:TenFootPole":647,"StrikeDummy":509,"Unceasing Top":307,"Lantern":0,"Regal Pillow":4,"reliquary:SilkGlove":192,"Singing Bowl":113,"reliquary:Aerogel":444,"Magic Flower":10,"Bag of Preparation":273,"hubris:EmptyBottle":0,"Cursed Key":60,"Smiling Mask":144,"Burning Blood":0,"reliquary:TridentHead":647,"Shovel":273,"Matryoshka":463,"Toolbox":354,"reliquary:Buckler":267,"WingedGreaves":231,"downfall:ExtraCursedBell":273,"Potion Belt":509,"Lee\u0027s Waffle":273,"Golden Idol":135,"PreservedInsect":503,"Omamori":47,"hubris:Towel":117,"reliquary:RosewoodLute":184,"Frozen Egg 2":390,"reliquary:Crutches":635,"sneckomod:BabySnecko":503,"Busted Crown":497,"Ornamental Fan":354,"betterThird:SlimedRelic":138,"Bloody Idol":231,"Orrery":0,"Turnip":630,"Champion Belt":243,"Toy Ornithopter":47,"Ice Cream":509,"Calipers":449,"Tiny House":614,"reliquary:PartyBalloon":207,"CeramicFish":449,"Vajra":288,"Sozu":166,"Centennial Puzzle":310,"Lizard Tail":370,"HornCleat":396,"reliquary:CitrusReamer":647,"reliquary:SharkskinSheath":479,"Girya":471,"Happy Flower":647,"Oddly Smooth Stone":184,"Charon\u0027s Ashes":133,"Letter Opener":82,"War Paint":0,"WarpedTongs":88,"reliquary:JackalopeAntler":444,"Du-Vu Doll":635,"reliquary:PorcupineQuills":647,"Shuriken":258,"Bronze Scales":475,"Molten Egg 2":92,"reliquary:BallBearing":278,"Black Star":100,"reliquary:MedicineBall":184,"reliquary:Knoch":354,"Pocketwatch":310,"Meat on the Bone":463,"Darkstone Periapt":146,"reliquary:PrincelyHelmet":273,"reliquary:Firecrackers":319,"Enchiridion":231,"Mango":370,"Incense Burner":66,"Juzu Bracelet":449,"ClockworkSouvenir":10,"Frozen Eye":677,"Dream Catcher":273,"Nunchaku":550,"hubris:Icosahedron":4,"Mummified Hand":587,"Gambling Chip":217,"Tiny Chest":235,"hubris:IronBody":82,"Red Mask":105,"hexamod:CandleOfCauterizing":42,"Orichalcum":370,"Odd Mushroom":390,"White Beast Statue":217,"reliquary:IridiumChain":370,"Mercury Hourglass":319,"Calling Bell":217,"reliquary:ExpiredCoupon":243,"Anchor":458,"CaptainsWheel":564,"reliquary:Stiletto":196,"reliquary:TuningFork":243,"Membership Card":449,"hubris:Potato":36,"TungstenRod":463}],"Burning Blood":947},"card_choices":[{"not_picked":["Clothesline","Cleave"],"picked":"Flame Barrier","floor":0},{"not_picked":["Reckless Charge","Sentinel"],"picked":"Sword Boomerang","floor":0},{"not_picked":["Warcry","Clothesline"],"picked":"Infernal Blade","floor":0},{"not_picked":["Entrench","Warcry"],"picked":"Flex","floor":0},{"not_picked":["Sword Boomerang","Headbutt"],"picked":"Uppercut","floor":0},{"not_picked":["Warcry","Pommel Strike"],"picked":"Clothesline","floor":1},{"not_picked":["Pommel Strike","Body Slam"],"picked":"Twin Strike","floor":2},{"not_picked":["Battle Trance","Warcry"],"picked":"True Grit","floor":5},{"not_picked":["True Grit","Clothesline"],"picked":"Disarm","floor":8},{"not_picked":["Pommel Strike","Thunderclap"],"picked":"Exhume","floor":11},{"not_picked":["Sever Soul","Dual Wield"],"picked":"Metallicize","floor":12},{"not_picked":["Fiend Fire","Exhume"],"picked":"Reaper","floor":16},{"not_picked":["hubris:CleavingFinish","Flame Barrier"],"picked":"Blood for Blood","floor":18},{"not_picked":["Armaments","Sentinel"],"picked":"Cleave","floor":19},{"not_picked":["Clothesline","Body Slam"],"picked":"Anger+1","floor":20},{"not_picked":["Corruption","Feed"],"picked":"Bludgeon","floor":21}],"player_experience":475904,"relics_obtained":[{"floor":9,"key":"Juzu Bracelet"},{"floor":12,"key":"Potion Belt"}],"event_choices":[{"damage_healed":18,"gold_gain":0,"player_choice":"Healed","damage_taken":0,"max_hp_gain":0,"max_hp_loss":0,"event_name":"The Cleric","floor":3,"gold_loss":35},{"damage_healed":0,"gold_gain":275,"player_choice":"Desecrate","damage_taken":0,"max_hp_gain":0,"max_hp_loss":0,"event_name":"Golden Shrine","floor":4,"gold_loss":0,"cards_obtained":["Regret"]},{"damage_healed":0,"gold_gain":0,"player_choice":"Ignored","damage_taken":0,"max_hp_gain":0,"max_hp_loss":0,"event_name":"Fountain of Cleansing","floor":10,"gold_loss":0}],"is_beta":false,"boss_relics":[{"not_picked":["Fusion Hammer","Empty Cage"],"picked":"reliquary:BigHammer"}],"items_purged_floors":[],"is_endless":false,"potions_floor_spawned":[1,11,12,18],"killed_by":"ruina:Mountain","ascension_level":20}}