{"host":"p0hktren06injwdf","time":1613632044,"event":{"mods":["AchievementEnabler","BaseMod","Colored Map","DeckTracker","Minty Spire (QoL Compilation)","Permanent Neow","StSLib","SuperFastMode"],"gold_per_floor":[117,117,130,41,55,55,83,103,155,155,219,263,263,16,16,109,109,128,54,54,54,54,86,99,99,99,124,134,134,144,179,179,256,256,274,254,271,271,271,318,243,270,270,270,298,298,308,339,339,339,339],"floor_reached":50,"language":"KOR","playtime":1737,"items_purged":["Judgement+1"],"score":1509,"play_id":"14a46a5e-3777-4794-aaf2-d477ebcb398e","local_time":"20210218160724","is_ascension_mode":true,"campfire_choices":[{"data":"Eruption","floor":6.0,"key":"SMITH"},{"data":"Conclude","floor":13.0,"key":"SMITH"},{"data":"LessonLearned","floor":15.0,"key":"SMITH"},{"data":"Adaptation","floor":25.0,"key":"SMITH"},{"data":"Adaptation","floor":32.0,"key":"SMITH"},{"floor":46,"key":"REST"},{"data":"Vault","floor":49,"key":"SMITH"}],"circlet_count":0,"master_deck":["AscendersBane","Strike_P+1","Defend_P+1","Defend_P+1","Eruption+1","Vigilance","CutThroughFate+1","Evaluate","Conclude+1","MentalFortress+1","FlurryOfBlows","FearNoEvil","LessonLearned+1","Vault+1","BowlingBash","Adaptation+1","InnerPeace","Adaptation+1","TalkToTheHand+1","Wireheading+1","Judgement+1"],"relics":["PureWater","Gremlin Horn","Pen Nib","Akabeko","Bloody Idol","Ancient Tea Set","Mango","Bottled Lightning","Prayer Wheel","Regal Pillow","Omamori","Astrolabe","CaptainsWheel","Letter Opener","Bird Faced Urn","Vajra"],"acts_visited":["Exordium","TheCity","TheBeyond"],"potions_floor_usage":[50],"damage_taken":[{"damage":12.0,"enemies":"Small Slimes","floor":1.0,"turns":3.0},{"damage":0.0,"enemies":"Jaw Worm","floor":3.0,"turns":5.0},{"damage":0.0,"enemies":"2 Louse","floor":5.0,"turns":1.0},{"damage":0.0,"enemies":"Lagavulin","floor":7.0,"turns":2.0},{"damage":0.0,"enemies":"2 Fungi Beasts","floor":8.0,"turns":2.0},{"damage":0.0,"enemies":"Gremlin Nob","floor":11.0,"turns":2.0},{"damage":0.0,"enemies":"3 Sentries","floor":12.0,"turns":3.0},{"damage":0.0,"enemies":"Slime Boss","floor":16.0,"turns":6.0},{"damage":0.0,"enemies":"Spheric Guardian","floor":18.0,"turns":4.0},{"damage":8.0,"enemies":"Gremlin Leader","floor":23.0,"turns":7.0},{"damage":11.0,"enemies":"2 Thieves","floor":24.0,"turns":4.0},{"damage":39.0,"enemies":"Slavers","floor":27.0,"turns":7.0},{"damage":2.0,"enemies":"Chosen and Byrds","floor":28.0,"turns":4.0},{"damage":0.0,"enemies":"Centurion and Healer","floor":30.0,"turns":4.0},{"damage":0.0,"enemies":"Gremlin Leader","floor":31.0,"turns":3.0},{"damage":28.0,"enemies":"Collector","floor":33.0,"turns":10.0},{"damage":14.0,"enemies":"Orb Walker","floor":35.0,"turns":4.0},{"damage":0.0,"enemies":"3 Shapes","floor":37.0,"turns":4.0},{"damage":43.0,"enemies":"2 Orb Walkers","floor":40.0,"turns":5.0},{"damage":8,"enemies":"Reptomancer","floor":42,"turns":7},{"damage":24,"enemies":"Nemesis","floor":45,"turns":7},{"damage":6,"enemies":"Writhing Mass","floor":47,"turns":8},{"damage":0,"enemies":"Reptomancer","floor":48,"turns":4},{"damage":88,"enemies":"Awakened One","floor":50,"turns":6}],"seed_played":"5940551081954685329","potions_obtained":[{"floor":1.0,"key":"DuplicationPotion"},{"floor":5.0,"key":"SkillPotion"},{"floor":7.0,"key":"EntropicBrew"},{"floor":16.0,"key":"Weak Potion"},{"floor":28.0,"key":"DistilledChaos"},{"floor":33.0,"key":"Ancient Potion"},{"floor":36.0,"key":"PowerPotion"},{"floor":37.0,"key":"Regen Potion"},{"floor":47,"key":"SteroidPotion"},{"floor":48,"key":"ColorlessPotion"}],"is_trial":false,"path_per_floor":["M","?","M","$","M","R","E","M","T","?","?","E","R","$","R","B",null,"M","$","?","?","?","E","M","R","T","E","M","?","M","E","R","B",null,"M","?","M","?","?","?","$","E","T","?","E","R","M","E","R","B"],"character_chosen":"WATCHER","items_purchased":["Conclude","FearNoEvil","LessonLearned","Adaptation"],"campfire_rested":1,"item_purchase_floors":[4,14,14,19],"current_hp_per_floor":[49,44,44,44,44,44,44,44,44,21,21,35,35,35,35,35,70,70,70,70,70,70,67,66,66,66,32,35,35,40,45,45,22,67,58,58,63,63,63,39,39,36,36,36,17,55,62,75,75,0,0],"gold":339,"neow_bonus":"REMOVE_CARD","is_daily":false,"chose_seed":false,"campfire_upgraded":6,"win_rate":0.0,"timestamp":1613632044,"path_taken":["M","?","M","$","M","R","E","M","T","?","?","E","R","?","R","BOSS","M","$","?","?","?","E","M","R","T","E","M","?","M","E","R","BOSS","M","?","?","?","?","?","$","E","T","?","E","R","?","E","R","BOSS"],"items_purchased_type":["Card","Card","Card","Card"],"build_version":"2020-12-22","purchased_purges":1,"victory":false,"max_hp_per_floor":[68,68,68,68,68,68,68,68,68,68,68,82,82,82,82,82,82,82,82,82,82,82,82,82,82,82,82,82,82,82,82,82,82,82,82,82,82,82,82,82,82,82,82,78,78,78,78,78,78,78,78],"card_choices":[{"not_picked":["Sanctity","Nirvana"],"picked":"CutThroughFate","floor":1.0},{"not_picked":["CutThroughFate","Crescendo"],"picked":"Evaluate","floor":3.0},{"not_picked":["Sanctity","DeceiveReality","CarveReality"],"picked":"SKIP","floor":5.0},{"not_picked":["Meditate","Crescendo"],"picked":"MentalFortress","floor":7.0},{"not_picked":["PathToVictory","ClearTheMind"],"picked":"FlurryOfBlows","floor":8.0},{"not_picked":["ConjureBlade","Swivel","SashWhip"],"picked":"SKIP","floor":12.0},{"not_picked":["Devotion","Establishment"],"picked":"Vault","floor":16.0},{"not_picked":["CrushJoints","Prostrate"],"picked":"BowlingBash","floor":18.0},{"not_picked":["ClearTheMind","Protect","Evaluate"],"picked":"SKIP","floor":23.0},{"not_picked":["Protect","SignatureMove"],"picked":"InnerPeace","floor":24.0},{"not_picked":["BowlingBash","Devotion","JustLucky"],"picked":"SKIP","floor":27.0},{"not_picked":["ReachHeaven","Evaluate"],"picked":"Adaptation","floor":28.0},{"not_picked":["BattleHymn","CrushJoints","Halt"],"picked":"SKIP","floor":28.0},{"not_picked":["BattleHymn","ForeignInfluence"],"picked":"TalkToTheHand+1","floor":30.0},{"not_picked":["ThirdEye+1","DeceiveReality","Protect"],"picked":"SKIP","floor":30.0},{"not_picked":["WindmillStrike","ThirdEye","Consecrate"],"picked":"SKIP","floor":31.0},{"not_picked":["InnerPeace+1","CutThroughFate+1","EmptyFist+1"],"picked":"SKIP","floor":35.0},{"not_picked":["Evaluate","SashWhip","LikeWater"],"picked":"SKIP","floor":35.0},{"not_picked":["FlyingSleeves+1","ClearTheMind","CutThroughFate+1"],"picked":"SKIP","floor":37.0},{"not_picked":["Meditate","DeceiveReality+1","FlyingSleeves"],"picked":"SKIP","floor":37.0},{"not_picked":["ThirdEye+1","FlurryOfBlows","LessonLearned"],"picked":"SKIP","floor":42},{"not_picked":["Sanctity","ClearTheMind","Halt+1"],"picked":"SKIP","floor":45},{"not_picked":["SashWhip+1","WindmillStrike+1","FlyingSleeves+1"],"picked":"SKIP","floor":47},{"not_picked":["BowlingBash","Evaluate","JustLucky+1"],"picked":"SKIP","floor":47},{"not_picked":["Blasphemy","Wallop+1","Consecrate"],"picked":"SKIP","floor":48}],"player_experience":1081823,"relics_obtained":[{"floor":7.0,"key":"Pen Nib"},{"floor":9.0,"key":"Akabeko"},{"floor":11.0,"key":"Ancient Tea Set"},{"floor":12.0,"key":"Mango"},{"floor":23.0,"key":"Bottled Lightning"},{"floor":26.0,"key":"Prayer Wheel"},{"floor":27.0,"key":"Regal Pillow"},{"floor":31.0,"key":"Omamori"},{"floor":40.0,"key":"CaptainsWheel"},{"floor":42,"key":"Letter Opener"},{"floor":45,"key":"Bird Faced Urn"},{"floor":48,"key":"Vajra"}],"event_choices":[{"damage_healed":0.0,"max_hp_gain":0.0,"max_hp_loss":0.0,"gold_gain":0.0,"event_name":"Scrap Ooze","player_choice":"Success","floor":2.0,"gold_loss":0.0,"damage_taken":5.0,"relics_obtained":["Gremlin Horn"]},{"damage_healed":0.0,"max_hp_gain":0.0,"max_hp_loss":0.0,"gold_gain":0.0,"event_name":"Golden Idol","player_choice":"Take Damage","floor":10.0,"gold_loss":0.0,"damage_taken":23.0,"relics_obtained":["Golden Idol"]},{"damage_healed":0.0,"max_hp_gain":0.0,"max_hp_loss":0.0,"gold_gain":30.0,"event_name":"Dead Adventurer","player_choice":"Searched \u00272\u0027 times","floor":11.0,"gold_loss":0.0,"damage_taken":0.0},{"damage_healed":0.0,"max_hp_gain":0.0,"max_hp_loss":0.0,"gold_gain":0.0,"event_name":"Cursed Tome","player_choice":"Ignored","floor":20.0,"gold_loss":0.0,"damage_taken":0.0},{"damage_healed":0.0,"max_hp_gain":0.0,"max_hp_loss":0.0,"gold_gain":0.0,"event_name":"Forgotten Altar","player_choice":"Gave Idol","floor":21.0,"relics_lost":["Golden Idol"],"gold_loss":0.0,"damage_taken":0.0,"relics_obtained":["Bloody Idol"]},{"damage_healed":0.0,"max_hp_gain":0.0,"max_hp_loss":0.0,"gold_gain":0.0,"event_name":"Vampires","player_choice":"Ignored","floor":22.0,"gold_loss":0.0,"damage_taken":0.0},{"damage_healed":0.0,"max_hp_gain":0.0,"max_hp_loss":0.0,"gold_gain":0.0,"event_name":"The Mausoleum","player_choice":"Ignored","floor":29.0,"gold_loss":0.0,"damage_taken":0.0},{"damage_healed":0.0,"max_hp_gain":0.0,"max_hp_loss":0.0,"gold_gain":0.0,"event_name":"The Woman in Blue","player_choice":"Bought 1 Potion","floor":36.0,"gold_loss":0.0,"damage_taken":0.0},{"damage_healed":0.0,"max_hp_gain":0.0,"max_hp_loss":0.0,"gold_gain":0.0,"event_name":"Tomb of Lord Red Mask","player_choice":"Ignored","floor":38.0,"gold_loss":0.0,"damage_taken":0.0},{"cards_removed":["Strike_P"],"damage_healed":0.0,"max_hp_gain":0.0,"max_hp_loss":0.0,"gold_gain":0.0,"event_name":"Falling","player_choice":"Removed Attack","floor":39.0,"gold_loss":0.0,"damage_taken":0.0},{"damage_healed":0.0,"max_hp_gain":0.0,"max_hp_loss":0.0,"gold_gain":0.0,"event_name":"Mysterious Sphere","player_choice":"Fight","floor":40.0,"gold_loss":0.0,"damage_taken":0.0},{"damage_healed":0,"gold_gain":0,"player_choice":"Max HP","damage_taken":0,"max_hp_gain":0,"max_hp_loss":4,"event_name":"Winding Halls","floor":44,"gold_loss":0}],"is_beta":false,"boss_relics":[{"not_picked":["Ectoplasm","Velvet Choker","Calling Bell"]},{"not_picked":["Tiny House","Busted Crown"],"picked":"Astrolabe"}],"items_purged_floors":[41],"is_endless":false,"potions_floor_spawned":[1,5,7,16,28,30,33,37,47,48],"killed_by":"Awakened One","ascension_level":20}}