{"host":"rb2p2z6v6vieend5","time":1613608919,"event":{"mods":["BaseMod","Block Reminder","Colored Map","DeckTracker","Highlight Path","Minty Spire (QoL Compilation)","Random Character Button","Relic Stats"],"gold_per_floor":[12,26,26,0,0,34,34,74,74,74,74],"floor_reached":10,"language":"ENG","playtime":252,"items_purged":[],"score":141,"play_id":"6ec57398-9093-4d98-ad93-408a5aa5090d","local_time":"20210218014159","is_ascension_mode":true,"campfire_choices":[{"data":"Twin Strike","floor":7,"key":"SMITH"}],"circlet_count":0,"master_deck":["AscendersBane","Strike_R","Strike_R","Strike_R","Strike_R","Strike_R","Defend_R","Defend_R","Bash","Twin Strike+1","Pommel Strike","Ghostly Armor","Impervious"],"relics":["Burning Blood","Golden Idol","Mummified Hand","Art of War","Bottled Flame"],"acts_visited":["Exordium"],"potions_floor_usage":[6],"damage_taken":[{"damage":13,"enemies":"2 Louse","floor":1,"turns":3},{"damage":2,"enemies":"Jaw Worm","floor":2,"turns":3},{"damage":35,"enemies":"3 Sentries","floor":6,"turns":7},{"damage":32,"enemies":"Gremlin Nob","floor":8,"turns":4},{"damage":10,"enemies":"3 Sentries","floor":10,"turns":1}],"seed_played":"-6672348048974962866","potions_obtained":[{"floor":1,"key":"Fire Potion"}],"is_trial":false,"path_per_floor":["M","M","?","?","$","E","R","E","T","E"],"character_chosen":"IRONCLAD","items_purchased":[],"campfire_rested":0,"item_purchase_floors":[],"current_hp_per_floor":[61,65,65,65,65,36,36,10,10,0,0],"gold":74,"neow_bonus":"REMOVE_TWO","is_daily":false,"chose_seed":false,"campfire_upgraded":1,"win_rate":0.0,"timestamp":1613608919,"path_taken":["M","M","?","?","?","E","R","E","T","E"],"items_purchased_type":[],"build_version":"2020-12-22","purchased_purges":0,"victory":false,"max_hp_per_floor":[75,75,68,68,68,68,68,68,68,68,68],"relic_stats":{"counters":[5,18],"Golden Idol":15,"Mummified Hand":[0],"Art of War":[0],"obtain_stats":[{"Bottled Flame":9,"Golden Idol":3,"Mummified Hand":6,"Art of War":8,"Burning Blood":0},{"Bottled Flame":4,"Golden Idol":2,"Mummified Hand":3,"Art of War":4,"Burning Blood":0},{"Bottled Flame":17,"Golden Idol":6,"Mummified Hand":13,"Art of War":17,"Burning Blood":0}],"Burning Blood":24},"card_choices":[{"not_picked":["Bloodletting","Flex"],"picked":"Twin Strike","floor":1},{"not_picked":["Dropkick","Sword Boomerang"],"picked":"Pommel Strike","floor":2},{"not_picked":["Warcry","Cleave"],"picked":"Ghostly Armor","floor":6},{"not_picked":["Blood for Blood","Battle Trance"],"picked":"Impervious","floor":8}],"player_experience":770775,"relics_obtained":[{"floor":6,"key":"Mummified Hand"},{"floor":8,"key":"Art of War"},{"floor":9,"key":"Bottled Flame"}],"event_choices":[{"damage_healed":0,"gold_gain":0,"player_choice":"Lose Max HP","damage_taken":0,"relics_obtained":["Golden Idol"],"max_hp_gain":0,"max_hp_loss":7,"event_name":"Golden Idol","floor":3,"gold_loss":0},{"damage_healed":0,"gold_gain":0,"player_choice":"Left Gold","damage_taken":0,"max_hp_gain":0,"max_hp_loss":0,"event_name":"World of Goop","floor":4,"gold_loss":26}],"is_beta":false,"boss_relics":[],"items_purged_floors":[],"is_endless":false,"potions_floor_spawned":[1],"killed_by":"3 Sentries","ascension_level":18}}