{"host":"bf5upntvbdompq33","time":1613618422,"event":{"mods":["BaseMod","Bestiary","Colored Map","Colored Powertips","Curses Come First","Highlight Path","Minty Spire (QoL Compilation)","StSLib","ojb\u0027s Info Mod"],"gold_per_floor":[118,128,14,28,44,79,79,79,103,118,145,158,191,205,205,277,277,289,304,320,22,40,40,75,75,101,127,144,144,172,172,172,172,172],"floor_reached":33,"language":"ENG","playtime":3417,"items_purged":["Strike_R"],"score":525,"play_id":"483edeb3-4637-495e-9c49-a48d84f35ceb","local_time":"20210217202022","is_ascension_mode":true,"campfire_choices":[{"data":"Whirlwind","floor":8,"key":"SMITH"},{"floor":15,"key":"REST"},{"data":"Immolate","floor":23,"key":"SMITH"},{"data":"Inflame","floor":25,"key":"SMITH"},{"floor":32,"key":"REST"}],"circlet_count":0,"master_deck":["AscendersBane","Strike_R","Strike_R","Strike_R","Strike_R","Defend_R","Defend_R","Defend_R","Defend_R","Bash","Inflame","Cleave","Ghostly Armor","Hemokinesis","Whirlwind+1","Impervious","Flame Barrier","Flex","Flex","Pummel","Shrug It Off","Immolate+1","Pommel Strike","Anger+1","Shrug It Off","Inflame+1","Flex+1","Armaments","Demon Form","Spot Weakness"],"relics":["Black Blood","MealTicket","Regal Pillow","Happy Flower","Pen Nib","Matryoshka","Bronze Scales","Akabeko","Dream Catcher","Bag of Preparation","Omamori","Tiny Chest","Strawberry","Bottled Lightning"],"acts_visited":["Exordium","TheCity"],"potions_floor_usage":[6,6,11,14,14,20,20,30,30],"damage_taken":[{"damage":0,"enemies":"Small Slimes","floor":1,"turns":4},{"damage":5,"enemies":"Cultist","floor":2,"turns":5},{"damage":0,"enemies":"2 Louse","floor":4,"turns":3},{"damage":20,"enemies":"Large Slime","floor":5,"turns":3},{"damage":22,"enemies":"3 Sentries","floor":6,"turns":6},{"damage":18,"enemies":"Exordium Thugs","floor":10,"turns":3},{"damage":24,"enemies":"Lagavulin","floor":11,"turns":7},{"damage":0,"enemies":"Gremlin Gang","floor":12,"turns":3},{"damage":18,"enemies":"Gremlin Nob","floor":13,"turns":3},{"damage":3,"enemies":"Lots of Slimes","floor":14,"turns":2},{"damage":64,"enemies":"Hexaghost","floor":16,"turns":11},{"damage":28,"enemies":"Shell Parasite","floor":18,"turns":8},{"damage":12,"enemies":"Chosen","floor":19,"turns":4},{"damage":0,"enemies":"Centurion and Healer","floor":20,"turns":1},{"damage":7,"enemies":"Sentry and Sphere","floor":22,"turns":3},{"damage":7,"enemies":"Gremlin Leader","floor":24,"turns":7},{"damage":10,"enemies":"Shelled Parasite and Fungi","floor":28,"turns":4},{"damage":45,"enemies":"Book of Stabbing","floor":30,"turns":4},{"damage":99,"enemies":"Automaton","floor":33,"turns":8}],"seed_played":"-4839510843169014750","potions_obtained":[{"floor":1,"key":"BloodPotion"},{"floor":5,"key":"Fire Potion"},{"floor":10,"key":"AttackPotion"},{"floor":11,"key":"DistilledChaos"},{"floor":13,"key":"Fire Potion"},{"floor":16,"key":"DuplicationPotion"},{"floor":19,"key":"SteroidPotion"},{"floor":20,"key":"BloodPotion"},{"floor":22,"key":"Energy Potion"}],"is_trial":false,"path_per_floor":["M","M","$","M","M","E","?","R","T","M","E","M","E","M","R","B",null,"M","M","M","$","M","R","E","R","T","T","M","?","E","?","R","B"],"character_chosen":"IRONCLAD","items_purchased":["Ghostly Armor","Bronze Scales","Akabeko"],"campfire_rested":2,"item_purchase_floors":[3,21,21],"current_hp_per_floor":[74,75,75,75,61,60,75,75,75,63,45,51,39,42,75,17,61,45,45,57,72,75,75,75,75,75,82,82,82,65,49,87,0,0],"gold":172,"neow_bonus":"RANDOM_COMMON_RELIC","is_daily":false,"chose_seed":false,"campfire_upgraded":3,"win_rate":0.0,"timestamp":1613618422,"path_taken":["M","M","$","M","M","E","?","R","T","?","E","M","E","M","R","BOSS","M","M","M","$","M","R","E","R","T","?","M","?","E","?","R","BOSS"],"items_purchased_type":["Card","Relic","Relic"],"build_version":"2020-12-22","purchased_purges":1,"victory":false,"max_hp_per_floor":[75,75,75,75,75,75,75,75,75,75,75,75,75,75,75,75,75,75,75,75,75,75,75,75,75,75,82,82,82,82,87,87,87,87],"card_choices":[{"not_picked":["Pommel Strike","Uppercut"],"picked":"Inflame","floor":1},{"not_picked":["Havoc","Perfected Strike"],"picked":"Cleave","floor":2},{"not_picked":["Wild Strike","Sword Boomerang"],"picked":"Hemokinesis","floor":4},{"not_picked":["Thunderclap","Iron Wave"],"picked":"Whirlwind","floor":5},{"not_picked":["Ghostly Armor","Whirlwind"],"picked":"Impervious","floor":6},{"not_picked":["True Grit","Headbutt"],"picked":"Flame Barrier","floor":10},{"not_picked":["Evolve","Wild Strike"],"picked":"Flex","floor":11},{"not_picked":["Wild Strike","Flame Barrier"],"picked":"Flex","floor":12},{"not_picked":["Cleave","Clash"],"picked":"Pummel","floor":13},{"not_picked":["Havoc","Pommel Strike"],"picked":"Shrug It Off","floor":14},{"not_picked":["Berserk","Exhume"],"picked":"Immolate","floor":16},{"not_picked":["Anger","Warcry"],"picked":"Pommel Strike","floor":18},{"not_picked":["Pommel Strike","Entrench"],"picked":"Anger+1","floor":19},{"not_picked":["Twin Strike","Clash"],"picked":"Shrug It Off","floor":20},{"not_picked":["Metallicize","Fiend Fire","Twin Strike"],"picked":"SKIP","floor":22},{"not_picked":["Cleave","Havoc"],"picked":"Inflame","floor":24},{"not_picked":["Dark Embrace","Cleave+1"],"picked":"Flex+1","floor":28},{"not_picked":["Ghostly Armor","Demon Form","Armaments"],"picked":"SKIP","floor":30},{"not_picked":["Ghostly Armor","Armaments"],"picked":"Demon Form","floor":30},{"not_picked":["Body Slam","Inflame"],"picked":"Spot Weakness","floor":32}],"player_experience":1628028,"relics_obtained":[{"floor":6,"key":"Regal Pillow"},{"floor":9,"key":"Happy Flower"},{"floor":11,"key":"Pen Nib"},{"floor":13,"key":"Matryoshka"},{"floor":24,"key":"Dream Catcher"},{"floor":26,"key":"Bag of Preparation"},{"floor":26,"key":"Omamori"},{"floor":27,"key":"Tiny Chest"},{"floor":27,"key":"Strawberry"},{"floor":30,"key":"Bottled Lightning"}],"event_choices":[{"damage_healed":15,"gold_gain":0,"player_choice":"Full Heal","damage_taken":0,"max_hp_gain":0,"max_hp_loss":0,"event_name":"Wheel of Change","floor":7,"gold_loss":0},{"damage_healed":0,"gold_gain":0,"player_choice":"Read","damage_taken":0,"max_hp_gain":0,"max_hp_loss":0,"event_name":"The Library","floor":29,"gold_loss":0,"cards_obtained":["Armaments"]},{"damage_healed":0,"gold_gain":0,"player_choice":"Shed Blood","damage_taken":21,"max_hp_gain":5,"max_hp_loss":0,"event_name":"Forgotten Altar","floor":31,"gold_loss":0}],"is_beta":false,"boss_relics":[{"not_picked":["Coffee Dripper","Tiny House"],"picked":"Black Blood"}],"items_purged_floors":[3],"is_endless":false,"potions_floor_spawned":[1,5,10,11,13,16,19,20,22],"killed_by":"Automaton","ascension_level":14}}