{"host":"g3js2eermvvpeiqn","time":1613644900,"event":{"mods":["BaseMod","DeckTracker","Downfall","Minty Spire (QoL Compilation)","Quick Restart","StSLib"],"gold_per_floor":[111,111,128,139,27,43,43,70,97,22,22,37,62,62,62,62,62],"floor_reached":16,"language":"ENG","playtime":616,"items_purged":["Doubt"],"score":274,"play_id":"cb34ed7f-fc56-430d-9b1d-bfc40b6873bd","local_time":"20210218044140","is_ascension_mode":true,"campfire_choices":[{"data":"1","floor":7.0,"key":"LIFT"},{"data":"2","floor":15.0,"key":"LIFT"}],"circlet_count":0,"master_deck":["AscendersBane","Strike_B","Strike_B","Strike_B","Defend_B","Defend_B","Defend_B","Defend_B","Zap","Dualcast","Hologram","Doom and Gloom","Cold Snap","Doom and Gloom","Lockon","Lockon","Defragment","Recycle"],"relics":["Cracked Core","Girya","CaptainsWheel","Darkstone Periapt","DataDisk","WingedGreaves","Frozen Egg 2"],"acts_visited":["Exordium"],"potions_floor_usage":[],"damage_taken":[{"damage":7.0,"enemies":"Cultist","floor":1.0,"turns":4.0},{"damage":0.0,"enemies":"2 Louse","floor":3.0,"turns":4.0},{"damage":9.0,"enemies":"Jaw Worm","floor":4.0,"turns":3.0},{"damage":8.0,"enemies":"Gremlin Gang","floor":6.0,"turns":4.0},{"damage":10.0,"enemies":"Gremlin Nob","floor":8.0,"turns":4.0},{"damage":0.0,"enemies":"Exordium Thugs","floor":11.0,"turns":1.0},{"damage":12.0,"enemies":"Exordium Wildlife","floor":12.0,"turns":4.0},{"damage":0.0,"enemies":"Lagavulin","floor":13.0,"turns":4.0},{"damage":17,"enemies":"The Guardian","floor":16,"turns":10}],"seed_played":"-2814622857488644705","potions_obtained":[{"floor":1.0,"key":"SmokeBomb"},{"floor":3.0,"key":"Dexterity Potion"},{"floor":12.0,"key":"DistilledChaos"}],"is_trial":false,"path_per_floor":["M","T","M","M","$","M","R","E","T","?","M","M","E","T","R","B"],"character_chosen":"DEFECT","items_purchased":["Doom and Gloom"],"campfire_rested":0,"item_purchase_floors":[5],"current_hp_per_floor":[57,57,57,48,48,40,40,30,30,30,30,18,18,18,18,1,1],"gold":62,"neow_bonus":"ONE_RARE_RELIC","is_daily":false,"chose_seed":false,"campfire_upgraded":0,"win_rate":0.0,"timestamp":1613644900,"path_taken":["M","?","?","M","$","M","R","E","T","?","M","M","E","?","R","BOSS"],"items_purchased_type":["Card"],"build_version":"2020-12-22","purchased_purges":1,"victory":false,"max_hp_per_floor":[71,71,71,71,71,71,71,71,71,71,71,71,71,71,71,71,71],"card_choices":[{"not_picked":["Cold Snap","Beam Cell"],"picked":"Hologram","floor":1.0},{"not_picked":["Self Repair","Streamline"],"picked":"Doom and Gloom","floor":3.0},{"not_picked":["Sweeping Beam","Fusion"],"picked":"Cold Snap","floor":4.0},{"not_picked":["Sunder","Scrape"],"picked":"Lockon","floor":6.0},{"not_picked":["Sweeping Beam","Hyperbeam"],"picked":"Lockon","floor":8.0},{"not_picked":["Redo","Undo"],"picked":"Defragment","floor":12.0},{"not_picked":["Leap","Blizzard"],"picked":"Recycle","floor":13.0}],"player_experience":1468385,"relics_obtained":[{"floor":2.0,"key":"CaptainsWheel"},{"floor":8.0,"key":"Darkstone Periapt"},{"floor":9.0,"key":"DataDisk"},{"floor":13.0,"key":"WingedGreaves"},{"floor":14.0,"key":"Frozen Egg 2"}],"event_choices":[{"cards_removed":["Strike_B"],"damage_healed":0.0,"max_hp_gain":0.0,"max_hp_loss":0.0,"gold_gain":0.0,"event_name":"The Cleric","player_choice":"Card Removal","floor":10.0,"gold_loss":75.0,"damage_taken":0.0}],"is_beta":false,"boss_relics":[],"items_purged_floors":[5],"is_endless":false,"potions_floor_spawned":[1,3,11,12],"killed_by":"The Guardian","ascension_level":20}}