{"host":"l1pf8md6w6jccf6p","time":1613690061,"event":{"mods":["AchievementEnabler","BaseMod","Block Reminder","Colored Map","Googly Eyes","Minty Spire (QoL Compilation)","StSLib","The Cursed"],"gold_per_floor":[163,176,187,201,201,201,219,235,287,312,312,326,354,366,366,469,469,487,402,402,402,28,62,62,81,81,98,98,118,418,434,434,529,529,546,546,566,578,588,619,619,638,638,688,688,10,20,38,38,38],"floor_reached":51,"language":"ENG","playtime":4546,"items_purged":["TheCursedMod:Strike_TheCursed"],"score":715,"play_id":"3e354538-45a7-46b5-bd77-e109c9bd0df7","local_time":"20210218181421","is_ascension_mode":false,"campfire_choices":[{"data":"TheCursedMod:SaltUponWound","floor":6.0,"key":"SMITH"},{"floor":11.0,"key":"REST"},{"data":"TheCursedMod:SpitefulPray","floor":15.0,"key":"SMITH"},{"floor":28.0,"key":"REST"},{"floor":30.0,"key":"DIG"},{"floor":32.0,"key":"DIG"},{"floor":41,"key":"DIG"},{"data":"TheCursedMod:CursedAmulet","floor":49,"key":"SMITH"}],"circlet_count":0,"master_deck":["TheCursedMod:Strike_TheCursed","TheCursedMod:Strike_TheCursed","TheCursedMod:Strike_TheCursed","TheCursedMod:Defend_TheCursed","TheCursedMod:Defend_TheCursed","TheCursedMod:Defend_TheCursed+1","TheCursedMod:CursedWand","TheCursedMod:CleanUpWorkshop","TheCursedMod:Dregs","TheCursedMod:WearCloak","TheCursedMod:Stigma","TheCursedMod:CursedShiv+1","TheCursedMod:CursedShiv","TheCursedMod:SoulReap","TheCursedMod:Obscuration","TheCursedMod:SpitefulStrike","TheCursedMod:CursedBlade+1","TheCursedMod:SpitefulPray+1","TheCursedMod:DemonSword","TheCursedMod:SoulReap","TheCursedMod:CircleOfFlame","TheCursedMod:CursedAmulet+1","TheCursedMod:SpitefulStrike","TheCursedMod:CircleOfAbyss","TheCursedMod:Torture+1","TheCursedMod:CursedBlade+1","TheCursedMod:SmokeScreen+1","TheCursedMod:CircleOfFlame+1","TheCursedMod:SpitefulStrike+1","Parasite","TheCursedMod:AbyssShockwave+1","TheCursedMod:HellfireBreathing+1","TheCursedMod:ReleasedKnowledge","TheCursedMod:CircleOfAmplification+1","TheCursedMod:CursedAmulet+1","TheCursedMod:SoulReap+1"],"relics":["Tiny House","Pen Nib","Lantern","TheCursedMod:DemonicMark","TheCursedMod:Tack","Runic Pyramid","StoneCalendar","Shovel","Bag of Preparation","Bag of Marbles","Old Coin","Whetstone","Astrolabe","Mercury Hourglass","Sundial","The Courier","TheCursedMod:SoulVessel","TheCursedMod:BloodyHarpoon","Bird Faced Urn","Medical Kit","Potion Belt"],"acts_visited":["Exordium","TheCity","TheBeyond"],"potions_floor_usage":[40,50,50,50],"damage_taken":[{"damage":1.0,"enemies":"2 Louse","floor":1.0,"turns":4.0},{"damage":0.0,"enemies":"Small Slimes","floor":2.0,"turns":4.0},{"damage":1.0,"enemies":"Jaw Worm","floor":3.0,"turns":4.0},{"damage":0.0,"enemies":"Large Slime","floor":4.0,"turns":5.0},{"damage":7.0,"enemies":"Looter","floor":7.0,"turns":2.0},{"damage":0.0,"enemies":"Lots of Slimes","floor":8.0,"turns":5.0},{"damage":22.0,"enemies":"3 Sentries","floor":10.0,"turns":11.0},{"damage":0.0,"enemies":"Large Slime","floor":12.0,"turns":3.0},{"damage":18.0,"enemies":"Lagavulin","floor":13.0,"turns":5.0},{"damage":0.0,"enemies":"Blue Slaver","floor":14.0,"turns":3.0},{"damage":38.0,"enemies":"Hexaghost","floor":16.0,"turns":9.0},{"damage":25.0,"enemies":"2 Thieves","floor":18.0,"turns":4.0},{"damage":29.0,"enemies":"Book of Stabbing","floor":23.0,"turns":4.0},{"damage":6.0,"enemies":"Spheric Guardian","floor":25.0,"turns":4.0},{"damage":0.0,"enemies":"Snake Plant","floor":27.0,"turns":2.0},{"damage":6.0,"enemies":"3 Cultists","floor":29.0,"turns":4.0},{"damage":7.0,"enemies":"Centurion and Healer","floor":31.0,"turns":6.0},{"damage":91.0,"enemies":"Champ","floor":33.0,"turns":12.0},{"damage":5.0,"enemies":"Orb Walker","floor":35.0,"turns":2.0},{"damage":0.0,"enemies":"3 Darklings","floor":37.0,"turns":2.0},{"damage":22,"enemies":"Maw","floor":38,"turns":7},{"damage":5,"enemies":"Writhing Mass","floor":39,"turns":4},{"damage":18,"enemies":"Reptomancer","floor":40,"turns":5},{"damage":13,"enemies":"4 Shapes","floor":42,"turns":3},{"damage":18,"enemies":"Mind Bloom Boss Battle","floor":44,"turns":6},{"damage":30,"enemies":"Transient","floor":47,"turns":5},{"damage":0,"enemies":"Spire Growth","floor":48,"turns":4},{"damage":121,"enemies":"Time Eater","floor":50,"turns":13}],"seed_played":"6509887375169627959","potions_obtained":[{"floor":0.0,"key":"EntropicBrew"},{"floor":2.0,"key":"LiquidMemories"},{"floor":8.0,"key":"FearPotion"},{"floor":10.0,"key":"FairyPotion"},{"floor":14.0,"key":"Explosive Potion"},{"floor":16.0,"key":"EssenceOfSteel"},{"floor":25.0,"key":"Strength Potion"},{"floor":27.0,"key":"Fire Potion"},{"floor":31.0,"key":"TheCursedMod:DregsPotion"},{"floor":35.0,"key":"EntropicBrew"},{"floor":38,"key":"Energy Potion"},{"floor":42,"key":"SpeedPotion"},{"floor":47,"key":"PowerPotion"}],"is_trial":false,"path_per_floor":["M","M","M","M","?","R","M","M","T","E","R","M","E","M","R","B",null,"M","?","?","?","$","E","$","M","T","M","R","M","R","M","R","B",null,"M","?","M","M","M","E","R","M","T","?","?","$","M","M","R","B",null],"character_chosen":"THE_CURSED","items_purchased":["Shovel","TheCursedMod:BloodyHarpoon","Bird Faced Urn","Medical Kit","Potion Belt"],"campfire_rested":2,"item_purchase_floors":[22,46,46,46,46],"current_hp_per_floor":[79,79,78,78,66,66,59,64,64,52,76,80,62,67,67,34,80,64,64,64,49,49,32,32,26,26,29,54,70,70,84,84,1,85,80,85,85,85,85,85,85,82,82,82,82,82,58,84,84,11],"gold":38,"neow_bonus":"BOSS_RELIC","is_daily":false,"chose_seed":false,"campfire_upgraded":3,"win_rate":0.0,"timestamp":1613690061,"path_taken":["M","M","M","M","?","R","M","M","T","E","R","M","E","M","R","BOSS","M","?","?","?","$","E","?","M","T","?","R","M","R","M","R","BOSS","M","?","?","M","M","E","R","M","T","?","?","$","M","?","R","BOSS"],"items_purchased_type":["Relic","Relic","Relic","Relic","Relic"],"build_version":"2020-12-22","purchased_purges":1,"victory":true,"max_hp_per_floor":[80,80,80,80,80,80,80,80,80,80,80,80,80,80,80,80,80,80,80,80,85,85,85,85,85,85,85,85,85,85,85,85,85,85,85,85,85,85,85,85,85,85,85,85,85,85,85,85,85,85],"card_choices":[{"not_picked":["TheCursedMod:Torture","TheCursedMod:SurpriseAttack"],"picked":"TheCursedMod:WearCloak","floor":0.0},{"not_picked":["TheCursedMod:RapidMovement","TheCursedMod:CircleOfAmplification"],"picked":"TheCursedMod:Stigma","floor":1.0},{"not_picked":["TheCursedMod:Torture","TheCursedMod:CursedBlade"],"picked":"TheCursedMod:CursedShiv","floor":2.0},{"not_picked":["TheCursedMod:CursedMace","TheCursedMod:CursedAmulet"],"picked":"TheCursedMod:CursedShiv","floor":3.0},{"not_picked":["TheCursedMod:ReleasedKnowledge","TheCursedMod:SmokeScreen"],"picked":"TheCursedMod:SaltUponWound","floor":4.0},{"not_picked":["TheCursedMod:UltimatePain","TheCursedMod:ReleasedKnowledge"],"picked":"TheCursedMod:SoulReap","floor":7.0},{"not_picked":["TheCursedMod:CursedArmor","TheCursedMod:SmokeScreen"],"picked":"TheCursedMod:Obscuration","floor":8.0},{"not_picked":["TheCursedMod:TacticalStrike","TheCursedMod:RapidMovement"],"picked":"TheCursedMod:Grudge","floor":10.0},{"not_picked":["TheCursedMod:Stigma","TheCursedMod:FleshFromBone"],"picked":"TheCursedMod:SpitefulStrike","floor":12.0},{"not_picked":["TheCursedMod:CursedRelics","TheCursedMod:FleshFromBone"],"picked":"TheCursedMod:CursedBlade","floor":13.0},{"not_picked":["TheCursedMod:CircleOfFocus","TheCursedMod:CursedMace"],"picked":"TheCursedMod:SpitefulPray","floor":14.0},{"not_picked":["TheCursedMod:StunningStrike","TheCursedMod:ForbiddenAlchemy"],"picked":"TheCursedMod:DemonSword","floor":16.0},{"not_picked":["TheCursedMod:CursedMace","TheCursedMod:Wield","TheCursedMod:VitalStrike"],"picked":"SKIP","floor":18.0},{"not_picked":["TheCursedMod:RavingStaff","TheCursedMod:StingEye"],"picked":"TheCursedMod:CircleOfFlame","floor":23.0},{"not_picked":["TheCursedMod:Obscuration","TheCursedMod:StingEye"],"picked":"TheCursedMod:CursedAmulet","floor":25.0},{"not_picked":["TheCursedMod:RavingStaff","TheCursedMod:FleshFromBone"],"picked":"TheCursedMod:Neurasthenia","floor":27.0},{"not_picked":["TheCursedMod:VitalStrike","TheCursedMod:CursedStaff","TheCursedMod:AshesToAshes+1"],"picked":"SKIP","floor":29.0},{"not_picked":["TheCursedMod:RavingStaff","TheCursedMod:TacticalStrike+1"],"picked":"TheCursedMod:SpitefulStrike","floor":31.0},{"not_picked":["TheCursedMod:CollectTribute","TheCursedMod:DarkBarrier"],"picked":"TheCursedMod:CircleOfAbyss","floor":33.0},{"not_picked":["TheCursedMod:RapidMovement","TheCursedMod:SmokeScreen+1"],"picked":"TheCursedMod:CircleOfFlame+1","floor":35.0},{"not_picked":["TheCursedMod:CursedBlade+1","TheCursedMod:SurpriseAttack+1"],"picked":"TheCursedMod:SpitefulStrike+1","floor":37.0},{"not_picked":["TheCursedMod:CursedBlade+1","TheCursedMod:CursedArmor","TheCursedMod:CursedAmulet+1"],"picked":"SKIP","floor":38},{"not_picked":["TheCursedMod:SoulCrush","TheCursedMod:Wield+1"],"picked":"TheCursedMod:AbyssShockwave+1","floor":39},{"not_picked":["TheCursedMod:CursedMace","TheCursedMod:FleshFromBone"],"picked":"TheCursedMod:HellfireBreathing+1","floor":40},{"not_picked":["TheCursedMod:OutForBlood","TheCursedMod:Wield"],"picked":"TheCursedMod:ReleasedKnowledge","floor":42},{"not_picked":["TheCursedMod:RapidMovement","TheCursedMod:SpreadPlague"],"picked":"TheCursedMod:CircleOfAmplification+1","floor":44},{"not_picked":["TheCursedMod:CursedSpellbook","TheCursedMod:CursedBlade+1"],"picked":"TheCursedMod:CursedAmulet+1","floor":47},{"not_picked":["TheCursedMod:BloodBarrier+1","TheCursedMod:Wield"],"picked":"TheCursedMod:SoulReap+1","floor":48}],"player_experience":78198,"relics_obtained":[{"floor":9.0,"key":"Lantern"},{"floor":10.0,"key":"TheCursedMod:DemonicMark"},{"floor":13.0,"key":"TheCursedMod:Tack"},{"floor":23.0,"key":"Bag of Preparation"},{"floor":26.0,"key":"Bag of Marbles"},{"floor":30.0,"key":"Old Coin"},{"floor":32.0,"key":"Whetstone"},{"floor":40,"key":"Mercury Hourglass"},{"floor":41,"key":"Sundial"},{"floor":43,"key":"The Courier"},{"floor":44,"key":"TheCursedMod:SoulVessel"}],"event_choices":[{"damage_healed":0.0,"max_hp_gain":0.0,"max_hp_loss":0.0,"gold_gain":0.0,"event_name":"Scrap Ooze","player_choice":"Success","floor":5.0,"gold_loss":0.0,"damage_taken":12.0,"relics_obtained":["Pen Nib"]},{"damage_healed":0.0,"max_hp_gain":0.0,"max_hp_loss":0.0,"gold_gain":0.0,"event_name":"Addict","player_choice":"Obtained Relic","floor":19.0,"gold_loss":85.0,"damage_taken":0.0,"relics_obtained":["StoneCalendar"]},{"damage_healed":0.0,"max_hp_gain":0.0,"max_hp_loss":0.0,"gold_gain":0.0,"event_name":"The Library","player_choice":"Read","floor":20.0,"gold_loss":0.0,"damage_taken":0.0,"cards_obtained":["TheCursedMod:SoulReap"]},{"damage_healed":0.0,"max_hp_gain":5.0,"max_hp_loss":0.0,"gold_gain":0.0,"event_name":"Forgotten Altar","player_choice":"Shed Blood","floor":21.0,"gold_loss":0.0,"damage_taken":20.0},{"cards_removed":["TheCursedMod:SaltUponWound"],"damage_healed":5.0,"max_hp_gain":0.0,"max_hp_loss":0.0,"gold_gain":0.0,"event_name":"Bonfire Elementals","player_choice":"Offered Uncommon","floor":36.0,"gold_loss":0.0,"damage_taken":0.0},{"damage_healed":0,"gold_gain":0,"player_choice":"Fight","damage_taken":0,"max_hp_gain":0,"max_hp_loss":0,"event_name":"MindBloom","floor":44,"gold_loss":0},{"damage_healed":0,"gold_gain":0,"player_choice":"Ignored","damage_taken":0,"max_hp_gain":0,"max_hp_loss":0,"event_name":"Fountain of Cleansing","floor":45,"gold_loss":0}],"is_beta":false,"boss_relics":[{"not_picked":["TheCursedMod:FourLeafCloverCharm","Empty Cage"],"picked":"Runic Pyramid"},{"not_picked":["TheCursedMod:OminousMark","Snecko Eye"],"picked":"Astrolabe"}],"items_purged_floors":[22],"is_endless":false,"potions_floor_spawned":[2,8,10,14,16,25,27,31,35,38,42,44,47],"ascension_level":0}}