{"host":"a3gu5zu37ht99mpa","time":1613620750,"event":{"mods":["100% Spire Juice","Act Like it!","BaseMod","Better Silent Start","Better Third Choice","BetterRewards","Conspire","Downfall","Energized Spire","Friendly Minions","GifTheSpireLib","Gold Saver","Gremlin Mod","Halation","Hallownest","Hermit","JesterMod","Lobotomy","LobotomyExtend","Luminous","Minty Spire (QoL Compilation)","Reliquary","StSLib","Stuff the Spire","The Administrix","The Animator","The Bug Knight","The Hayseed","The Necromancer","The Runesmith","The Saiyan","The Senshi","The Showman","The Wild Card","Virulent Crown","Wandering Minibosses","WarShipGirlsR/????R mod","Yohane!","Yuyuko","yUi","??????REMEMod"],"gold_per_floor":[425,437,447,208,222,222,239,265,318,318,318,329,339,353,353,455,455,455,375,375,385,240,240,240,240],"floor_reached":24,"language":"ENG","playtime":1615,"items_purged":["LittlePrince"],"score":223,"play_id":"941abf2d-daca-4a30-8f9b-0fc5dae75c79","local_time":"20210217225910","is_ascension_mode":false,"campfire_choices":[{"data":"theWildCard:Attunement","floor":6,"key":"SMITH"},{"data":"theWildCard:Proficiency","floor":15,"key":"SMITH"}],"circlet_count":0,"master_deck":["theWildCard:BasicStrike","theWildCard:BasicStrike","theWildCard:BasicStrike","theWildCard:BasicStrike","theWildCard:BasicDefend+1","theWildCard:BasicDefend","theWildCard:BasicDefend","theWildCard:BasicDefend","theWildCard:CallToAdventure","theWildCard:Arsene+1","sneckomod:UnknownRareAttack+1","SpiderBud","theWildCard:SeveringSlash","theWildCard:AllOutAttack+1","theWildCard:PowerOfTheArcana","theWildCard:Attunement+1","theWildCard:ArcaneArts","theWildCard:StingingStrike","theWildCard:SeveringSlash","theWildCard:ArchaicAssault","OSAHOGD","theWildCard:Proficiency+1","Bloodbath","theWildCard:MagicMettle","theWildCard:StingingStrike","theWildCard:FinalHour","Hallownest:skillCityofTearsMap","theWildCard:Attunement","theWildCard:ArcaneArts"],"relics":["theWildCard:VelvetContract","REME_ComplimentaryCards","CogitoBucket","LetterFromLob","Strawberry","Hallownest:DreamNailRelic","SkinProphecy","conspire:SpecialSausage","theSenshi:SailorFukuRelic"],"acts_visited":["Hallownest:Greenpath","Hallownest:CityofTears"],"potions_floor_usage":[7,12,16,21],"damage_taken":[{"damage":0.0,"enemies":"Hallownest:monsterHuskWarrior","floor":1.0,"turns":2.0},{"damage":2.0,"enemies":"Hallownest:monsterHuskGuard","floor":2.0,"turns":3.0},{"damage":2.0,"enemies":"2_ Uuma","floor":3.0,"turns":4.0},{"damage":30,"enemies":"Hallownest:Guard_and_Warrior","floor":5,"turns":8},{"damage":0,"enemies":"Hallownest:monsterAspidMother","floor":7,"turns":8},{"damage":8,"enemies":"Hallownest:eliteVengeflyKing","floor":8,"turns":9},{"damage":18,"enemies":"Hallownest:monsterMossCharger","floor":12,"turns":6},{"damage":11,"enemies":"Hallownest:monsterFoolEater","floor":13,"turns":5},{"damage":0,"enemies":"Hallownest:monsterAspidMother","floor":14,"turns":4},{"damage":8,"enemies":"Hallownest:BossHornet","floor":16,"turns":10},{"damage":34,"enemies":"Hallownest:3_Youths","floor":21,"turns":8},{"damage":32,"enemies":"Hallownest:2_Mistakes","floor":24,"turns":2}],"seed_played":"-580039768434438156","potions_obtained":[{"floor":3.0,"key":"Regen Potion"},{"floor":8,"key":"Regen Potion"},{"floor":13,"key":"SneckoOil"},{"floor":14,"key":"LiquidBronze"},{"floor":16,"key":"Swift Potion"},{"floor":21,"key":"champ:CounterPotion"}],"is_trial":false,"path_per_floor":["M","M","M","$","M","R","M","E","T","?","?","M","M","M","R","B",null,"M","?","?","M","$","?","M"],"character_chosen":"THE_WILD_CARD","items_purchased":["theWildCard:Attunement","theWildCard:ArcaneArts","theWildCard:StingingStrike","theSenshi:SailorFukuRelic"],"campfire_rested":0,"item_purchase_floors":[4,4,4,22],"current_hp_per_floor":[60,58,56,56,26,26,40,39,39,39,39,36,22,19,19,10,73,73,73,73,39,39,39,0,0],"gold":240,"neow_bonus":"","is_daily":false,"chose_seed":false,"campfire_upgraded":2,"win_rate":0.0,"timestamp":1613620750,"path_taken":["M","M","?","$","M","R","?","E","T","?","?","M","?","M","R","BOSS","M","?","?","?","$","?","?"],"items_purchased_type":["Card","Card","Card","Relic"],"build_version":"2020-12-22","purchased_purges":1,"victory":false,"max_hp_per_floor":[60,60,60,60,60,60,60,67,67,67,67,67,69,71,71,73,73,73,73,73,75,75,75,79,79],"card_choices":[{"not_picked":["BigBadWolf","OldLady"],"picked":"SpiderBud","floor":1.0},{"not_picked":["theWildCard:Sakuya","theWildCard:BladeOfGenerations"],"picked":"theWildCard:SeveringSlash","floor":1.0},{"not_picked":["SilentOrchestra","QueenBee"],"picked":"LittlePrince","floor":2.0},{"not_picked":["theWildCard:EnergizedStroke","theWildCard:ArcaneArts"],"picked":"theWildCard:AllOutAttack","floor":2.0},{"not_picked":["theWildCard:SacrificialStroke","theWildCard:Safeguard"],"picked":"theWildCard:PowerOfTheArcana","floor":3.0},{"not_picked":["theWildCard:Unburden","theWildCard:PaleRider"],"picked":"theWildCard:SeveringSlash","floor":5},{"not_picked":["theWildCard:ArcanaArtistry","theWildCard:Odin"],"picked":"theWildCard:ArchaicAssault","floor":7},{"not_picked":["VoidDream","WallGazer"],"picked":"OSAHOGD","floor":8},{"not_picked":["theWildCard:Satanael","theWildCard:Patience"],"picked":"theWildCard:Proficiency","floor":8},{"not_picked":["Alriune","CherryBlossoms"],"picked":"Bloodbath","floor":12},{"not_picked":["theWildCard:Proficiency","theWildCard:StingingStrike"],"picked":"theWildCard:MagicMettle","floor":12},{"not_picked":["theWildCard:Ruination","theWildCard:SacrificialStroke"],"picked":"theWildCard:StingingStrike","floor":13},{"not_picked":["theWildCard:Unburden","theWildCard:Alice"],"picked":"theWildCard:Abstinence","floor":14},{"not_picked":["theWildCard:Amaterasu","theWildCard:Caesar"],"picked":"theWildCard:FinalHour","floor":16},{"not_picked":["theWildCard:ArcaneArts+1","theWildCard:ManOfManyFaces+1"],"picked":"theWildCard:Attunement","floor":21},{"not_picked":[],"picked":"theWildCard:ArcaneArts","floor":23}],"player_experience":119595,"relics_obtained":[{"floor":1.0,"key":"LetterFromLob"},{"floor":8,"key":"Strawberry"}],"event_choices":[],"is_beta":false,"boss_relics":[{"not_picked":["Ectoplasm","halation:CatFaceCupcake"],"picked":"conspire:SpecialSausage"}],"items_purged_floors":[4],"is_endless":false,"potions_floor_spawned":[3,8,13,14,16,21],"killed_by":"Hallownest:2_Mistakes","ascension_level":0}}