{"host":"bq4pt811tk9yrmjl","time":1613680995,"event":{"mods":["AchievementEnabler","BaseMod","Colored Map","Colored Powertips","Defuse TimeMaze Blight","Minty Spire (QoL Compilation)","Smile Girya","StSLib","SuperFastMode"],"gold_per_floor":[111,111,124,124,124,124,152,169,194,194,208,208,221,221,221,326,376,386,183,203,153,153],"floor_reached":21,"language":"ENG","playtime":358,"items_purged":[],"score":214,"play_id":"b43ea97e-6185-49d1-853c-a85bf562e64b","local_time":"20210218184315","is_ascension_mode":true,"campfire_choices":[{"data":"Neutralize","floor":6,"key":"SMITH"},{"data":"Blade Dance","floor":10,"key":"SMITH"},{"floor":12,"key":"RECALL"},{"floor":15,"key":"REST"}],"circlet_count":0,"master_deck":["Strike_G","Strike_G","Strike_G","Strike_G","Defend_G","Defend_G","Defend_G","Defend_G","Defend_G","Survivor+1","Neutralize+1","Blade Dance+1","Blur","Flying Knee","Dash","Bouncing Flask","Slice","Underhanded Strike"],"relics":["Ring of the Snake","NeowsBlessing","Centennial Puzzle","The Specimen","Tiny House","Lee\u0027s Waffle"],"acts_visited":["Exordium","TheCity"],"potions_floor_usage":[16,16,18,20],"damage_taken":[{"damage":0,"enemies":"Cultist","floor":1,"turns":1},{"damage":0,"enemies":"Jaw Worm","floor":3,"turns":1},{"damage":0,"enemies":"3 Sentries","floor":7,"turns":1},{"damage":0,"enemies":"Small Slimes","floor":8,"turns":3},{"damage":0,"enemies":"2 Fungi Beasts","floor":11,"turns":4},{"damage":0,"enemies":"Red Slaver","floor":13,"turns":3},{"damage":4,"enemies":"The Guardian","floor":16,"turns":9},{"damage":0,"enemies":"3 Byrds","floor":18,"turns":6},{"damage":10,"enemies":"Chosen","floor":20,"turns":6}],"seed_played":"-5906057381350108785","potions_obtained":[{"floor":3,"key":"DuplicationPotion"},{"floor":7,"key":"Poison Potion"},{"floor":13,"key":"SneckoOil"},{"floor":17,"key":"EssenceOfSteel"}],"is_trial":false,"path_per_floor":["M","$","M","?","?","R","E","M","T","R","M","R","M","?","R","B",null,"M","$","M","?"],"character_chosen":"THE_SILENT","items_purchased":["Lee\u0027s Waffle","ColorlessPotion"],"campfire_rested":1,"item_purchase_floors":[19,19],"current_hp_per_floor":[70,70,70,70,70,70,70,70,70,70,70,70,70,28,49,45,75,75,82,72,72,72],"gold":153,"neow_bonus":"THREE_ENEMY_KILL","is_daily":false,"chose_seed":false,"campfire_upgraded":2,"win_rate":0.0,"timestamp":1613680995,"path_taken":["M","$","M","?","?","R","E","?","T","R","M","R","M","?","R","BOSS","M","$","M","?"],"items_purchased_type":["Relic","Potion"],"build_version":"2020-12-22","purchased_purges":0,"victory":false,"max_hp_per_floor":[70,70,70,70,70,70,70,70,70,70,70,70,70,70,70,70,75,75,82,82,82,82],"card_choices":[{"not_picked":["Footwork","Cloak And Dagger"],"picked":"Blade Dance","floor":1},{"not_picked":["Concentrate","Bane"],"picked":"Blur","floor":3},{"not_picked":["Distraction","Quick Slash"],"picked":"Flying Knee","floor":7},{"not_picked":["Quick Slash","Caltrops"],"picked":"Dash","floor":8},{"not_picked":["Riddle With Holes","Poisoned Stab","Sucker Punch"],"picked":"SKIP","floor":11},{"not_picked":["Expertise","Outmaneuver"],"picked":"Bouncing Flask","floor":13},{"not_picked":["Bane","Backflip"],"picked":"Slice","floor":18},{"not_picked":["Dagger Throw","Dodge and Roll"],"picked":"Underhanded Strike","floor":20}],"player_experience":272972,"relics_obtained":[{"floor":7,"key":"Centennial Puzzle"}],"event_choices":[{"damage_healed":0,"gold_gain":0,"player_choice":"Ignored","damage_taken":0,"max_hp_gain":0,"max_hp_loss":0,"event_name":"Golden Wing","floor":4,"gold_loss":0},{"cards_removed":["Strike_G"],"damage_healed":0,"gold_gain":0,"player_choice":"Purged","damage_taken":0,"max_hp_gain":0,"max_hp_loss":0,"event_name":"Purifier","floor":5,"gold_loss":0},{"damage_healed":0,"gold_gain":0,"player_choice":"Success","damage_taken":42,"relics_obtained":["The Specimen"],"max_hp_gain":0,"max_hp_loss":0,"event_name":"Scrap Ooze","floor":14,"gold_loss":0}],"is_beta":false,"boss_relics":[{"not_picked":["Runic Pyramid","Ectoplasm"],"picked":"Tiny House"}],"items_purged_floors":[],"is_endless":false,"potions_floor_spawned":[3,7,13],"ascension_level":1}}