{"host":"nsc6ozq3atyrdr3m","time":1613679669,"event":{"mods":["BaseMod","Colored Map","Minty Spire (QoL Compilation)"],"gold_per_floor":[117,117,117,117,132,132,165,179,179,200,210,210,210,242,242,318,318,334,334,349,365,192,224,224,139,139,139,139,139,139,166,166,238,238,257,257,149,161,174,174,207,207,232,157,230,130,130,150,150,150,150,150],"floor_reached":51,"language":"FRA","playtime":1256,"items_purged":["Doubt","Writhe"],"score":1434,"play_id":"d43cb256-d87e-42b6-bac1-69043e4df2ba","local_time":"20210218212109","is_ascension_mode":true,"campfire_choices":[{"data":"Burning Pact","floor":6,"key":"SMITH"},{"data":"Flex","floor":12,"key":"SMITH"},{"data":"Pommel Strike","floor":15,"key":"SMITH"},{"data":"Sword Boomerang","floor":24,"key":"SMITH"},{"data":"Double Tap","floor":27,"key":"SMITH"},{"data":"Spot Weakness","floor":32,"key":"SMITH"},{"data":"Bludgeon","floor":40,"key":"SMITH"},{"floor":42,"key":"REST"},{"data":"Limit Break","floor":47,"key":"SMITH"},{"data":"Clothesline","floor":49,"key":"SMITH"}],"circlet_count":0,"master_deck":["AscendersBane","Strike_R+1","Strike_R+1","Strike_R+1","Strike_R+1","Strike_R+1","Defend_R+1","Defend_R+1","Defend_R+1","Defend_R+1","Bash+1","Thunderclap","Burning Pact+1","Pommel Strike+1","Cleave","Flex+1","Twin Strike","Sentinel","Double Tap+1","CurseOfTheBell","Sword Boomerang+1","Spot Weakness+1","Blood for Blood","Offering","Carnage+1","Metallicize+1","Bludgeon+1","Shrug It Off","Clothesline+1","Limit Break+1","Heavy Blade"],"relics":["Burning Blood","NeowsBlessing","Orichalcum","Pen Nib","Eternal Feather","Odd Mushroom","Potion Belt","Calling Bell","Dream Catcher","Meat on the Bone","FossilizedHelix","Pantograph","CaptainsWheel","Omamori","Bronze Scales","Cursed Key","Nunchaku","Lantern","Sundial"],"acts_visited":["Exordium","TheCity","TheBeyond"],"potions_floor_usage":[16,16,16,21,21,23,33,33,41,41,50,50,50],"damage_taken":[{"damage":0,"enemies":"Jaw Worm","floor":1,"turns":1},{"damage":0,"enemies":"Cultist","floor":5,"turns":1},{"damage":0,"enemies":"3 Sentries","floor":7,"turns":1},{"damage":9,"enemies":"2 Louse","floor":8,"turns":3},{"damage":10,"enemies":"The Mushroom Lair","floor":10,"turns":4},{"damage":16,"enemies":"Looter","floor":11,"turns":4},{"damage":2,"enemies":"Gremlin Nob","floor":14,"turns":3},{"damage":60,"enemies":"Slime Boss","floor":16,"turns":11},{"damage":24,"enemies":"2 Thieves","floor":18,"turns":4},{"damage":8,"enemies":"Chosen","floor":20,"turns":4},{"damage":3,"enemies":"Centurion and Healer","floor":21,"turns":6},{"damage":42,"enemies":"Slavers","floor":23,"turns":4},{"damage":26,"enemies":"Book of Stabbing","floor":31,"turns":3},{"damage":66,"enemies":"Automaton","floor":33,"turns":7},{"damage":0,"enemies":"Orb Walker","floor":35,"turns":2},{"damage":0,"enemies":"3 Shapes","floor":38,"turns":3},{"damage":6,"enemies":"Transient","floor":39,"turns":6},{"damage":78,"enemies":"Reptomancer","floor":41,"turns":6},{"damage":13,"enemies":"3 Darklings","floor":48,"turns":4},{"damage":73,"enemies":"Awakened One","floor":50,"turns":6},{"damage":50,"enemies":"Time Eater","floor":51,"turns":5}],"seed_played":"-6786947044134498634","potions_obtained":[{"floor":7,"key":"Energy Potion"},{"floor":8,"key":"Ancient Potion"},{"floor":11,"key":"SpeedPotion"},{"floor":14,"key":"EntropicBrew"},{"floor":23,"key":"ColorlessPotion"},{"floor":31,"key":"Strength Potion"},{"floor":38,"key":"FearPotion"},{"floor":48,"key":"PowerPotion"}],"is_trial":false,"path_per_floor":["M","?","$","T","M","R","E","M","T","?","M","R","?","E","R","B",null,"M","?","M","M","$","E","R","?","T","R","?","$","?","E","R","B",null,"M","?","$","M","M","R","E","R","T","$","T","$","R","M","R","B","B"],"character_chosen":"IRONCLAD","items_purchased":["Offering","Fire Potion","Fire Potion"],"campfire_rested":1,"item_purchase_floors":[22,37,37],"current_hp_per_floor":[74,74,74,74,75,75,75,72,72,68,58,67,72,76,80,26,67,49,49,47,50,50,26,41,41,41,56,56,56,56,48,63,32,68,74,74,74,80,80,80,20,62,62,62,62,62,80,73,80,25,0,0],"gold":150,"neow_bonus":"THREE_ENEMY_KILL","is_daily":false,"chose_seed":false,"campfire_upgraded":9,"win_rate":0.0,"timestamp":1613679669,"path_taken":["M","?","$","?","M","R","E","M","T","?","M","R","?","E","R","BOSS","M","?","M","M","$","E","R","?","T","R","?","$","?","E","R","BOSS","M","?","$","?","M","R","E","R","T","$","?","?","R","M","R","BOSS","BOSS"],"items_purchased_type":["Card","Potion","Potion"],"build_version":"2020-12-22","purchased_purges":2,"victory":false,"max_hp_per_floor":[75,75,75,75,75,75,75,75,75,75,75,75,80,80,80,80,80,80,80,80,80,80,80,80,80,80,80,80,80,80,80,80,80,80,80,80,80,80,80,80,80,80,80,80,80,80,80,80,80,80,80,80],"card_choices":[{"not_picked":["Iron Wave","Anger"],"picked":"Thunderclap","floor":1},{"not_picked":["Sever Soul","True Grit"],"picked":"Burning Pact","floor":5},{"not_picked":["Clothesline","Brutality"],"picked":"Pommel Strike","floor":7},{"not_picked":["Metallicize","Flame Barrier"],"picked":"Cleave","floor":8},{"not_picked":["Body Slam","Sentinel"],"picked":"Flex","floor":10},{"not_picked":["Cleave","Searing Blow"],"picked":"Twin Strike","floor":11},{"not_picked":["Armaments","Brutality"],"picked":"Sentinel","floor":14},{"not_picked":["Impervious","Reaper"],"picked":"Double Tap","floor":16},{"not_picked":["Anger","Evolve"],"picked":"Sword Boomerang","floor":18},{"not_picked":["Clash","Perfected Strike"],"picked":"Spot Weakness","floor":20},{"not_picked":["Clash","Perfected Strike"],"picked":"Blood for Blood","floor":21},{"not_picked":["Thunderclap+1","Sword Boomerang"],"picked":"Carnage+1","floor":23},{"not_picked":["Havoc","Wild Strike"],"picked":"Metallicize+1","floor":31},{"not_picked":["Barricade","Fiend Fire"],"picked":"Bludgeon","floor":33},{"not_picked":["Headbutt","Clash","Anger"],"picked":"SKIP","floor":35},{"not_picked":["Clash+1","Anger"],"picked":"Clothesline","floor":38},{"not_picked":["Anger","Power Through","Twin Strike"],"picked":"SKIP","floor":39},{"not_picked":["Clash","Havoc"],"picked":"Limit Break","floor":41},{"not_picked":["Shrug It Off","Dark Embrace"],"picked":"Heavy Blade","floor":42},{"not_picked":["Body Slam","Clash","Wild Strike+1"],"picked":"SKIP","floor":48}],"player_experience":429909,"relics_obtained":[{"floor":4,"key":"Orichalcum"},{"floor":7,"key":"Pen Nib"},{"floor":9,"key":"Eternal Feather"},{"floor":10,"key":"Odd Mushroom"},{"floor":14,"key":"Potion Belt"},{"floor":17,"key":"Dream Catcher"},{"floor":17,"key":"Meat on the Bone"},{"floor":17,"key":"FossilizedHelix"},{"floor":23,"key":"Pantograph"},{"floor":26,"key":"Omamori"},{"floor":31,"key":"Bronze Scales"},{"floor":41,"key":"Nunchaku"},{"floor":43,"key":"Lantern"},{"floor":45,"key":"Sundial"}],"event_choices":[{"damage_healed":0,"gold_gain":0,"player_choice":"Upgraded","damage_taken":0,"max_hp_gain":0,"max_hp_loss":0,"event_name":"Upgrade Shrine","floor":2,"gold_loss":0,"cards_upgraded":["Bash"]},{"damage_healed":0,"gold_gain":0,"player_choice":"Fought Mushrooms","damage_taken":0,"max_hp_gain":0,"max_hp_loss":0,"event_name":"Mushrooms","floor":10,"gold_loss":0},{"damage_healed":0,"gold_gain":0,"player_choice":"Donut","damage_taken":0,"max_hp_gain":5,"max_hp_loss":0,"event_name":"Big Fish","floor":13,"gold_loss":0},{"damage_healed":0,"gold_gain":0,"player_choice":"Ignored","damage_taken":0,"max_hp_gain":0,"max_hp_loss":0,"event_name":"Ghosts","floor":19,"gold_loss":0},{"damage_healed":0,"gold_gain":0,"player_choice":"Obtained Relic","damage_taken":0,"relics_obtained":["CaptainsWheel"],"max_hp_gain":0,"max_hp_loss":0,"event_name":"Addict","floor":25,"gold_loss":85},{"damage_healed":0,"gold_gain":0,"player_choice":"Simplicity","damage_taken":0,"max_hp_gain":0,"max_hp_loss":0,"event_name":"Back to Basics","floor":28,"gold_loss":0,"cards_upgraded":["Strike_R","Strike_R","Strike_R","Strike_R","Strike_R","Defend_R","Defend_R","Defend_R","Defend_R"]},{"damage_healed":0,"gold_gain":0,"player_choice":"Smashed Altar","damage_taken":0,"max_hp_gain":0,"max_hp_loss":0,"event_name":"Forgotten Altar","floor":30,"gold_loss":0,"cards_obtained":["Decay"]},{"damage_healed":0,"gold_gain":0,"player_choice":"2 cards matched","damage_taken":0,"max_hp_gain":0,"max_hp_loss":0,"event_name":"Match and Keep!","floor":36,"gold_loss":0,"cards_obtained":["Writhe","Shrug It Off"]}],"is_beta":false,"boss_relics":[{"not_picked":["Fusion Hammer","Astrolabe"],"picked":"Calling Bell"},{"not_picked":["Coffee Dripper","Philosopher\u0027s Stone"],"picked":"Cursed Key"}],"items_purged_floors":[44,46],"is_endless":false,"potions_floor_spawned":[7,8,11,14,16,18,20,23,31,38,48],"killed_by":"Time Eater","ascension_level":20}}