{"host":"xp27heuvanyklt0b","time":1613657579,"event":{"mods":["100% Spire Juice","BaseMod","CapriCore","Koishi","Lobotomy","Minty Spire (QoL Compilation)","StSLib","The Immortal"],"gold_per_floor":[109,10,10,24,34,61,61,72,72,72,101,101,117,82,82,183,183,196,211,18,43,43,43,72,90,166,166,12,29,79,0,0,95,95,111,131,131,149,164,164,180,28,28,40,69,81,106,118,130,142,142],"floor_reached":50,"language":"KOR","playtime":2532,"items_purged":["Strike_B"],"score":521,"play_id":"88d887e9-2ea8-43d1-9664-b47545691b45","local_time":"20210218231259","is_ascension_mode":true,"campfire_choices":[{"data":"Creative AI","floor":7,"key":"SMITH"},{"floor":10,"key":"REST"},{"data":"White Noise","floor":12,"key":"SMITH"},{"data":"Loop","floor":15,"key":"SMITH"},{"floor":23,"key":"REST"},{"floor":32,"key":"REST"},{"floor":40,"key":"REST"},{"floor":46,"key":"REST"},{"floor":49,"key":"RECALL"}],"circlet_count":0,"master_deck":["Defend_B","Defend_B","Defend_B","Defend_B","Zap+1","Dualcast","Glacier","Loop+1","Compile Driver+1","Creative AI+1","Sweeping Beam","Ball Lightning","Chill","Hologram","White Noise+1","Doom and Gloom","Electrodynamics","Chill","Blizzard","Self Repair","Panacea","Steam","Turbo","Undo","Auto Shields","Creative AI","Defragment","Core Surge","Core Surge","Beam Cell+1","Loop+1","Auto Shields+1","Barrage+1","Redo","Leap+1","Double Energy+1","Steam Power+1","Writhe"],"relics":["Cracked Core","Darkstone Periapt","Question Card","Gremlin Horn","Black Star","Red Mask","Whetstone","Lantern","Matryoshka","Regal Pillow","Astrolabe","Medical Kit","MawBank","Pantograph"],"acts_visited":["Exordium","TheCity","TheBeyond"],"potions_floor_usage":[6,21,21,21,21,21,24,24,33,41,45,47,47,50],"damage_taken":[{"damage":5,"enemies":"Small Slimes","floor":1,"turns":3},{"damage":0,"enemies":"Cultist","floor":4,"turns":5},{"damage":4,"enemies":"Jaw Worm","floor":5,"turns":3},{"damage":19,"enemies":"Lagavulin","floor":6,"turns":6},{"damage":11,"enemies":"3 Louse","floor":8,"turns":3},{"damage":21,"enemies":"3 Sentries","floor":11,"turns":9},{"damage":2,"enemies":"Blue Slaver","floor":13,"turns":3},{"damage":31,"enemies":"Hexaghost","floor":16,"turns":12},{"damage":7,"enemies":"3 Byrds","floor":18,"turns":4},{"damage":27,"enemies":"Chosen","floor":19,"turns":6},{"damage":30,"enemies":"Masked Bandits","floor":21,"turns":5},{"damage":27,"enemies":"Gremlin Leader","floor":24,"turns":7},{"damage":13,"enemies":"3 Cultists","floor":25,"turns":4},{"damage":10,"enemies":"Snake Plant","floor":29,"turns":6},{"damage":53,"enemies":"Collector","floor":33,"turns":12},{"damage":13,"enemies":"3 Shapes","floor":35,"turns":3},{"damage":22,"enemies":"Orb Walker","floor":36,"turns":4},{"damage":43,"enemies":"Writhing Mass","floor":38,"turns":6},{"damage":13,"enemies":"3 Darklings","floor":39,"turns":5},{"damage":62,"enemies":"Transient","floor":41,"turns":5},{"damage":7,"enemies":"Spire Growth","floor":45,"turns":7},{"damage":14,"enemies":"4 Shapes","floor":47,"turns":5},{"damage":58,"enemies":"Time Eater","floor":50,"turns":15}],"seed_played":"-401157347412401240","potions_obtained":[{"floor":1,"key":"FocusPotion"},{"floor":11,"key":"Weak Potion"},{"floor":13,"key":"EntropicBrew"},{"floor":18,"key":"Block Potion"},{"floor":21,"key":"Ancient Potion"},{"floor":33,"key":"Swift Potion"},{"floor":36,"key":"SkillPotion"},{"floor":39,"key":"LiquidBronze"},{"floor":45,"key":"EntropicBrew"}],"is_trial":false,"path_per_floor":["M","$","?","M","M","E","R","M","T","R","E","R","M","?","R","B",null,"M","M","$","?","?","R","E","M","T","?","$","M","T","$","R","B",null,"M","M","?","M","M","R","M","$","T","?","M","R","M","?","R","B"],"character_chosen":"DEFECT","items_purchased":["Loop","Compile Driver","Self Repair","Panacea","Steam","Defragment","Regen Potion","Medical Kit"],"campfire_rested":5,"item_purchase_floors":[2,2,20,20,20,28,31,42],"current_hp_per_floor":[70,70,70,70,66,47,47,36,36,58,37,37,35,53,53,22,75,68,41,41,18,18,40,20,14,14,14,14,11,11,11,48,10,75,62,40,75,39,33,70,15,15,15,15,15,52,45,70,70,23,23],"gold":142,"neow_bonus":"UPGRADE_CARD","is_daily":false,"chose_seed":false,"campfire_upgraded":3,"win_rate":0.0,"timestamp":1613657579,"path_taken":["M","$","?","M","M","E","R","M","T","R","E","R","?","?","R","BOSS","M","M","$","?","?","R","E","M","T","?","$","?","?","?","R","BOSS","M","M","?","?","M","R","M","$","T","?","M","R","?","?","R","BOSS"],"items_purchased_type":["Card","Card","Card","Card","Card","Card","Potion","Relic"],"build_version":"2020-12-22","purchased_purges":1,"victory":false,"max_hp_per_floor":[75,75,75,75,75,75,75,75,75,75,75,75,75,75,75,75,75,75,75,75,75,75,75,75,75,75,75,75,75,75,75,75,75,75,75,75,75,75,75,75,75,75,75,75,75,75,75,81,81,81,81],"card_choices":[{"not_picked":["Hologram","Coolheaded"],"picked":"Glacier","floor":1},{"not_picked":["Gash","Rip and Tear"],"picked":"Sweeping Beam","floor":4},{"not_picked":["Glacier","Beam Cell"],"picked":"Ball Lightning","floor":5},{"not_picked":["Cold Snap","Ball Lightning"],"picked":"Chill","floor":6},{"not_picked":["Compile Driver","Turbo"],"picked":"Hologram","floor":8},{"not_picked":["Tempest","Steam","Heatsinks"],"picked":"White Noise","floor":11},{"not_picked":["Compile Driver","Beam Cell","Sweeping Beam"],"picked":"Doom and Gloom","floor":13},{"not_picked":["Multi-Cast","Hyperbeam","Buffer"],"picked":"Electrodynamics","floor":16},{"not_picked":["Sweeping Beam","Turbo+1","Scrape"],"picked":"Chill","floor":18},{"not_picked":["Cold Snap","Leap+1","Consume"],"picked":"Blizzard","floor":19},{"not_picked":["Cold Snap+1","Compile Driver","Gash"],"picked":"Turbo","floor":21},{"not_picked":["Sweeping Beam+1","Rip and Tear","Leap"],"picked":"Undo","floor":24},{"not_picked":["Cold Snap","Steam+1","Hologram"],"picked":"Auto Shields","floor":25},{"not_picked":["Conserve Battery+1","Turbo","Sunder"],"picked":"Core Surge","floor":29},{"not_picked":["Hyperbeam","Seek","Rainbow"],"picked":"Core Surge","floor":33},{"not_picked":["Loop+1","Gash","Steam Power+1"],"picked":"Barrage+1","floor":35},{"not_picked":["Sweeping Beam+1","Compile Driver+1","Streamline"],"picked":"Redo","floor":36},{"not_picked":["Streamline+1","Sweeping Beam+1","Gash+1","Steam"],"picked":"SKIP","floor":38},{"not_picked":["Multi-Cast","Rebound+1","Redo"],"picked":"Leap+1","floor":39},{"not_picked":["Coolheaded","Undo","Redo","Barrage+1"],"picked":"SKIP","floor":41},{"not_picked":["Streamline","Gash","Rainbow"],"picked":"Double Energy+1","floor":45},{"not_picked":["Conserve Battery+1","Cold Snap+1","Beam Cell+1"],"picked":"Steam Power+1","floor":47}],"player_experience":340939,"relics_obtained":[{"floor":6,"key":"Darkstone Periapt"},{"floor":9,"key":"Question Card"},{"floor":11,"key":"Gremlin Horn"},{"floor":21,"key":"Red Mask"},{"floor":24,"key":"Whetstone"},{"floor":24,"key":"Lantern"},{"floor":26,"key":"Matryoshka"},{"floor":30,"key":"Regal Pillow"},{"floor":43,"key":"MawBank"},{"floor":43,"key":"Pantograph"}],"event_choices":[{"damage_healed":0,"gold_gain":0,"player_choice":"2 cards matched","damage_taken":0,"max_hp_gain":0,"max_hp_loss":0,"event_name":"Match and Keep!","floor":3,"gold_loss":0,"cards_obtained":["Creative AI","Cold Snap"]},{"damage_healed":18,"gold_gain":0,"player_choice":"Healed","damage_taken":0,"max_hp_gain":0,"max_hp_loss":0,"event_name":"The Cleric","floor":14,"gold_loss":35},{"damage_healed":0,"gold_gain":0,"player_choice":"Fought Bandits","damage_taken":0,"max_hp_gain":0,"max_hp_loss":0,"event_name":"Masked Bandits","floor":21,"gold_loss":0},{"damage_healed":0,"gold_gain":0,"cards_transformed":["Strike_B"],"player_choice":"Transformed","damage_taken":0,"max_hp_gain":0,"max_hp_loss":0,"event_name":"Transmorgrifier","floor":27,"gold_loss":0,"cards_obtained":["Creative AI"]},{"damage_healed":35,"gold_gain":0,"player_choice":"Full Heal","damage_taken":0,"max_hp_gain":0,"max_hp_loss":0,"event_name":"Wheel of Change","floor":37,"gold_loss":0},{"damage_healed":0,"gold_gain":0,"player_choice":"Ignored","damage_taken":0,"max_hp_gain":0,"max_hp_loss":0,"event_name":"SecretPortal","floor":44,"gold_loss":0},{"damage_healed":19,"gold_gain":0,"player_choice":"Writhe","damage_taken":0,"max_hp_gain":0,"max_hp_loss":0,"event_name":"Winding Halls","floor":48,"gold_loss":0,"cards_obtained":["Writhe"]}],"is_beta":false,"boss_relics":[{"not_picked":["Empty Cage","Busted Crown"],"picked":"Black Star"},{"not_picked":["SacredBark","Fusion Hammer"],"picked":"Astrolabe"}],"items_purged_floors":[28],"is_endless":false,"potions_floor_spawned":[1,11,13,18,21,33,36,39,45],"killed_by":"Time Eater","ascension_level":1}}