{"host":"mlerl2sxhcwd6xvy","time":1613616530,"event":{"mods":["BaseMod","Minty Spire (QoL Compilation)","Shapeshifter Mod","StSLib","The Runesmith"],"gold_per_floor":[119,133,145,145,73,108,108,121,121,121,42,55,90,109,109,234,234,259,272,272,197,117,148,167,167,194,194,229,243,263,278,278,399,399,417,417,478,478,478,517,533,533,533,557,557,573,573,592,592,592,592],"floor_reached":50,"language":"ENG","playtime":3672,"items_purged":[],"score":524,"play_id":"4d851562-f272-400f-9a48-ae003872cc19","local_time":"20210217214850","is_ascension_mode":false,"campfire_choices":[{"data":"StSShapeShifter:WaspSwarmForm","floor":10,"key":"SMITH"},{"data":"StSShapeShifter:RhinoCalfForm","floor":15,"key":"SMITH"},{"floor":25,"key":"REST"},{"data":"StSShapeShifter:DragonForm","floor":27,"key":"SMITH"},{"floor":32,"key":"REST"},{"floor":42,"key":"RECALL"},{"floor":47,"key":"REST"},{"data":"StSShapeShifter:BurrBomb","floor":49,"key":"SMITH"}],"circlet_count":0,"master_deck":["StSShapeShifter:ShapeShifter_Strike","StSShapeShifter:ShapeShifter_Strike","StSShapeShifter:ShapeShifter_Strike","StSShapeShifter:ShapeShifter_Strike","StSShapeShifter:ShapeShifter_Defend","StSShapeShifter:ShapeShifter_Defend","StSShapeShifter:ShapeShifter_Defend","StSShapeShifter:ShapeShifter_Defend","StSShapeShifter:ShapeShifter_Defend","StSShapeShifter:Tortoise_Form","StSShapeShifter:Lynx_Form","StSShapeShifter:RockSlide","StSShapeShifter:WaspSwarmForm+1","StSShapeShifter:VineHandcuffs","StSShapeShifter:ForestFire","StSShapeShifter:DeerForm","StSShapeShifter:Synchronicity","StSShapeShifter:Roar","StSShapeShifter:DragonForm+1","StSShapeShifter:Sapling+1","StSShapeShifter:UnicornForm","StSShapeShifter:Ensconce","StSShapeShifter:VileMushroom","StSShapeShifter:SpiritOfTheEarth","StSShapeShifter:OakBlade","StSShapeShifter:WolfsBane","StSShapeShifter:IntimidatingAura","StSShapeShifter:ThornToss+1","StSShapeShifter:BurrBomb+1","StSShapeShifter:BloomingSlash+1"],"relics":["StSShapeShifter:AnimalHeart","StSShapeShifter:TheShapeShiftersMagnolia","NeowsBlessing","Golden Idol","StSShapeShifter:DruidicMedallion","Bag of Preparation","StSShapeShifter:FrogOfVitality","Velvet Choker","White Beast Statue","Nunchaku","TungstenRod","StSShapeShifter:LemurHeaddress","Gambling Chip","StSShapeShifter:WristwrapsOfDiscovery","StSShapeShifter:LoyalLobster"],"acts_visited":["Exordium","TheCity","TheBeyond"],"potions_floor_usage":[6,13,16,23,28,30,33,37,37,37,37,40,40,40,50,50],"damage_taken":[{"damage":0,"enemies":"Small Slimes","floor":1,"turns":1},{"damage":0,"enemies":"Jaw Worm","floor":2,"turns":1},{"damage":0,"enemies":"Cultist","floor":3,"turns":1},{"damage":18,"enemies":"3 Sentries","floor":6,"turns":4},{"damage":8,"enemies":"Blue Slaver","floor":8,"turns":4},{"damage":6,"enemies":"Large Slime","floor":12,"turns":5},{"damage":15,"enemies":"Lagavulin","floor":13,"turns":8},{"damage":4,"enemies":"2 Fungi Beasts","floor":14,"turns":3},{"damage":29,"enemies":"Slime Boss","floor":16,"turns":9},{"damage":6,"enemies":"2 Thieves","floor":18,"turns":3},{"damage":0,"enemies":"3 Byrds","floor":19,"turns":3},{"damage":27,"enemies":"Slavers","floor":23,"turns":2},{"damage":12,"enemies":"Cultist and Chosen","floor":24,"turns":6},{"damage":10,"enemies":"Gremlin Leader","floor":28,"turns":4},{"damage":9,"enemies":"3 Cultists","floor":29,"turns":4},{"damage":16,"enemies":"Snake Plant","floor":30,"turns":3},{"damage":0,"enemies":"Centurion and Healer","floor":31,"turns":4},{"damage":45,"enemies":"Automaton","floor":33,"turns":11},{"damage":2,"enemies":"3 Shapes","floor":35,"turns":1},{"damage":31,"enemies":"2 Orb Walkers","floor":37,"turns":4},{"damage":20,"enemies":"Reptomancer","floor":40,"turns":5},{"damage":0,"enemies":"3 Darklings","floor":41,"turns":3},{"damage":29,"enemies":"Spire Growth","floor":44,"turns":5},{"damage":31,"enemies":"Maw","floor":46,"turns":9},{"damage":18,"enemies":"3 Darklings","floor":48,"turns":4},{"damage":67,"enemies":"Donu and Deca","floor":50,"turns":5}],"seed_played":"6159096828631164888","potions_obtained":[{"floor":1,"key":"Fire Potion"},{"floor":2,"key":"SpeedPotion"},{"floor":6,"key":"Dexterity Potion"},{"floor":16,"key":"SkillPotion"},{"floor":23,"key":"BlessingOfTheForge"},{"floor":24,"key":"AttackPotion"},{"floor":28,"key":"AttackPotion"},{"floor":29,"key":"Regen Potion"},{"floor":30,"key":"StSShapeShifter:PolyBeastPotion"},{"floor":33,"key":"EntropicBrew"},{"floor":35,"key":"Fire Potion"},{"floor":37,"key":"Block Potion"},{"floor":40,"key":"CultistPotion"},{"floor":41,"key":"FairyPotion"},{"floor":44,"key":"Swift Potion"},{"floor":46,"key":"Regen Potion"}],"is_trial":false,"path_per_floor":["M","M","M","?","$","E","?","M","T","R","$","M","E","M","R","B",null,"M","M","?","?","$","E","M","R","T","R","E","M","M","M","R","B",null,"M","?","?","?","T","E","M","R","T","M","?","M","R","M","R","B"],"character_chosen":"SHAPESHIFTER","items_purchased":["StSShapeShifter:ForestFire","StSShapeShifter:Synchronicity","StSShapeShifter:Ensconce"],"campfire_rested":3,"item_purchase_floors":[5,11,22],"current_hp_per_floor":[78,78,78,72,72,54,72,64,64,64,64,58,43,41,41,13,75,70,70,70,70,70,43,31,53,53,53,43,34,27,27,49,4,76,74,74,45,45,45,25,25,25,25,24,69,38,58,40,40,0,0],"gold":592,"neow_bonus":"THREE_ENEMY_KILL","is_daily":false,"chose_seed":false,"campfire_upgraded":4,"win_rate":0.0,"timestamp":1613616530,"path_taken":["M","M","M","?","$","E","?","M","T","R","?","M","E","M","R","BOSS","M","M","?","?","?","E","M","R","T","R","E","?","M","M","R","BOSS","M","?","?","?","?","E","M","R","T","?","?","M","R","M","R","BOSS"],"items_purchased_type":["Card","Card","Card"],"build_version":"2020-12-22","purchased_purges":0,"victory":false,"max_hp_per_floor":[78,78,78,72,72,72,72,72,72,72,72,72,72,74,74,75,75,76,76,76,76,76,76,76,76,76,76,76,76,76,76,76,76,76,76,76,78,78,78,78,78,78,78,79,69,69,69,69,69,69,69],"card_choices":[{"not_picked":["StSShapeShifter:Sapling","StSShapeShifter:Wildfire2"],"picked":"StSShapeShifter:RockSlide","floor":1},{"not_picked":["StSShapeShifter:VineHandcuffs","StSShapeShifter:BladeOfGrass"],"picked":"StSShapeShifter:WaspSwarmForm","floor":2},{"not_picked":["StSShapeShifter:BurstingSpore","StSShapeShifter:FlowerShield"],"picked":"StSShapeShifter:VineHandcuffs","floor":3},{"not_picked":["StSShapeShifter:Autumn","StSShapeShifter:Maul","StSShapeShifter:ThornToss"],"picked":"SKIP","floor":6},{"not_picked":["StSShapeShifter:BurstingSpore","StSShapeShifter:ThornToss"],"picked":"StSShapeShifter:DeerForm","floor":8},{"not_picked":["StSShapeShifter:RockSlide","StSShapeShifter:OakBlade"],"picked":"StSShapeShifter:Roar","floor":12},{"not_picked":["StSShapeShifter:VineHandcuffs","StSShapeShifter:PorcupineForm"],"picked":"StSShapeShifter:RhinoCalfForm","floor":13},{"not_picked":["StSShapeShifter:OwlForm","StSShapeShifter:Roar","StSShapeShifter:VineHandcuffs"],"picked":"SKIP","floor":14},{"not_picked":["StSShapeShifter:PhoenixForm","StSShapeShifter:MooseForm"],"picked":"StSShapeShifter:DragonForm","floor":16},{"not_picked":["StSShapeShifter:PorcupineForm","StSShapeShifter:ShiftingStrike","StSShapeShifter:FallingLeaves"],"picked":"SKIP","floor":18},{"not_picked":["StSShapeShifter:ShiftingStrike","StSShapeShifter:OwlForm"],"picked":"StSShapeShifter:Sapling+1","floor":19},{"not_picked":["StSShapeShifter:BurstingSpore","StSShapeShifter:SunflowerShuriken+1"],"picked":"StSShapeShifter:VileMushroom","floor":23},{"not_picked":["StSShapeShifter:RaptorForm+1","StSShapeShifter:BarkSkin","StSShapeShifter:VineHandcuffs"],"picked":"SKIP","floor":24},{"not_picked":["StSShapeShifter:FesteringBite","StSShapeShifter:ClimbTree","StSShapeShifter:DeerForm"],"picked":"SKIP","floor":28},{"not_picked":["StSShapeShifter:OwlForm","StSShapeShifter:Roar","StSShapeShifter:TopazSkin"],"picked":"SKIP","floor":29},{"not_picked":["StSShapeShifter:MonkeyForm","StSShapeShifter:ShiftingStrike"],"picked":"StSShapeShifter:SpiritOfTheEarth","floor":30},{"not_picked":["StSShapeShifter:WaspSwarmForm","StSShapeShifter:Winter"],"picked":"StSShapeShifter:OakBlade","floor":31},{"not_picked":["StSShapeShifter:HydraForm","StSShapeShifter:Uproot_Redwood"],"picked":"StSShapeShifter:WolfsBane","floor":33},{"not_picked":["StSShapeShifter:Hunt","StSShapeShifter:RatForm","StSShapeShifter:ThornToss"],"picked":"SKIP","floor":35},{"not_picked":["StSShapeShifter:OakBlade","StSShapeShifter:Wildfire2+1"],"picked":"StSShapeShifter:IntimidatingAura","floor":37},{"not_picked":["StSShapeShifter:EntForm","StSShapeShifter:AdaptiveStrikes","StSShapeShifter:FesteringBite"],"picked":"SKIP","floor":40},{"not_picked":["StSShapeShifter:PorcupineForm","StSShapeShifter:SunflowerShuriken","StSShapeShifter:FesteringBite"],"picked":"SKIP","floor":41},{"not_picked":["StSShapeShifter:Sapling","StSShapeShifter:Maul"],"picked":"StSShapeShifter:ThornToss+1","floor":44},{"not_picked":["StSShapeShifter:CosmicShifter","StSShapeShifter:FallingLeaves"],"picked":"StSShapeShifter:BurrBomb","floor":46},{"not_picked":["StSShapeShifter:DeerForm+1","StSShapeShifter:TopazSkin"],"picked":"StSShapeShifter:BloomingSlash+1","floor":48}],"player_experience":201258,"relics_obtained":[{"floor":6,"key":"StSShapeShifter:DruidicMedallion"},{"floor":9,"key":"Bag of Preparation"},{"floor":13,"key":"StSShapeShifter:FrogOfVitality"},{"floor":23,"key":"White Beast Statue"},{"floor":26,"key":"Nunchaku"},{"floor":28,"key":"TungstenRod"},{"floor":37,"key":"Gambling Chip"},{"floor":40,"key":"StSShapeShifter:WristwrapsOfDiscovery"},{"floor":43,"key":"StSShapeShifter:LoyalLobster"}],"event_choices":[{"damage_healed":0,"gold_gain":0,"player_choice":"Lose Max HP","damage_taken":0,"relics_obtained":["Golden Idol"],"max_hp_gain":0,"max_hp_loss":6,"event_name":"Golden Idol","floor":4,"gold_loss":0},{"damage_healed":24,"gold_gain":0,"player_choice":"Banana","damage_taken":0,"max_hp_gain":0,"max_hp_loss":0,"event_name":"Big Fish","floor":7,"gold_loss":0},{"cards_removed":["StSShapeShifter:RhinoCalfForm"],"damage_healed":0,"gold_gain":0,"player_choice":"Gave Gold","damage_taken":0,"max_hp_gain":0,"max_hp_loss":0,"event_name":"Beggar","floor":21,"gold_loss":75},{"damage_healed":0,"gold_gain":0,"player_choice":"Ignored","damage_taken":0,"max_hp_gain":0,"max_hp_loss":0,"event_name":"Tomb of Lord Red Mask","floor":36,"gold_loss":0},{"damage_healed":0,"gold_gain":0,"player_choice":"Fight","damage_taken":0,"max_hp_gain":0,"max_hp_loss":0,"event_name":"Mysterious Sphere","floor":37,"gold_loss":0},{"cards_removed":["StSShapeShifter:ShapeShifter_Strike"],"damage_healed":0,"gold_gain":0,"player_choice":"Removed Attack","damage_taken":0,"max_hp_gain":0,"max_hp_loss":0,"event_name":"Falling","floor":38,"gold_loss":0},{"damage_healed":69,"gold_gain":0,"player_choice":"Heal","damage_taken":0,"max_hp_gain":0,"max_hp_loss":10,"event_name":"The Moai Head","floor":45,"gold_loss":0}],"is_beta":false,"boss_relics":[{"not_picked":["Tiny House","Astrolabe"],"picked":"Velvet Choker"},{"not_picked":["Runesmith:UraniumAnvil","SacredBark"],"picked":"StSShapeShifter:LemurHeaddress"}],"items_purged_floors":[],"is_endless":false,"potions_floor_spawned":[1,2,6,16,23,24,28,29,30,31,33,35,37,40,41,44,46,48],"killed_by":"Donu and Deca","ascension_level":0}}