{"host":"72n3jwtrlpjobydj","time":1613670457,"event":{"mods":["AchievementEnabler","BaseMod","CapriCore","DeckTracker","Hermit","Koishi","KomeijiMod","Lobotomy","Marisa£¨Ùöéë¡¡Øª×âÞÞ£©","Minty Spire (QoL Compilation)","Permanent Neow","StSLib","SuperFastMode","The Cursed","The Hierophant","The Immortal"],"gold_per_floor":[112,128,53,64,78,78,106,106,106,121,155,185,185,201,201,304,304,320,333,12,28,48,48,48,48],"floor_reached":24,"language":"KOR","playtime":766,"items_purged":["Strike_P","Strike_P"],"score":210,"play_id":"2bea605a-bead-4d1e-8451-dfd1fcd327da","local_time":"20210219024737","is_ascension_mode":false,"campfire_choices":[{"floor":6,"key":"REST"},{"floor":8,"key":"REST"},{"data":"Eruption","floor":15,"key":"SMITH"},{"floor":23,"key":"REST"}],"circlet_count":0,"master_deck":["Strike_P","Strike_P","Defend_P","Defend_P","Defend_P","Defend_P","Eruption+1","Vigilance","FearNoEvil","TalkToTheHand","Adaptation"],"relics":["PureWater","Happy Flower","Eternal Feather","KyoryuNoHagoromo","Turnip","NlothsMask","Fusion Hammer","Bag of Marbles"],"acts_visited":["Exordium","TheCity"],"potions_floor_usage":[11,16,18,22,24,24],"damage_taken":[{"damage":0,"enemies":"Small Slimes","floor":1,"turns":2},{"damage":2,"enemies":"2 Louse","floor":2,"turns":3},{"damage":0,"enemies":"Cultist","floor":4,"turns":3},{"damage":28,"enemies":"Gremlin Gang","floor":5,"turns":6},{"damage":14,"enemies":"3 Sentries","floor":7,"turns":8},{"damage":2,"enemies":"3 Louse","floor":10,"turns":4},{"damage":15,"enemies":"Gremlin Nob","floor":11,"turns":5},{"damage":0,"enemies":"Looter","floor":14,"turns":3},{"damage":34,"enemies":"Hexaghost","floor":16,"turns":13},{"damage":10,"enemies":"2 Thieves","floor":18,"turns":3},{"damage":0,"enemies":"Shell Parasite","floor":19,"turns":8},{"damage":7,"enemies":"Centurion and Healer","floor":21,"turns":6},{"damage":0,"enemies":"Snake Plant","floor":22,"turns":6},{"damage":73,"enemies":"Slavers","floor":24,"turns":4}],"seed_played":"-565089371428657868","potions_obtained":[{"floor":4,"key":"SteroidPotion"},{"floor":7,"key":"SpeedPotion"},{"floor":10,"key":"Strength Potion"},{"floor":11,"key":"StancePotion"},{"floor":16,"key":"Swift Potion"},{"floor":19,"key":"PowerPotion"},{"floor":22,"key":"LiquidBronze"}],"is_trial":false,"path_per_floor":["M","M","$","M","M","R","E","R","T","M","E","?","?","M","R","B",null,"M","M","$","M","M","R","E"],"character_chosen":"WATCHER","items_purchased":["Adaptation","Bag of Marbles"],"campfire_rested":3,"item_purchase_floors":[20,20],"current_hp_per_floor":[72,70,70,70,42,63,49,72,72,70,55,55,55,55,61,27,72,62,62,62,55,55,72,0,0],"gold":48,"neow_bonus":"RANDOM_COMMON_RELIC","is_daily":false,"chose_seed":false,"campfire_upgraded":1,"win_rate":0.0,"timestamp":1613670457,"path_taken":["M","M","$","M","M","R","E","R","T","M","E","?","?","?","R","BOSS","M","?","$","M","M","R","E"],"items_purchased_type":["Card","Relic"],"build_version":"2020-12-22","purchased_purges":2,"victory":false,"max_hp_per_floor":[72,72,72,72,72,72,72,72,72,72,72,72,72,72,72,72,72,72,72,72,72,72,72,72,72],"card_choices":[{"not_picked":["FollowUp","Worship","Prostrate"],"picked":"SKIP","floor":1},{"not_picked":["ReachHeaven","Meditate","FlyingSleeves"],"picked":"SKIP","floor":2},{"not_picked":["Crescendo","Meditate","ThirdEye"],"picked":"SKIP","floor":4},{"not_picked":["ClearTheMind","Nirvana"],"picked":"FearNoEvil","floor":5},{"not_picked":["BattleHymn","Crescendo","ReachHeaven"],"picked":"SKIP","floor":7},{"not_picked":["Consecrate","CutThroughFate"],"picked":"TalkToTheHand","floor":10},{"not_picked":["Crescendo","Establishment","FlurryOfBlows"],"picked":"SKIP","floor":11},{"not_picked":["Indignation","FlurryOfBlows","EmptyFist"],"picked":"SKIP","floor":14},{"not_picked":["EmptyFist","Swivel","FlyingSleeves"],"picked":"SKIP","floor":18},{"not_picked":["Indignation","CrushJoints","Protect"],"picked":"SKIP","floor":19},{"not_picked":["EmptyMind+1","Sanctity+1","InnerPeace"],"picked":"SKIP","floor":21},{"not_picked":["PathToVictory+1","EmptyFist","Crescendo"],"picked":"SKIP","floor":22}],"player_experience":81893,"relics_obtained":[{"floor":7,"key":"Eternal Feather"},{"floor":9,"key":"KyoryuNoHagoromo"},{"floor":11,"key":"Turnip"}],"event_choices":[{"damage_healed":0,"gold_gain":30,"player_choice":"Searched \u00271\u0027 times","damage_taken":0,"max_hp_gain":0,"max_hp_loss":0,"event_name":"Dead Adventurer","floor":12,"gold_loss":0},{"damage_healed":0,"gold_gain":0,"player_choice":"Trade","damage_taken":0,"relics_obtained":["NlothsMask"],"max_hp_gain":0,"max_hp_loss":0,"event_name":"FaceTrader","floor":13,"gold_loss":0}],"is_beta":false,"boss_relics":[{"not_picked":["Coffee Dripper","SlaversCollar"],"picked":"Fusion Hammer"}],"items_purged_floors":[3,20],"is_endless":false,"potions_floor_spawned":[4,7,10,11,16,19,22],"killed_by":"Slavers","ascension_level":0}}