{"host":"4k1o517shm2ba6vh","time":1613685343,"event":{"mods":["AchievementEnabler","BaseMod","Card Forge","Downfall","Minty Spire (QoL Compilation)","Smile Girya","StSLib","everything is the same but u backflip on backflip"],"gold_per_floor":[116,132,151,151,151,151,151,166,214,214,234,234,260,1,1,97,97,116,116,116,116,116,116,116,116,116,116,126,126,136,152,152,257,257,270,270,270,270,282,313,313,313,313,331,182,192,192,209,209,209],"floor_reached":51,"language":"ENG","playtime":815,"items_purged":[],"score":908,"play_id":"a35d9c7f-dfda-4848-913c-2fb2faecaabd","local_time":"20210218155543","is_ascension_mode":false,"campfire_choices":[{"data":"Searing Blow+1","floor":6,"key":"SMITH"},{"floor":10,"key":"REST"},{"data":"Searing Blow+10","floor":15,"key":"SMITH"},{"data":"Searing Blow+11","floor":23,"key":"SMITH"},{"data":"Searing Blow+12","floor":25,"key":"SMITH"},{"data":"Searing Blow+13","floor":27,"key":"SMITH"},{"data":"Searing Blow+14","floor":32,"key":"SMITH"},{"floor":41,"key":"REST"},{"floor":47,"key":"REST"},{"floor":49,"key":"REST"}],"circlet_count":0,"master_deck":["Dropkick+1","Feed+1","Thunderclap+1","Dropkick+1","Searing Blow+15"],"relics":["Burning Blood","Hammer of Thor","Seething Fire","Anvil of the Gods","Tiny Chest","Meat on the Bone","Kunai","Pandora\u0027s Box","Regal Pillow","Ornamental Fan","Fusion Hammer","Pen Nib","Art of War","Singing Bowl","Nunchaku"],"acts_visited":["Exordium","TheCity","TheBeyond"],"potions_floor_usage":[46,48],"damage_taken":[{"damage":0,"enemies":"Small Slimes","floor":1,"turns":1},{"damage":0,"enemies":"2 Louse","floor":2,"turns":1},{"damage":0,"enemies":"Cultist","floor":3,"turns":1},{"damage":0,"enemies":"Exordium Thugs","floor":7,"turns":2},{"damage":0,"enemies":"Lots of Slimes","floor":8,"turns":1},{"damage":0,"enemies":"Blue Slaver","floor":11,"turns":1},{"damage":0,"enemies":"Large Slime","floor":12,"turns":1},{"damage":18,"enemies":"3 Sentries","floor":13,"turns":3},{"damage":0,"enemies":"Hexaghost","floor":16,"turns":2},{"damage":0,"enemies":"Chosen","floor":18,"turns":1},{"damage":0,"enemies":"Shell Parasite","floor":20,"turns":1},{"damage":10,"enemies":"Chosen and Byrds","floor":21,"turns":2},{"damage":0,"enemies":"Snake Plant","floor":28,"turns":1},{"damage":0,"enemies":"3 Cultists","floor":30,"turns":1},{"damage":8,"enemies":"Centurion and Healer","floor":31,"turns":2},{"damage":0,"enemies":"Collector","floor":33,"turns":2},{"damage":0,"enemies":"3 Darklings","floor":35,"turns":1},{"damage":0,"enemies":"Orb Walker","floor":36,"turns":1},{"damage":0,"enemies":"Transient","floor":39,"turns":2},{"damage":0,"enemies":"Reptomancer","floor":40,"turns":1},{"damage":0,"enemies":"Spire Growth","floor":44,"turns":1},{"damage":34,"enemies":"Sphere and 2 Shapes","floor":46,"turns":2},{"damage":0,"enemies":"3 Darklings","floor":48,"turns":1},{"damage":38,"enemies":"Donu and Deca","floor":50,"turns":3}],"seed_played":"6498825821481953099","potions_obtained":[{"floor":1,"key":"Swift Potion"},{"floor":3,"key":"Explosive Potion"},{"floor":11,"key":"EssenceOfSteel"},{"floor":48,"key":"Fruit Juice"}],"is_trial":false,"path_per_floor":["M","M","M","?","?","R","M","M","T","R","M","M","E","$","R","B",null,"M","$","M","M","?","R","$","R","T","R","M","T","M","M","R","B",null,"M","M","?","?","M","E","R","T","T","M","$","M","R","M","R","B",null],"character_chosen":"IRONCLAD","items_purchased":["Kunai","Nunchaku"],"campfire_rested":4,"item_purchase_floors":[14,45],"current_hp_per_floor":[88,91,94,99,99,99,103,103,103,103,103,103,95,95,95,105,111,111,111,111,107,107,107,107,107,107,107,111,111,115,117,117,123,123,123,123,123,123,123,127,127,127,127,127,127,105,133,140,140,112],"gold":209,"neow_bonus":"TEN_PERCENT_HP_BONUS","is_daily":false,"chose_seed":false,"campfire_upgraded":6,"win_rate":0.0,"timestamp":1613685343,"path_taken":["M","M","M","?","?","R","M","?","T","R","M","M","E","?","R","BOSS","M","$","?","M","?","R","$","R","T","R","M","?","?","M","R","BOSS","M","M","?","?","M","E","R","?","T","M","$","M","R","?","R","BOSS"],"items_purchased_type":["Relic","Relic"],"build_version":"2020-12-22","purchased_purges":0,"victory":true,"max_hp_per_floor":[88,91,94,99,99,99,103,103,103,103,103,103,107,107,107,111,111,111,111,111,111,111,111,111,111,111,111,111,111,115,119,119,123,123,123,123,123,123,123,127,127,127,127,127,127,133,133,140,140,144],"card_choices":[{"not_picked":["Infernal Blade","Heavy Blade","Searing Blow"],"picked":"SKIP","floor":1},{"not_picked":["Carnage","Dual Wield","Shrug It Off"],"picked":"SKIP","floor":2},{"not_picked":["Clothesline","Clash","Iron Wave"],"picked":"SKIP","floor":3},{"not_picked":["Iron Wave","Cleave","Reaper"],"picked":"SKIP","floor":7},{"not_picked":["Sever Soul","Perfected Strike","Headbutt"],"picked":"SKIP","floor":8},{"not_picked":["Body Slam","Shrug It Off","Reckless Charge"],"picked":"SKIP","floor":11},{"not_picked":["Whirlwind","True Grit","Evolve"],"picked":"SKIP","floor":12},{"not_picked":["Rage","Flex","Anger"],"picked":"SKIP","floor":13},{"not_picked":["Seeing Red","Uppercut+1","Anger"],"picked":"SKIP","floor":18},{"not_picked":["Seeing Red","Uppercut+1","Anger"],"picked":"SKIP","floor":18},{"not_picked":["Flex+1","Warcry","Twin Strike"],"picked":"SKIP","floor":20},{"not_picked":["Flex","Havoc","Clothesline"],"picked":"SKIP","floor":21},{"not_picked":["Iron Wave","Flex","Armaments"],"picked":"SKIP","floor":28},{"not_picked":["True Grit+1","Anger","Wild Strike"],"picked":"SKIP","floor":30},{"not_picked":["Body Slam+1","Infernal Blade","Sword Boomerang"],"picked":"SKIP","floor":31},{"not_picked":["Wild Strike","Shrug It Off+1","Armaments"],"picked":"SKIP","floor":35},{"not_picked":["Anger+1","Flex+1","Sword Boomerang"],"picked":"SKIP","floor":36},{"not_picked":["Cleave","Shockwave","Twin Strike"],"picked":"SKIP","floor":39},{"not_picked":["Sword Boomerang+1","Impervious","Sentinel+1"],"picked":"SKIP","floor":40},{"not_picked":["Searing Blow","Headbutt+1","Cleave+1"],"picked":"SKIP","floor":44},{"not_picked":["Bloodletting+1","Thunderclap+1","Dropkick"],"picked":"Singing Bowl","floor":46},{"not_picked":["Wild Strike","Armaments","Flame Barrier"],"picked":"Singing Bowl","floor":48}],"player_experience":500416,"relics_obtained":[{"floor":9,"key":"Tiny Chest"},{"floor":13,"key":"Meat on the Bone"},{"floor":26,"key":"Regal Pillow"},{"floor":29,"key":"Ornamental Fan"},{"floor":40,"key":"Pen Nib"},{"floor":42,"key":"Art of War"},{"floor":43,"key":"Singing Bowl"}],"event_choices":[{"damage_healed":0,"gold_gain":0,"player_choice":"Donut","damage_taken":0,"max_hp_gain":5,"max_hp_loss":0,"event_name":"Big Fish","floor":4,"gold_loss":0},{"damage_healed":0,"gold_gain":0,"player_choice":"Upgraded","damage_taken":0,"max_hp_gain":0,"max_hp_loss":0,"event_name":"Upgrade Shrine","floor":5,"gold_loss":0,"cards_upgraded":["Searing Blow"]},{"damage_healed":0,"gold_gain":0,"player_choice":"Ignored","damage_taken":0,"max_hp_gain":0,"max_hp_loss":0,"event_name":"Ghosts","floor":22,"gold_loss":0},{"damage_healed":0,"gold_gain":0,"player_choice":"Ignored","damage_taken":0,"max_hp_gain":0,"max_hp_loss":0,"event_name":"Mysterious Sphere","floor":37,"gold_loss":0},{"damage_healed":0,"gold_gain":0,"player_choice":"Ignored","damage_taken":0,"max_hp_gain":0,"max_hp_loss":0,"event_name":"Tomb of Lord Red Mask","floor":38,"gold_loss":0}],"is_beta":false,"boss_relics":[{"not_picked":["Ectoplasm","Philosopher\u0027s Stone"],"picked":"Pandora\u0027s Box"},{"not_picked":["Busted Crown","Calling Bell"],"picked":"Fusion Hammer"}],"items_purged_floors":[],"is_endless":false,"potions_floor_spawned":[1,3,11,16,30,31,36,40,44,48],"ascension_level":0}}