{"host":"6vtgmkkqqeew181q","time":1613611949,"event":{"mods":["BaseMod","Better Skull","Better Third Choice","BetterRewards","Colored Powertips","Downfall","Faster Ascension Climbing","Highlight Path","Minty Spire (QoL Compilation)","Reliquary","Replay The Spire","Spire Birthday Party","StSLib","The IronCluck","The Jungle"],"gold_per_floor":[118,129,149,149,161,161,179,179,202,52,63,63,63,89,89,190,190,207,207,222,222,222,222,70,80,80,114,114,114,114,134,134,153,171,171,276,276,294,197,197,210,225,225,237,287,313,313,8,8,25,0,0,0],"floor_reached":54,"language":"ENG","playtime":4102,"items_purged":[],"score":1109,"play_id":"4f119a13-c106-41ed-a4bd-e6e1a9902f69","local_time":"20210217173229","is_ascension_mode":false,"campfire_choices":[{"data":"Feed","floor":6.0,"key":"SMITH"},{"data":"Fiend Fire","floor":8.0,"key":"SMITH"},{"data":"Searing Blow","floor":13.0,"key":"SMITH"},{"data":"Searing Blow+1","floor":15.0,"key":"SMITH"},{"data":"Searing Blow+2","floor":26,"key":"SMITH"},{"data":"Searing Blow+3","floor":28,"key":"SMITH"},{"data":"Searing Blow+4","floor":30,"key":"SMITH"},{"data":"Searing Blow+5","floor":32,"key":"SMITH"},{"data":"Searing Blow+6","floor":35,"key":"SMITH"},{"data":"Searing Blow+7","floor":43,"key":"SMITH"},{"data":"Searing Blow+8","floor":47,"key":"SMITH"},{"data":"Searing Blow+9","floor":49,"key":"SMITH"},{"floor":52,"key":"REST"}],"circlet_count":0,"master_deck":["Strike_R","Strike_R","Strike_R","Strike_R+1","Strike_R+1","Defend_R+1","Defend_R+1","Defend_R+1","Defend_R+1","Bash","Fiend Fire+1","ReplayReversal+1","Shrug It Off","Twin Strike+1","Feed+1","Searing Blow+10","Shrug It Off+1","Exhume+1","Clothesline+1","Replay:Undeath\u0027s Touch+1","Anger","Offering","Spot Weakness+1","Demon Form+1","Shrug It Off+1","Madness","ReplayTheSpireMod:Muscle Training+1","Pummel+1"],"relics":["Burning Blood","Ring of Searing","ReplayTheSpireMod:Ring of Addiction","Chameleon Ring","White Beast Statue","Anchor","champ:Barbells","Vajra","ReplayTheSpireMod:Spearhead","Ring of Chaos","Guide Book","reliquary:JackalopeAntler","Mercury Hourglass","Runic Cube","Akabeko","Toy Ornithopter","King of Hearts","BranchBurnRelic","Red Mask"],"acts_visited":["Exordium","TheCity","TheBeyond"],"potions_floor_usage":[25,27,31,33,36,36,38,42,42,44,53,53],"damage_taken":[{"damage":0.0,"enemies":"Cultist","floor":1.0,"turns":2.0},{"damage":2.0,"enemies":"2 Louse","floor":2.0,"turns":3.0},{"damage":8.0,"enemies":"Jaw Worm","floor":3.0,"turns":3.0},{"damage":5.0,"enemies":"3 Louse","floor":5.0,"turns":2.0},{"damage":32.0,"enemies":"Exordium Thugs","floor":7.0,"turns":5.0},{"damage":15.0,"enemies":"Large Slime","floor":11.0,"turns":4.0},{"damage":10.0,"enemies":"Lagavulin","floor":14.0,"turns":3.0},{"damage":10.0,"enemies":"Slime Boss","floor":16.0,"turns":5.0},{"damage":12.0,"enemies":"Spheric Guardian","floor":18.0,"turns":3.0},{"damage":19.0,"enemies":"3 Byrds","floor":20.0,"turns":5.0},{"damage":10,"enemies":"Centurion and Healer","floor":25,"turns":7},{"damage":12,"enemies":"Gremlin Leader","floor":27,"turns":7},{"damage":6,"enemies":"Shelled Parasite and Fungi","floor":31,"turns":5},{"damage":0,"enemies":"Snake Plant","floor":33,"turns":2},{"damage":16,"enemies":"Sentry and Sphere","floor":34,"turns":3},{"damage":10,"enemies":"Pondfish","floor":36,"turns":7},{"damage":10,"enemies":"3 Darklings","floor":38,"turns":3},{"damage":25,"enemies":"3 Shapes","floor":41,"turns":6},{"damage":17,"enemies":"Maw","floor":42,"turns":5},{"damage":21,"enemies":"Sphere and 2 Shapes","floor":44,"turns":7},{"damage":0,"enemies":"Mind Bloom Boss Battle","floor":45,"turns":3},{"damage":0,"enemies":"4 Shapes","floor":50,"turns":5},{"damage":33,"enemies":"Donu and Deca","floor":53,"turns":5}],"seed_played":"2133133946807909187","potions_obtained":[{"floor":1.0,"key":"DistilledChaos"},{"floor":3.0,"key":"AttackPotion"},{"floor":4.0,"key":"hexamod:SoulburnPotion"},{"floor":5.0,"key":"BloodPotion"},{"floor":7.0,"key":"Explosive Potion"},{"floor":14.0,"key":"SteroidPotion"},{"floor":16.0,"key":"ColorlessPotion"},{"floor":18.0,"key":"Guardian:BlockOnCardUsePotion"},{"floor":19.0,"key":"Cursed Concoction"},{"floor":20.0,"key":"PowerPotion"},{"floor":25,"key":"Fire Potion"},{"floor":27,"key":"SkillPotion"},{"floor":31,"key":"LiquidMemories"},{"floor":33,"key":"champ:CounterPotion"},{"floor":36,"key":"Fire Potion"},{"floor":38,"key":"Strength Potion"},{"floor":42,"key":"sneckomod:MuddlingPotion"},{"floor":44,"key":"Block Potion"},{"floor":45,"key":"SpeedPotion"}],"is_trial":false,"path_per_floor":["M","M","M","?","M","R","M","R","T","$","M","T","R","E","R","B",null,"M","?","M","PTL","PTL","PTL","$","M","R","E","R","T","R","M","R","M","M","R","B",null,"M","$","?","M","M","R","M","?","T","R","$","R","M","?","R","B",null],"character_chosen":"IRONCLAD","items_purchased":["champ:Barbells","Guide Book","HeartOfIron","Toy Ornithopter","King of Hearts"],"campfire_rested":1,"item_purchase_floors":[10,24,39,48,48],"current_hp_per_floor":[80,80,78,78,79,79,81,81,81,81,76,76,76,72,72,72,88,82,82,73,73,73,73,73,73,73,67,67,67,67,71,71,77,67,67,63,96,92,92,92,77,70,70,55,61,61,61,61,61,82,82,98,80],"gold":0,"neow_bonus":"ONE_RANDOM_RARE_CARD","is_daily":false,"chose_seed":false,"campfire_upgraded":12,"win_rate":0.0,"timestamp":1613611949,"path_taken":["M","?","M","?","M","R","M","R","T","$","M","?","R","E","R","BOSS","M","?","M","PTL","PTL","PTL","?","M","R","E","R","T","R","M","R","M","M","R","BOSS","M","$","?","?","?","R","M","?","T","R","$","R","M","?","R","BOSS"],"items_purchased_type":["Relic","Relic","Potion","Relic","Relic"],"build_version":"2020-12-22","purchased_purges":0,"victory":true,"max_hp_per_floor":[80,80,80,80,80,80,84,84,84,84,86,86,86,84,84,88,88,88,88,90,90,90,90,90,94,94,94,94,94,94,96,96,96,96,96,96,96,96,96,96,100,102,102,102,102,102,102,100,100,100,98,98,98],"card_choices":[{"not_picked":["Dual Wield","Carnage"],"picked":"ReplayReversal","floor":1.0},{"not_picked":["Dropkick","Rampage"],"picked":"Shrug It Off","floor":2.0},{"not_picked":["Evolve","Havoc"],"picked":"Twin Strike","floor":3.0},{"not_picked":["Run Through","Perfected Strike"],"picked":"Feed","floor":5.0},{"not_picked":["Anger","Flex","ReplayTheSpireMod:Strike From Hell"],"picked":"SKIP","floor":7.0},{"not_picked":["Flex","Rage"],"picked":"Searing Blow","floor":11.0},{"not_picked":["Heavy Blade","Perfected Strike"],"picked":"Shrug It Off","floor":14.0},{"not_picked":["Feed","Berserk"],"picked":"Exhume","floor":16.0},{"not_picked":["Armaments","Rage"],"picked":"Clothesline+1","floor":18.0},{"not_picked":["Metallicize+1","Wild Strike"],"picked":"Replay:Undeath\u0027s Touch","floor":20.0},{"not_picked":["Twin Strike","Sword Boomerang"],"picked":"Anger","floor":25},{"not_picked":["Sentinel","True Grit+1"],"picked":"Offering","floor":27},{"not_picked":["Wild Strike","Flex+1","Sword Boomerang+1"],"picked":"SKIP","floor":31},{"not_picked":["Body Slam","Clothesline"],"picked":"Spot Weakness","floor":33},{"not_picked":["Cleave","Blood for Blood","Massacre+1"],"picked":"SKIP","floor":34},{"not_picked":["Hemogenesis","Exhume"],"picked":"Demon Form","floor":36},{"not_picked":["Feel No Pain+1","Heavy Blade+1"],"picked":"Shrug It Off+1","floor":38},{"not_picked":["Panache","Enlightenment"],"picked":"Madness","floor":40},{"not_picked":["Armaments+1","Havoc","Twin Strike+1"],"picked":"SKIP","floor":41},{"not_picked":["Anger","Rampage+1","Pommel Strike+1"],"picked":"SKIP","floor":42},{"not_picked":["Fire Breathing","Dual Wield+1"],"picked":"ReplayTheSpireMod:Muscle Training+1","floor":44},{"not_picked":["ReplayTheSpireMod:Muscle Training","Wild Strike+1"],"picked":"Pummel+1","floor":50}],"player_experience":639308,"relics_obtained":[{"floor":4.0,"key":"Ring of Searing"},{"floor":4.0,"key":"ReplayTheSpireMod:Ring of Addiction"},{"floor":4.0,"key":"Chameleon Ring"},{"floor":4.0,"key":"White Beast Statue"},{"floor":9.0,"key":"Anchor"},{"floor":12.0,"key":"Vajra"},{"floor":14.0,"key":"ReplayTheSpireMod:Spearhead"},{"floor":27,"key":"reliquary:JackalopeAntler"},{"floor":29,"key":"Mercury Hourglass"},{"floor":45,"key":"Dead Branch"},{"floor":46,"key":"Akabeko"}],"event_choices":[{"damage_healed":0.0,"max_hp_gain":0.0,"max_hp_loss":0.0,"gold_gain":0.0,"event_name":"Lab","player_choice":"Got Potions","floor":19.0,"gold_loss":0.0,"damage_taken":0.0},{"damage_healed":0,"gold_gain":0,"player_choice":"Random: Blue","damage_taken":0,"max_hp_gain":0,"max_hp_loss":0,"event_name":"betterThird:BetterPortal","floor":40,"gold_loss":0},{"damage_healed":0,"gold_gain":0,"player_choice":"Memory 1","damage_taken":0,"max_hp_gain":0,"max_hp_loss":0,"event_name":"SensoryStone","floor":40,"gold_loss":0},{"damage_healed":0,"gold_gain":0,"player_choice":"Fight","damage_taken":0,"max_hp_gain":0,"max_hp_loss":0,"event_name":"MindBloom","floor":45,"gold_loss":0},{"damage_healed":0,"gold_gain":0,"player_choice":"Paid","damage_taken":0,"relics_obtained":["Red Mask"],"max_hp_gain":0,"max_hp_loss":0,"event_name":"Tomb of Lord Red Mask","floor":51,"gold_loss":25}],"is_beta":false,"boss_relics":[{"not_picked":["Snecko Eye","bronze:MakeshiftBattery"],"picked":"Ring of Chaos"},{"not_picked":["reliquary:Craggleroot","Replay:Ancient Bell"],"picked":"Runic Cube"}],"items_purged_floors":[],"is_endless":false,"potions_floor_spawned":[1,3,5,7,11,14,16,18,20,25,27,31,33,34,36,38,41,42,44,45,50],"ascension_level":0}}