{"host":"19r1ww88x2tc73i0","time":1613670948,"event":{"mods":["BaseMod","BetterRewards","Colored Map","Minty Spire (QoL Compilation)","Relic Stats","StSLib","SuperFastMode","slay the spire mod where everything is the same but ironclad has a cowboy hat"],"gold_per_floor":[113,113,113,113,131,131,141,175,226,71,71,96,108,142,142,217,217,235,235,249,264,106,132,132,157,157,169,202,230,243,158,158,232,232,247,263,288,25,74,74,88,107,107,119,153,28,28,48,48,48,48,48],"floor_reached":51,"language":"ENG","playtime":1399,"items_purged":["Defend_R","Defend_R","Strike_R"],"score":1610,"play_id":"1e298165-8475-45ff-8624-2720f89a1541","local_time":"25640219005548","is_ascension_mode":true,"campfire_choices":[{"data":"Uppercut","floor":6,"key":"SMITH"},{"data":"Clash","floor":11,"key":"SMITH"},{"data":"Flex","floor":15,"key":"SMITH"},{"data":"RitualDagger","floor":24,"key":"SMITH"},{"data":"Offering","floor":32,"key":"SMITH"},{"data":"Brutality","floor":40,"key":"SMITH"},{"data":"Inflame","floor":49,"key":"SMITH"}],"circlet_count":0,"master_deck":["AscendersBane","Strike_R+1","Strike_R","Strike_R+1","Strike_R","Defend_R","Defend_R+1","Bash+1","Evolve","Cleave+1","Uppercut+1","Dropkick","Shrug It Off+1","Clash+1","Intimidate","Flex+1","Seeing Red","Reaper","RitualDagger+1","Shockwave+1","Pommel Strike","Offering+1","Brutality+1","Headbutt+1","Pommel Strike+1","Battle Trance","Ghostly Armor","Inflame+1","Flash of Steel"],"relics":["Burning Blood","Bag of Marbles","Akabeko","PreservedInsect","Orichalcum","War Paint","Paper Frog","Boot","Black Star","Brimstone","Regal Pillow","Toy Ornithopter","Whetstone","Mummified Hand","Ginger","Oddly Smooth Stone","Sundial","Red Mask","FossilizedHelix","Coffee Dripper","Du-Vu Doll","Eternal Feather","Bird Faced Urn","Bottled Tornado","Gremlin Horn","Torii"],"acts_visited":["Exordium","TheCity","TheBeyond"],"potions_floor_usage":[21,23,23,33,33,39],"damage_taken":[{"damage":2,"enemies":"Jaw Worm","floor":1,"turns":3},{"damage":0,"enemies":"2 Louse","floor":5,"turns":1},{"damage":0,"enemies":"Cultist","floor":7,"turns":2},{"damage":15,"enemies":"3 Sentries","floor":8,"turns":5},{"damage":9,"enemies":"Lagavulin","floor":12,"turns":3},{"damage":0,"enemies":"Exordium Thugs","floor":13,"turns":1},{"damage":0,"enemies":"Gremlin Nob","floor":14,"turns":2},{"damage":32,"enemies":"The Guardian","floor":16,"turns":7},{"damage":18,"enemies":"Shell Parasite","floor":18,"turns":3},{"damage":0,"enemies":"2 Thieves","floor":20,"turns":1},{"damage":18,"enemies":"Centurion and Healer","floor":21,"turns":5},{"damage":3,"enemies":"Book of Stabbing","floor":23,"turns":2},{"damage":1,"enemies":"Slavers","floor":25,"turns":3},{"damage":13,"enemies":"Snake Plant","floor":27,"turns":3},{"damage":13,"enemies":"Book of Stabbing","floor":28,"turns":3},{"damage":8,"enemies":"Masked Bandits","floor":29,"turns":3},{"damage":6,"enemies":"Snecko","floor":30,"turns":2},{"damage":68,"enemies":"Automaton","floor":33,"turns":8},{"damage":0,"enemies":"Orb Walker","floor":35,"turns":1},{"damage":0,"enemies":"3 Shapes","floor":36,"turns":2},{"damage":0,"enemies":"Mind Bloom Boss Battle","floor":37,"turns":2},{"damage":19,"enemies":"2 Orb Walkers","floor":39,"turns":3},{"damage":6,"enemies":"3 Darklings","floor":41,"turns":2},{"damage":7,"enemies":"Maw","floor":42,"turns":3},{"damage":47,"enemies":"4 Shapes","floor":44,"turns":4},{"damage":1,"enemies":"Giant Head","floor":45,"turns":2},{"damage":7,"enemies":"Writhing Mass","floor":48,"turns":2},{"damage":22,"enemies":"Donu and Deca","floor":50,"turns":4},{"damage":0,"enemies":"Awakened One","floor":51,"turns":1}],"seed_played":"1601958082215225804","potions_obtained":[{"floor":1,"key":"Strength Potion"},{"floor":8,"key":"GamblersBrew"},{"floor":14,"key":"Dexterity Potion"},{"floor":20,"key":"Fruit Juice"},{"floor":21,"key":"SneckoOil"},{"floor":23,"key":"LiquidMemories"},{"floor":28,"key":"SteroidPotion"},{"floor":37,"key":"SkillPotion"},{"floor":41,"key":"PowerPotion"},{"floor":45,"key":"Dexterity Potion"}],"is_trial":false,"path_per_floor":["M","?","$","?","M","R","M","E","T","$","R","E","M","E","R","B",null,"M","?","M","M","$","E","R","E","T","M","E","?","M","?","R","B",null,"M","M","?","$","?","R","M","M","T","M","E","$","?","M","R","B","B"],"character_chosen":"IRONCLAD","items_purchased":["Bag of Marbles","Akabeko","PreservedInsect","Evolve","Clash","Brimstone","Eternal Feather"],"campfire_rested":0,"item_purchase_floors":[0,0,0,0,10,22,38],"current_hp_per_floor":[72,72,72,72,75,75,75,66,66,66,66,63,69,75,75,49,69,58,52,75,68,68,71,71,76,76,69,62,60,60,60,60,39,70,76,80,80,80,67,80,80,80,80,71,80,80,80,80,80,80,80,80],"gold":48,"neow_bonus":"","is_daily":false,"chose_seed":false,"campfire_upgraded":7,"win_rate":0.0,"timestamp":1613670948,"path_taken":["M","?","$","?","M","R","?","E","T","$","R","E","M","E","R","BOSS","M","?","M","M","$","E","R","E","T","M","E","?","M","?","R","BOSS","M","M","?","$","?","R","M","M","T","M","E","$","?","M","R","BOSS","BOSS"],"items_purchased_type":["Relic","Relic","Relic","Card","Card","Relic","Relic"],"build_version":"2020-12-22","purchased_purges":3,"victory":false,"max_hp_per_floor":[75,75,75,75,75,75,75,75,75,75,75,75,75,75,75,75,75,75,75,75,80,80,80,80,80,80,80,80,80,80,80,80,80,80,80,80,80,80,80,80,80,80,80,80,80,80,80,80,80,80,80,80],"relic_stats":{"Regal Pillow":0,"Gremlin Horn":[1,1],"Torii":2,"counters":[29,83],"Eternal Feather":13,"PreservedInsect":350,"Whetstone":["Strike_R","Strike_R"],"Ginger":[10],"Orichalcum":[174],"War Paint":["Shrug It Off","Defend_R"],"Boot":[0],"Burning Blood":130,"Mummified Hand":[18],"Sundial":[2],"Bird Faced Urn":[12],"Black Star":4,"obtain_stats":[{"Regal Pillow":23,"Gremlin Horn":45,"Torii":45,"Whetstone":25,"Ginger":26,"Bottled Tornado":43,"Boot":14,"Burning Blood":0,"Mummified Hand":25,"Sundial":28,"Red Mask":29,"Paper Frog":12,"Oddly Smooth Stone":28,"Eternal Feather":38,"PreservedInsect":0,"Orichalcum":8,"War Paint":9,"Akabeko":0,"Du-Vu Doll":37,"Brimstone":22,"Bird Faced Urn":39,"Bag of Marbles":0,"Black Star":17,"Coffee Dripper":34,"Toy Ornithopter":23,"FossilizedHelix":31},{"Regal Pillow":12,"Gremlin Horn":26,"Torii":26,"Whetstone":13,"Ginger":13,"Bottled Tornado":24,"Boot":7,"Burning Blood":0,"Mummified Hand":13,"Sundial":15,"Red Mask":16,"Paper Frog":5,"Oddly Smooth Stone":15,"Eternal Feather":21,"PreservedInsect":0,"Orichalcum":4,"War Paint":4,"Akabeko":0,"Du-Vu Doll":21,"Brimstone":11,"Bird Faced Urn":22,"Bag of Marbles":0,"Black Star":8,"Coffee Dripper":18,"Toy Ornithopter":12,"FossilizedHelix":17},{"Regal Pillow":35,"Gremlin Horn":76,"Torii":76,"Whetstone":38,"Ginger":38,"Bottled Tornado":70,"Boot":17,"Burning Blood":0,"Mummified Hand":38,"Sundial":44,"Red Mask":47,"Paper Frog":14,"Oddly Smooth Stone":44,"Eternal Feather":62,"PreservedInsect":0,"Orichalcum":11,"War Paint":11,"Akabeko":0,"Du-Vu Doll":62,"Brimstone":33,"Bird Faced Urn":65,"Bag of Marbles":0,"Black Star":24,"Coffee Dripper":57,"Toy Ornithopter":35,"FossilizedHelix":49}],"Toy Ornithopter":10},"card_choices":[{"not_picked":["Entrench","Rage"],"picked":"Cleave","floor":1},{"not_picked":["Clothesline","Armaments"],"picked":"Uppercut","floor":5},{"not_picked":["Warcry","Iron Wave"],"picked":"Dropkick","floor":7},{"not_picked":["Fire Breathing","Infernal Blade"],"picked":"Shrug It Off","floor":8},{"not_picked":["Iron Wave","Heavy Blade"],"picked":"Intimidate","floor":12},{"not_picked":["Bludgeon","Headbutt"],"picked":"Flex","floor":13},{"not_picked":["Flex","Clothesline"],"picked":"Seeing Red","floor":14},{"not_picked":["Feed","Bludgeon"],"picked":"Reaper","floor":16},{"not_picked":["True Grit","Pummel","Armaments"],"picked":"SKIP","floor":18},{"not_picked":["Clash","Uppercut+1"],"picked":"Shockwave+1","floor":20},{"not_picked":["Sword Boomerang","Uppercut+1","Armaments"],"picked":"SKIP","floor":21},{"not_picked":["Pommel Strike","Fire Breathing","Warcry"],"picked":"SKIP","floor":23},{"not_picked":["Bloodletting","Barricade","Wild Strike"],"picked":"SKIP","floor":25},{"not_picked":["Combust","Clothesline"],"picked":"Pommel Strike","floor":27},{"not_picked":["Anger","Warcry","Sword Boomerang"],"picked":"SKIP","floor":28},{"not_picked":["Shrug It Off","Shockwave"],"picked":"Offering","floor":29},{"not_picked":["Wild Strike+1","Searing Blow","Shockwave"],"picked":"SKIP","floor":30},{"not_picked":["Wild Strike+1","Searing Blow","Shockwave"],"picked":"SKIP","floor":30},{"not_picked":["Berserk","Feed"],"picked":"Brutality","floor":33},{"not_picked":["Havoc+1","Anger+1","Thunderclap"],"picked":"SKIP","floor":35},{"not_picked":["Perfected Strike+1","Anger+1"],"picked":"Headbutt+1","floor":36},{"not_picked":["Intimidate","Warcry"],"picked":"Pommel Strike+1","floor":37},{"not_picked":["Blood for Blood","Anger+1"],"picked":"Battle Trance","floor":41},{"not_picked":["Burning Pact","Headbutt"],"picked":"Ghostly Armor","floor":42},{"not_picked":["Twin Strike","Flame Barrier"],"picked":"Inflame","floor":44},{"not_picked":["Warcry","Body Slam","Battle Trance"],"picked":"SKIP","floor":45},{"not_picked":["Jack Of All Trades","Trip"],"picked":"Flash of Steel","floor":47},{"not_picked":["Havoc","Spot Weakness","Sword Boomerang"],"picked":"SKIP","floor":48}],"player_experience":1126380,"relics_obtained":[{"floor":8,"key":"Orichalcum"},{"floor":9,"key":"War Paint"},{"floor":12,"key":"Paper Frog"},{"floor":14,"key":"Boot"},{"floor":23,"key":"Regal Pillow"},{"floor":23,"key":"Toy Ornithopter"},{"floor":25,"key":"Whetstone"},{"floor":25,"key":"Mummified Hand"},{"floor":26,"key":"Ginger"},{"floor":28,"key":"Oddly Smooth Stone"},{"floor":28,"key":"Sundial"},{"floor":29,"key":"Red Mask"},{"floor":37,"key":"Du-Vu Doll"},{"floor":39,"key":"Bird Faced Urn"},{"floor":43,"key":"Bottled Tornado"},{"floor":45,"key":"Gremlin Horn"},{"floor":45,"key":"Torii"}],"event_choices":[{"damage_healed":0,"gold_gain":0,"player_choice":"Grow","damage_taken":0,"max_hp_gain":0,"max_hp_loss":0,"event_name":"Living Wall","floor":2,"gold_loss":0,"cards_upgraded":["Cleave"]},{"damage_healed":0,"gold_gain":0,"player_choice":"Upgraded","damage_taken":0,"max_hp_gain":0,"max_hp_loss":0,"event_name":"Upgrade Shrine","floor":4,"gold_loss":0,"cards_upgraded":["Bash"]},{"damage_healed":0,"gold_gain":0,"player_choice":"Joined the Cult","damage_taken":6,"max_hp_gain":0,"max_hp_loss":0,"event_name":"Nest","floor":19,"gold_loss":0,"cards_obtained":["RitualDagger"]},{"damage_healed":0,"gold_gain":0,"player_choice":"Fought Bandits","damage_taken":0,"max_hp_gain":0,"max_hp_loss":0,"event_name":"Masked Bandits","floor":29,"gold_loss":0},{"damage_healed":0,"gold_gain":0,"player_choice":"Obtained Relic","damage_taken":0,"relics_obtained":["FossilizedHelix"],"max_hp_gain":0,"max_hp_loss":0,"event_name":"Addict","floor":31,"gold_loss":85},{"damage_healed":0,"gold_gain":0,"player_choice":"Fight","damage_taken":0,"max_hp_gain":0,"max_hp_loss":0,"event_name":"MindBloom","floor":37,"gold_loss":0},{"damage_healed":0,"gold_gain":0,"player_choice":"Fight","damage_taken":0,"max_hp_gain":0,"max_hp_loss":0,"event_name":"Mysterious Sphere","floor":39,"gold_loss":0},{"damage_healed":0,"gold_gain":0,"player_choice":"Memory 1","damage_taken":0,"max_hp_gain":0,"max_hp_loss":0,"event_name":"SensoryStone","floor":47,"gold_loss":0}],"is_beta":false,"boss_relics":[{"not_picked":["Busted Crown","Sozu"],"picked":"Black Star"},{"not_picked":["Fusion Hammer","Runic Pyramid"],"picked":"Coffee Dripper"}],"items_purged_floors":[0,10,46],"is_endless":false,"potions_floor_spawned":[1,8,13,14,20,21,23,28,37,41,45,48],"killed_by":"Awakened One","ascension_level":20}}