{"host":"xp27heuvanyklt0b","time":1613652313,"event":{"mods":["100% Spire Juice","BaseMod","CapriCore","Koishi","Lobotomy","Minty Spire (QoL Compilation)","StSLib","The Immortal"],"gold_per_floor":[118,134,153,253,233,233,259,259,259,259,277,277,293,319,319,420,420,433,447,447,466,44,75,88,108,155,174,27,54,54,108,108,213,213,230,230,240,240,290,322,322,322,322,322,322,322,338,348,348,348,348],"floor_reached":50,"language":"KOR","playtime":3807,"items_purged":[],"score":627,"play_id":"a8355d91-54bd-4b20-995a-c2a5ca5e15f0","local_time":"20210218214513","is_ascension_mode":true,"campfire_choices":[{"data":"Capacitor","floor":6,"key":"SMITH"},{"data":"Reinforced Body","floor":10,"key":"SMITH"},{"data":"Buffer","floor":12,"key":"SMITH"},{"data":"Loop","floor":15,"key":"SMITH"},{"floor":30,"key":"REST"},{"data":"Aggregate","floor":32,"key":"SMITH"},{"data":"Rainbow","floor":41,"key":"SMITH"},{"floor":44,"key":"RECALL"},{"data":"Double Energy","floor":46,"key":"SMITH"},{"data":"Stack","floor":49,"key":"SMITH"}],"circlet_count":0,"master_deck":["Defend_B","Defend_B","Defend_B","Zap+1","Dualcast","Ball Lightning","Barrage","Reinforced Body+1","Capacitor+1","Cold Snap","Buffer+1","Cold Snap","Loop+1","Coolheaded","Thunder Strike","Beam Cell+1","Redo+1","Self Repair+1","Chaos","Stack+1","Rainbow+1","Electrodynamics+1","Darkness","Turbo","Aggregate+1","Reboot","CurseOfTheBell","White Noise+1","Cold Snap+1","Double Energy+1","Metamorphosis","Steam Power","Steam Power+1"],"relics":["Cracked Core","Potion Belt","Meat on the Bone","Astrolabe","Frozen Egg 2","Bag of Preparation","Oddly Smooth Stone","Medical Kit","Toy Ornithopter","Regal Pillow","Calling Bell","MealTicket","Ornamental Fan","Lizard Tail","Du-Vu Doll","Art of War","Smiling Mask"],"acts_visited":["Exordium","TheCity","TheBeyond"],"potions_floor_usage":[19,23,24,29,33,50],"damage_taken":[{"damage":1,"enemies":"Cultist","floor":1,"turns":3},{"damage":0,"enemies":"Small Slimes","floor":2,"turns":3},{"damage":6,"enemies":"Jaw Worm","floor":3,"turns":2},{"damage":9,"enemies":"Exordium Thugs","floor":5,"turns":4},{"damage":24,"enemies":"3 Sentries","floor":7,"turns":7},{"damage":8,"enemies":"Exordium Wildlife","floor":11,"turns":4},{"damage":0,"enemies":"3 Louse","floor":13,"turns":3},{"damage":0,"enemies":"Lagavulin","floor":14,"turns":5},{"damage":0,"enemies":"Slime Boss","floor":16,"turns":10},{"damage":7,"enemies":"Chosen","floor":18,"turns":5},{"damage":6,"enemies":"Shell Parasite","floor":19,"turns":4},{"damage":33,"enemies":"Snake Plant","floor":21,"turns":5},{"damage":37,"enemies":"Book of Stabbing","floor":23,"turns":7},{"damage":13,"enemies":"Shelled Parasite and Fungi","floor":24,"turns":5},{"damage":10,"enemies":"Cultist and Chosen","floor":25,"turns":3},{"damage":6,"enemies":"Sentry and Sphere","floor":27,"turns":5},{"damage":51,"enemies":"Slavers","floor":29,"turns":5},{"damage":46,"enemies":"Collector","floor":33,"turns":11},{"damage":1,"enemies":"3 Shapes","floor":35,"turns":3},{"damage":0,"enemies":"Orb Walker","floor":37,"turns":4},{"damage":0,"enemies":"Mind Bloom Boss Battle","floor":39,"turns":8},{"damage":24,"enemies":"Reptomancer","floor":40,"turns":7},{"damage":42,"enemies":"Jaw Worm Horde","floor":47,"turns":6},{"damage":13,"enemies":"3 Darklings","floor":48,"turns":4},{"damage":99,"enemies":"Awakened One","floor":50,"turns":15}],"seed_played":"-93214090742876620","potions_obtained":[{"floor":7,"key":"Energy Potion"},{"floor":11,"key":"AttackPotion"},{"floor":14,"key":"SpeedPotion"},{"floor":16,"key":"Ancient Potion"},{"floor":18,"key":"FearPotion"},{"floor":19,"key":"FocusPotion"},{"floor":23,"key":"Energy Potion"},{"floor":25,"key":"PowerPotion"},{"floor":29,"key":"Ancient Potion"},{"floor":48,"key":"EssenceOfSteel"}],"is_trial":false,"path_per_floor":["M","M","M","?","M","R","E","?","T","R","M","R","M","E","R","B",null,"M","M","?","M","$","E","M","M","T","M","$","E","R","T","R","B",null,"M","?","M","?","?","E","R","?","T","R","?","R","M","M","R","B"],"character_chosen":"DEFECT","items_purchased":["Frozen Egg 2","Rainbow","Medical Kit"],"campfire_rested":1,"item_purchase_floors":[22,22,28],"current_hp_per_floor":[74,74,68,68,59,59,35,35,35,35,27,27,27,27,27,39,75,75,75,75,52,52,37,46,48,48,52,52,23,45,45,45,16,75,75,75,75,75,75,61,61,61,61,61,61,61,41,50,50,0,0],"gold":348,"neow_bonus":"UPGRADE_CARD","is_daily":false,"chose_seed":false,"campfire_upgraded":8,"win_rate":0.0,"timestamp":1613652313,"path_taken":["M","M","M","?","?","R","E","?","T","R","M","R","M","E","R","BOSS","M","?","?","M","$","E","M","M","T","?","$","E","R","?","R","BOSS","M","?","M","?","?","E","R","?","T","R","?","R","?","M","R","BOSS"],"items_purchased_type":["Relic","Card","Relic"],"build_version":"2020-12-22","purchased_purges":0,"victory":false,"max_hp_per_floor":[75,75,75,75,75,75,75,75,75,75,75,75,75,75,75,75,75,75,75,75,75,75,75,75,75,75,75,75,75,75,75,75,75,75,75,75,75,75,75,75,75,75,75,75,75,75,75,75,75,75,75],"card_choices":[{"not_picked":["Steam","Rebound"],"picked":"Ball Lightning","floor":1},{"not_picked":["Scrape","Heatsinks"],"picked":"Barrage","floor":2},{"not_picked":["Leap","Force Field"],"picked":"Reinforced Body","floor":3},{"not_picked":["Scrape","Go for the Eyes"],"picked":"Capacitor","floor":5},{"not_picked":["Leap","Turbo"],"picked":"Cold Snap","floor":7},{"not_picked":["Conserve Battery","Blizzard"],"picked":"Cold Snap","floor":11},{"not_picked":["Go for the Eyes","Conserve Battery"],"picked":"Loop","floor":13},{"not_picked":["Streamline","Conserve Battery"],"picked":"Coolheaded","floor":14},{"not_picked":["All For One","Reboot"],"picked":"Thunder Strike","floor":16},{"not_picked":["Coolheaded","Turbo"],"picked":"Chaos","floor":18},{"not_picked":["Rebound","Turbo","Reprogram+1"],"picked":"SKIP","floor":19},{"not_picked":["Streamline","Redo+1"],"picked":"Stack","floor":21},{"not_picked":["Gash","Ball Lightning"],"picked":"Electrodynamics+1","floor":23},{"not_picked":["Sweeping Beam","Beam Cell","Gash"],"picked":"SKIP","floor":24},{"not_picked":["Coolheaded","Go for the Eyes"],"picked":"Darkness","floor":25},{"not_picked":["Coolheaded","Darkness"],"picked":"Turbo","floor":27},{"not_picked":["Consume","Ball Lightning"],"picked":"Aggregate","floor":29},{"not_picked":["Buffer+1","Echo Form+1"],"picked":"Reboot","floor":33},{"not_picked":["Self Repair+1","Beam Cell"],"picked":"White Noise+1","floor":35},{"not_picked":["Skim","Stack+1"],"picked":"Cold Snap+1","floor":37},{"not_picked":["Hello World+1","Turbo"],"picked":"Double Energy","floor":39},{"not_picked":["Steam Power+1","Redo","Go for the Eyes+1"],"picked":"SKIP","floor":40},{"not_picked":["Impatience","Dramatic Entrance"],"picked":"Metamorphosis","floor":42},{"not_picked":["Streamline","Hello World+1"],"picked":"Steam Power","floor":47},{"not_picked":["Genetic Algorithm+1","Coolheaded+1"],"picked":"Steam Power+1","floor":48}],"player_experience":335879,"relics_obtained":[{"floor":7,"key":"Potion Belt"},{"floor":14,"key":"Meat on the Bone"},{"floor":23,"key":"Bag of Preparation"},{"floor":26,"key":"Oddly Smooth Stone"},{"floor":29,"key":"Toy Ornithopter"},{"floor":31,"key":"Regal Pillow"},{"floor":34,"key":"MealTicket"},{"floor":34,"key":"Ornamental Fan"},{"floor":34,"key":"Lizard Tail"},{"floor":39,"key":"Du-Vu Doll"},{"floor":40,"key":"Art of War"},{"floor":43,"key":"Smiling Mask"}],"event_choices":[{"damage_healed":0,"gold_gain":100,"player_choice":"Pray","damage_taken":0,"max_hp_gain":0,"max_hp_loss":0,"event_name":"Golden Shrine","floor":4,"gold_loss":0},{"damage_healed":0,"gold_gain":0,"cards_transformed":["Strike_B"],"player_choice":"Transformed","damage_taken":0,"max_hp_gain":0,"max_hp_loss":0,"event_name":"Transmorgrifier","floor":8,"gold_loss":0,"cards_obtained":["Buffer"]},{"damage_healed":0,"gold_gain":0,"player_choice":"Ignored","damage_taken":0,"max_hp_gain":0,"max_hp_loss":0,"event_name":"Purifier","floor":20,"gold_loss":0},{"cards_removed":["Defend_B"],"damage_healed":0,"gold_gain":0,"player_choice":"Removed Skill","damage_taken":0,"max_hp_gain":0,"max_hp_loss":0,"event_name":"Falling","floor":36,"gold_loss":0},{"damage_healed":0,"gold_gain":0,"player_choice":"Ignored","damage_taken":0,"max_hp_gain":0,"max_hp_loss":0,"event_name":"Mysterious Sphere","floor":38,"gold_loss":0},{"damage_healed":0,"gold_gain":0,"player_choice":"Fight","damage_taken":0,"max_hp_gain":0,"max_hp_loss":0,"event_name":"MindBloom","floor":39,"gold_loss":0},{"damage_healed":0,"gold_gain":0,"player_choice":"Memory 1","damage_taken":0,"max_hp_gain":0,"max_hp_loss":0,"event_name":"SensoryStone","floor":42,"gold_loss":0},{"damage_healed":0,"gold_gain":0,"player_choice":"Ignored","damage_taken":0,"max_hp_gain":0,"max_hp_loss":0,"event_name":"Tomb of Lord Red Mask","floor":45,"gold_loss":0}],"is_beta":false,"boss_relics":[{"not_picked":["Pandora\u0027s Box","SlaversCollar"],"picked":"Astrolabe"},{"not_picked":["FrozenCore","Black Star"],"picked":"Calling Bell"}],"items_purged_floors":[],"is_endless":false,"potions_floor_spawned":[7,11,14,16,18,19,23,25,29,48],"killed_by":"Awakened One","ascension_level":1}}