{"host":"w97dq1whmpm6b2tc","time":1613630301,"event":{"mods":["BaseMod","Challenge The Spire","Downfall","Minty Spire (QoL Compilation)","StSLib"],"gold_per_floor":[99,99,99,99,119,149,149,161,196,30,30,50,69,84,101,101,101,101],"floor_reached":16,"language":"ENG","playtime":1307,"items_purged":["Guardian:Strike_Guardian"],"score":118,"play_id":"76361749-2d69-430e-8c45-62bfd209e4a0","local_time":"20210218083821","is_ascension_mode":true,"campfire_choices":[{"floor":1,"key":"RECALL"},{"data":"Guardian:TimeCapacitor","floor":11,"key":"SMITH"}],"circlet_count":0,"master_deck":["Guardian:Strike_Guardian","Guardian:Strike_Guardian","Guardian:Strike_Guardian","Guardian:Defend_Guardian","Guardian:Defend_Guardian","Guardian:Defend_Guardian","Guardian:Defend_Guardian","Guardian:CurlUp","Guardian:TwinSlam","Guardian:Incinerate","Guardian:Recover","Guardian:Planning","Guardian:ShieldCharger","Guardian:ExploitGems","Guardian:TimeCapacitor+1","Guardian:Suspension","Guardian:Gem_Purple"],"relics":["Guardian:ModeShifter","downfall:HeartsMalice","Toy Ornithopter","hexamod:CandleOfCauterizing","Happy Flower"],"acts_visited":["Exordium"],"potions_floor_usage":[14,15,16],"damage_taken":[{"damage":0,"enemies":"Cultist","floor":2,"turns":1},{"damage":0,"enemies":"Jaw Worm","floor":3,"turns":1},{"damage":0,"enemies":"2 Louse","floor":4,"turns":1},{"damage":3,"enemies":"2 Fungi Beasts","floor":5,"turns":4},{"damage":27,"enemies":"Gremlin Nob","floor":6,"turns":6},{"damage":11,"enemies":"Large Slime","floor":8,"turns":7},{"damage":17,"enemies":"3 Sentries","floor":9,"turns":10},{"damage":0,"enemies":"downfall:FleeingMerchant","floor":10,"turns":4},{"damage":0,"enemies":"Exordium Wildlife","floor":12,"turns":4},{"damage":2,"enemies":"Blue Slaver","floor":13,"turns":4},{"damage":0,"enemies":"Lots of Slimes","floor":14,"turns":1},{"damage":0,"enemies":"Large Slime","floor":15,"turns":7},{"damage":77,"enemies":"WA_ARCHETYPE_RETAIN","floor":16,"turns":16}],"seed_played":"-7450358935808665233","potions_obtained":[{"floor":8,"key":"ColorlessPotion"},{"floor":9,"key":"Fire Potion"},{"floor":12,"key":"SpeedPotion"},{"floor":13,"key":"AttackPotion"},{"floor":15,"key":"FairyPotion"}],"is_trial":false,"path_per_floor":["R","M","M","M","M","E","T","M","E","$","R","M","M","M","M","B"],"character_chosen":"GUARDIAN","items_purchased":["Guardian:TimeCapacitor"],"campfire_rested":0,"item_purchase_floors":[10],"current_hp_per_floor":[80,80,80,80,77,50,50,39,22,22,22,22,20,25,30,0,0,0],"gold":101,"neow_bonus":"THREE_ENEMY_KILL","is_daily":false,"chose_seed":false,"campfire_upgraded":1,"win_rate":0.0,"timestamp":1613630301,"path_taken":["R","M","M","M","M","E","T","M","E","?","R","?","?","M","M","BOSS"],"items_purchased_type":["Card"],"build_version":"2020-12-22","purchased_purges":1,"victory":false,"max_hp_per_floor":[80,80,80,80,80,80,80,80,80,80,80,80,80,80,80,80,80,80],"card_choices":[{"not_picked":["Guardian:ChargeUp","Guardian:VentSteam"],"picked":"Guardian:Incinerate","floor":2},{"not_picked":["Guardian:RollAttack","Guardian:TemporalStrike"],"picked":"Guardian:Recover","floor":3},{"not_picked":["Guardian:Gem_Lightblue","Guardian:ShieldSpikes"],"picked":"Guardian:Gem_Orange","floor":4},{"not_picked":["Guardian:DonusPower","Guardian:GuardianWhirl"],"picked":"Guardian:Planning","floor":5},{"not_picked":["Guardian:RollAttack","Guardian:PrimingBeam"],"picked":"Guardian:ShieldCharger","floor":6},{"not_picked":["Guardian:RefractedBeam","Guardian:Planning","Guardian:TemporalShield"],"picked":"SKIP","floor":8},{"not_picked":["Guardian:VentSteam","Guardian:EvasiveProtocol"],"picked":"Guardian:ExploitGems","floor":9},{"not_picked":["Guardian:PrismaticBarrier","Guardian:Recover"],"picked":"Guardian:Gem_Yellow","floor":10},{"not_picked":["Guardian:Gem_Fragmented","Guardian:PrimingBeam","Guardian:VentSteam"],"picked":"SKIP","floor":12},{"not_picked":["Guardian:Gem_Green","Guardian:GuardianWhirl"],"picked":"Guardian:Suspension","floor":13},{"not_picked":["Guardian:CrystalBeam","Guardian:WalkerClaw"],"picked":"Guardian:Gem_Purple","floor":14},{"not_picked":["Guardian:FloatingOrbs","Guardian:Recover","Guardian:Gem_Cyan"],"picked":"SKIP","floor":15}],"player_experience":3761302,"relics_obtained":[{"floor":6,"key":"Toy Ornithopter"},{"floor":7,"key":"hexamod:CandleOfCauterizing"},{"floor":9,"key":"Happy Flower"}],"event_choices":[],"is_beta":false,"boss_relics":[],"items_purged_floors":[10],"is_endless":false,"potions_floor_spawned":[8,9,12,13,15],"killed_by":"WA_ARCHETYPE_RETAIN","ascension_level":1}}