{"host":"v4pe0ixo3k7iwzp0","time":1613688248,"event":{"mods":["100% Spire Juice","BaseMod","Bestiary","Highlight Path","Minty Spire (QoL Compilation)","StSLib","Td1madao Mod","The Senshi"],"gold_per_floor":[111,126,146,42,57,57,85,85,140,173,191,191,191,14,14,115,165,184,195,215,314,47,47,61,61,61,61,14,32,32,48,48,150,150,161,211,114,128,148,176,176,136,136,136,154,164,164,174,174,174],"floor_reached":51,"language":"ENG","playtime":3049,"items_purged":["theSenshi:SailorVenusAssists"],"score":791,"play_id":"2396a0b8-1a6d-4f87-9c6d-d2f5e8259e3b","local_time":"20210218144408","daily_mods":["Draft"],"is_ascension_mode":false,"campfire_choices":[{"data":"theSenshi:MoonPrincessHalation","floor":6.0,"key":"SMITH"},{"floor":8.0,"key":"REST"},{"data":"theSenshi:MoonCrisisMakeUp","floor":12.0,"key":"SMITH"},{"floor":15.0,"key":"REST"},{"data":"theSenshi:InTheNameOfTheMoon","floor":23.0,"key":"SMITH"},{"data":"theSenshi:MoonHealingEscalation","floor":25,"key":"SMITH"},{"data":"theSenshi:MoonCrystalPowerMakeUp","floor":27,"key":"SMITH"},{"floor":32,"key":"REST"},{"floor":41,"key":"REST"},{"data":"theSenshi:InTheNameOfTheMoon","floor":47,"key":"SMITH"},{"floor":49,"key":"REST"}],"circlet_count":0,"master_deck":["theSenshi:MoonCrisisMakeUp+1","theSenshi:Sidestep+1","theSenshi:MoonCrystalPowerMakeUp+1","theSenshi:MoonHealingEscalation+1","theSenshi:LunasBite","theSenshi:MoonPunch","theSenshi:SailorMarsAssists","theSenshi:MoonPunch","theSenshi:MoonKick","theSenshi:TallSilhouette","theSenshi:SailorVenusAssists","theSenshi:SailorMercuryAssists+1","theSenshi:MoonTiaraMagic","theSenshi:UranusStrength+1","theSenshi:RainbowMoonHeartAche","theSenshi:SailorUranusAssists","theSenshi:MoonPrincessHalation+1","theSenshi:VenusGlamour+1","theSenshi:TallSilhouette","theSenshi:MoonTiaraMagic+1","theSenshi:MoonTwilightFlash+1","theSenshi:SailorChibiMoonAssists+1","theSenshi:InTheNameOfTheMoon+1","theSenshi:SailorMercuryAssists+1","theSenshi:MoonPrincessHalation+1","theSenshi:InTheNameOfTheMoon+1","theSenshi:TuxedoMaskAssists+1","theSenshi:CrisisMakeUp+1","theSenshi:SailorMercuryAssists+1","theSenshi:MoonsReflection","theSenshi:SailorMercuryAssists","theSenshi:MoonPrincessHalation+1","theSenshi:Sidestep","theSenshi:MoonPunch+1"],"relics":["theSenshi:TransformationBroochRelic","Molten Egg 2","theSenshi:CutieMoonRodRelic","Pen Nib","Anchor","Tiny House","Lee\u0027s Waffle","War Paint","Philosopher\u0027s Stone","Turnip","theSenshi:SuperSailorFukuRelic","HornCleat"],"acts_visited":["Exordium","TheCity","TheBeyond"],"potions_floor_usage":[29,29,33,40,44,45,50,50,50],"damage_taken":[{"damage":4.0,"enemies":"Small Slimes","floor":1.0,"turns":4.0},{"damage":0.0,"enemies":"2 Louse","floor":2.0,"turns":1.0},{"damage":0.0,"enemies":"Cultist","floor":3.0,"turns":3.0},{"damage":10.0,"enemies":"Large Slime","floor":5.0,"turns":4.0},{"damage":21.0,"enemies":"Lagavulin","floor":7.0,"turns":4.0},{"damage":0.0,"enemies":"Gremlin Nob","floor":10.0,"turns":2.0},{"damage":12.0,"enemies":"2 Fungi Beasts","floor":11.0,"turns":2.0},{"damage":0.0,"enemies":"Slime Boss","floor":16.0,"turns":3.0},{"damage":23.0,"enemies":"3 Byrds","floor":18.0,"turns":5.0},{"damage":0.0,"enemies":"Spheric Guardian","floor":19.0,"turns":2.0},{"damage":12.0,"enemies":"Shelled Parasite and Fungi","floor":20.0,"turns":5.0},{"damage":4,"enemies":"3 Cultists","floor":24,"turns":4},{"damage":20,"enemies":"Sentry and Sphere","floor":29,"turns":4},{"damage":1,"enemies":"Chosen and Byrds","floor":31,"turns":4},{"damage":30,"enemies":"Champ","floor":33,"turns":8},{"damage":17,"enemies":"3 Darklings","floor":35,"turns":4},{"damage":17,"enemies":"Mind Bloom Boss Battle","floor":36,"turns":6},{"damage":5,"enemies":"3 Shapes","floor":38,"turns":2},{"damage":0,"enemies":"Spire Growth","floor":39,"turns":3},{"damage":36,"enemies":"Nemesis","floor":40,"turns":7},{"damage":0,"enemies":"3 Darklings","floor":44,"turns":1},{"damage":0,"enemies":"Maw","floor":45,"turns":5},{"damage":0,"enemies":"Jaw Worm Horde","floor":46,"turns":3},{"damage":0,"enemies":"Spire Growth","floor":48,"turns":4},{"damage":10,"enemies":"Time Eater","floor":50,"turns":7}],"seed_played":"-2592525721384926954","potions_obtained":[{"floor":1.0,"key":"SneckoOil"},{"floor":7.0,"key":"GamblersBrew"},{"floor":17.0,"key":"Strength Potion"},{"floor":18.0,"key":"EssenceOfSteel"},{"floor":35,"key":"SmokeBomb"},{"floor":36,"key":"GamblersBrew"},{"floor":45,"key":"EntropicBrew"}],"is_trial":true,"path_per_floor":["M","M","M","$","M","R","E","R","T","E","M","R","?","$","R","B",null,"M","M","M","?","$","R","M","R","T","R","$","M","?","M","R","B",null,"M","?","$","M","M","E","R","?","T","M","M","M","R","M","R","B",null],"character_chosen":"THE_SENSHI","items_purchased":["theSenshi:VenusGlamour","theSenshi:SailorVenusAssists","Anchor","theSenshi:SailorChibiMoonAssists+1","Lee\u0027s Waffle","Block Potion","theSenshi:MoonPrincessHalation+1","theSenshi:MoonsReflection","theSenshi:SailorMercuryAssists"],"campfire_rested":5,"item_purchase_floors":[4,4,14,14,22,22,28,37,37],"current_hp_per_floor":[75,75,75,75,65,65,44,66,66,66,54,54,54,54,75,75,80,57,57,45,45,87,87,83,83,83,83,83,63,54,63,87,67,87,70,63,63,58,68,42,68,68,68,68,78,78,78,78,87,77],"gold":174,"neow_bonus":"","is_daily":false,"chose_seed":false,"campfire_upgraded":6,"win_rate":0.0,"timestamp":1613688248,"path_taken":["M","M","M","$","M","R","E","R","T","E","M","R","?","$","R","BOSS","M","M","M","?","$","R","M","R","T","R","$","M","?","M","R","BOSS","M","?","$","M","M","E","R","?","T","M","M","?","R","M","R","BOSS"],"items_purchased_type":["Card","Card","Relic","Card","Relic","Potion","Card","Card","Card"],"build_version":"2020-12-22","purchased_purges":1,"victory":true,"max_hp_per_floor":[75,75,75,75,75,75,75,75,75,75,75,75,75,75,75,75,80,80,80,80,80,87,87,87,87,87,87,87,87,87,87,87,87,87,87,87,87,87,87,87,87,87,87,87,87,87,87,87,87,87],"card_choices":[{"not_picked":["theSenshi:SailorMercuryAssists","theSenshi:KlutzyLuck"],"picked":"theSenshi:MoonCrisisMakeUp","floor":0.0},{"not_picked":["theSenshi:NeptunesGrace","theSenshi:SailorChibiMoonAssists"],"picked":"theSenshi:Sidestep","floor":0.0},{"not_picked":["theSenshi:LunasBite","theSenshi:SailorChibiMoonAssists"],"picked":"theSenshi:MoonCrystalPowerMakeUp","floor":0.0},{"not_picked":["theSenshi:EncouragingSpeech","theSenshi:SailorUranusAssists"],"picked":"theSenshi:MoonHealingEscalation","floor":0.0},{"not_picked":["theSenshi:SteeledNerves","theSenshi:LunaWiseMentor"],"picked":"theSenshi:LunasBite","floor":0.0},{"not_picked":["theSenshi:MoonHealingEscalation","theSenshi:MoonPower"],"picked":"theSenshi:MoonPunch","floor":0.0},{"not_picked":["theSenshi:MoonPower","theSenshi:SteeledNerves"],"picked":"theSenshi:SailorMarsAssists","floor":0.0},{"not_picked":["theSenshi:SailorMercuryAssists","theSenshi:MoonPower"],"picked":"theSenshi:MoonPunch","floor":0.0},{"not_picked":["theSenshi:MoonPunch","theSenshi:SchoolBag"],"picked":"theSenshi:MoonKick","floor":0.0},{"not_picked":["theSenshi:SailorPlanetPower","theSenshi:LunasBite"],"picked":"theSenshi:TallSilhouette","floor":0.0},{"not_picked":["theSenshi:TallSilhouette","theSenshi:EncouragingSpeech"],"picked":"theSenshi:SailorVenusAssists","floor":0.0},{"not_picked":["theSenshi:MoonHealingEscalation","theSenshi:LateForSchool"],"picked":"theSenshi:SailorMercuryAssists","floor":0.0},{"not_picked":["theSenshi:Overload","theSenshi:SupersonicWaves"],"picked":"theSenshi:MoonTiaraMagic","floor":0.0},{"not_picked":["theSenshi:LunasBite","theSenshi:NeptunesGrace"],"picked":"theSenshi:UranusStrength","floor":0.0},{"not_picked":["theSenshi:SailorVenusAssists","theSenshi:LunasBite"],"picked":"theSenshi:RainbowMoonHeartAche","floor":0.0},{"not_picked":["theSenshi:MoonCrisisMakeUp","theSenshi:LunaWiseMentor","theSenshi:SchoolBag"],"picked":"SKIP","floor":1.0},{"not_picked":["theSenshi:SailorMercuryAssists","theSenshi:SailorChibiMoonAssists"],"picked":"theSenshi:SailorUranusAssists","floor":2.0},{"not_picked":["theSenshi:SailorStarHealerAssists","theSenshi:Sidestep"],"picked":"theSenshi:MoonPrincessHalation","floor":3.0},{"not_picked":["theSenshi:EncouragingSpeech","theSenshi:TuxedoSmokingBomber"],"picked":"theSenshi:TallSilhouette","floor":5.0},{"not_picked":["theSenshi:StudyParty","theSenshi:TuxedoSmokingBomber+1"],"picked":"theSenshi:MoonTiaraMagic+1","floor":7.0},{"not_picked":["theSenshi:MoonPower+1","theSenshi:MoonlightKnight","theSenshi:SailorStarFighterAssists+1"],"picked":"SKIP","floor":10.0},{"not_picked":["theSenshi:SupersonicWaves+1","theSenshi:SchoolBag"],"picked":"theSenshi:MoonTwilightFlash+1","floor":11.0},{"not_picked":["theSenshi:MoonGorgeousMeditation+1","theSenshi:SailorStarHealerAssists"],"picked":"theSenshi:InTheNameOfTheMoon","floor":16.0},{"not_picked":["theSenshi:VenusGlamour+1","theSenshi:MoonTwilightFlash+1"],"picked":"theSenshi:SailorMercuryAssists","floor":17.0},{"not_picked":["theSenshi:TuxedoSmokingBomber+1","theSenshi:YouCanTalk","theSenshi:MoonTiaraMagic+1"],"picked":"SKIP","floor":18.0},{"not_picked":["theSenshi:SailorPlanetPower+1","theSenshi:SailorVenusAssists+1","theSenshi:SchoolBag"],"picked":"SKIP","floor":19.0},{"not_picked":["theSenshi:MoonPower+1","theSenshi:MoonTiaraMagic+1","theSenshi:UranusStrength+1"],"picked":"SKIP","floor":20.0},{"not_picked":["theSenshi:SailorVenusAssists+1","theSenshi:SailorMarsAssists+1","theSenshi:SailorPlanetPower+1"],"picked":"SKIP","floor":24},{"not_picked":["theSenshi:MoonKick+1","theSenshi:SailorMarsAssists+1"],"picked":"theSenshi:InTheNameOfTheMoon","floor":29},{"not_picked":["theSenshi:SailorMercuryAssists","theSenshi:MoonlightKnight"],"picked":"theSenshi:TuxedoMaskAssists+1","floor":31},{"not_picked":["theSenshi:MoonTiaraMagic+1","theSenshi:MoonSpiralHeartAttack+1"],"picked":"theSenshi:CrisisMakeUp+1","floor":35},{"not_picked":["theSenshi:NeptunesGrace+1","theSenshi:LunasBite+1"],"picked":"theSenshi:SailorMercuryAssists+1","floor":36},{"not_picked":["theSenshi:LateForSchool+1","theSenshi:SailorStarMakerAssists","theSenshi:EncouragingSpeech"],"picked":"SKIP","floor":38},{"not_picked":["theSenshi:SailorChibiMoonAssists+1","theSenshi:SchoolBag+1"],"picked":"theSenshi:MoonPrincessHalation+1","floor":39},{"not_picked":["theSenshi:SailorMercuryAssists+1","theSenshi:MoonsReflection+1","theSenshi:FatedKiss"],"picked":"SKIP","floor":40},{"not_picked":["theSenshi:RainbowMoonHeartAche+1","theSenshi:SailorMarsAssists+1"],"picked":"theSenshi:Sidestep","floor":45},{"not_picked":["theSenshi:SailorUranusAssists+1","theSenshi:LateForSchool+1","theSenshi:TuxedoMaskAssists+1"],"picked":"SKIP","floor":46},{"not_picked":["theSenshi:SailorUranusAssists+1","theSenshi:LateForSchool+1","theSenshi:TuxedoMaskAssists+1"],"picked":"SKIP","floor":46},{"not_picked":["theSenshi:TuxedoSmokingBomber+1","theSenshi:LunasBite+1"],"picked":"theSenshi:MoonPunch+1","floor":48}],"player_experience":153122,"relics_obtained":[{"floor":7.0,"key":"Molten Egg 2"},{"floor":9.0,"key":"theSenshi:CutieMoonRodRelic"},{"floor":10.0,"key":"Pen Nib"},{"floor":26,"key":"War Paint"},{"floor":36,"key":"Turnip"},{"floor":40,"key":"theSenshi:SuperSailorFukuRelic"},{"floor":43,"key":"HornCleat"}],"event_choices":[{"damage_healed":0.0,"max_hp_gain":0.0,"max_hp_loss":0.0,"gold_gain":0.0,"event_name":"Shining Light","player_choice":"Ignored","floor":13.0,"gold_loss":0.0,"damage_taken":0.0},{"damage_healed":0.0,"max_hp_gain":0.0,"max_hp_loss":0.0,"gold_gain":99.0,"event_name":"Nest","player_choice":"Stole From Cult","floor":21.0,"gold_loss":0.0,"damage_taken":0.0},{"damage_healed":0,"gold_gain":0,"player_choice":"Stopped","damage_taken":9,"max_hp_gain":0,"max_hp_loss":0,"event_name":"Cursed Tome","floor":30,"gold_loss":0},{"damage_healed":0,"gold_gain":0,"player_choice":"Fight","damage_taken":0,"max_hp_gain":0,"max_hp_loss":0,"event_name":"MindBloom","floor":36,"gold_loss":0},{"damage_healed":0,"gold_gain":0,"player_choice":"Upgraded Two","damage_taken":0,"max_hp_gain":0,"max_hp_loss":0,"event_name":"Designer","floor":42,"gold_loss":40,"cards_upgraded":["theSenshi:VenusGlamour","theSenshi:SailorMercuryAssists"]}],"is_beta":false,"boss_relics":[{"not_picked":["Snecko Eye","Cursed Key"],"picked":"Tiny House"},{"not_picked":["Busted Crown","SlaversCollar"],"picked":"Philosopher\u0027s Stone"}],"items_purged_floors":[22],"is_endless":false,"potions_floor_spawned":[1,7,18,24,35,36,45,46],"ascension_level":0}}