{"host":"jvrojcijqdlksu05","time":1613631993,"event":{"mods":["BaseMod","Highlight Path","Minty Spire (QoL Compilation)","Relic Stats","StSLib"],"gold_per_floor":[362,437,38,52,52,87,103,121,121,121,136,86,115,115,115,240,240,180,203,203,59,59,59,59,59],"floor_reached":24,"language":"ENG","playtime":1026,"items_purged":["Strike_R"],"score":212,"play_id":"e4dd85d3-38c4-4ac8-be92-311da4ed4ccc","local_time":"20210217230633","is_ascension_mode":true,"campfire_choices":[{"data":"True Grit","floor":10.0,"key":"SMITH"},{"data":"Mayhem","floor":15.0,"key":"SMITH"},{"floor":23,"key":"DIG"}],"circlet_count":0,"master_deck":["Strike_R","Defend_R","Defend_R","Defend_R","Defend_R","Bash","Combust","Mayhem+1","Juggernaut","True Grit+1","Shrug It Off","Ghostly Armor","Shrug It Off","Demon Form","CurseOfTheBell","Rupture","Dual Wield","Inflame"],"relics":["Burning Blood","Happy Flower","Eternal Feather","Shovel","Golden Idol","Calling Bell","Akabeko","Shuriken","Unceasing Top","Enchiridion","Bag of Preparation","Lantern"],"acts_visited":["Exordium","TheCity"],"potions_floor_usage":[24],"damage_taken":[{"damage":9.0,"enemies":"Jaw Worm","floor":1.0,"turns":4.0},{"damage":8.0,"enemies":"2 Louse","floor":4.0,"turns":3.0},{"damage":28.0,"enemies":"3 Sentries","floor":6.0,"turns":6.0},{"damage":4.0,"enemies":"Small Slimes","floor":7.0,"turns":4.0},{"damage":0.0,"enemies":"2 Fungi Beasts","floor":8.0,"turns":4.0},{"damage":13.0,"enemies":"Looter","floor":11.0,"turns":4.0},{"damage":32.0,"enemies":"Gremlin Nob","floor":13.0,"turns":5.0},{"damage":33.0,"enemies":"Slime Boss","floor":16.0,"turns":10.0},{"damage":17.0,"enemies":"2 Thieves","floor":18.0,"turns":4.0},{"damage":12,"enemies":"Chosen","floor":19,"turns":6},{"damage":72,"enemies":"Gremlin Leader","floor":24,"turns":9}],"seed_played":"7804517297695618569","potions_obtained":[{"floor":1.0,"key":"Fruit Juice"},{"floor":6.0,"key":"BloodPotion"},{"floor":13.0,"key":"BlessingOfTheForge"},{"floor":16.0,"key":"Weak Potion"}],"is_trial":false,"path_per_floor":["M","?","$","M","?","E","M","M","T","R","M","?","E","?","R","B",null,"M","M","?","$","?","R","E"],"character_chosen":"IRONCLAD","items_purchased":["Mayhem","Juggernaut","Bag of Preparation"],"campfire_rested":0,"item_purchase_floors":[3,3,21],"current_hp_per_floor":[69,58,58,56,61,39,41,47,47,56,49,49,23,23,32,10,76,65,59,43,43,43,52,0,0],"gold":59,"neow_bonus":"TWO_FIFTY_GOLD","is_daily":false,"chose_seed":false,"campfire_upgraded":2,"win_rate":0.0,"timestamp":1613631993,"path_taken":["M","?","$","M","?","E","M","M","T","R","M","?","E","?","R","BOSS","M","M","?","$","?","R","E"],"items_purchased_type":["Card","Card","Relic"],"build_version":"2020-12-22","purchased_purges":1,"victory":false,"max_hp_per_floor":[72,72,72,72,77,77,77,77,77,77,77,77,77,71,71,76,76,76,76,76,76,76,76,76,76],"relic_stats":{"Shovel":1,"Happy Flower":[15],"counters":[11,59],"Golden Idol":30,"Shuriken":[1],"Eternal Feather":27,"Bag of Preparation":[2],"obtain_stats":[{"Calling Bell":17,"Lantern":23,"Shovel":13,"Happy Flower":6,"Golden Idol":14,"Shuriken":17,"Enchiridion":20,"Eternal Feather":9,"Bag of Preparation":21,"Burning Blood":0,"Akabeko":17,"Unceasing Top":17},{"Calling Bell":8,"Lantern":10,"Shovel":7,"Happy Flower":3,"Golden Idol":7,"Shuriken":8,"Enchiridion":10,"Eternal Feather":5,"Bag of Preparation":10,"Burning Blood":0,"Akabeko":8,"Unceasing Top":8},{"Calling Bell":40,"Lantern":50,"Shovel":30,"Happy Flower":13,"Golden Idol":30,"Shuriken":40,"Enchiridion":50,"Eternal Feather":21,"Bag of Preparation":50,"Burning Blood":0,"Akabeko":40,"Unceasing Top":40}],"Burning Blood":60,"Unceasing Top":[1]},"card_choices":[{"not_picked":["Evolve","Rupture"],"picked":"Combust","floor":1.0},{"not_picked":["Thunderclap","Infernal Blade"],"picked":"True Grit","floor":4.0},{"not_picked":["Burning Pact","Clash"],"picked":"Shrug It Off","floor":6.0},{"not_picked":["Reckless Charge","Intimidate"],"picked":"Ghostly Armor","floor":7.0},{"not_picked":["Flex","Seeing Red"],"picked":"Shrug It Off","floor":8.0},{"not_picked":["Heavy Blade","Second Wind","Burning Pact"],"picked":"SKIP","floor":11.0},{"not_picked":["Seeing Red","Sword Boomerang","Anger"],"picked":"SKIP","floor":13.0},{"not_picked":["Fiend Fire","Feed"],"picked":"Demon Form","floor":16.0},{"not_picked":["Bloodletting","Reckless Charge+1","Heavy Blade+1"],"picked":"SKIP","floor":18},{"not_picked":["True Grit","Cleave"],"picked":"Rupture","floor":19}],"player_experience":1342802,"relics_obtained":[{"floor":6.0,"key":"Happy Flower"},{"floor":9.0,"key":"Eternal Feather"},{"floor":13.0,"key":"Shovel"},{"floor":17.0,"key":"Akabeko"},{"floor":17.0,"key":"Shuriken"},{"floor":17.0,"key":"Unceasing Top"},{"floor":20,"key":"Enchiridion"},{"floor":23,"key":"Lantern"}],"event_choices":[{"damage_healed":0.0,"max_hp_gain":0.0,"max_hp_loss":0.0,"gold_gain":75.0,"event_name":"World of Goop","player_choice":"Gather Gold","floor":2.0,"gold_loss":0.0,"damage_taken":11.0},{"damage_healed":0.0,"max_hp_gain":5.0,"max_hp_loss":0.0,"gold_gain":0.0,"event_name":"Big Fish","player_choice":"Donut","floor":5.0,"gold_loss":0.0,"damage_taken":0.0},{"cards_removed":["Strike_R"],"damage_healed":0.0,"max_hp_gain":0.0,"max_hp_loss":0.0,"gold_gain":0.0,"event_name":"The Cleric","player_choice":"Card Removal","floor":12.0,"gold_loss":50.0,"damage_taken":0.0},{"damage_healed":0.0,"max_hp_gain":0.0,"max_hp_loss":6.0,"gold_gain":0.0,"event_name":"Golden Idol","player_choice":"Lose Max HP","floor":14.0,"gold_loss":0.0,"damage_taken":0.0,"relics_obtained":["Golden Idol"]},{"damage_healed":0,"gold_gain":0,"player_choice":"Obtained Book","damage_taken":16,"max_hp_gain":0,"max_hp_loss":0,"event_name":"Cursed Tome","floor":20,"gold_loss":0},{"damage_healed":0,"gold_gain":0,"cards_transformed":["Strike_R","Strike_R"],"player_choice":"Became Test Subject","damage_taken":0,"max_hp_gain":0,"max_hp_loss":0,"event_name":"Drug Dealer","floor":22,"gold_loss":0,"cards_obtained":["Dual Wield","Inflame"]}],"is_beta":false,"boss_relics":[{"not_picked":["SacredBark","Ectoplasm"],"picked":"Calling Bell"}],"items_purged_floors":[3],"is_endless":false,"potions_floor_spawned":[1,6,13,16],"killed_by":"Gremlin Leader","ascension_level":1}}