{"host":"d44gy1wvr06n5dy0","time":1613675862,"event":{"mods":["BaseMod","Better Altar","Better Match","Better Note","Better Sensory Stone","Better Skull","Better Third Choice","Downfall","GifTheSpireLib","Minty Spire (QoL Compilation)","Relic Stats","StSLib","The Animator","The Construct","The Disciple","The Servant 0.9.4"],"gold_per_floor":[99,117,130,89,107,7,33,53,78,78,78,94,105,135,149,251,251,251,267,283,29,29,29,29,29,62,388,388,405,305,52,64,64,64,64],"floor_reached":33,"language":"ENG","playtime":3507,"items_purged":["Writhe"],"score":312,"play_id":"173e84d0-2efa-460e-a422-351fd707e2eb","local_time":"20210218121742","is_ascension_mode":true,"campfire_choices":[{"floor":1,"key":"RECALL"},{"data":"Slimebound:Split","floor":6,"key":"SMITH"},{"floor":11,"key":"REST"},{"data":"Slimebound:Grow","floor":18,"key":"SMITH"},{"data":"Slimebound:RollThrough","floor":23,"key":"SMITH"},{"data":"Slimebound:FirmFortitude","floor":30,"key":"SMITH"}],"circlet_count":0,"master_deck":["Slimebound:Strike_Slimebound+1","Slimebound:Strike_Slimebound+1","Slimebound:Strike_Slimebound+1","Slimebound:Tackle","Slimebound:Defend_Slimebound+1","Slimebound:Defend_Slimebound+1","Slimebound:Defend_Slimebound+1","Slimebound:Defend_Slimebound+1","Slimebound:Split+1","Slimebound:CorrosiveSpit","Slimebound:Prepare","Slimebound:SplitLeeching","Slimebound:PressTheAttack","Slimebound:GoopTackle","Slimebound:RollThrough","Slimebound:ItLooksTasty","Slimebound:Overexert","Slimebound:Grow+1","Slimebound:DisruptingSlam","Slimebound:Chomp","Slimebound:FirmFortitude+1","Slimebound:RollThrough+1","Slimebound:MinionMaster","Slimebound:GoopSpray","Slimebound:LivingWall","Slimebound:SplitLeeching","Slimebound:SplitAcid","Slimebound:SplitMire","Slimebound:LivingWall","Slimebound:ServeAndProtect+1","Slimebound:SlimeBrawl","Slimebound:GoopSpray","Slimebound:FlameTackle","Slimebound:ProtectTheBoss"],"relics":["Slimebound:AbsorbEndCombat","downfall:HeartBlessingRed","Slimebound:AggressiveSlimeRelic","Centennial Puzzle","Bird Faced Urn","TungstenRod","bronze:MakeshiftBattery","Kunai","Ornamental Fan","WingedGreaves","Old Coin","downfall:HeartBlessingGreen"],"acts_visited":["Exordium","TheCity"],"potions_floor_usage":[14,26,26,27,33],"damage_taken":[{"damage":0,"enemies":"Cultist","floor":2,"turns":3},{"damage":0,"enemies":"Small Slimes","floor":3,"turns":3},{"damage":6,"enemies":"downfall:FleeingMerchant","floor":4,"turns":4},{"damage":1,"enemies":"2 Louse","floor":5,"turns":3},{"damage":1,"enemies":"Exordium Wildlife","floor":8,"turns":3},{"damage":29,"enemies":"3 Sentries","floor":9,"turns":5},{"damage":5,"enemies":"Lots of Slimes","floor":12,"turns":2},{"damage":12,"enemies":"Large Slime","floor":13,"turns":3},{"damage":6,"enemies":"Lagavulin","floor":14,"turns":7},{"damage":2,"enemies":"Blue Slaver","floor":15,"turns":3},{"damage":32,"enemies":"DF_ARCHETYPE_STREAMLINE","floor":16,"turns":9},{"damage":25,"enemies":"Spheric Guardian","floor":19,"turns":4},{"damage":5,"enemies":"3 Byrds","floor":20,"turns":4},{"damage":0,"enemies":"downfall:FleeingMerchant","floor":21,"turns":4},{"damage":8,"enemies":"Slavers","floor":26,"turns":5},{"damage":4,"enemies":"Book of Stabbing","floor":27,"turns":6},{"damage":2,"enemies":"Snake Plant","floor":29,"turns":3},{"damage":1,"enemies":"downfall:FleeingMerchant","floor":31,"turns":4},{"damage":10,"enemies":"Centurion and Healer","floor":32,"turns":5},{"damage":78,"enemies":"SI_MIRROR_ARCHETYPE","floor":33,"turns":12}],"seed_played":"-292335422523576292","potions_obtained":[{"floor":3,"key":"Guardian:BlockOnCardUsePotion"},{"floor":5,"key":"FearPotion"},{"floor":9,"key":"hexamod:SoulburnPotion"},{"floor":16,"key":"AttackPotion"},{"floor":19,"key":"Weak Potion"},{"floor":20,"key":"Slimebound:SlimedPotion"},{"floor":29,"key":"SkillPotion"}],"is_trial":false,"path_per_floor":["R","M","M","$","M","R","T","M","E","T","R","M","M","E","M","B",null,"R","M","M","$","?","R","T","?","E","E","?","M","R","$","M","B"],"character_chosen":"SLIMEBOUND","items_purchased":["Slimebound:RollThrough","Kunai","Slimebound:SlimeBrawl","Slimebound:GoopSpray","Slimebound:FlameTackle"],"campfire_rested":1,"item_purchase_floors":[4,21,31,31,31],"current_hp_per_floor":[65,65,65,61,60,60,60,63,34,34,53,48,40,40,44,16,65,65,42,45,53,53,53,53,53,55,57,57,65,65,65,61,0,0,0],"gold":64,"neow_bonus":"THREE_CARDS","is_daily":false,"chose_seed":false,"campfire_upgraded":4,"win_rate":0.0,"timestamp":1613675862,"path_taken":["R","M","?","$","M","R","T","?","E","?","R","M","M","E","M","BOSS","R","M","M","$","?","R","T","?","E","E","?","M","R","$","M","BOSS"],"items_purchased_type":["Card","Relic","Card","Card","Card"],"build_version":"2020-12-22","purchased_purges":1,"victory":false,"max_hp_per_floor":[65,65,65,65,65,65,65,65,65,65,65,65,65,65,65,65,65,65,65,65,65,65,65,65,65,65,65,65,65,65,65,65,65,65,65],"relic_stats":{"Centennial Puzzle":[39],"counters":[20,88],"Ornamental Fan":[28],"Bird Faced Urn":[46],"Kunai":[7],"obtain_stats":[{"Slimebound:AggressiveSlimeRelic":7,"Centennial Puzzle":9,"downfall:HeartBlessingRed":6,"Ornamental Fan":25,"Bird Faced Urn":10,"downfall:HeartBlessingGreen":30,"WingedGreaves":26,"Slimebound:AbsorbEndCombat":0,"Kunai":21,"TungstenRod":14,"bronze:MakeshiftBattery":17,"Old Coin":27},{"Slimebound:AggressiveSlimeRelic":4,"Centennial Puzzle":6,"downfall:HeartBlessingRed":4,"Ornamental Fan":14,"Bird Faced Urn":6,"downfall:HeartBlessingGreen":17,"WingedGreaves":15,"Slimebound:AbsorbEndCombat":0,"Kunai":14,"TungstenRod":9,"bronze:MakeshiftBattery":11,"Old Coin":16},{"Slimebound:AggressiveSlimeRelic":12,"Centennial Puzzle":19,"downfall:HeartBlessingRed":12,"Ornamental Fan":54,"Bird Faced Urn":19,"downfall:HeartBlessingGreen":67,"WingedGreaves":59,"Slimebound:AbsorbEndCombat":0,"Kunai":54,"TungstenRod":31,"bronze:MakeshiftBattery":43,"Old Coin":64}],"TungstenRod":29},"card_choices":[{"not_picked":["Slimebound:DisruptingSlam","Slimebound:ComboTackle"],"picked":"Slimebound:Prepare","floor":0},{"not_picked":["Slimebound:SplitBruiser","Slimebound:SpikyOuterGoop"],"picked":"Slimebound:SplitLeeching","floor":2},{"not_picked":["Slimebound:ComboTackle","Slimebound:BestDefense"],"picked":"Slimebound:PressTheAttack","floor":3},{"not_picked":["Slimebound:SamplingLick","Slimebound:LeechEnergy"],"picked":"Slimebound:GoopTackle","floor":4},{"not_picked":["Slimebound:SpikyOuterGoop","Slimebound:Prepare"],"picked":"Slimebound:ItLooksTasty","floor":5},{"not_picked":["Slimebound:LeechEnergy","Slimebound:ComboTackle"],"picked":"Slimebound:Overexert","floor":8},{"not_picked":["Slimebound:Gluttony","Slimebound:SplitBruiser"],"picked":"Slimebound:Grow","floor":9},{"not_picked":["Slimebound:TongueLash","Slimebound:ItLooksTasty"],"picked":"Slimebound:DisruptingSlam","floor":12},{"not_picked":["Slimebound:Schlurp","Slimebound:FormOfPuddle"],"picked":"Slimebound:Chomp","floor":13},{"not_picked":["Slimebound:Gluttony","Slimebound:AcidTongue"],"picked":"Slimebound:FirmFortitude","floor":14},{"not_picked":["Slimebound:DisruptingSlam","Slimebound:PressTheAttack"],"picked":"Slimebound:RollThrough","floor":15},{"not_picked":["Slimebound:Overexert","Slimebound:WasteNot"],"picked":"Slimebound:MinionMaster","floor":16},{"not_picked":["Slimebound:GrowthPunch","Slimebound:BestDefense"],"picked":"Slimebound:GoopSpray","floor":19},{"not_picked":["Slimebound:Replication","Slimebound:ComboTackle+1"],"picked":"Slimebound:LivingWall","floor":20},{"not_picked":["Slimebound:Dissolve+1","Slimebound:LeechingTouch"],"picked":"Slimebound:SplitLeeching","floor":21},{"not_picked":["Slimebound:LivingWall","Slimebound:GrowthPunch"],"picked":"Slimebound:SplitAcid","floor":26},{"not_picked":["Slimebound:RejuvenatingLick","Slimebound:SamplingLick"],"picked":"Slimebound:SplitMire","floor":27},{"not_picked":["Slimebound:LeechEnergy","Slimebound:LeadByExample"],"picked":"Slimebound:LivingWall","floor":29},{"not_picked":["Slimebound:LeechingTouch","Slimebound:SlimeSlap"],"picked":"Slimebound:ServeAndProtect+1","floor":31},{"not_picked":["Slimebound:TongueLash","Slimebound:SlimeBrawl"],"picked":"Slimebound:ProtectTheBoss","floor":32}],"player_experience":387755,"relics_obtained":[{"floor":7,"key":"Slimebound:AggressiveSlimeRelic"},{"floor":9,"key":"Centennial Puzzle"},{"floor":10,"key":"Bird Faced Urn"},{"floor":14,"key":"TungstenRod"},{"floor":26,"key":"WingedGreaves"},{"floor":27,"key":"Old Coin"}],"event_choices":[{"damage_healed":0,"gold_gain":0,"player_choice":"Ignored","damage_taken":0,"max_hp_gain":0,"max_hp_loss":0,"event_name":"Vampires","floor":22,"gold_loss":0}],"is_beta":false,"boss_relics":[{"not_picked":["construct:ClawGrip","Astrolabe"],"picked":"bronze:MakeshiftBattery"}],"items_purged_floors":[31],"is_endless":false,"potions_floor_spawned":[3,5,9,12,16,19,20,29],"killed_by":"SI_MIRROR_ARCHETYPE","ascension_level":1}}