{"host":"373g0ui1bgeshz9m","time":1613664542,"event":{"mods":["Act Like it!","Aspiration","BaseMod","Beaked The Cultist","Better Third Choice","Colored Map","Conspire","Downfall","Halation","Hermit","Hubris","Infinite Spire","Minty Spire (QoL Compilation)","Pale of the Ancients","Permanent Neow","Quick Restart","Replay The Spire","Shade Mod","Shop Mod","Spikes Relics","StSLib","The Animator","The Bladedancer","The Florist","The Jungle","The Necromancer","The Sage","Trackpad"],"gold_per_floor":[119,119,65,65,160,195,195,195,195,195,228,228,259,275,275,373,373,488,488,502,502,212,212,323,323,346,346,378,396,396,408,408,510,510,529,529,52,70,89,123,123,143,143,143,163,176,176,188,188,188,208,223,223,19,19,32,32,32,32,32,32],"floor_reached":60,"language":"ENG","playtime":3659,"items_purged":["Strike_P"],"score":859,"play_id":"bdd88200-0e95-4915-b5fb-932ee059d19f","local_time":"20210218110902","is_ascension_mode":false,"campfire_choices":[{"data":"Eruption","floor":7.0,"key":"SMITH"},{"floor":10.0,"key":"REST"},{"data":"CutThroughFate","floor":15.0,"key":"SMITH"},{"data":"Nirvana","floor":23.0,"key":"SMITH"},{"data":"Brilliance","floor":25.0,"key":"SMITH"},{"data":"ClearTheMind","floor":27.0,"key":"SMITH"},{"data":"FlurryOfBlows","floor":30,"key":"SMITH"},{"floor":32,"key":"REST"},{"floor":44,"key":"REST"},{"floor":47,"key":"REST"},{"data":"FlurryOfBlows","floor":49,"key":"SMITH"},{"data":"Vault","floor":55,"key":"SMITH"},{"floor":57,"key":"REST"}],"circlet_count":0,"master_deck":["Strike_P","Strike_P","Strike_P","Defend_P","Defend_P","Defend_P","Defend_P","Eruption+1","Vigilance","CarveReality","CutThroughFate+1","FlurryOfBlows+1","ReachHeaven","Consecrate","FlurryOfBlows+1","EmptyFist","Brilliance+1","ClearTheMind+1","FollowUp+1","Nirvana+1","Vengeance+1","TalkToTheHand+1","Scrawl","Vault+1","Adaptation+1","Crescendo+1","Weave+1","Wallop+1","Replay:Hum+1","hubris:DuctTapeCard"],"relics":["PureWater","PreservedInsect","hubris:Icosahedron","infinitespire:BottledMercury","HornCleat","conspire:BottledYoYo","Letter Opener","SpikesRelics:ToyHorsey","Black Star","Simple Rune","Anchor","halation:BottledLove","Frozen Egg 2","halation:EternalFortune","halation:SelfBoilingWater","Strawberry","infinitespire:ShieldingShard","Ornamental Fan","paleoftheancients:Timepiece","Bronze Scales","CultistMask","paleoftheancients:SoulOfTheWatcher","Strange Spoon","hubris:DuctTape"],"acts_visited":["Exordium","TheCity","TheBeyond","paleoftheancients:PaleOfTheAncients"],"potions_floor_usage":[50,56,56],"damage_taken":[{"damage":5.0,"enemies":"Jaw Worm","floor":1.0,"turns":4.0},{"damage":34.0,"enemies":"Lagavulin","floor":6.0,"turns":4.0},{"damage":0.0,"enemies":"3 Sentries","floor":11.0,"turns":2.0},{"damage":0.0,"enemies":"Gremlin Nob","floor":13.0,"turns":3.0},{"damage":0.0,"enemies":"2 Louse","floor":14.0,"turns":2.0},{"damage":0.0,"enemies":"Slime Boss","floor":16.0,"turns":4.0},{"damage":0.0,"enemies":"3 Byrds","floor":18.0,"turns":3.0},{"damage":8.0,"enemies":"2 Thieves","floor":20.0,"turns":2.0},{"damage":8.0,"enemies":"Centurion and Healer","floor":24.0,"turns":3.0},{"damage":2,"enemies":"Book of Stabbing","floor":28,"turns":3},{"damage":0,"enemies":"3 Cultists","floor":29,"turns":3},{"damage":3,"enemies":"Snecko","floor":31,"turns":4},{"damage":1,"enemies":"Collector","floor":33,"turns":6},{"damage":0,"enemies":"3 Darklings","floor":35,"turns":3},{"damage":2,"enemies":"3 Shapes","floor":38,"turns":4},{"damage":55,"enemies":"Sphere and 2 Shapes","floor":39,"turns":6},{"damage":0,"enemies":"Reptomancer","floor":40,"turns":2},{"damage":0,"enemies":"Maw","floor":42,"turns":5},{"damage":0,"enemies":"3 Darklings","floor":45,"turns":3},{"damage":0,"enemies":"Writhing Mass","floor":46,"turns":3},{"damage":0,"enemies":"Transient","floor":48,"turns":5},{"damage":35,"enemies":"Replay:Hell Engine","floor":50,"turns":7},{"damage":57,"enemies":"Replay:Hell Engine","floor":51,"turns":9},{"damage":15,"enemies":"Replay:Hell Engine","floor":52,"turns":6},{"damage":79,"enemies":"Replay:Hell Engine","floor":56,"turns":9},{"damage":150,"enemies":"paleoftheancients:N","floor":60,"turns":5}],"seed_played":"-4850227502270967634","potions_obtained":[{"floor":11.0,"key":"SkillPotion"},{"floor":14.0,"key":"SteroidPotion"},{"floor":56,"key":"Fruit Juice"}],"is_trial":false,"path_per_floor":["M","?","$","?","?","E","R","T","T","R","E","?","E","M","R","B",null,"M","?","M","?","$","R","M","R","T","R","E","M","R","M","R","B",null,"M","?","$","M","M","E","?","M","T","R","M","M","R","M","R","B","M","M","?","$","R","M","R","T","?","B"],"character_chosen":"WATCHER","items_purchased":["CutThroughFate","Simple Rune","Nirvana","Vengeance+1","FlurryOfBlows","FairyPotion","halation:SelfBoilingWater","Strange Spoon","Explosive Potion"],"campfire_rested":5,"item_purchase_floors":[3,22,22,22,37,37,37,54,54],"current_hp_per_floor":[67,67,67,67,67,38,38,38,38,59,59,59,59,59,59,59,72,72,72,64,64,64,64,56,56,56,56,54,54,54,51,72,71,72,72,75,75,73,18,25,25,25,25,49,49,49,73,73,73,82,54,61,61,61,61,52,78,78,78,22,22],"gold":32,"neow_bonus":"RANDOM_COMMON_RELIC","is_daily":false,"chose_seed":false,"campfire_upgraded":8,"win_rate":0.0,"timestamp":1613664542,"path_taken":["M","?","$","?","?","E","R","?","T","R","E","?","E","M","R","BOSS","M","?","M","?","$","R","?","R","T","R","E","M","R","M","R","BOSS","M","?","$","M","M","E","?","M","T","R","?","M","R","M","R","BOSS","M","M","?","$","R","M","R","T","?","BOSS"],"items_purchased_type":["Card","Relic","Card","Card","Card","Potion","Relic","Relic","Potion"],"build_version":"2020-12-22","purchased_purges":1,"victory":false,"max_hp_per_floor":[72,72,72,72,72,72,72,72,72,72,72,72,72,72,72,72,72,72,72,72,72,72,72,72,72,72,72,72,72,72,72,72,72,72,72,75,75,75,75,82,82,82,82,82,82,82,82,82,82,82,82,82,82,82,82,87,87,87,87,87,87],"card_choices":[{"not_picked":["CrushJoints","EmptyBody"],"picked":"CarveReality","floor":1.0},{"not_picked":["BowlingBash","Indignation"],"picked":"FlurryOfBlows","floor":5.0},{"not_picked":["WheelKick","SashWhip"],"picked":"ReachHeaven","floor":5.0},{"not_picked":["CrushJoints","SandsOfTime"],"picked":"Consecrate","floor":5.0},{"not_picked":["Replay:AtTheReady","Pray","Replay:DivineShield"],"picked":"SKIP","floor":6.0},{"not_picked":["FlyingSleeves","Replay:BluntJabs"],"picked":"FlurryOfBlows","floor":11.0},{"not_picked":["WindmillStrike","DeceiveReality"],"picked":"EmptyFist","floor":13.0},{"not_picked":["Halt","BattleHymn","EmptyFist"],"picked":"SKIP","floor":14.0},{"not_picked":["Omniscience","Establishment"],"picked":"Brilliance","floor":16.0},{"not_picked":["Replay:ManipulateFuture","DeceiveReality+1"],"picked":"ClearTheMind","floor":18.0},{"not_picked":["ThirdEye","Fasting2"],"picked":"FollowUp+1","floor":20.0},{"not_picked":["CutThroughFate","EmptyFist","WheelKick"],"picked":"SKIP","floor":24.0},{"not_picked":["WheelKick","Replay:ManipulateFuture+1"],"picked":"TalkToTheHand+1","floor":28},{"not_picked":["CrushJoints","Fasting2+1","WaveOfTheHand"],"picked":"SKIP","floor":29},{"not_picked":["Replay:Hum","Nirvana+1","FollowUp"],"picked":"SKIP","floor":31},{"not_picked":["DevaForm+1","Replay:AllIn"],"picked":"Scrawl","floor":33},{"not_picked":["BowlingBash+1","Perseverance","FollowUp"],"picked":"SKIP","floor":35},{"not_picked":["Vengeance","Replay:ManipulateFuture","FlyingSleeves"],"picked":"SKIP","floor":38},{"not_picked":["WaveOfTheHand+1","SashWhip","BattleHymn+1"],"picked":"SKIP","floor":39},{"not_picked":["Sanctity","JustLucky"],"picked":"Vault","floor":40},{"not_picked":["Replay:ManipulateFuture","Replay:DivineShield+1"],"picked":"Adaptation+1","floor":42},{"not_picked":["SashWhip","Consecrate"],"picked":"Crescendo+1","floor":45},{"not_picked":["EmptyFist","ThirdEye"],"picked":"Weave+1","floor":46},{"not_picked":["WaveOfTheHand","PathToVictory+1"],"picked":"Wallop+1","floor":48},{"not_picked":["TalkToTheHand+1","Protect+1"],"picked":"Replay:Hum","floor":51},{"not_picked":["PathToVictory","EmptyMind","CrushJoints+1"],"picked":"SKIP","floor":52},{"not_picked":["ThirdEye+1","JustLucky+1"],"picked":"FlurryOfBlows","floor":56}],"player_experience":380162,"relics_obtained":[{"floor":6.0,"key":"infinitespire:BottledMercury"},{"floor":8.0,"key":"HornCleat"},{"floor":9.0,"key":"conspire:BottledYoYo"},{"floor":11.0,"key":"Letter Opener"},{"floor":13.0,"key":"SpikesRelics:ToyHorsey"},{"floor":26.0,"key":"Anchor"},{"floor":28,"key":"halation:BottledLove"},{"floor":28,"key":"Frozen Egg 2"},{"floor":40,"key":"Strawberry"},{"floor":40,"key":"infinitespire:ShieldingShard"},{"floor":43,"key":"Ornamental Fan"},{"floor":51,"key":"paleoftheancients:SoulOfTheWatcher"},{"floor":52,"key":"paleoftheancients:SoulOfTheShapes"},{"floor":56,"key":"paleoftheancients:SoulOfTheHexaghost"},{"floor":58,"key":"hubris:DuctTape"}],"event_choices":[{"damage_healed":0.0,"max_hp_gain":0.0,"max_hp_loss":0.0,"gold_gain":0.0,"event_name":"The Woman in Blue","player_choice":"Bought 0 Potions","floor":21.0,"gold_loss":0.0,"damage_taken":0.0},{"damage_healed":0,"gold_gain":0,"player_choice":"Leave","damage_taken":0,"max_hp_gain":0,"max_hp_loss":0,"event_name":"conspire:Investor","floor":41,"gold_loss":0}],"is_beta":false,"boss_relics":[{"not_picked":["Empty Cage","hubris:VirtuousBlindfold"],"picked":"Black Star"},{"not_picked":["halation:ForbiddenBikini","Replay:Wanted Poster","halation:HeavySnake"]}],"items_purged_floors":[37],"is_endless":false,"potions_floor_spawned":[11,14,16,18,28,31,35,40,42,45,56],"killed_by":"paleoftheancients:N","ascension_level":0}}