{"host":"kbjkhl8b8ylq2ux5","time":1613678820,"event":{"mods":["Act Like it!","BaseMod","Better Match","Better Note","Better Sensory Stone","BetterRewards","Block Reminder","Colored Map","Colored Powertips","Downfall","HexUI Lib","Highlight Path","Mad Scientist","Minty Spire (QoL Compilation)","Quick Restart","Random Character Button","Rare Cards Sparkle","StSLib","The Cursed","The Servant 0.9.4"],"gold_per_floor":[99,112,112,130,141,176,176,186,217,39,39,49,49,63,83,182,182,182,197,197,210,41,41,41,58,58,73,85,104,137,153,167,266,266,266,280,290,303,152,152,177,177,155,168,178,188,188,206,223,223,223,223],"floor_reached":50,"language":"ENG","playtime":5016,"items_purged":["Slimebound:Strike_Slimebound","Slimebound:Strike_Slimebound","Slimebound:CorrosiveSpit"],"score":511,"play_id":"a0c02723-a6b4-4a08-82db-f680d2db9b94","local_time":"20210218150700","is_ascension_mode":false,"campfire_choices":[{"data":"Slimebound:Split","floor":1.0,"key":"SMITH"},{"data":"Slimebound:GoopSpray","floor":18,"key":"SMITH"},{"floor":23,"key":"RECALL"},{"data":"Slimebound:Repurpose","floor":35,"key":"SMITH"},{"data":"Slimebound:Repurpose","floor":40,"key":"SMITH"},{"data":"Slimebound:MegaLick","floor":42,"key":"SMITH"}],"circlet_count":0,"master_deck":["Slimebound:Strike_Slimebound","Slimebound:Tackle","Slimebound:Defend_Slimebound","Slimebound:Defend_Slimebound","Slimebound:Defend_Slimebound","Slimebound:Split+1","Slimebound:SplitLeeching+1","Slimebound:MegaLick+1","Slimebound:RainOfGoop","Slimebound:SplitLeeching","Slimebound:GoopSpray+1","Slimebound:LeechLife","Slimebound:SelfFormingGoo+1","Slimebound:SlimeSpikes","Slimebound:SplitBruiser","Slimebound:MinionMaster+1","Slimebound:Repurpose+1","Slimebound:Repurpose+1","Slimebound:SplitBruiser","Slimebound:RallyTheTroops","Slimebound:SlimeTap","Slimebound:SplitLeeching+1","Slimebound:LevelUp+1","Slimebound:LevelUp+1","Slimebound:LeadByExample+1","Good Instincts","Slimebound:FirmFortitude","Slimebound:SlimeSpikes+1"],"relics":["Slimebound:AbsorbEndCombatUpgraded","Nunchaku","Letter Opener","Frozen Egg 2","WingedGreaves","Slimebound:MaxSlimesRelic","Bag of Marbles","Sozu","Smiling Mask"],"acts_visited":["Exordium","TheCity","TheBeyond"],"potions_floor_usage":[25,25,30,33,48],"damage_taken":[{"damage":9.0,"enemies":"Small Slimes","floor":2.0,"turns":4.0},{"damage":0.0,"enemies":"Cultist","floor":4.0,"turns":4.0},{"damage":0.0,"enemies":"2 Louse","floor":5.0,"turns":2.0},{"damage":7.0,"enemies":"Lagavulin","floor":6.0,"turns":6.0},{"damage":1.0,"enemies":"Exordium Wildlife","floor":8.0,"turns":4.0},{"damage":4.0,"enemies":"3 Sentries","floor":9.0,"turns":5.0},{"damage":3.0,"enemies":"downfall:FleeingMerchant","floor":10.0,"turns":4.0},{"damage":11.0,"enemies":"Gremlin Gang","floor":12.0,"turns":5.0},{"damage":1,"enemies":"3 Louse","floor":14,"turns":2},{"damage":7,"enemies":"downfall:LooterAlt","floor":15,"turns":3},{"damage":14,"enemies":"IC_STATUS_ARCHETYPE","floor":16,"turns":9},{"damage":5,"enemies":"Chosen","floor":19,"turns":7},{"damage":8,"enemies":"Spheric Guardian","floor":21,"turns":4},{"damage":0,"enemies":"downfall:FleeingMerchant","floor":22,"turns":4},{"damage":5,"enemies":"Centurion and Healer","floor":25,"turns":7},{"damage":0,"enemies":"Snecko","floor":27,"turns":7},{"damage":17,"enemies":"Cultist and Chosen","floor":28,"turns":5},{"damage":0,"enemies":"Centurion and Healer","floor":29,"turns":6},{"damage":30,"enemies":"Gremlin Leader","floor":30,"turns":9},{"damage":8,"enemies":"Sentry and Sphere","floor":31,"turns":6},{"damage":8,"enemies":"Cultist and Chosen","floor":32,"turns":7},{"damage":40,"enemies":"DF_ARCHETYPE_CLAW","floor":33,"turns":11},{"damage":12,"enemies":"3 Shapes","floor":36,"turns":3},{"damage":0,"enemies":"Orb Walker","floor":37,"turns":3},{"damage":12,"enemies":"Sphere and 2 Shapes","floor":38,"turns":6},{"damage":0,"enemies":"downfall:FleeingMerchant","floor":39,"turns":4},{"damage":4,"enemies":"downfall:FleeingMerchant","floor":43,"turns":4},{"damage":16,"enemies":"Writhing Mass","floor":44,"turns":5},{"damage":41,"enemies":"4 Shapes","floor":45,"turns":6},{"damage":0,"enemies":"Maw","floor":46,"turns":7},{"damage":24,"enemies":"Jaw Worm Horde","floor":48,"turns":5},{"damage":10,"enemies":"Sphere and 2 Shapes","floor":49,"turns":4},{"damage":71,"enemies":"WA_ARCHETYPE_DIVINITY","floor":50,"turns":7}],"seed_played":"-1305063999826485275","potions_obtained":[{"floor":2.0,"key":"Weak Potion"},{"floor":9.0,"key":"Dexterity Potion"},{"floor":12.0,"key":"PowerPotion"},{"floor":19,"key":"Guardian:BlockOnCardUsePotion"},{"floor":25,"key":"LiquidBronze"},{"floor":27,"key":"Strength Potion"},{"floor":28,"key":"DuplicationPotion"}],"is_trial":false,"path_per_floor":["R","M","?","M","M","E","T","M","E","$","T","M","?","M","M","B",null,"R","M","?","M","$","R","T","M","?","M","M","M","E","M","M","B",null,"R","M","M","M","$","R","T","R","$","M","M","M","?","M","M","B"],"character_chosen":"SLIMEBOUND","items_purchased":["Slimebound:SelfFormingGoo+1","Slimebound:Repurpose","Slimebound:LevelUp+1","Slimebound:LeadByExample+1","Good Instincts","Slimebound:FirmFortitude"],"campfire_rested":0,"item_purchase_floors":[10,22,39,43,43,43],"current_hp_per_floor":[65,58,58,64,65,65,65,65,65,65,65,65,65,65,60,57,65,65,63,63,60,65,65,65,65,65,65,57,65,65,63,58,46,65,65,59,62,56,62,62,62,62,61,51,22,28,28,31,54,0,0,0],"gold":223,"neow_bonus":"RANDOM_COMMON_RELIC","is_daily":false,"chose_seed":false,"campfire_upgraded":5,"win_rate":0.0,"timestamp":1613678820,"path_taken":["R","M","?","M","M","E","T","M","E","$","?","M","?","M","M","BOSS","R","M","?","M","$","R","T","M","?","M","M","M","E","M","M","BOSS","R","M","M","M","$","R","T","R","$","M","M","M","?","M","M","BOSS"],"items_purchased_type":["Card","Card","Card","Card","Card","Card"],"build_version":"2020-12-22","purchased_purges":3,"victory":false,"max_hp_per_floor":[65,65,65,65,65,65,65,65,65,65,65,65,65,65,65,65,65,65,65,65,65,65,65,65,65,65,65,65,65,65,65,65,65,65,65,65,65,65,65,65,65,65,65,65,65,65,65,65,65,65,65,65],"card_choices":[{"not_picked":["Slimebound:MegaLick","Slimebound:FinishingTackle"],"picked":"Slimebound:SplitLeeching","floor":2.0},{"not_picked":["Slimebound:SamplingLick","Slimebound:HauntingLick"],"picked":"Slimebound:MegaLick","floor":4.0},{"not_picked":["Slimebound:HauntingLick","Slimebound:ForwardTackle"],"picked":"Slimebound:RainOfGoop","floor":5.0},{"not_picked":["Slimebound:Gluttony","Slimebound:Dissolve"],"picked":"Slimebound:SplitLeeching","floor":6.0},{"not_picked":["Slimebound:ViciousTackle","Slimebound:Equalize"],"picked":"Slimebound:GoopSpray","floor":8.0},{"not_picked":["Slimebound:FormOfPuddle","Slimebound:DouseInSlime"],"picked":"Slimebound:LeechLife","floor":9.0},{"not_picked":["Slimebound:SpikyOuterGoop+1","Slimebound:ForwardTackle","Slimebound:BestDefense+1"],"picked":"SKIP","floor":10.0},{"not_picked":["Slimebound:ItLooksTasty","Slimebound:SamplingLick"],"picked":"Slimebound:SlimeSpikes","floor":12.0},{"not_picked":["Slimebound:LeechEnergy","Slimebound:SamplingLick"],"picked":"Slimebound:SplitBruiser","floor":14},{"not_picked":["Slimebound:GoopTackle","Slimebound:DisruptingSlam","Slimebound:SpikyOuterGoop+1"],"picked":"SKIP","floor":15},{"not_picked":["Slimebound:SlimeSlap","Slimebound:MassFeed"],"picked":"Slimebound:MinionMaster+1","floor":16},{"not_picked":["Slimebound:HauntingLick","Slimebound:Dissolve"],"picked":"Slimebound:Repurpose","floor":19},{"not_picked":["Slimebound:ForwardTackle","Slimebound:SplitAcid","Slimebound:LeechingTouch"],"picked":"SKIP","floor":21},{"not_picked":["Slimebound:FinishingTackle+1","Slimebound:Gluttony+1","Slimebound:LivingWall"],"picked":"SKIP","floor":22},{"not_picked":["Slimebound:Nibble+1","Slimebound:Dissolve","Slimebound:SlimeBrawl"],"picked":"SKIP","floor":25},{"not_picked":["Slimebound:HauntingLick","Slimebound:SlimeSpikes","Slimebound:GoopSpray"],"picked":"SKIP","floor":27},{"not_picked":["Slimebound:WasteNot","Slimebound:SlimeSpikes","Slimebound:ForwardTackle+1"],"picked":"SKIP","floor":28},{"not_picked":["Slimebound:PressTheAttack+1","Slimebound:GoopSpray+1","Slimebound:GoopTackle"],"picked":"SKIP","floor":29},{"not_picked":["Slimebound:RainOfGoop","Slimebound:Nibble","Slimebound:RejuvenatingLick"],"picked":"SKIP","floor":30},{"not_picked":["Slimebound:GoopTackle+1","Slimebound:SamplingLick+1"],"picked":"Slimebound:SplitBruiser","floor":31},{"not_picked":["Slimebound:MegaLick","Slimebound:Replication","Slimebound:Schlurp"],"picked":"SKIP","floor":32},{"not_picked":["Slimebound:LeechLife","Slimebound:PrepareCrush"],"picked":"Slimebound:RallyTheTroops","floor":33},{"not_picked":["Slimebound:AcidTongue+1","Slimebound:SplitBruiser","Slimebound:SamplingLick"],"picked":"SKIP","floor":36},{"not_picked":["Slimebound:Grow+1","Slimebound:FormOfPuddle","Slimebound:SpikyOuterGoop+1"],"picked":"SKIP","floor":37},{"not_picked":["Slimebound:HauntingLick","Slimebound:GoopSpray+1"],"picked":"Slimebound:SlimeTap","floor":38},{"not_picked":["Slimebound:Prepare","Slimebound:TongueLash+1"],"picked":"Slimebound:SplitLeeching+1","floor":39},{"not_picked":["Slimebound:LeechingTouch","Slimebound:Schlurp"],"picked":"Slimebound:LevelUp+1","floor":43},{"not_picked":["Slimebound:FormOfPuddle","Slimebound:ItLooksTasty+1","Slimebound:DuplicatedForm+1"],"picked":"SKIP","floor":44},{"not_picked":["Slimebound:GoopSpray","Slimebound:Dissolve+1","Slimebound:Gluttony+1"],"picked":"SKIP","floor":45},{"not_picked":["Slimebound:Nibble+1","Slimebound:Schlurp"],"picked":"Slimebound:SlimeSpikes+1","floor":46},{"not_picked":["Slimebound:ItLooksTasty","Slimebound:SlimeSpikes","Slimebound:SlimeBrawl"],"picked":"SKIP","floor":48},{"not_picked":["Slimebound:DuplicatedForm+1","Slimebound:Grow+1","Slimebound:BestDefense+1"],"picked":"SKIP","floor":49}],"player_experience":122647,"relics_obtained":[{"floor":6.0,"key":"Letter Opener"},{"floor":7.0,"key":"Frozen Egg 2"},{"floor":9.0,"key":"WingedGreaves"},{"floor":11.0,"key":"Slimebound:MaxSlimesRelic"},{"floor":30,"key":"Bag of Marbles"},{"floor":41,"key":"Smiling Mask"}],"event_choices":[{"cards_removed":["Slimebound:Defend_Slimebound"],"damage_healed":0,"gold_gain":0,"player_choice":"Card Removal","damage_taken":0,"max_hp_gain":0,"max_hp_loss":0,"event_name":"The Cleric","floor":13,"gold_loss":0},{"cards_removed":["Slimebound:LeechLife"],"damage_healed":0,"gold_gain":0,"player_choice":"Give","damage_taken":0,"max_hp_gain":0,"max_hp_loss":0,"event_name":"betterNote:BetterNote","floor":20,"gold_loss":0,"cards_obtained":["None"]}],"is_beta":false,"boss_relics":[{"not_picked":["Velvet Choker","Philosopher\u0027s Stone"],"picked":"Slimebound:AbsorbEndCombatUpgraded"},{"not_picked":["Runic Pyramid","Pandora\u0027s Box"],"picked":"Sozu"}],"items_purged_floors":[22,39,43],"is_endless":false,"potions_floor_spawned":[2,9,12,14,16,19,21,25,27,28,36,37,46,49],"killed_by":"WA_ARCHETYPE_DIVINITY","ascension_level":0}}