{"host":"mydft8i2zzydgggw","time":1613632646,"event":{"mods":["AchievementEnabler","BaseMod","Colored Map","Colored Powertips","DeckTracker","Keyboard Shortcuts","Minty Spire (QoL Compilation)","Rare Cards Sparkle","Relic Stats","StSLib","SuperFastMode","Together in Spire","everything is the same but u backflip on backflip"],"gold_per_floor":[111,61,61,61,76,103,103,138,138,109,121,121,132,132,132],"floor_reached":14,"language":"KOR","playtime":226,"items_purged":[],"score":147,"play_id":"8837d18f-6cc9-4ac8-8766-c81aa77294e3","local_time":"20210218161726","is_ascension_mode":true,"campfire_choices":[{"floor":7,"key":"REST"}],"circlet_count":0,"master_deck":["AscendersBane","Strike_G","Strike_G","Strike_G","Strike_G","Defend_G","Defend_G","Defend_G","Survivor","Neutralize","Terror","Sucker Punch","Phantasmal Killer","Prepared","PiercingWail"],"relics":["Ring of the Snake","Tingsha","Pantograph","Boot","Ornamental Fan","Shuriken"],"acts_visited":["Exordium"],"potions_floor_usage":[6,13],"damage_taken":[{"damage":9,"enemies":"2 Louse","floor":1,"turns":5},{"damage":2,"enemies":"Small Slimes","floor":5,"turns":4},{"damage":20,"enemies":"Gremlin Nob","floor":6,"turns":4},{"damage":20,"enemies":"Lagavulin","floor":8,"turns":7},{"damage":0,"enemies":"Jaw Worm","floor":11,"turns":4},{"damage":0,"enemies":"Lots of Slimes","floor":13,"turns":3},{"damage":17,"enemies":"Gremlin Nob","floor":14,"turns":3}],"seed_played":"-1947852584053247754","potions_obtained":[{"floor":1,"key":"SkillPotion"},{"floor":11,"key":"CunningPotion"}],"is_trial":false,"path_per_floor":["M","?","?","?","M","E","R","E","T","?","M","T","M","E"],"character_chosen":"THE_SILENT","items_purchased":[],"campfire_rested":1,"item_purchase_floors":[],"current_hp_per_floor":[36,36,36,29,27,7,28,8,8,8,8,8,8,0,0],"gold":132,"neow_bonus":"ONE_RARE_RELIC","is_daily":false,"chose_seed":false,"campfire_upgraded":0,"win_rate":0.0,"timestamp":1613632646,"path_taken":["M","?","?","?","M","E","R","E","T","?","M","?","?","E"],"items_purchased_type":[],"build_version":"2020-12-22","purchased_purges":0,"victory":false,"max_hp_per_floor":[70,70,70,70,70,70,70,70,70,70,70,70,70,70,70],"relic_stats":{"counters":[7,30],"Ornamental Fan":[12],"Shuriken":[3],"Pantograph":0,"Tingsha":[42],"Boot":[6],"obtain_stats":[{"Ornamental Fan":9,"Shuriken":12,"Pantograph":6,"Tingsha":0,"Boot":8,"Ring of the Snake":0},{"Ornamental Fan":4,"Shuriken":5,"Pantograph":3,"Tingsha":0,"Boot":4,"Ring of the Snake":0},{"Ornamental Fan":20,"Shuriken":24,"Pantograph":13,"Tingsha":0,"Boot":20,"Ring of the Snake":0}],"Ring of the Snake":[14]},"card_choices":[{"not_picked":["Predator","Poisoned Stab"],"picked":"Terror","floor":1},{"not_picked":["Quick Slash","Catalyst"],"picked":"Sucker Punch","floor":5},{"not_picked":["Deflect","Quick Slash"],"picked":"Phantasmal Killer","floor":6},{"not_picked":["Dagger Spray","PiercingWail"],"picked":"Prepared","floor":8},{"not_picked":["Slice","Skewer","Flying Knee"],"picked":"SKIP","floor":11},{"not_picked":["Catalyst","Deflect"],"picked":"PiercingWail","floor":13}],"player_experience":280186,"relics_obtained":[{"floor":6,"key":"Pantograph"},{"floor":8,"key":"Boot"},{"floor":9,"key":"Ornamental Fan"},{"floor":12,"key":"Shuriken"}],"event_choices":[{"cards_removed":["Strike_G"],"damage_healed":0,"gold_gain":0,"player_choice":"Card Removal","damage_taken":0,"max_hp_gain":0,"max_hp_loss":0,"event_name":"The Cleric","floor":2,"gold_loss":50},{"cards_removed":["Defend_G"],"damage_healed":0,"gold_gain":0,"player_choice":"Forget","damage_taken":0,"max_hp_gain":0,"max_hp_loss":0,"event_name":"Living Wall","floor":3,"gold_loss":0},{"cards_removed":["Defend_G"],"damage_healed":0,"gold_gain":0,"player_choice":"Card Removal","damage_taken":7,"max_hp_gain":0,"max_hp_loss":0,"event_name":"Golden Wing","floor":4,"gold_loss":0},{"damage_healed":0,"gold_gain":0,"player_choice":"Left Gold","damage_taken":0,"max_hp_gain":0,"max_hp_loss":0,"event_name":"World of Goop","floor":10,"gold_loss":29}],"is_beta":false,"boss_relics":[],"items_purged_floors":[],"is_endless":false,"potions_floor_spawned":[1,11],"killed_by":"Gremlin Nob","ascension_level":10}}