{"host":"56xwnffi6e9z5l58","time":1613662960,"event":{"mods":["Aspiration","BaseMod","Better Match","Better Note","Better Sensory Stone","BetterRewards","Colored Map","Colored Powertips","Conspire","Downfall","GifTheSpireLib","Hermit","Highlight Path","Hubris","Infinite Spire","Key Reminder","Minty Spire (QoL Compilation)","Permanent Neow","Quick Restart","Rare Cards Sparkle","Replay The Spire","StSLib","Stuff the Spire","SuperFastMode","Unceasing Turn Reminder"],"gold_per_floor":[99,112,112,287,303,303,372,174,207,224,224,224,224,256,269,366,366,266,282,297,308,308,318,318,203,287,216,228,228,238,270,285,380,380,380,392,441,457,519,529,529,540,558,558,558,558],"floor_reached":44,"language":"ENG","playtime":1885,"items_purged":["Doubt","bronze:Strike"],"score":464,"play_id":"2ef1bd28-2fda-4dff-aeb0-9ee8af6ef296","local_time":"20210218234240","is_ascension_mode":false,"campfire_choices":[{"data":"bronze:RecursiveStrike","floor":1,"key":"SMITH"},{"data":"bronze:Boost","floor":6,"key":"SMITH"},{"data":"bronze:Replicate","floor":11,"key":"SMITH"},{"data":"StuffTheSpire:Innocence","floor":13,"key":"SMITH"},{"data":"bronze:Verify","floor":18,"key":"SMITH"},{"data":"bronze:Assembly","floor":29,"key":"SMITH"},{"data":"bronze:Shell","floor":35,"key":"SMITH"}],"circlet_count":0,"master_deck":["bronze:Strike","bronze:Strike","bronze:Strike","bronze:Defend","bronze:Defend","bronze:Defend","bronze:Replicate+1","bronze:Goto","bronze:RecursiveStrike+1","bronze:ChildClass","bronze:Boost+1","bronze:Branch","bronze:Format+1","bronze:HyperBeam","bronze:GetLatest","StuffTheSpire:Innocence+1","bronze:Iterate","bronze:ChosenStrike","bronze:Verify+1","bronze:Overheat","bronze:BronzeOrb","bronze:Shell+1","bronze:Assembly+1","bronze:Safeguard","bronze:ClassDefault","bronze:FollowUp","bronze:MaxOutput","bronze:Repulsor+1","bronze:SpaghettiCode","ReplayTheSpireMod:Splinters","bronze:GetLatest+1","bronze:HardenedForm","bronze:ForceShield","bronze:Repair"],"relics":["bronze:BronzeCore","infinitespire:BottledMercury","Replay:Rubber Ducky","hubris:CuriousFeather","keyreminder:keyreminder","Painkiller Herb","downfall:HeartBlessingGreen","hubris:MobiusCoin","aspiration:Lifesprig","Eternal Feather","conspire:SlowCooker","InkBottle","Anchor"],"acts_visited":["Exordium","TheCity","TheBeyond"],"potions_floor_usage":[14,44,44],"damage_taken":[{"damage":6,"enemies":"Jaw Worm","floor":2,"turns":2},{"damage":0,"enemies":"Small Slimes","floor":5,"turns":3},{"damage":5,"enemies":"downfall:FleeingMerchant","floor":8,"turns":4},{"damage":12,"enemies":"Lagavulin","floor":9,"turns":6},{"damage":0,"enemies":"conspire:RoseBush","floor":10,"turns":2},{"damage":1,"enemies":"Gremlin Nob","floor":14,"turns":4},{"damage":3,"enemies":"Exordium Wildlife","floor":15,"turns":4},{"damage":28,"enemies":"WA_ARCHETYPE_RETAIN","floor":16,"turns":5},{"damage":0,"enemies":"3 Byrds","floor":19,"turns":4},{"damage":0,"enemies":"Shell Parasite","floor":20,"turns":3},{"damage":1,"enemies":"conspire:HollyBat","floor":21,"turns":4},{"damage":2,"enemies":"3 Cultists","floor":23,"turns":4},{"damage":0,"enemies":"downfall:FleeingMerchant","floor":25,"turns":4},{"damage":14,"enemies":"Slavers","floor":26,"turns":4},{"damage":0,"enemies":"downfall:FleeingMerchant","floor":27,"turns":4},{"damage":0,"enemies":"Chosen and Byrds","floor":28,"turns":4},{"damage":2,"enemies":"Centurion and Healer","floor":30,"turns":4},{"damage":7,"enemies":"Replay:Snechameleon","floor":31,"turns":5},{"damage":6,"enemies":"Snake Plant","floor":32,"turns":4},{"damage":10,"enemies":"IC_MUSHROOM_ARCHETYPE","floor":33,"turns":5},{"damage":1,"enemies":"3 Shapes","floor":36,"turns":4},{"damage":5,"enemies":"Orb Walker","floor":38,"turns":2},{"damage":0,"enemies":"Transient","floor":39,"turns":5},{"damage":38,"enemies":"3 Darklings","floor":40,"turns":3},{"damage":2,"enemies":"Sphere and 2 Shapes","floor":42,"turns":6},{"damage":0,"enemies":"4 Shapes","floor":43,"turns":4},{"damage":34,"enemies":"Nightmare","floor":44,"turns":9}],"seed_played":"-596805489207926694","potions_obtained":[{"floor":2,"key":"bronze:FreeFunctionsPotion"},{"floor":5,"key":"LiquidBronze"},{"floor":10,"key":"sneckomod:MuddlingPotion"},{"floor":14,"key":"EssenceOfSteel"},{"floor":16,"key":"Venom Potion"},{"floor":30,"key":"Ancient Potion"}],"is_trial":false,"path_per_floor":["R","M","?","?","M","R","T","$","E","M","R","?","R","E","M","B",null,"T","?","?","?","?","?","T","T","E","T","?","T","?","E","?","B",null,"T","?","?","?","?","?","T","?","?","NM"],"character_chosen":"THE_AUTOMATON","items_purchased":["bronze:Format+1","bronze:ClassDefault","bronze:FollowUp"],"campfire_rested":0,"item_purchase_floors":[8,27,27],"current_hp_per_floor":[70,64,64,64,64,64,64,59,47,47,47,40,40,39,36,8,70,70,70,70,69,69,67,67,67,53,53,53,53,51,44,38,28,70,70,69,69,64,64,26,26,24,24,0,0,0],"gold":558,"neow_bonus":"ONE_RANDOM_RARE_CARD","is_daily":false,"chose_seed":false,"campfire_upgraded":7,"win_rate":0.0,"timestamp":1613662960,"path_taken":["R","M","?","?","M","R","T","$","E","M","R","?","R","E","M","BOSS","T","?","?","?","?","?","T","T","E","T","?","T","?","E","?","BOSS","T","?","?","?","?","?","T","?","?","NM"],"items_purchased_type":["Card","Card","Card"],"build_version":"2020-12-22","purchased_purges":2,"victory":false,"max_hp_per_floor":[70,70,70,70,70,70,70,70,70,70,70,70,70,70,70,70,70,70,70,70,70,70,70,70,70,70,70,70,70,70,70,70,70,70,70,70,70,70,70,70,70,70,70,70,70,70],"card_choices":[{"not_picked":["bronze:Turbo","bronze:Frontload"],"picked":"bronze:ChildClass","floor":2},{"not_picked":["bronze:DelayedSlice","bronze:Branch"],"picked":"bronze:Boost","floor":5},{"not_picked":["bronze:BuggyMess","bronze:Separator"],"picked":"bronze:Branch","floor":8},{"not_picked":["bronze:BugBarrage","bronze:Iterate"],"picked":"bronze:HyperBeam","floor":9},{"not_picked":["bronze:Invalidate","bronze:OilSpill"],"picked":"bronze:GetLatest","floor":10},{"not_picked":["bronze:CloningBeam","bronze:ClassDefault"],"picked":"bronze:Iterate","floor":14},{"not_picked":["bronze:Iterate","bronze:BitShift"],"picked":"bronze:ChosenStrike","floor":15},{"not_picked":["bronze:CleanCode","bronze:FindAndReplace"],"picked":"bronze:Verify","floor":16},{"not_picked":["bronze:Shield","bronze:Branch","bronze:ChildClass"],"picked":"SKIP","floor":19},{"not_picked":["bronze:Iterate+1","bronze:WhirlingStrike"],"picked":"bronze:Overheat","floor":20},{"not_picked":["bronze:BitShift","bronze:Frontload"],"picked":"bronze:BronzeOrb","floor":21},{"not_picked":["bronze:Constructor","bronze:Iterate"],"picked":"bronze:Shell","floor":23},{"not_picked":["bronze:WhirlingStrike","bronze:ForceShield+1"],"picked":"bronze:Assembly","floor":25},{"not_picked":["bronze:Format","bronze:DelayedGuard"],"picked":"bronze:Safeguard","floor":26},{"not_picked":["bronze:Shield+1","bronze:Constructor+1","bronze:OilSpill+1"],"picked":"SKIP","floor":27},{"not_picked":["bronze:DelayedGuard+1","bronze:OilSpill"],"picked":"bronze:MaxOutput","floor":28},{"not_picked":["bronze:BuggyMess","bronze:Backtrace+1"],"picked":"bronze:Repulsor+1","floor":30},{"not_picked":["bronze:ChildClass","bronze:Separator","bronze:BronzeOrb"],"picked":"SKIP","floor":31},{"not_picked":["bronze:Iterate+1","bronze:DarkDash","bronze:Shield+1"],"picked":"SKIP","floor":32},{"not_picked":["bronze:Verify","bronze:Format"],"picked":"bronze:SpaghettiCode","floor":33},{"not_picked":["bronze:CloningBeam","bronze:Shield+1","bronze:Invalidate"],"picked":"SKIP","floor":36},{"not_picked":["bronze:DelayedSlice","bronze:Iterate"],"picked":"bronze:GetLatest+1","floor":37},{"not_picked":["bronze:WildBeam+1","bronze:Overheat+1"],"picked":"bronze:HardenedForm","floor":38},{"not_picked":["bronze:MaxOutput","bronze:Turbo","bronze:BitShift"],"picked":"SKIP","floor":39},{"not_picked":["bronze:Invalidate","bronze:DelayedGuard+1"],"picked":"bronze:ForceShield","floor":40},{"not_picked":["bronze:DarkDash","bronze:Deprecate","bronze:Overheat"],"picked":"SKIP","floor":42},{"not_picked":["bronze:Separator","bronze:Turbo"],"picked":"bronze:Repair","floor":43}],"player_experience":1039106,"relics_obtained":[{"floor":7,"key":"infinitespire:BottledMercury"},{"floor":9,"key":"Replay:Rubber Ducky"},{"floor":14,"key":"hubris:CuriousFeather"},{"floor":24,"key":"hubris:MobiusCoin"},{"floor":26,"key":"aspiration:Lifesprig"},{"floor":31,"key":"Eternal Feather"},{"floor":37,"key":"InkBottle"},{"floor":41,"key":"Anchor"}],"event_choices":[{"cards_removed":["bronze:Strike"],"damage_healed":0,"gold_gain":0,"player_choice":"Give","damage_taken":0,"max_hp_gain":0,"max_hp_loss":0,"event_name":"betterNote:BetterNote","floor":22,"gold_loss":0,"cards_obtained":["Doubt"]}],"is_beta":false,"boss_relics":[{"not_picked":["Replay:Drink Me","hubris:HollowSoul"],"picked":"Painkiller Herb"},{"not_picked":["Tiny House","SacredBark"],"picked":"conspire:SlowCooker"}],"items_purged_floors":[8,25],"is_endless":false,"potions_floor_spawned":[2,5,10,14,16,23,26,28,30,32,36,38,43],"killed_by":"Nightmare","ascension_level":0}}