{"host":"a3gu5zu37ht99mpa","time":1613614176,"event":{"mods":["100% Spire Juice","Act Like it!","BaseMod","Better Silent Start","Better Third Choice","BetterRewards","Conspire","Downfall","Energized Spire","GifTheSpireLib","Gold Saver","Halation","JesterMod","Lobotomy","LobotomyExtend","Luminous","Minty Spire (QoL Compilation)","Reliquary","StSLib","Stuff the Spire","The Administrix","The Animator","The Bug Knight","The Hayseed","The Necromancer","The Runesmith","The Saiyan","The Showman","Virulent Crown","Wandering Minibosses","yUi","??????REMEMod"],"gold_per_floor":[138,16,16,16,35,35,35,35],"floor_reached":7,"language":"ENG","playtime":326,"items_purged":[],"score":39,"play_id":"9343fd1e-10ba-40d9-8b03-b854a1d7bf6f","local_time":"20210217210936","is_ascension_mode":false,"campfire_choices":[{"data":"HollowMod:NewGlowingWomb","floor":6,"key":"SMITH"}],"circlet_count":0,"master_deck":["HollowMod:NailStrikeStart","HollowMod:NailStrikeStart","HollowMod:NailStrikeStart","HollowMod:NailStrikeStart","HollowMod:QuickDashStart","HollowMod:QuickDashStart","HollowMod:QuickDashStart","HollowMod:QuickDashStart","HollowMod:FocusHealStart","HollowMod:PogoStrike","Porccubus","HollowMod:ChannelNail","HollowMod:NewGlowingWomb+1","HollowMod:TaintedHusks","OSAHOGD","HollowMod:LifebloodCocoon"],"relics":["HollowMod:VesselMask","REME_ComplimentaryCards","CogitoBucket","RabbitCall","LetterFromLob","halation:BottledLove"],"acts_visited":["Exordium"],"potions_floor_usage":[],"damage_taken":[{"damage":0,"enemies":"Small Slimes","floor":1,"turns":3},{"damage":27,"enemies":"Jaw Worm","floor":5,"turns":4},{"damage":28,"enemies":"Lagavulin","floor":7,"turns":3}],"seed_played":"-3991927851040202940","potions_obtained":[{"floor":1,"key":"FearPotion"}],"is_trial":false,"path_per_floor":["M","$","?","?","M","R","E"],"character_chosen":"THE_BUGKNIGHT","items_purchased":["HollowMod:NewGlowingWomb","HollowMod:TaintedHusks"],"campfire_rested":0,"item_purchase_floors":[2,2],"current_hp_per_floor":[75,75,68,68,47,47,19,19],"gold":35,"neow_bonus":"","is_daily":false,"chose_seed":false,"campfire_upgraded":1,"win_rate":0.0,"timestamp":1613614176,"path_taken":["M","$","?","?","M","R","E"],"items_purchased_type":["Card","Card"],"build_version":"2020-12-22","purchased_purges":0,"victory":false,"max_hp_per_floor":[75,75,75,75,75,75,75,75],"card_choices":[{"not_picked":["Bloodbath","LittleHelper"],"picked":"Porccubus","floor":1},{"not_picked":["HollowMod:WraithStrike","HollowMod:SiblingsSouls"],"picked":"HollowMod:ChannelNail","floor":1},{"not_picked":["SingingMachine","FairyFestival"],"picked":"OSAHOGD","floor":5},{"not_picked":["HollowMod:DoubleDash","HollowMod:SoulShaman"],"picked":"HollowMod:LifebloodCocoon","floor":5}],"player_experience":113405,"relics_obtained":[{"floor":1,"key":"LetterFromLob"}],"event_choices":[{"damage_healed":0,"gold_gain":0,"player_choice":"Relic ","damage_taken":7,"max_hp_gain":0,"max_hp_loss":0,"event_name":"betterThird:BetterScrap","floor":3,"gold_loss":0,"cards_obtained":["Reckless Charge"]},{"damage_healed":0,"gold_gain":0,"player_choice":"Ignored","damage_taken":0,"max_hp_gain":0,"max_hp_loss":0,"event_name":"Golden Wing","floor":4,"gold_loss":0}],"is_beta":false,"boss_relics":[],"items_purged_floors":[],"is_endless":false,"potions_floor_spawned":[1],"killed_by":"Lagavulin","ascension_level":0}}