{"host":"aapp7ew3jk5k1bvd","time":1613651145,"event":{"mods":["AchievementEnabler","BaseMod","Colored Map","Custom Start","Keyboard Shortcuts","Minty Spire (QoL Compilation)","Permanent Neow","Quick Restart","StSLib","SuperFastMode"],"gold_per_floor":[112,132,132,57,73,73,84,84,138,153,168,168,185,198,198,293,293,307,324,249,249,269,269,294,309,309,309,323,323,341,352,352,451,451,451],"floor_reached":34,"language":"KOR","playtime":850,"items_purged":["Strike_G"],"score":514,"play_id":"67f7f6cd-a269-49e0-b5d4-f2d5ac25c3e9","local_time":"20210218212545","is_ascension_mode":true,"campfire_choices":[{"data":"Noxious Fumes","floor":6,"key":"SMITH"},{"data":"Backstab","floor":8,"key":"SMITH"},{"data":"Poisoned Stab","floor":15,"key":"SMITH"},{"floor":23,"key":"REST"},{"floor":27,"key":"REST"},{"floor":32,"key":"REST"}],"circlet_count":0,"master_deck":["Defend_G","Defend_G","Defend_G","Defend_G","Defend_G","Survivor","Neutralize","Catalyst+1","Noxious Fumes+1","Backstab+1","Bouncing Flask","Poisoned Stab+1","Burst","Masterful Stab","Backflip","Leg Sweep+1","Noxious Fumes","Leg Sweep+1","Malaise"],"relics":["Ring of the Snake","Bronze Scales","Empty Cage","Bag of Marbles","Bottled Tornado"],"acts_visited":["Exordium","TheCity"],"potions_floor_usage":[2,11,24,24,25],"damage_taken":[{"damage":0,"enemies":"2 Louse","floor":1,"turns":5},{"damage":0,"enemies":"Cultist","floor":2,"turns":6},{"damage":11,"enemies":"Small Slimes","floor":5,"turns":5},{"damage":0,"enemies":"Looter","floor":7,"turns":4},{"damage":0,"enemies":"Exordium Wildlife","floor":10,"turns":2},{"damage":5,"enemies":"Gremlin Gang","floor":11,"turns":4},{"damage":0,"enemies":"3 Louse","floor":13,"turns":4},{"damage":0,"enemies":"Looter","floor":14,"turns":2},{"damage":8,"enemies":"The Guardian","floor":16,"turns":7},{"damage":17,"enemies":"3 Byrds","floor":18,"turns":3},{"damage":3,"enemies":"Chosen","floor":19,"turns":4},{"damage":24,"enemies":"Snake Plant","floor":22,"turns":4},{"damage":11,"enemies":"Book of Stabbing","floor":24,"turns":5},{"damage":10,"enemies":"3 Cultists","floor":25,"turns":5},{"damage":2,"enemies":"Snecko","floor":28,"turns":5},{"damage":0,"enemies":"Cultist and Chosen","floor":30,"turns":5},{"damage":19,"enemies":"Chosen and Byrds","floor":31,"turns":8},{"damage":34,"enemies":"Collector","floor":33,"turns":4}],"seed_played":"-5600957285072578680","potions_obtained":[{"floor":1,"key":"AttackPotion"},{"floor":5,"key":"EssenceOfSteel"},{"floor":10,"key":"LiquidMemories"},{"floor":11,"key":"Swift Potion"},{"floor":22,"key":"EssenceOfSteel"},{"floor":25,"key":"LiquidMemories"},{"floor":30,"key":"SteroidPotion"},{"floor":33,"key":"SpeedPotion"}],"is_trial":false,"path_per_floor":["M","M","?","$","M","R","M","R","T","M","M","?","M","M","R","B",null,"M","M","?","?","M","R","E","M","T","R","M","?","M","M","R","B",null],"character_chosen":"THE_SILENT","items_purchased":[],"campfire_rested":3,"item_purchase_floors":[],"current_hp_per_floor":[63,63,63,63,52,52,52,52,52,52,47,47,47,47,47,39,62,45,42,42,42,18,39,28,18,18,39,37,37,37,18,39,5,5,5],"gold":451,"neow_bonus":"THREE_CARDS","is_daily":false,"chose_seed":false,"campfire_upgraded":3,"win_rate":0.0,"timestamp":1613651145,"path_taken":["M","M","?","$","M","R","M","R","T","M","?","?","M","M","R","BOSS","M","M","?","?","?","R","E","M","T","R","M","?","M","M","R","BOSS"],"items_purchased_type":[],"build_version":"2020-12-22","purchased_purges":1,"victory":false,"max_hp_per_floor":[70,70,70,70,70,70,70,70,70,70,70,70,70,70,70,70,70,70,70,70,70,70,70,70,70,70,70,70,70,70,70,70,70,70,70],"card_choices":[{"not_picked":["Deadly Poison","Tactician"],"picked":"Catalyst","floor":0.0},{"not_picked":["Predator","Calculated Gamble","Outmaneuver"],"picked":"SKIP","floor":1},{"not_picked":["Flying Knee","Backflip"],"picked":"Noxious Fumes","floor":2},{"not_picked":["Acrobatics","Skewer","Backflip"],"picked":"SKIP","floor":5},{"not_picked":["Dagger Spray","Sucker Punch"],"picked":"Backstab","floor":7},{"not_picked":["Terror","Sucker Punch","Deflect"],"picked":"SKIP","floor":10},{"not_picked":["Setup","PiercingWail"],"picked":"Bouncing Flask","floor":11},{"not_picked":["Unload","Dodge and Roll"],"picked":"Poisoned Stab","floor":13},{"not_picked":["Dagger Throw","Bane","Outmaneuver"],"picked":"SKIP","floor":14},{"not_picked":["Doppelganger","Venomology"],"picked":"Burst","floor":16},{"not_picked":["Cloak And Dagger","Slice","Dagger Spray"],"picked":"SKIP","floor":18},{"not_picked":["Deadly Poison","Sucker Punch+1","Underhanded Strike"],"picked":"SKIP","floor":19},{"not_picked":["Prepared","Deadly Poison+1","Infinite Blades+1"],"picked":"SKIP","floor":22},{"not_picked":["Flying Knee","Malaise"],"picked":"Backflip","floor":24},{"not_picked":["Cloak And Dagger","Terror"],"picked":"Leg Sweep+1","floor":25},{"not_picked":["Dodge and Roll","Setup"],"picked":"Noxious Fumes","floor":28},{"not_picked":["Poisoned Stab","Deflect","Acrobatics+1"],"picked":"SKIP","floor":30},{"not_picked":["Dagger Throw","Bouncing Flask"],"picked":"Leg Sweep+1","floor":31},{"not_picked":["A Thousand Cuts","Storm of Steel"],"picked":"Malaise","floor":33}],"player_experience":1028432,"relics_obtained":[{"floor":9,"key":"Bronze Scales"},{"floor":24,"key":"Bag of Marbles"},{"floor":26,"key":"Bottled Tornado"}],"event_choices":[{"damage_healed":0,"gold_gain":0,"player_choice":"Upgraded","damage_taken":0,"max_hp_gain":0,"max_hp_loss":0,"event_name":"Upgrade Shrine","floor":3,"gold_loss":0,"cards_upgraded":["Catalyst"]},{"damage_healed":0,"gold_gain":0,"player_choice":"Ignored","damage_taken":0,"max_hp_gain":0,"max_hp_loss":0,"event_name":"Liars Game","floor":12,"gold_loss":0},{"cards_removed":["Strike_G"],"damage_healed":0,"gold_gain":0,"player_choice":"Gave Gold","damage_taken":0,"max_hp_gain":0,"max_hp_loss":0,"event_name":"Beggar","floor":20,"gold_loss":75},{"damage_healed":0,"gold_gain":0,"cards_transformed":["Strike_G"],"player_choice":"Transformed","damage_taken":0,"max_hp_gain":0,"max_hp_loss":0,"event_name":"Transmorgrifier","floor":21,"gold_loss":0,"cards_obtained":["Masterful Stab"]},{"damage_healed":0,"gold_gain":0,"player_choice":"Ignored","damage_taken":0,"max_hp_gain":0,"max_hp_loss":0,"event_name":"Ghosts","floor":29,"gold_loss":0}],"is_beta":false,"boss_relics":[{"not_picked":["Fusion Hammer","Coffee Dripper"],"picked":"Empty Cage"}],"items_purged_floors":[4],"is_endless":false,"potions_floor_spawned":[1,5,10,11,22,25,30,33],"ascension_level":6}}