{"host":"ju1b3c4x8n2jtjm7","time":1613660158,"event":{"mods":["AchievementEnabler","BaseMod","Colored Map","Colored Powertips","Highlight Path","Minty Spire (QoL Compilation)","Quick Restart","Rare Cards Sparkle","Relic Stats"],"gold_per_floor":[112,128,146,221,237,272,291,291,291,321,291,305,345,371,371,475,475,491,491,491],"floor_reached":19,"language":"ENG","playtime":1397,"items_purged":[],"score":273,"play_id":"0c8a2560-6941-4069-921f-7676c8079db8","local_time":"20210218155558","is_ascension_mode":true,"campfire_choices":[{"data":"Rampage","floor":8.0,"key":"SMITH"},{"data":"Shockwave","floor":15.0,"key":"SMITH"}],"circlet_count":0,"master_deck":["Strike_R","Strike_R","Defend_R","Defend_R","Defend_R","Defend_R","Bash","Headbutt","Ghostly Armor","Rampage+1","Inflame","Impervious","Warcry","Clothesline","Shockwave+1","Headbutt","Double Tap","Seeing Red+1","Feed+1","Evolve+1"],"relics":["Burning Blood","Tiny Chest","Ginger","Du-Vu Doll","Mango","Astrolabe"],"acts_visited":["Exordium","TheCity"],"potions_floor_usage":[],"damage_taken":[{"damage":1.0,"enemies":"Jaw Worm","floor":1.0,"turns":6.0},{"damage":5.0,"enemies":"Small Slimes","floor":2.0,"turns":5.0},{"damage":1.0,"enemies":"Cultist","floor":3.0,"turns":3.0},{"damage":6.0,"enemies":"3 Louse","floor":5.0,"turns":3.0},{"damage":30.0,"enemies":"3 Sentries","floor":6.0,"turns":9.0},{"damage":3.0,"enemies":"Large Slime","floor":7.0,"turns":6.0},{"damage":15.0,"enemies":"Lagavulin","floor":10.0,"turns":7.0},{"damage":0.0,"enemies":"Exordium Thugs","floor":12.0,"turns":4.0},{"damage":3.0,"enemies":"Blue Slaver","floor":13.0,"turns":4.0},{"damage":20.0,"enemies":"Gremlin Nob","floor":14.0,"turns":5.0},{"damage":8.0,"enemies":"The Guardian","floor":16.0,"turns":11.0},{"damage":49.0,"enemies":"Shell Parasite","floor":18.0,"turns":8.0},{"damage":0,"enemies":"Spheric Guardian","floor":19,"turns":1}],"seed_played":"-8354876405038470700","potions_obtained":[{"floor":3.0,"key":"Swift Potion"},{"floor":7.0,"key":"Weak Potion"},{"floor":10.0,"key":"DistilledChaos"},{"floor":11.0,"key":"Ancient Potion"},{"floor":11.0,"key":"EssenceOfSteel"},{"floor":12.0,"key":"ColorlessPotion"},{"floor":13.0,"key":"Weak Potion"},{"floor":14.0,"key":"LiquidMemories"},{"floor":16.0,"key":"Fire Potion"}],"is_trial":false,"path_per_floor":["M","M","M","?","M","E","M","R","T","E","?","M","M","E","R","B",null,"M","M"],"character_chosen":"IRONCLAD","items_purchased":[],"campfire_rested":0,"item_purchase_floors":[],"current_hp_per_floor":[85,86,88,77,77,53,56,56,56,47,47,53,56,56,56,54,90,47,47,47],"gold":491,"neow_bonus":"TEN_PERCENT_HP_BONUS","is_daily":false,"chose_seed":false,"campfire_upgraded":2,"win_rate":0.0,"timestamp":1613660158,"path_taken":["M","M","M","?","M","E","M","R","T","E","?","M","M","E","R","BOSS","M","M"],"items_purchased_type":[],"build_version":"2020-12-22","purchased_purges":0,"victory":false,"max_hp_per_floor":[88,88,88,88,88,88,88,88,88,88,88,88,88,102,102,102,102,102,102,102],"relic_stats":{"counters":[13,72],"Astrolabe":["Seeing Red","Feed","Evolve"],"Tiny Chest":0,"Ginger":[1],"obtain_stats":[{"Du-Vu Doll":10,"Astrolabe":17,"Tiny Chest":6,"Mango":14,"Ginger":9,"Burning Blood":0},{"Du-Vu Doll":7,"Astrolabe":11,"Tiny Chest":5,"Mango":10,"Ginger":6,"Burning Blood":0},{"Du-Vu Doll":39,"Astrolabe":63,"Tiny Chest":26,"Mango":52,"Ginger":32,"Burning Blood":0}],"Burning Blood":69},"card_choices":[{"not_picked":["Shrug It Off","Second Wind"],"picked":"Headbutt","floor":1.0},{"not_picked":["Body Slam","Twin Strike"],"picked":"Ghostly Armor","floor":2.0},{"not_picked":["Shrug It Off","Heavy Blade"],"picked":"Rampage","floor":3.0},{"not_picked":["Headbutt","Wild Strike"],"picked":"Inflame","floor":5.0},{"not_picked":["Anger","Perfected Strike"],"picked":"Impervious","floor":6.0},{"not_picked":["Sword Boomerang","Body Slam"],"picked":"Warcry","floor":7.0},{"not_picked":["Wild Strike","Searing Blow"],"picked":"Clothesline","floor":10.0},{"not_picked":["Bloodletting","Body Slam"],"picked":"Shockwave","floor":12.0},{"not_picked":["Wild Strike","Anger","Thunderclap"],"picked":"SKIP","floor":13.0},{"not_picked":["Shockwave","Armaments"],"picked":"Headbutt","floor":14.0},{"not_picked":["Brutality","Limit Break"],"picked":"Double Tap","floor":16.0},{"not_picked":["Searing Blow+1","Bloodletting","Clothesline"],"picked":"SKIP","floor":18.0}],"player_experience":380420,"relics_obtained":[{"floor":6.0,"key":"Tiny Chest"},{"floor":9.0,"key":"Ginger"},{"floor":10.0,"key":"Du-Vu Doll"},{"floor":14.0,"key":"Mango"}],"event_choices":[{"damage_healed":0.0,"max_hp_gain":0.0,"max_hp_loss":0.0,"gold_gain":75.0,"event_name":"World of Goop","player_choice":"Gather Gold","floor":4.0,"gold_loss":0.0,"damage_taken":11.0},{"damage_healed":0.0,"max_hp_gain":0.0,"max_hp_loss":0.0,"gold_gain":0.0,"event_name":"The Woman in Blue","player_choice":"Bought 2 Potions","floor":11.0,"gold_loss":0.0,"damage_taken":0.0}],"is_beta":false,"boss_relics":[{"not_picked":["Empty Cage","Fusion Hammer"],"picked":"Astrolabe"}],"items_purged_floors":[],"is_endless":false,"potions_floor_spawned":[3,7,10,12,13,14,16],"killed_by":"Spheric Guardian","ascension_level":6}}