{"host":"5inz41fcnifmg6v2","time":1613656513,"event":{"mods":["BaseMod","Downfall","Minty Spire (QoL Compilation)","Reliquary","Replay The Spire","StSLib"],"gold_per_floor":[115,115,126,145,5,5,33,33,85,160,185,211,246,23,23,149,149,165,165,165,65,80,80,80,80,80,120,30,74,93,117,117,245,245,265,349,204,204,229,270,270,294,294,38,72,86,105,105,105,105,105,105,1,1,1],"floor_reached":54,"language":"ZHS","playtime":4547,"items_purged":["Pain","Doubt"],"score":1199,"play_id":"8eeedb44-7776-421d-babb-6cc4ffdede4f","local_time":"20210218215513","is_ascension_mode":true,"campfire_choices":[{"floor":6,"key":"RECALL"},{"floor":8,"key":"REST"},{"data":"Barricade","floor":23,"key":"SMITH"},{"data":"Armaments","floor":25,"key":"SMITH"},{"data":"Shrug It Off","floor":41,"key":"SMITH"},{"floor":49,"key":"REST"},{"data":"Impervious","floor":52,"key":"SMITH"}],"circlet_count":0,"master_deck":["Strike_R+1","Defend_R","Defend_R","Defend_R","Defend_R","Bash+1","Cleave","Body Slam+1","Shrug It Off+1","Impervious","Twin Strike","Immolate","Impervious+1","Injury","Barricade+1","Power Through+1","Burning Pact+1","Rampage+1","Juggernaut","Armaments+1","Double Tap","Twin Strike+1","Thunderclap","RitualDagger","Double Tap","Feel No Pain+1","Hemokinesis+1","Cleave+1","Armaments+1","Parasite","Pommel Strike+1","Impervious","ReplayTheSpireMod:Stacked+1","Sentinel+1","Warcry"],"relics":["Burning Blood","NeowsBlessing","WarpedTongs","Whetstone","Pet Ghost","Anchor","reliquary:Knoch","DollysMirror","Golden Idol","Astrolabe","sneckomod:BabySnecko","Boot","reliquary:RoseTintedGlasses","reliquary:TatteredRug","TungstenRod","Black Star","PreservedInsect","reliquary:Spinner","White Beast Statue","Bottled Tornado","reliquary:PrincelyHelmet","Molten Egg 2","Red Skull"],"acts_visited":["Exordium","TheCity","TheBeyond","TheEnding"],"potions_floor_usage":[16,29,29,33,33,42,45,50,50],"damage_taken":[{"damage":0,"enemies":"Small Slimes","floor":1,"turns":1},{"damage":0,"enemies":"Cultist","floor":3,"turns":1},{"damage":0,"enemies":"2 Louse","floor":4,"turns":1},{"damage":41,"enemies":"Lagavulin","floor":7,"turns":9},{"damage":18,"enemies":"Gremlin Nob","floor":11,"turns":3},{"damage":3,"enemies":"Lagavulin","floor":13,"turns":3},{"damage":33,"enemies":"The Guardian","floor":16,"turns":13},{"damage":14,"enemies":"3 Byrds","floor":18,"turns":5},{"damage":11,"enemies":"Shell Parasite","floor":22,"turns":5},{"damage":15,"enemies":"Replay:Snechameleon","floor":27,"turns":6},{"damage":37,"enemies":"Slavers","floor":29,"turns":7},{"damage":0,"enemies":"Shelled Parasite and Fungi","floor":30,"turns":6},{"damage":0,"enemies":"Snecko","floor":31,"turns":4},{"damage":9,"enemies":"Pondfish","floor":33,"turns":10},{"damage":0,"enemies":"Orb Walker","floor":35,"turns":4},{"damage":8,"enemies":"3 Shapes","floor":39,"turns":4},{"damage":5,"enemies":"R_Hoarder","floor":40,"turns":10},{"damage":46,"enemies":"Writhing Mass","floor":42,"turns":6},{"damage":1,"enemies":"Giant Head","floor":45,"turns":8},{"damage":1,"enemies":"Maw","floor":46,"turns":10},{"damage":14,"enemies":"Transient","floor":47,"turns":5},{"damage":6,"enemies":"Time Eater","floor":50,"turns":11},{"damage":85,"enemies":"Shield and Spear","floor":54,"turns":7}],"seed_played":"-5167438091086962444","potions_obtained":[{"floor":11,"key":"Guardian:BlockOnCardUsePotion"},{"floor":13,"key":"Swift Potion"},{"floor":16,"key":"Weak Potion"},{"floor":18,"key":"Guardian:BlockOnCardUsePotion"},{"floor":30,"key":"bronze:BurnAndBuffPotion"},{"floor":33,"key":"EssenceOfSteel"},{"floor":36,"key":"Ancient Potion"},{"floor":36,"key":"GamblersBrew"},{"floor":42,"key":"LiquidMemories"},{"floor":45,"key":"Venom Potion"},{"floor":46,"key":"SpeedPotion"},{"floor":47,"key":"Fire Potion"}],"is_trial":false,"path_per_floor":["M","?","M","M","$","R","E","R","T","?","E","T","E","$","R","B",null,"M","?","?","$","M","R","?","R","T","E","?","E","M","M","R","B",null,"M","?","$","?","M","E","R","M","T","$","E","M","M","?","R","B",null,"R","$","E"],"character_chosen":"IRONCLAD","items_purchased":["Impervious","DollysMirror","PreservedInsect","reliquary:PrincelyHelmet","Weak Potion","Warcry"],"campfire_rested":2,"item_purchase_floors":[5,14,37,44,53,53],"current_hp_per_floor":[80,80,80,80,80,80,45,69,69,58,46,46,49,49,49,22,80,72,72,72,72,67,67,67,67,67,58,58,27,33,39,34,31,80,80,80,80,80,78,79,79,39,39,39,44,49,41,41,65,65,80,80,80,0,0],"gold":1,"neow_bonus":"THREE_ENEMY_KILL","is_daily":false,"chose_seed":false,"campfire_upgraded":4,"win_rate":0.0,"timestamp":1613656513,"path_taken":["M","?","?","M","?","R","E","R","T","?","E","?","E","$","R","BOSS","M","?","?","?","M","R","?","R","T","E","?","E","M","?","R","BOSS","M","?","?","?","?","E","R","M","T","?","E","M","M","?","R","BOSS","R","$","E"],"items_purchased_type":["Card","Relic","Relic","Relic","Potion","Card"],"build_version":"2020-12-22","purchased_purges":2,"victory":false,"max_hp_per_floor":[80,80,80,80,80,80,80,80,80,80,80,80,80,80,80,80,80,80,80,80,80,80,80,80,80,80,80,80,80,80,80,80,80,80,80,80,80,80,80,80,80,80,80,80,80,80,80,80,80,80,80,80,80,80,80],"card_choices":[{"not_picked":["Havoc","Iron Wave"],"picked":"Cleave","floor":1},{"not_picked":["Seeing Red","Immolate"],"picked":"Body Slam","floor":3},{"not_picked":["Wild Strike","Run Through"],"picked":"Shrug It Off","floor":4},{"not_picked":["Clash","Wild Strike"],"picked":"Twin Strike","floor":7},{"not_picked":["Iron Wave","Shockwave"],"picked":"Immolate","floor":11},{"not_picked":["Havoc","ReplayTheSpireMod:Limb From Limb","Demonic Infusion"],"picked":"SKIP","floor":13},{"not_picked":["Impervious","Brutality"],"picked":"Barricade","floor":16},{"not_picked":["Clash","Havoc"],"picked":"Rampage+1","floor":18},{"not_picked":["Twin Strike","Wild Strike"],"picked":"Armaments","floor":22},{"not_picked":["Flex","Clothesline","ReplayTheSpireMod:Limb From Limb+1"],"picked":"SKIP","floor":27},{"not_picked":["Body Slam","Flex"],"picked":"Double Tap","floor":29},{"not_picked":["Headbutt","Rupture"],"picked":"Twin Strike+1","floor":30},{"not_picked":["Wild Strike","Perfected Strike+1"],"picked":"Thunderclap","floor":31},{"not_picked":["Hemogenesis","Reaper"],"picked":"Double Tap","floor":33},{"not_picked":["Pummel+1","Wild Strike+1"],"picked":"Feel No Pain+1","floor":35},{"not_picked":["Burning Pact","Havoc"],"picked":"Hemokinesis+1","floor":36},{"not_picked":["Headbutt","Warcry"],"picked":"Cleave+1","floor":39},{"not_picked":["Headbutt","Heavy Blade"],"picked":"Armaments+1","floor":40},{"not_picked":["Run Through+1","Armaments"],"picked":"Pommel Strike+1","floor":42},{"not_picked":["Pommel Strike+1","Cleave+1"],"picked":"Impervious","floor":45},{"not_picked":["ReplayTheSpireMod:Limb From Limb+1","Dual Wield"],"picked":"ReplayTheSpireMod:Stacked+1","floor":46},{"not_picked":["Evolve+1","Intimidate"],"picked":"Sentinel+1","floor":47}],"player_experience":118870,"relics_obtained":[{"floor":7,"key":"Whetstone"},{"floor":11,"key":"Pet Ghost"},{"floor":12,"key":"Anchor"},{"floor":13,"key":"reliquary:Knoch"},{"floor":26,"key":"reliquary:RoseTintedGlasses"},{"floor":27,"key":"reliquary:TatteredRug"},{"floor":29,"key":"TungstenRod"},{"floor":40,"key":"reliquary:Spinner"},{"floor":40,"key":"White Beast Statue"},{"floor":43,"key":"Bottled Tornado"},{"floor":45,"key":"Molten Egg 2"},{"floor":45,"key":"Red Skull"}],"event_choices":[{"damage_healed":0,"gold_gain":0,"player_choice":"Rummage","damage_taken":0,"relics_obtained":["WarpedTongs"],"max_hp_gain":0,"max_hp_loss":0,"event_name":"Accursed Blacksmith","floor":2,"gold_loss":0,"cards_obtained":["Pain"]},{"damage_healed":0,"gold_gain":75,"player_choice":"Gather Gold","damage_taken":11,"max_hp_gain":0,"max_hp_loss":0,"event_name":"World of Goop","floor":10,"gold_loss":0},{"damage_healed":0,"gold_gain":0,"player_choice":"Take Wound","damage_taken":0,"relics_obtained":["Golden Idol"],"max_hp_gain":0,"max_hp_loss":0,"event_name":"Golden Idol","floor":15,"gold_loss":0,"cards_obtained":["Injury"]},{"damage_healed":0,"gold_gain":0,"cards_transformed":["Perfected Strike","downfall:Bewildered"],"player_choice":"Became Test Subject","damage_taken":0,"max_hp_gain":0,"max_hp_loss":0,"event_name":"Drug Dealer","floor":20,"gold_loss":0,"cards_obtained":["Juggernaut","Doubt"]},{"damage_healed":0,"gold_gain":0,"player_choice":"Stole Relic","damage_taken":0,"relics_obtained":["Boot"],"max_hp_gain":0,"max_hp_loss":0,"event_name":"Addict","floor":24,"gold_loss":0,"cards_obtained":["Shame"]},{"cards_removed":["Shame"],"damage_healed":0,"gold_gain":0,"player_choice":"Upgrade and Remove","damage_taken":0,"max_hp_gain":0,"max_hp_loss":0,"event_name":"Designer","floor":28,"gold_loss":90,"cards_upgraded":["Body Slam"]},{"damage_healed":0,"gold_gain":0,"player_choice":"Joined the Cult","damage_taken":6,"max_hp_gain":0,"max_hp_loss":0,"event_name":"Nest","floor":32,"gold_loss":0,"cards_obtained":["RitualDagger"]},{"damage_healed":0,"gold_gain":0,"player_choice":"Ignored","damage_taken":0,"max_hp_gain":0,"max_hp_loss":0,"event_name":"Tomb of Lord Red Mask","floor":38,"gold_loss":0},{"cards_removed":["Strike_R"],"damage_healed":0,"gold_gain":0,"player_choice":"Removed Attack","damage_taken":0,"max_hp_gain":0,"max_hp_loss":0,"event_name":"Falling","floor":48,"gold_loss":0}],"is_beta":false,"boss_relics":[{"not_picked":["ReplayTheSpireMod:DimensionalGlitch","bronze:MakeshiftBattery"],"picked":"Astrolabe"},{"not_picked":["Ooze Armor","reliquary:KinkedSpring"],"picked":"Black Star"}],"items_purged_floors":[14,21],"is_endless":false,"potions_floor_spawned":[11,13,16,18,22,30,33,42,45,46,47],"killed_by":"Shield and Spear","ascension_level":3}}