{"host":"phapnj0danpxvjlm","time":1613691430,"event":{"mods":["BaseMod","Better Note","Better Third Choice","Bossed Relics","Colored Powertips","Downfall","Hermit","Lobotomy","Marisa????????","Minty Spire (QoL Compilation)","Permanent Neow","Quick Restart","Rare Cards Sparkle","Spire Arcade","StSLib","The Animator","The Necromancer","The Wild Card"],"gold_per_floor":[114,189,189,204,204,235,250,275,323,356,388,388,39,50,50,170,170,204,204,236,264,291,291,291,291,291,291,341,119,132,161,161,266,266,280,280,350,369,369,369,396,396,450,450,467,21,32,44,44,44],"floor_reached":51,"language":"ENG","playtime":1928,"items_purged":[],"score":723,"play_id":"91521b5c-2891-496a-9fdc-9efa29e55e1c","local_time":"20210219003710","is_ascension_mode":false,"campfire_choices":[{"floor":12,"key":"REST"},{"data":"PropBag","floor":15,"key":"SMITH"},{"floor":23,"key":"REST"},{"data":"FinalSpark","floor":25,"key":"SMITH"},{"data":"SporeBomb","floor":27,"key":"SMITH"},{"data":"MillisecondPulsars","floor":32,"key":"SMITH"},{"floor":40,"key":"REST"},{"floor":42,"key":"REST"},{"data":"CollectingQuirk","floor":44,"key":"SMITH"},{"floor":49,"key":"REST"}],"circlet_count":0,"master_deck":["Strike_MRS+1","Strike_MRS","Strike_MRS","Strike_MRS","Defend_MRS","Defend_MRS","Defend_MRS","MasterSpark+1","UpSweep","CurseOfTheBell","CurseOfTheBell","EnergyFlow","DC","WitchOfGreed","SporeBomb+1","PowerUp","NonDirectionalLaser","PropBag+1","FinalSpark+1","DC+1","GrandCross","StarBarrage+1","StarlightTyphoon+1","MillisecondPulsars+1","CollectingQuirk+1","MysteriousBeam","Parasite","DoubleSpark+1"],"relics":["MiniHakkero","Happy Flower","downfall:ExtraCursedBell","MealTicket","Eternal Feather","Bird Faced Urn","BreadOfAWashokuLover","Whetstone","TungstenRod","Tiny House","AmplifyWand","Vajra","Bag of Marbles","CatCart","Strawberry","Mercury Hourglass","Lee\u0027s Waffle"],"acts_visited":["Exordium","TheCity","TheBeyond"],"potions_floor_usage":[8,8,11,16,16,20,22,22,28,28,33,33,37,37,38,41,48,50],"damage_taken":[{"damage":7,"enemies":"2 Louse","floor":1,"turns":2},{"damage":0,"enemies":"Small Slimes","floor":4,"turns":2},{"damage":40,"enemies":"Lagavulin","floor":6,"turns":7},{"damage":1,"enemies":"Cultist","floor":7,"turns":3},{"damage":10,"enemies":"Exordium Thugs","floor":8,"turns":4},{"damage":42,"enemies":"Gremlin Gang","floor":10,"turns":5},{"damage":6,"enemies":"Large Slime","floor":11,"turns":5},{"damage":7,"enemies":"Blue Slaver","floor":14,"turns":3},{"damage":47,"enemies":"The Guardian","floor":16,"turns":6},{"damage":11,"enemies":"3 Byrds","floor":18,"turns":5},{"damage":18,"enemies":"Shell Parasite","floor":20,"turns":5},{"damage":28,"enemies":"Snake Plant","floor":21,"turns":4},{"damage":22,"enemies":"Cultist and Chosen","floor":22,"turns":6},{"damage":20,"enemies":"Gremlin Leader","floor":28,"turns":4},{"damage":14,"enemies":"3 Cultists","floor":30,"turns":5},{"damage":16,"enemies":"Snake Plant","floor":31,"turns":3},{"damage":58,"enemies":"Champ","floor":33,"turns":9},{"damage":13,"enemies":"Orb Walker","floor":35,"turns":3},{"damage":26,"enemies":"Orin","floor":37,"turns":8},{"damage":32,"enemies":"3 Darklings","floor":38,"turns":5},{"damage":24,"enemies":"Sphere and 2 Shapes","floor":41,"turns":6},{"damage":28,"enemies":"Writhing Mass","floor":45,"turns":5},{"damage":38,"enemies":"Maw","floor":47,"turns":6},{"damage":56,"enemies":"Transient","floor":48,"turns":5},{"damage":64,"enemies":"Donu and Deca","floor":50,"turns":7}],"seed_played":"1147324423376633355","potions_obtained":[{"floor":4,"key":"SkillPotion"},{"floor":7,"key":"BlessingOfTheForge"},{"floor":8,"key":"FairyPotion"},{"floor":10,"key":"Regen Potion"},{"floor":11,"key":"SkillPotion"},{"floor":11,"key":"Swift Potion"},{"floor":16,"key":"Dexterity Potion"},{"floor":18,"key":"BottledSpark"},{"floor":20,"key":"Energy Potion"},{"floor":20,"key":"LiquidMemories"},{"floor":22,"key":"Swift Potion"},{"floor":22,"key":"Energy Potion"},{"floor":28,"key":"EssenceOfSteel"},{"floor":28,"key":"CultistPotion"},{"floor":31,"key":"AttackPotion"},{"floor":35,"key":"BottledSpark"},{"floor":37,"key":"AttackPotion"},{"floor":38,"key":"Block Potion"},{"floor":41,"key":"FairyPotion"},{"floor":47,"key":"Slimebound:ThreeZeroPotion"}],"is_trial":false,"path_per_floor":["M","?","?","M","?","E","M","M","T","M","M","R","$","M","R","B",null,"M","?","M","M","M","R","T","R","T","R","E","$","M","M","R","B",null,"M","?","?","M","?","R","M","R","T","R","M","$","M","M","R","B",null],"character_chosen":"MARISA","items_purchased":["TungstenRod","NonDirectionalLaser","MillisecondPulsars","Bag of Marbles","Mercury Hourglass","Lee\u0027s Waffle","Strength Potion"],"campfire_rested":5,"item_purchase_floors":[13,13,29,29,46,46,46],"current_hp_per_floor":[68,57,57,57,62,24,23,17,17,3,15,48,63,56,65,22,80,71,71,58,46,30,66,66,78,78,80,62,77,67,55,70,17,80,67,67,46,18,18,57,43,80,87,87,59,94,58,17,60,1],"gold":44,"neow_bonus":"RANDOM_COMMON_RELIC","is_daily":false,"chose_seed":false,"campfire_upgraded":5,"win_rate":0.0,"timestamp":1613691430,"path_taken":["M","?","?","M","?","E","M","M","T","M","M","R","$","M","R","BOSS","M","?","?","M","?","R","?","R","T","R","E","$","M","?","R","BOSS","M","?","?","M","?","R","?","R","T","R","?","$","M","M","R","BOSS"],"items_purchased_type":["Relic","Card","Card","Relic","Relic","Relic","Potion"],"build_version":"2020-12-22","purchased_purges":0,"victory":true,"max_hp_per_floor":[75,75,75,75,80,80,80,80,80,80,80,80,80,80,80,80,80,80,80,80,80,80,80,80,80,80,80,80,80,80,80,80,80,80,80,80,80,80,80,80,80,80,87,87,87,94,94,94,94,94],"card_choices":[{"not_picked":["ShootingEcho","EarthLightRay","DarkSpark"],"picked":"SKIP","floor":1},{"not_picked":["AlicesGift","GravityBeat"],"picked":"EnergyFlow","floor":4},{"not_picked":["WitchOfGreed","ShootingEcho"],"picked":"DC","floor":6},{"not_picked":["LuminesStrike","AsteroidBelt"],"picked":"WitchOfGreed","floor":7},{"not_picked":["AsteroidBelt","EnergyFlow"],"picked":"SporeBomb","floor":8},{"not_picked":["GalacticHalo","SprinkleStarSeal"],"picked":"PowerUp","floor":10},{"not_picked":["SatelliteIllusion","Orbital","MilkyWay"],"picked":"SKIP","floor":11},{"not_picked":["SporeBomb","GalacticHalo"],"picked":"PropBag","floor":14},{"not_picked":["StarDustReverie","MillisecondPulsars"],"picked":"FinalSpark","floor":16},{"not_picked":["LuminesStrike+1","6A"],"picked":"DC+1","floor":18},{"not_picked":["WitchOfGreed","Occultation"],"picked":"GrandCross","floor":20},{"not_picked":["AsteroidBelt","NonDirectionalLaser","MilkyWay"],"picked":"SKIP","floor":21},{"not_picked":["GasGiant","EnergyRecoil+1"],"picked":"StarBarrage+1","floor":22},{"not_picked":["GalacticHalo","GravityBeat"],"picked":"StarlightTyphoon+1","floor":28},{"not_picked":["LuminesStrike","DoubleSpark"],"picked":"CollectingQuirk","floor":30},{"not_picked":["StarlightTyphoon","EventHorizon","DC"],"picked":"SKIP","floor":31},{"not_picked":["LuminesStrike+1","DC+1"],"picked":"MysteriousBeam","floor":35},{"not_picked":["IllusionStar+1","EnergyRecoil+1","MilkyWay+1"],"picked":"SKIP","floor":38},{"not_picked":["AsteroidBelt+1","IllusionStar","OpenUniverse+1"],"picked":"SKIP","floor":41},{"not_picked":["EnergyFlow","6A"],"picked":"DoubleSpark+1","floor":45},{"not_picked":["MilkyWay","SporeBomb","AsteroidBelt"],"picked":"SKIP","floor":47},{"not_picked":["OpenUniverse+1","DoubleSpark+1","MaximisePower"],"picked":"SKIP","floor":48}],"player_experience":611809,"relics_obtained":[{"floor":3,"key":"MealTicket"},{"floor":3,"key":"Eternal Feather"},{"floor":3,"key":"Bird Faced Urn"},{"floor":6,"key":"BreadOfAWashokuLover"},{"floor":9,"key":"Whetstone"},{"floor":26,"key":"AmplifyWand"},{"floor":28,"key":"Vajra"},{"floor":37,"key":"CatCart"},{"floor":43,"key":"Strawberry"}],"event_choices":[{"damage_healed":0,"gold_gain":75,"player_choice":"Gold","damage_taken":11,"max_hp_gain":0,"max_hp_loss":0,"event_name":"betterThird:BetterGoop","floor":2,"gold_loss":0},{"damage_healed":0,"gold_gain":0,"player_choice":"Donut","damage_taken":0,"max_hp_gain":5,"max_hp_loss":0,"event_name":"Big Fish","floor":5,"gold_loss":0},{"damage_healed":0,"gold_gain":0,"player_choice":"Ignored","damage_taken":0,"max_hp_gain":0,"max_hp_loss":0,"event_name":"betterNote:BetterNote","floor":19,"gold_loss":0,"cards_obtained":["Slimebound:MassRepurpose"]},{"cards_removed":["Defend_MRS"],"damage_healed":0,"gold_gain":0,"player_choice":"Removed Skill","damage_taken":0,"max_hp_gain":0,"max_hp_loss":0,"event_name":"Falling","floor":36,"gold_loss":0},{"damage_healed":0,"gold_gain":0,"player_choice":"Fight","damage_taken":0,"max_hp_gain":0,"max_hp_loss":0,"event_name":"OrinTheCat","floor":37,"gold_loss":0},{"damage_healed":0,"gold_gain":0,"player_choice":"Ignored","damage_taken":0,"max_hp_gain":0,"max_hp_loss":0,"event_name":"Mysterious Sphere","floor":39,"gold_loss":0}],"is_beta":false,"boss_relics":[{"not_picked":["RampagingMagicTools","Coffee Dripper"],"picked":"Tiny House"},{"not_picked":["bronze:MakeshiftBattery","Velvet Choker","Runic Pyramid"]}],"items_purged_floors":[],"is_endless":false,"potions_floor_spawned":[4,7,11,20,22,28,30,31,35,38,47],"ascension_level":0}}