{"host":"1dkd4flhdqbv9eyg","time":1613631813,"event":{"mods":["AchievementEnabler","Aspiration","BaseMod","Better Note","DeckTracker","Energized Spire","Evolution","Gold Saver","Minty Spire (QoL Compilation)","Spicy Shops","StSLib"],"gold_per_floor":[1118,1136,1155,494,494,494,519,519,519,534,9,20,30,43,43,139,139,152,167,167,42,53,82,82,82,108,121,14,27,46,73,73,178,178,192,42,59,70,82,82,107,107,107,123,152,169,182,193,193,193,193,193,36,69,69,69],"floor_reached":55,"language":"ENG","playtime":3412,"items_purged":["Parasite","Malaise","Eviscerate","Quick Slash"],"score":777,"play_id":"a7c156f6-5446-403c-8bb4-5da7b758cc96","local_time":"20210217230333","is_ascension_mode":false,"campfire_choices":[{"data":"Poisoned Stab","floor":6,"key":"SMITH"},{"data":"Catalyst","floor":8,"key":"SMITH"},{"floor":15,"key":"REST"},{"floor":24,"key":"REST"},{"floor":32,"key":"REST"},{"floor":40,"key":"RECALL"},{"data":"Noxious Fumes","floor":42,"key":"SMITH"},{"floor":49,"key":"REST"},{"data":"Bouncing Flask","floor":52,"key":"SMITH"}],"circlet_count":0,"master_deck":["Bane","Poisoned Stab+1","Strike_G","Strike_G","Strike_G","Defend_G","Defend_G","Defend_G","Defend_G","Survivor","Neutralize","Dodge and Roll","Backflip","Bouncing Flask+1","Crippling Poison","Catalyst+1","Sadistic Nature","Bane","Poisoned Stab","Adrenaline","Escape Plan","Deadly Poison","Deadly Poison","Backflip","Poisoned Stab","Deadly Poison+1","Escape Plan+1","Noxious Fumes+1","Parasite"],"relics":["Ring of the Snake","EVO:Axolotl","Snake Skull","Tough Bandages","Vajra","aspiration:VileToxins","Pear","aspiration:FutureDiary","Happy Flower","aspiration:StickyExplosives_weak","Bag of Preparation","Mummified Hand","energizedSpire:DeadBattery","MealTicket","Shuriken","PreservedInsect","TwistedFunnel","Mango"],"acts_visited":["Exordium","TheCity","TheBeyond","TheEnding"],"potions_floor_usage":[16,16,45,50,50,50],"damage_taken":[{"damage":0,"enemies":"Cultist","floor":1,"turns":4},{"damage":2,"enemies":"Jaw Worm","floor":2,"turns":5},{"damage":0,"enemies":"2 Louse","floor":3,"turns":3},{"damage":11,"enemies":"3 Sentries","floor":7,"turns":8},{"damage":5,"enemies":"Blue Slaver","floor":10,"turns":3},{"damage":8,"enemies":"Exordium Wildlife","floor":12,"turns":2},{"damage":4,"enemies":"Exordium Thugs","floor":13,"turns":3},{"damage":4,"enemies":"3 Louse","floor":14,"turns":3},{"damage":10,"enemies":"The Guardian","floor":16,"turns":3},{"damage":0,"enemies":"3 Byrds","floor":18,"turns":2},{"damage":6,"enemies":"Shell Parasite","floor":19,"turns":4},{"damage":1,"enemies":"Centurion and Healer","floor":22,"turns":3},{"damage":21,"enemies":"Slavers","floor":23,"turns":3},{"damage":6,"enemies":"Shelled Parasite and Fungi","floor":27,"turns":2},{"damage":0,"enemies":"Snake Plant","floor":29,"turns":2},{"damage":6,"enemies":"Cultist and Chosen","floor":30,"turns":2},{"damage":8,"enemies":"Gremlin Leader","floor":31,"turns":3},{"damage":14,"enemies":"Champ","floor":33,"turns":5},{"damage":0,"enemies":"Orb Walker","floor":35,"turns":1},{"damage":5,"enemies":"3 Shapes","floor":37,"turns":3},{"damage":0,"enemies":"Sphere and 2 Shapes","floor":38,"turns":3},{"damage":0,"enemies":"Transient","floor":39,"turns":5},{"damage":9,"enemies":"Reptomancer","floor":41,"turns":3},{"damage":0,"enemies":"Writhing Mass","floor":44,"turns":2},{"damage":22,"enemies":"Nemesis","floor":45,"turns":5},{"damage":13,"enemies":"4 Shapes","floor":46,"turns":4},{"damage":0,"enemies":"Transient","floor":47,"turns":5},{"damage":0,"enemies":"Spire Growth","floor":48,"turns":2},{"damage":30,"enemies":"Time Eater","floor":50,"turns":5},{"damage":36,"enemies":"Shield and Spear","floor":54,"turns":4},{"damage":56,"enemies":"The Heart","floor":55,"turns":3}],"seed_played":"9139637319093846291","potions_obtained":[{"floor":2,"key":"Poison Potion"},{"floor":10,"key":"Poison Potion"},{"floor":14,"key":"Dexterity Potion"},{"floor":19,"key":"Block Potion"},{"floor":22,"key":"Weak Potion"},{"floor":33,"key":"DuplicationPotion"},{"floor":37,"key":"BlessingOfTheForge"},{"floor":47,"key":"SpeedPotion"}],"is_trial":false,"path_per_floor":["M","M","M","$","?","R","E","R","T","M","$","M","M","M","R","B",null,"M","M","?","$","M","E","R","T","T","M","$","M","M","E","R","B",null,"M","$","M","M","M","R","E","R","T","M","E","M","M","M","R","B",null,"R","$","E","B"],"character_chosen":"THE_SILENT","items_purchased":["Snake Skull","Crippling Poison","Quick Slash","Tough Bandages","Vajra","Sadistic Nature","Pear","Backflip","Poisoned Stab","TwistedFunnel"],"campfire_rested":4,"item_purchase_floors":[4,4,4,4,4,11,11,28,28,53],"current_hp_per_floor":[70,68,68,67,67,67,56,56,56,51,61,53,49,45,68,58,77,77,71,71,71,70,49,72,72,72,66,66,66,60,52,75,61,77,77,77,72,72,72,72,63,63,63,63,41,28,28,28,51,21,77,77,77,55,0,0],"gold":69,"neow_bonus":"ONE_RANDOM_RARE_CARD","is_daily":false,"chose_seed":false,"campfire_upgraded":4,"win_rate":0.0,"timestamp":1613631813,"path_taken":["M","M","M","$","?","R","E","R","T","M","$","M","M","?","R","BOSS","M","M","?","$","M","E","R","?","T","?","?","M","M","E","R","BOSS","M","$","M","M","M","R","E","R","T","M","E","M","?","?","R","BOSS","R","$","E","BOSS"],"items_purchased_type":["Relic","Card","Card","Relic","Relic","Card","Relic","Card","Card","Relic"],"build_version":"2020-12-22","purchased_purges":4,"victory":false,"max_hp_per_floor":[70,70,70,67,67,67,67,67,67,67,77,77,77,77,77,77,77,77,77,77,77,77,77,77,77,77,77,77,77,77,77,77,77,77,77,77,77,77,77,77,77,77,77,77,77,77,77,77,77,77,77,77,77,91,91,91],"card_choices":[{"not_picked":["Sucker Punch","All Out Attack"],"picked":"Dodge and Roll","floor":1},{"not_picked":["Dodge and Roll","Escape Plan"],"picked":"Backflip","floor":2},{"not_picked":["Expertise","Underhanded Strike"],"picked":"Bouncing Flask","floor":3},{"not_picked":["Riddle With Holes","Deflect"],"picked":"Catalyst","floor":7},{"not_picked":["PiercingWail","Reflex","Eviscerate"],"picked":"SKIP","floor":10},{"not_picked":["Quick Slash","Backflip"],"picked":"Bane","floor":12},{"not_picked":["Acrobatics","PiercingWail"],"picked":"Poisoned Stab","floor":13},{"not_picked":["Eviscerate","Dagger Spray","Dagger Throw"],"picked":"SKIP","floor":14},{"not_picked":["aspiration:Lunge","Doppelganger"],"picked":"Adrenaline","floor":16},{"not_picked":["Slice","Accuracy+1"],"picked":"Escape Plan","floor":18},{"not_picked":["PiercingWail","Eviscerate"],"picked":"Deadly Poison","floor":19},{"not_picked":["Infinite Blades","PiercingWail","Eviscerate+1"],"picked":"SKIP","floor":22},{"not_picked":["Distraction+1","Cloak And Dagger"],"picked":"Deadly Poison","floor":23},{"not_picked":["Malaise","Dagger Throw+1","Accuracy"],"picked":"SKIP","floor":27},{"not_picked":["Dodge and Roll","Predator","Poisoned Stab"],"picked":"SKIP","floor":29},{"not_picked":["Dagger Spray","Expertise+1","Dagger Throw"],"picked":"SKIP","floor":30},{"not_picked":["Underhanded Strike+1","Expertise","Wraith Form v2"],"picked":"SKIP","floor":31},{"not_picked":["Terror+1","Dodge and Roll+1","Prepared"],"picked":"SKIP","floor":35},{"not_picked":["Acrobatics","Deflect+1"],"picked":"Deadly Poison+1","floor":37},{"not_picked":["Slice","Cloak And Dagger+1"],"picked":"Escape Plan+1","floor":38},{"not_picked":["Leg Sweep+1","Cloak And Dagger","Deflect+1"],"picked":"SKIP","floor":39},{"not_picked":["Wraith Form v2","Backflip"],"picked":"Noxious Fumes","floor":41},{"not_picked":["Choke+1","Outmaneuver","Deadly Poison"],"picked":"SKIP","floor":44},{"not_picked":["Accuracy","Blade Dance+1","Heel Hook"],"picked":"SKIP","floor":45},{"not_picked":["Sucker Punch","PiercingWail","Dagger Throw"],"picked":"SKIP","floor":46},{"not_picked":["Slice+1","Reflex","Leg Sweep"],"picked":"SKIP","floor":47},{"not_picked":["Backstab+1","Dagger Throw","Footwork"],"picked":"SKIP","floor":48},{"not_picked":["Flying Knee+1","Blade Dance+1","Poisoned Stab"],"picked":"SKIP","floor":54}],"player_experience":114819,"relics_obtained":[{"floor":7,"key":"aspiration:VileToxins"},{"floor":23,"key":"Happy Flower"},{"floor":25,"key":"aspiration:StickyExplosives_weak"},{"floor":26,"key":"Bag of Preparation"},{"floor":31,"key":"Mummified Hand"},{"floor":41,"key":"MealTicket"},{"floor":43,"key":"Shuriken"},{"floor":45,"key":"PreservedInsect"},{"floor":54,"key":"Mango"}],"event_choices":[{"damage_healed":0,"gold_gain":0,"cards_transformed":["Defend_G"],"player_choice":"Transformed","damage_taken":0,"max_hp_gain":0,"max_hp_loss":0,"event_name":"Transmorgrifier","floor":5,"gold_loss":0,"cards_obtained":["Eviscerate"]},{"damage_healed":0,"gold_gain":0,"player_choice":"Ignored","damage_taken":0,"max_hp_gain":0,"max_hp_loss":0,"event_name":"betterNote:BetterNote","floor":20,"gold_loss":0,"cards_obtained":["Alpha"]}],"is_beta":false,"boss_relics":[{"not_picked":["Sozu","energizedSpire:CursedPentagram"],"picked":"aspiration:FutureDiary"},{"not_picked":["Cursed Key","energizedSpire:PogoStick"],"picked":"energizedSpire:DeadBattery"}],"items_purged_floors":[4,11,21,36],"is_endless":false,"potions_floor_spawned":[2,10,14,19,22,27,29,33,35,37,41,47,48],"killed_by":"The Heart","ascension_level":0}}