{"host":"0mhttqdumuceah7q","time":1613656998,"event":{"mods":["AchievementEnabler","BaseMod","Colored Map","DeckTracker","Minty Spire (QoL Compilation)","Permanent Neow"],"gold_per_floor":[119,136,149,169,186,186,215,229,283,283,283],"floor_reached":10,"language":"KOR","playtime":322,"items_purged":[],"score":83,"play_id":"3904dbff-a1f8-48f2-aa2e-ea426dbb5082","local_time":"20210218230318","is_ascension_mode":true,"campfire_choices":[{"data":"Bash","floor":6,"key":"SMITH"}],"circlet_count":0,"master_deck":["Strike_R","Strike_R","Strike_R","Strike_R","Strike_R","Defend_R","Defend_R","Defend_R","Defend_R","Bash+1","Shrug It Off","Body Slam","Cleave","Shrug It Off","Cleave","Battle Trance","Demon Form"],"relics":["Burning Blood","Omamori","Dream Catcher","MealTicket"],"acts_visited":["Exordium"],"potions_floor_usage":[7,7,10],"damage_taken":[{"damage":0,"enemies":"Small Slimes","floor":1,"turns":3},{"damage":1,"enemies":"Cultist","floor":2,"turns":3},{"damage":11,"enemies":"Jaw Worm","floor":3,"turns":4},{"damage":11,"enemies":"Looter","floor":4,"turns":3},{"damage":9,"enemies":"Large Slime","floor":5,"turns":7},{"damage":43,"enemies":"Lagavulin","floor":7,"turns":6},{"damage":6,"enemies":"2 Fungi Beasts","floor":8,"turns":3},{"damage":25,"enemies":"3 Sentries","floor":10,"turns":5}],"seed_played":"1688818805176835593","potions_obtained":[{"floor":1,"key":"PowerPotion"},{"floor":4,"key":"ColorlessPotion"},{"floor":5,"key":"SkillPotion"}],"is_trial":false,"path_per_floor":["M","M","M","M","M","R","E","M","T","E"],"character_chosen":"IRONCLAD","items_purchased":[],"campfire_rested":0,"item_purchase_floors":[],"current_hp_per_floor":[80,80,75,70,67,67,30,30,30,5,5],"gold":283,"neow_bonus":"RANDOM_COMMON_RELIC","is_daily":false,"chose_seed":false,"campfire_upgraded":1,"win_rate":0.0,"timestamp":1613656998,"path_taken":["M","M","M","M","M","R","E","M","T","E"],"items_purchased_type":[],"build_version":"2020-12-22","purchased_purges":0,"victory":false,"max_hp_per_floor":[80,80,80,80,80,80,80,80,80,80,80],"card_choices":[{"not_picked":["Fire Breathing","Headbutt"],"picked":"Shrug It Off","floor":1},{"not_picked":["Blood for Blood","Warcry"],"picked":"Body Slam","floor":2},{"not_picked":["Anger","Searing Blow"],"picked":"Cleave","floor":3},{"not_picked":["Havoc","Headbutt"],"picked":"Shrug It Off","floor":4},{"not_picked":["Berserk","Searing Blow"],"picked":"Cleave","floor":5},{"not_picked":["Clothesline","Flex"],"picked":"Battle Trance","floor":7},{"not_picked":["Clash","Clothesline"],"picked":"Demon Form","floor":8}],"player_experience":123784,"relics_obtained":[{"floor":7,"key":"Dream Catcher"},{"floor":9,"key":"MealTicket"}],"event_choices":[],"is_beta":false,"boss_relics":[],"items_purged_floors":[],"is_endless":false,"potions_floor_spawned":[1,4,5],"killed_by":"3 Sentries","ascension_level":3}}