{"host":"en4narc5947t7k9n","time":1613634662,"event":{"mods":["AchievementEnabler","BaseMod","Colored Map","Minty Spire (QoL Compilation)","SuperFastMode"],"gold_per_floor":[209,209,93,106,11,11,11,11,38,55,55,69,95,111,111,211,211,227,101,101,112,112,129,139,168,195,195,195,21,21,21,21,21,21],"floor_reached":33,"language":"KOR","playtime":1492,"items_purged":["Strike_G","Strike_G"],"score":245,"play_id":"91770dc3-e3f4-42e5-8f8c-eca13bd907fd","local_time":"20210218165102","is_ascension_mode":false,"campfire_choices":[{"data":"Bandage Up","floor":6,"key":"SMITH"},{"data":"Neutralize","floor":8,"key":"SMITH"},{"data":"Crippling Poison","floor":15,"key":"SMITH"},{"floor":27,"key":"REST"},{"floor":32,"key":"REST"}],"circlet_count":0,"master_deck":["Strike_G+1","Strike_G+1","Defend_G+1","Defend_G+1","Defend_G+1","Defend_G+1","Survivor","Neutralize+1","Catalyst+1","Caltrops","Backstab","Bandage Up+1","Infinite Blades","Slice","Noxious Fumes","Crippling Poison+1","Blade Dance","Corpse Explosion","Cloak And Dagger","Bane","Strike_G+1","Outmaneuver+1","Leg Sweep+1","Backstab","Acrobatics+1","Blade Dance"],"relics":["Ring of the Serpent","Strawberry","Kunai","Red Mask","Potion Belt","Anchor","Toolbox"],"acts_visited":["Exordium","TheCity"],"potions_floor_usage":[13,13,14,21,23,31,33,33,33,33],"damage_taken":[{"damage":0,"enemies":"Jaw Worm","floor":1,"turns":5},{"damage":1,"enemies":"Cultist","floor":4,"turns":4},{"damage":5,"enemies":"Small Slimes","floor":10,"turns":4},{"damage":8,"enemies":"2 Fungi Beasts","floor":12,"turns":4},{"damage":18,"enemies":"Lagavulin","floor":13,"turns":7},{"damage":1,"enemies":"Gremlin Gang","floor":14,"turns":4},{"damage":45,"enemies":"The Guardian","floor":16,"turns":9},{"damage":12,"enemies":"3 Byrds","floor":18,"turns":3},{"damage":25,"enemies":"Spheric Guardian","floor":21,"turns":5},{"damage":31,"enemies":"Shelled Parasite and Fungi","floor":23,"turns":6},{"damage":9,"enemies":"Centurion and Healer","floor":24,"turns":4},{"damage":27,"enemies":"Masked Bandits","floor":25,"turns":4},{"damage":0,"enemies":"Snake Plant","floor":31,"turns":1},{"damage":54,"enemies":"Collector","floor":33,"turns":6}],"seed_played":"-468358803413700910","potions_obtained":[{"floor":4,"key":"Strength Potion"},{"floor":12,"key":"SpeedPotion"},{"floor":13,"key":"LiquidMemories"},{"floor":16,"key":"LiquidBronze"},{"floor":18,"key":"Ancient Potion"},{"floor":21,"key":"Regen Potion"}],"is_trial":false,"path_per_floor":["M","?","$","M","$","R","$","R","T","M","?","M","E","M","R","B",null,"M","$","?","M","?","M","M","?","T","R","T","$","?","M","R","B"],"character_chosen":"THE_SILENT","items_purchased":["Caltrops","Bandage Up","Bane","Toolbox","Blade Dance"],"campfire_rested":2,"item_purchase_floors":[3,5,19,29,29],"current_hp_per_floor":[70,70,70,69,69,69,69,69,76,77,77,69,57,62,62,23,77,71,71,71,52,52,42,39,18,18,41,41,41,5,5,28,0,0],"gold":21,"neow_bonus":"HUNDRED_GOLD","is_daily":false,"chose_seed":false,"campfire_upgraded":3,"win_rate":0.0,"timestamp":1613634662,"path_taken":["M","?","?","M","$","R","$","R","T","?","?","M","E","M","R","BOSS","M","$","?","?","?","M","M","?","T","R","?","$","?","?","R","BOSS"],"items_purchased_type":["Card","Card","Card","Relic","Card"],"build_version":"2020-12-22","purchased_purges":2,"victory":false,"max_hp_per_floor":[70,70,70,70,70,70,70,70,77,77,77,77,77,77,77,77,77,77,77,77,77,77,77,77,77,77,77,77,77,77,77,77,77,77],"card_choices":[{"not_picked":["Dodge and Roll","Dagger Throw"],"picked":"Catalyst","floor":1},{"not_picked":["Catalyst","Outmaneuver"],"picked":"Backstab","floor":4},{"not_picked":["Underhanded Strike","Slice"],"picked":"Infinite Blades","floor":10},{"not_picked":["PiercingWail","Slice"],"picked":"Noxious Fumes","floor":12},{"not_picked":["Poisoned Stab","Slice"],"picked":"Crippling Poison","floor":13},{"not_picked":["Prepared","Dodge and Roll"],"picked":"Blade Dance","floor":14},{"not_picked":["Doppelganger","Venomology"],"picked":"Corpse Explosion","floor":16},{"not_picked":["Caltrops+1","Poisoned Stab"],"picked":"Cloak And Dagger","floor":18},{"not_picked":["PiercingWail","Leg Sweep"],"picked":"Outmaneuver+1","floor":21},{"not_picked":["Dodge and Roll+1","Catalyst"],"picked":"Leg Sweep+1","floor":23},{"not_picked":["Quick Slash","Reflex"],"picked":"Backstab","floor":24},{"not_picked":["Tactician","Flying Knee"],"picked":"Acrobatics+1","floor":25}],"player_experience":54571,"relics_obtained":[{"floor":9,"key":"Strawberry"},{"floor":13,"key":"Kunai"},{"floor":25,"key":"Red Mask"},{"floor":26,"key":"Potion Belt"},{"floor":28,"key":"Anchor"}],"event_choices":[{"damage_healed":0,"gold_gain":0,"player_choice":"Upgraded","damage_taken":0,"max_hp_gain":0,"max_hp_loss":0,"event_name":"Upgrade Shrine","floor":2,"gold_loss":0,"cards_upgraded":["Catalyst"]},{"damage_healed":0,"gold_gain":0,"cards_transformed":["Strike_G"],"player_choice":"Change","damage_taken":0,"max_hp_gain":0,"max_hp_loss":0,"event_name":"Living Wall","floor":11,"gold_loss":0,"cards_obtained":["Slice"]},{"cards_removed":["Defend_G"],"damage_healed":0,"gold_gain":0,"player_choice":"Took Card","damage_taken":0,"max_hp_gain":0,"max_hp_loss":0,"event_name":"NoteForYourself","floor":20,"gold_loss":0,"cards_obtained":["Strike_G"]},{"damage_healed":0,"gold_gain":0,"player_choice":"Simplicity","damage_taken":0,"max_hp_gain":0,"max_hp_loss":0,"event_name":"Back to Basics","floor":22,"gold_loss":0,"cards_upgraded":["Strike_G","Strike_G","Defend_G","Defend_G","Defend_G","Defend_G","Strike_G"]},{"damage_healed":0,"gold_gain":0,"player_choice":"Fought Bandits","damage_taken":0,"max_hp_gain":0,"max_hp_loss":0,"event_name":"Masked Bandits","floor":25,"gold_loss":0},{"damage_healed":0,"gold_gain":0,"player_choice":"POTION POTION POTION POTION ","damage_taken":36,"max_hp_gain":0,"max_hp_loss":0,"event_name":"Knowing Skull","floor":30,"potions_obtained":["SmokeBomb","Energy Potion","Regen Potion","FearPotion"],"gold_loss":0,"cards_obtained":[]}],"is_beta":false,"boss_relics":[{"not_picked":["Fusion Hammer","Coffee Dripper"],"picked":"Ring of the Serpent"}],"items_purged_floors":[3,19],"is_endless":false,"potions_floor_spawned":[4,12,13,16,18,21],"killed_by":"Collector","ascension_level":0}}