{"host":"z3qs3l37sjzyczji","time":1613692195,"event":{"mods":["AchievementEnabler","BaseMod","Colored Map","Colored Powertips","Keyboard Shortcuts","Minty Spire (QoL Compilation)","Relic Stats","SuperFastMode"],"gold_per_floor":[117,117,127,127,77,77,109,109,135,148,159,187,187,213,213,317,317,330,330,405,146,156,188,188,198,198,233,56,90,90,101,101,199,199,218,235,250,77,91,91,117,117,171,185,212,212,212,212,212,212,212,212,12,37,37,37],"floor_reached":55,"language":"ENG","playtime":4397,"items_purged":["Strike_G","Defend_G","Strike_G"],"score":1046,"play_id":"6bfd6ca6-a613-4fa0-8071-4781d8f93743","local_time":"20210218234955","is_ascension_mode":true,"campfire_choices":[{"data":"Predator","floor":6,"key":"SMITH"},{"data":"Neutralize","floor":8,"key":"SMITH"},{"data":"Bullet Time","floor":13,"key":"SMITH"},{"data":"1","floor":15,"key":"LIFT"},{"data":"2","floor":24,"key":"LIFT"},{"data":"3","floor":30,"key":"LIFT"},{"data":"Footwork","floor":32,"key":"SMITH"},{"data":"After Image","floor":40,"key":"SMITH"},{"data":"Riddle With Holes","floor":42,"key":"SMITH"},{"data":"Burst","floor":46,"key":"SMITH"},{"floor":49,"key":"RECALL"},{"data":"Blur","floor":52,"key":"SMITH"}],"circlet_count":0,"master_deck":["Strike_G","Defend_G","Defend_G","Defend_G","Survivor","Neutralize+1","Predator+1","Masterful Stab","PiercingWail","Poisoned Stab","Bullet Time+1","Backflip","Footwork+1","After Image+1","Malaise+1","Accuracy+1","Choke+1","Riddle With Holes+1","Cloak And Dagger","Heel Hook","Dodge and Roll","All Out Attack","Burst+1","Blade Dance+1","Backflip","PiercingWail","Riddle With Holes+1","Blur+1","Violence","Cloak And Dagger"],"relics":["Ring of the Snake","NeowsBlessing","WarpedTongs","Dream Catcher","MealTicket","Du-Vu Doll","Girya","Astrolabe","Vajra","Nunchaku","StoneCalendar","Orichalcum","Philosopher\u0027s Stone","Strawberry","Bag of Preparation","Mango","Happy Flower","Ornamental Fan"],"acts_visited":["Exordium","TheCity","TheBeyond","TheEnding"],"potions_floor_usage":[12,14,23,33,39,55,55,55,55],"damage_taken":[{"damage":0,"enemies":"2 Louse","floor":1,"turns":1},{"damage":0,"enemies":"Cultist","floor":3,"turns":1},{"damage":0,"enemies":"Lagavulin","floor":7,"turns":1},{"damage":0,"enemies":"Small Slimes","floor":10,"turns":3},{"damage":0,"enemies":"2 Fungi Beasts","floor":11,"turns":2},{"damage":5,"enemies":"Gremlin Nob","floor":12,"turns":3},{"damage":0,"enemies":"Lagavulin","floor":14,"turns":6},{"damage":27,"enemies":"The Guardian","floor":16,"turns":10},{"damage":1,"enemies":"Shell Parasite","floor":18,"turns":7},{"damage":0,"enemies":"Chosen","floor":22,"turns":5},{"damage":6,"enemies":"Book of Stabbing","floor":23,"turns":7},{"damage":1,"enemies":"Shelled Parasite and Fungi","floor":25,"turns":4},{"damage":0,"enemies":"Slavers","floor":27,"turns":6},{"damage":0,"enemies":"Gremlin Leader","floor":29,"turns":7},{"damage":12,"enemies":"Sentry and Sphere","floor":31,"turns":4},{"damage":31,"enemies":"Automaton","floor":33,"turns":10},{"damage":7,"enemies":"3 Darklings","floor":35,"turns":5},{"damage":0,"enemies":"Orb Walker","floor":36,"turns":4},{"damage":1,"enemies":"Spire Growth","floor":37,"turns":3},{"damage":0,"enemies":"Transient","floor":39,"turns":5},{"damage":22,"enemies":"Nemesis","floor":41,"turns":7},{"damage":4,"enemies":"3 Darklings","floor":44,"turns":4},{"damage":4,"enemies":"Giant Head","floor":45,"turns":8},{"damage":47,"enemies":"Time Eater","floor":50,"turns":16},{"damage":95,"enemies":"Shield and Spear","floor":54,"turns":10},{"damage":30,"enemies":"The Heart","floor":55,"turns":3}],"seed_played":"-7310101730628356095","potions_obtained":[{"floor":1,"key":"BlessingOfTheForge"},{"floor":3,"key":"Poison Potion"},{"floor":11,"key":"EntropicBrew"},{"floor":12,"key":"CunningPotion"},{"floor":16,"key":"ColorlessPotion"},{"floor":18,"key":"Explosive Potion"},{"floor":23,"key":"GhostInAJar"},{"floor":35,"key":"Poison Potion"},{"floor":39,"key":"FairyPotion"}],"is_trial":false,"path_per_floor":["M","?","M","?","?","R","E","R","T","M","M","E","R","E","R","B",null,"M","?","?","$","M","E","R","M","T","E","$","E","R","M","R","B",null,"M","M","M","$","M","R","E","R","T","M","E","R","?","?","R","B",null,"R","$","E","B"],"character_chosen":"THE_SILENT","items_purchased":["Vajra","Riddle With Holes","DuplicationPotion","Backflip","Cloak And Dagger","Happy Flower"],"campfire_rested":0,"item_purchase_floors":[21,21,28,38,53,53],"current_hp_per_floor":[70,70,70,70,70,70,70,70,70,70,70,65,65,65,65,38,70,69,69,62,70,70,64,64,63,63,63,70,70,70,58,58,27,70,63,63,62,70,70,70,55,55,55,51,61,61,51,51,51,4,91,91,91,27,0,0],"gold":37,"neow_bonus":"THREE_ENEMY_KILL","is_daily":false,"chose_seed":false,"campfire_upgraded":8,"win_rate":0.0,"timestamp":1613692195,"path_taken":["M","?","?","?","?","R","E","R","T","M","M","E","R","E","R","BOSS","M","?","?","$","?","E","R","M","T","E","$","E","R","M","R","BOSS","M","M","M","$","M","R","E","R","T","M","E","R","?","?","R","BOSS","R","$","E","BOSS"],"items_purchased_type":["Relic","Card","Potion","Card","Card","Relic"],"build_version":"2020-12-22","purchased_purges":3,"victory":false,"max_hp_per_floor":[70,70,70,70,70,70,70,70,70,70,70,70,70,70,70,70,70,70,70,70,70,70,70,70,70,70,70,70,70,70,70,70,70,70,70,70,70,70,70,70,77,77,77,77,91,91,91,91,91,91,91,91,91,91,91,91],"relic_stats":{"Happy Flower":[4],"counters":[26,142],"Astrolabe":["Malaise","Accuracy","Choke"],"StoneCalendar":[195],"Bag of Preparation":[10],"Orichalcum":[0],"WarpedTongs":[137],"Dream Catcher":0,"Nunchaku":[24],"Ornamental Fan":[8],"MealTicket":23,"obtain_stats":[{"Girya":14,"NeowsBlessing":0,"Happy Flower":53,"Astrolabe":17,"Vajra":21,"StoneCalendar":27,"Mango":45,"Bag of Preparation":43,"Orichalcum":29,"WarpedTongs":2,"Du-Vu Doll":12,"Dream Catcher":7,"Nunchaku":23,"Ornamental Fan":54,"Strawberry":41,"MealTicket":9,"Philosopher\u0027s Stone":34,"Ring of the Snake":0},{"Girya":7,"NeowsBlessing":0,"Happy Flower":24,"Astrolabe":8,"Vajra":9,"StoneCalendar":13,"Mango":23,"Bag of Preparation":21,"Orichalcum":14,"WarpedTongs":1,"Du-Vu Doll":6,"Dream Catcher":3,"Nunchaku":11,"Ornamental Fan":25,"Strawberry":21,"MealTicket":3,"Philosopher\u0027s Stone":16,"Ring of the Snake":0},{"Girya":17,"NeowsBlessing":0,"Happy Flower":129,"Astrolabe":27,"Vajra":34,"StoneCalendar":56,"Mango":113,"Bag of Preparation":101,"Orichalcum":63,"WarpedTongs":1,"Du-Vu Doll":11,"Dream Catcher":3,"Nunchaku":46,"Ornamental Fan":139,"Strawberry":101,"MealTicket":3,"Philosopher\u0027s Stone":77,"Ring of the Snake":0}],"Ring of the Snake":[52]},"card_choices":[{"not_picked":["PiercingWail","Leg Sweep"],"picked":"Predator","floor":1},{"not_picked":["Bane","Deflect"],"picked":"Masterful Stab","floor":3},{"not_picked":["Infinite Blades","Terror"],"picked":"PiercingWail","floor":7},{"not_picked":["Terror","Riddle With Holes"],"picked":"Poisoned Stab","floor":10},{"not_picked":["Riddle With Holes","Slice"],"picked":"Bullet Time","floor":11},{"not_picked":["Reflex","Dagger Throw"],"picked":"Backflip","floor":12},{"not_picked":["Caltrops","Riddle With Holes"],"picked":"Footwork","floor":14},{"not_picked":["A Thousand Cuts","Night Terror"],"picked":"After Image","floor":16},{"not_picked":["Calculated Gamble","Flying Knee","Dodge and Roll"],"picked":"SKIP","floor":18},{"not_picked":["Quick Slash","Sucker Punch"],"picked":"Cloak And Dagger","floor":22},{"not_picked":["Expertise","Finisher","Die Die Die"],"picked":"SKIP","floor":23},{"not_picked":["Caltrops","Distraction"],"picked":"Heel Hook","floor":25},{"not_picked":["Slice+1","Skewer"],"picked":"Dodge and Roll","floor":27},{"not_picked":["Slice","Bouncing Flask+1"],"picked":"All Out Attack","floor":29},{"not_picked":["Bouncing Flask","Finisher","Sucker Punch+1"],"picked":"SKIP","floor":31},{"not_picked":["Phantasmal Killer","Venomology"],"picked":"Burst","floor":33},{"not_picked":["Reflex+1","Deadly Poison+1","Distraction+1"],"picked":"SKIP","floor":35},{"not_picked":["Sucker Punch+1","Accuracy+1","Endless Agony+1"],"picked":"SKIP","floor":36},{"not_picked":["Deadly Poison","Skewer"],"picked":"Blade Dance+1","floor":37},{"not_picked":["Quick Slash+1","Dagger Spray"],"picked":"PiercingWail","floor":39},{"not_picked":["Endless Agony+1","Prepared+1"],"picked":"Riddle With Holes+1","floor":41},{"not_picked":["Riddle With Holes+1","Crippling Poison"],"picked":"Blur","floor":44},{"not_picked":["Distraction+1","Dagger Spray+1","PiercingWail+1"],"picked":"SKIP","floor":45},{"not_picked":["Transmutation","Enlightenment"],"picked":"Violence","floor":47},{"not_picked":["Phantasmal Killer","Crippling Poison","Predator+1"],"picked":"SKIP","floor":54}],"player_experience":110715,"relics_obtained":[{"floor":7,"key":"Dream Catcher"},{"floor":9,"key":"MealTicket"},{"floor":12,"key":"Du-Vu Doll"},{"floor":14,"key":"Girya"},{"floor":23,"key":"Nunchaku"},{"floor":27,"key":"StoneCalendar"},{"floor":29,"key":"Orichalcum"},{"floor":41,"key":"Strawberry"},{"floor":43,"key":"Bag of Preparation"},{"floor":45,"key":"Mango"},{"floor":54,"key":"Ornamental Fan"}],"event_choices":[{"damage_healed":0,"gold_gain":0,"player_choice":"Rummage","damage_taken":0,"relics_obtained":["WarpedTongs"],"max_hp_gain":0,"max_hp_loss":0,"event_name":"Accursed Blacksmith","floor":2,"gold_loss":0,"cards_obtained":["Pain"]},{"damage_healed":0,"gold_gain":0,"player_choice":"Ignored","damage_taken":0,"max_hp_gain":0,"max_hp_loss":0,"event_name":"Liars Game","floor":4,"gold_loss":0},{"cards_removed":["Pain"],"damage_healed":0,"gold_gain":0,"player_choice":"Card Removal","damage_taken":0,"max_hp_gain":0,"max_hp_loss":0,"event_name":"The Cleric","floor":5,"gold_loss":50},{"damage_healed":0,"gold_gain":0,"player_choice":"Ignored","damage_taken":0,"max_hp_gain":0,"max_hp_loss":0,"event_name":"Ghosts","floor":19,"gold_loss":0},{"damage_healed":0,"gold_gain":75,"player_choice":"Touch","damage_taken":7,"max_hp_gain":0,"max_hp_loss":0,"event_name":"FaceTrader","floor":20,"gold_loss":0},{"damage_healed":0,"gold_gain":0,"player_choice":"Memory 3","damage_taken":10,"max_hp_gain":0,"max_hp_loss":0,"event_name":"SensoryStone","floor":47,"gold_loss":0},{"damage_healed":0,"gold_gain":0,"player_choice":"Ignored","damage_taken":0,"max_hp_gain":0,"max_hp_loss":0,"event_name":"Tomb of Lord Red Mask","floor":48,"gold_loss":0}],"is_beta":false,"boss_relics":[{"not_picked":["Snecko Eye","Empty Cage"],"picked":"Astrolabe"},{"not_picked":["Pandora\u0027s Box","Calling Bell"],"picked":"Philosopher\u0027s Stone"}],"items_purged_floors":[21,28,38],"is_endless":false,"potions_floor_spawned":[1,3,11,12,16,18,23,25,29,35,39,41],"killed_by":"The Heart","ascension_level":4}}