{"host":"q6ff4ns2kep02ti6","time":1613679756,"event":{"mods":["AchievementEnabler","BaseMod","Minty Spire (QoL Compilation)","Relic Stats","StSLib","Unceasing Turn Reminder"],"gold_per_floor":[149,184,228,266,324,324,356,415,415,472,472,545,565,604,604,700,700,738,715,715,758,813,813,813,813,813],"floor_reached":25,"language":"ENG","playtime":2319,"items_purged":[],"score":492,"play_id":"7633f0b3-6b8f-4695-8382-3c7cc39274c1","local_time":"20210218212236","is_ascension_mode":true,"campfire_choices":[{"data":"Armaments","floor":6,"key":"SMITH"},{"floor":11,"key":"REST"},{"data":"Barricade","floor":15,"key":"SMITH"},{"floor":23,"key":"DIG"}],"circlet_count":0,"master_deck":["AscendersBane","Strike_R","Strike_R","Strike_R","Strike_R","Defend_R+1","Defend_R","Defend_R","Defend_R","Bash","HandOfGreed","Rampage","Armaments+1","Entrench","Disarm","Barricade+1","Ghostly Armor+1","Shrug It Off","Shrug It Off","Shockwave","Pommel Strike","Exhume","Feel No Pain","Cleave"],"relics":["Burning Blood","War Paint","Kunai","Shovel","Sozu","Singing Bowl","Mummified Hand"],"acts_visited":["TheCity"],"potions_floor_usage":[8,10,10,16,17,25,25],"damage_taken":[{"damage":4,"enemies":"2 Louse","floor":1,"turns":3},{"damage":1,"enemies":"Cultist","floor":2,"turns":4},{"damage":4,"enemies":"Jaw Worm","floor":3,"turns":4},{"damage":21,"enemies":"Blue Slaver","floor":4,"turns":4},{"damage":6,"enemies":"2 Fungi Beasts","floor":5,"turns":6},{"damage":10,"enemies":"Large Slime","floor":7,"turns":10},{"damage":0,"enemies":"Lagavulin","floor":8,"turns":10},{"damage":57,"enemies":"Gremlin Nob","floor":10,"turns":6},{"damage":4,"enemies":"3 Louse","floor":12,"turns":8},{"damage":1,"enemies":"Looter","floor":13,"turns":4},{"damage":19,"enemies":"Exordium Thugs","floor":14,"turns":9},{"damage":11,"enemies":"The Guardian","floor":16,"turns":18},{"damage":10,"enemies":"Chosen","floor":18,"turns":12},{"damage":3,"enemies":"2 Thieves","floor":19,"turns":4},{"damage":7,"enemies":"Snake Plant","floor":21,"turns":10},{"damage":16,"enemies":"Centurion and Healer","floor":22,"turns":19},{"damage":68,"enemies":"Gremlin Leader","floor":25,"turns":10}],"seed_played":"2469160198143662701","potions_obtained":[{"floor":4,"key":"HeartOfIron"},{"floor":7,"key":"EssenceOfSteel"},{"floor":8,"key":"BloodPotion"},{"floor":10,"key":"EntropicBrew"},{"floor":12,"key":"GamblersBrew"}],"is_trial":false,"path_per_floor":["M","M","M","M","M","R","M","E","T","E","R","M","M","M","R","B",null,"M","M","?","M","M","R","T","E"],"character_chosen":"IRONCLAD","items_purchased":[],"campfire_rested":1,"item_purchase_floors":[],"current_hp_per_floor":[52,57,59,44,44,44,40,46,46,10,32,34,39,26,26,21,62,58,61,61,60,50,50,50,0,0],"gold":813,"neow_bonus":"RANDOM_COLORLESS_2","is_daily":false,"chose_seed":false,"campfire_upgraded":2,"win_rate":0.0,"timestamp":1613679756,"path_taken":["M","M","M","M","M","R","M","E","T","E","R","M","M","M","R","BOSS","M","M","?","M","?","R","?","E"],"items_purchased_type":[],"build_version":"2020-12-22","purchased_purges":0,"victory":false,"max_hp_per_floor":[75,75,75,75,75,75,75,75,75,75,75,75,75,75,75,75,75,75,75,75,75,75,75,75,75,75],"relic_stats":{"Sozu":2,"Shovel":1,"Singing Bowl":0,"counters":[17,141],"Mummified Hand":[2],"Kunai":[5],"War Paint":["Defend_R","Ghostly Armor"],"obtain_stats":[{"Sozu":17,"Shovel":10,"Singing Bowl":23,"Mummified Hand":24,"Kunai":9,"War Paint":8,"Burning Blood":0},{"Sozu":12,"Shovel":8,"Singing Bowl":16,"Mummified Hand":16,"Kunai":7,"War Paint":7,"Burning Blood":0},{"Sozu":86,"Shovel":47,"Singing Bowl":131,"Mummified Hand":131,"Kunai":41,"War Paint":41,"Burning Blood":0}],"Burning Blood":96},"card_choices":[{"not_picked":["Master of Strategy","Secret Technique"],"picked":"HandOfGreed","floor":0},{"not_picked":["Entrench","Havoc"],"picked":"Rampage","floor":1},{"not_picked":["Reckless Charge","Havoc"],"picked":"Armaments","floor":2},{"not_picked":["Anger","Power Through"],"picked":"Entrench","floor":3},{"not_picked":["Sentinel","Sword Boomerang"],"picked":"Disarm","floor":4},{"not_picked":["Havoc","Warcry"],"picked":"Barricade","floor":5},{"not_picked":["Sentinel","Hemokinesis"],"picked":"Ghostly Armor","floor":7},{"not_picked":["Perfected Strike","Evolve"],"picked":"Shrug It Off","floor":8},{"not_picked":["Reckless Charge","Sentinel"],"picked":"Shrug It Off","floor":10},{"not_picked":["Warcry","Sever Soul"],"picked":"Shockwave","floor":12},{"not_picked":["Twin Strike","Reckless Charge"],"picked":"Pommel Strike","floor":13},{"not_picked":["Havoc","Pummel","Armaments"],"picked":"SKIP","floor":14},{"not_picked":["Brutality","Limit Break"],"picked":"Exhume","floor":16},{"not_picked":["Wild Strike","Shrug It Off"],"picked":"Feel No Pain","floor":18},{"not_picked":["Clash+1","Rupture","Headbutt"],"picked":"SKIP","floor":19},{"not_picked":["Warcry","Clothesline"],"picked":"Cleave","floor":21},{"not_picked":["Clothesline","Heavy Blade","Wild Strike"],"picked":"SKIP","floor":22}],"player_experience":1073112,"relics_obtained":[{"floor":8,"key":"War Paint"},{"floor":9,"key":"Kunai"},{"floor":10,"key":"Shovel"},{"floor":23,"key":"Singing Bowl"},{"floor":24,"key":"Mummified Hand"}],"event_choices":[{"cards_removed":["Strike_R"],"damage_healed":0,"gold_gain":0,"player_choice":"Purged","damage_taken":0,"max_hp_gain":0,"max_hp_loss":0,"event_name":"Purifier","floor":20,"gold_loss":0}],"is_beta":false,"boss_relics":[{"not_picked":["SlaversCollar","SacredBark"],"picked":"Sozu"}],"items_purged_floors":[],"is_endless":false,"potions_floor_spawned":[4,7,8,10,12,14,18,21],"killed_by":"Gremlin Leader","ascension_level":20}}