{"host":"lg2j834m1ujxvni0","time":1613677678,"event":{"mods":["AchievementEnabler","BaseMod","Beaked The Cultist","Better Vampires","BetterRewards","Colored Map","Colored Powertips","Conspire","Downfall","Glutton Mod","Googly Eyes","Gremlin Mod","Hermit","Highlight Path","Hubris","Infinite Spire","Marisa????????","Mimic Mod","Minty Spire (QoL Compilation)","Quick Restart","Replay The Spire","Shade Mod","Shop Mod","StSLib","The Bladedancer","The Bug Knight","The Construct","The Cursed","The Death Knight","The Disciple","The Druid","The Elementalist","The Forsaken","The Hayseed","The Hierophant","The IronCluck","The Judge","The Jungle","The Mystic","The Necromancer","The Runesmith","The Servant 0.9.4","The Spell Scribe","The Witch"],"gold_per_floor":[99,99,99,113,131,160,160,170,187,206,206,7,17,28,38,136,136,36,52,52,202,114,130,130,130,157,173,199,216,243,120,135,234,234,234,249,260,273,286,286,286,319,319,346,363,363,382,26,45,147,147,47,66,77,88,118,168,191,0,0,10,10,10,10,10,10],"floor_reached":64,"language":"ENG","playtime":7658,"items_purged":["bronze:Defend","bronze:Defend","bronze:Defend"],"score":1075,"play_id":"5320828f-37cf-4cb2-861d-3b6fefe468ff","local_time":"20210218144758","is_ascension_mode":false,"campfire_choices":[{"floor":1,"key":"RECALL"},{"data":"bronze:SpaghettiCode","floor":11,"key":"SMITH"},{"data":"bronze:BurnOut","floor":18,"key":"SMITH"},{"data":"infinitespire:NeuralNetwork","floor":25,"key":"SMITH"},{"floor":35,"key":"DIG"},{"floor":46,"key":"REST"},{"data":"bronze:Assembly","floor":62,"key":"SMITH"}],"circlet_count":0,"master_deck":["bronze:Strike","bronze:Strike","bronze:Strike","bronze:Strike","bronze:Replicate+1","bronze:Goto+1","bronze:FineTuning","bronze:OilSpill","bronze:Repair","bronze:OilSpill","bronze:SpaghettiCode+1","bronze:Branch","bronze:ClassDefault","bronze:FollowUp","bronze:BugBarrage","bronze:ChosenStrike","bronze:Branch","bronze:Allocate","CurseOfTheBell","bronze:Deprecate","infinitespire:NeuralNetwork+1","bronze:Flail","bronze:Iterate+1","bronze:BugBarrage+1","bronze:FindAndReplace","bronze:DelayedSlice+1","bronze:FollowUp","bronze:ItsAFeature","bronze:OilSpill","hubris:Despair","Apotheosis","bronze:Optimize","bronze:BronzeOrb","bronze:Turbo","bronze:ShipIt","bronze:ForceShield","bronze:Iterate","bronze:MaxOutput+1","bronze:OilSpill+1","infinitespire:Gouge","bronze:Turbo+1","bronze:CloningBeam+1","bronze:Invalidate+1","bronze:GetLatest+1","ReplayTheSpireMod:IOU","bronze:Shell+1","bronze:Break","bronze:Allocate","bronze:Fortify","bronze:Branch","bronze:GetLatest","bronze:Assembly+1","ReplayTheSpireMod:IOU","bronze:Shell"],"relics":["bronze:BronzeCore","Strawberry","hubris:Reverence","Replay:Wax Seal","Calling Bell","Matryoshka","Runesmith:Locket","downfall:HeartBlessingRed","infinitespire:EmpoweringShard","Philosopher\u0027s Stone","Regal Pillow","infinitespire:BottledMercury","HollowMod:PaleOreRelic","hubris:SlimyHat","infinitespire:Lucky Rock","ReplayTheSpireMod:CursedCoin","theForsaken:Gavel","Runic Pyramid","infinitespire:Beetle Shell","hubris:TinFlute","DeathKnight:PutricidesVial","TungstenRod","Replay:Rubber Ducky","infinitespire:Golems Mask","HandDrill","conspire:SpecialSausage","downfall:HeartBlessingGreen","hubris:Icosahedron","Odd Mushroom","Simple Rune","hubris:Towel"],"acts_visited":["Exordium","TheCity","TheBeyond","Exordium"],"potions_floor_usage":[12,12,12,22,37,42,44,44,45,50,64,64,64],"damage_taken":[{"damage":2,"enemies":"Small Slimes","floor":4,"turns":4},{"damage":6,"enemies":"Jaw Worm","floor":5,"turns":3},{"damage":4,"enemies":"Replay:BlueRogue","floor":6,"turns":4},{"damage":0,"enemies":"Cultist","floor":8,"turns":2},{"damage":0,"enemies":"downfall:LooterAlt","floor":9,"turns":2},{"damage":4,"enemies":"Gremlin Gang","floor":10,"turns":2},{"damage":0,"enemies":"downfall:FleeingMerchant","floor":12,"turns":4},{"damage":0,"enemies":"conspire:2 RoseBushes","floor":13,"turns":2},{"damage":15,"enemies":"Exordium Thugs","floor":14,"turns":3},{"damage":0,"enemies":"downfall:LooterAlt","floor":15,"turns":2},{"damage":8,"enemies":"SI_SHIV_ARCHETYPE","floor":16,"turns":5},{"damage":4,"enemies":"3 Byrds","floor":19,"turns":5},{"damage":1,"enemies":"conspire:FuzzyDice","floor":22,"turns":3},{"damage":4,"enemies":"conspire:HollyBat","floor":23,"turns":5},{"damage":17,"enemies":"Book of Stabbing","floor":26,"turns":4},{"damage":0,"enemies":"Chosen and Byrds","floor":27,"turns":2},{"damage":0,"enemies":"conspire:Head Lice","floor":28,"turns":4},{"damage":8,"enemies":"Cultist and Chosen","floor":29,"turns":3},{"damage":3,"enemies":"conspire:SneckoGhost","floor":30,"turns":4},{"damage":1,"enemies":"downfall:FleeingMerchant","floor":31,"turns":3},{"damage":4,"enemies":"Centurion and Healer","floor":32,"turns":2},{"damage":0,"enemies":"WA_ARCHETYPE_CALM","floor":33,"turns":4},{"damage":20,"enemies":"3 Shapes","floor":36,"turns":3},{"damage":5,"enemies":"3 Darklings","floor":37,"turns":3},{"damage":9,"enemies":"Jaw Worm Horde","floor":38,"turns":2},{"damage":21,"enemies":"Writhing Mass","floor":39,"turns":3},{"damage":105,"enemies":"Nightmare","floor":42,"turns":7},{"damage":0,"enemies":"Nemesis","floor":44,"turns":3},{"damage":4,"enemies":"4 Shapes","floor":45,"turns":2},{"damage":0,"enemies":"Transient","floor":47,"turns":5},{"damage":7,"enemies":"Spire Growth","floor":49,"turns":3},{"damage":19,"enemies":"DF_ARCHETYPE_ORBS","floor":50,"turns":3},{"damage":0,"enemies":"2 Louse","floor":53,"turns":1},{"damage":0,"enemies":"Cultist","floor":54,"turns":1},{"damage":1,"enemies":"Small Slimes","floor":55,"turns":2},{"damage":3,"enemies":"The Mushroom Lair","floor":56,"turns":2},{"damage":0,"enemies":"3 Louse","floor":61,"turns":1},{"damage":91,"enemies":"Nightmare","floor":64,"turns":3}],"seed_played":"4701403497096721603","potions_obtained":[{"floor":4,"key":"LiquidMemories"},{"floor":8,"key":"hexamod:SoulburnPotion"},{"floor":10,"key":"DeathKnight:RimePotion"},{"floor":14,"key":"bronze:FreeFunctionsPotion"},{"floor":16,"key":"bronze:BuildAFunctionPotion"},{"floor":26,"key":"Block Potion"},{"floor":27,"key":"bronze:FreeFunctionsPotion"},{"floor":39,"key":"Cursed Concoction"},{"floor":42,"key":"Toxic Potion"},{"floor":44,"key":"Milkshake"},{"floor":45,"key":"bronze:FreeFunctionsPotion"},{"floor":53,"key":"bronze:BurnAndBuffPotion"}],"is_trial":false,"path_per_floor":["R","?","?","M","M","E","T","M","M","M","R","$","M","M","M","B",null,"R","M","AVR","?","M","M","T","R","E","M","E","M","E","$","M","B",null,"R_BF","M","M","M","M","?","T","NM","?","E","M","R","M","$","M","B",null,"R_BF","M","M","M","?","?","T","$","$","M","R","?","NM"],"character_chosen":"THE_AUTOMATON","items_purchased":["Replay:Wax Seal","bronze:FollowUp","bronze:BugBarrage","ReplayTheSpireMod:CursedCoin","Apotheosis","theForsaken:Gavel","bronze:Optimize","bronze:BronzeOrb","infinitespire:Golems Mask","HandDrill","bronze:Assembly","Simple Rune"],"campfire_rested":1,"item_purchase_floors":[12,12,12,31,31,31,31,31,48,48,59,59],"current_hp_per_floor":[77,77,77,75,69,72,72,79,84,80,80,80,84,84,84,76,84,84,84,84,84,83,82,82,82,72,72,72,72,77,76,72,72,84,84,64,59,50,29,94,94,1,1,8,4,47,54,54,57,59,94,94,94,94,94,91,91,91,91,91,91,91,91,0,0,0],"gold":10,"neow_bonus":"TEN_PERCENT_HP_BONUS","is_daily":false,"chose_seed":false,"campfire_upgraded":4,"win_rate":0.0,"timestamp":1613677678,"path_taken":["R","?","?","?","M","E","T","M","M","M","R","$","M","M","M","BOSS","R","M","AVR","?","?","?","T","R","E","M","E","M","E","$","M","BOSS","R_BF","M","M","M","M","?","T","NM","?","E","M","R","M","$","M","BOSS","R_BF","M","M","M","?","?","T","?","$","M","R","?","NM"],"items_purchased_type":["Relic","Card","Card","Relic","Card","Relic","Card","Card","Relic","Relic","Card","Relic"],"build_version":"2020-12-22","purchased_purges":3,"victory":false,"max_hp_per_floor":[77,77,77,77,77,84,84,84,84,84,84,84,84,84,84,84,84,84,84,84,84,84,84,84,84,84,84,84,84,84,84,84,84,84,84,84,84,84,84,94,94,94,94,94,94,94,94,94,94,94,94,94,94,94,94,94,94,94,94,94,94,94,94,94,94,94],"card_choices":[{"not_picked":["bronze:Shield","bronze:WildBeam"],"picked":"bronze:FineTuning","floor":4},{"not_picked":["bronze:Allocate","bronze:BuggyMess"],"picked":"bronze:OilSpill","floor":5},{"not_picked":["bronze:Deprecate","bronze:ForLoop"],"picked":"bronze:Repair","floor":6},{"not_picked":["bronze:BugBarrage","bronze:WhirlingStrike"],"picked":"bronze:OilSpill","floor":8},{"not_picked":["bronze:FineTuning","bronze:Shield"],"picked":"bronze:SpaghettiCode","floor":9},{"not_picked":["bronze:BuggyMess","bronze:BugBarrage"],"picked":"bronze:Branch","floor":10},{"not_picked":["bronze:Frontload","bronze:BitShift"],"picked":"bronze:ClassDefault","floor":12},{"not_picked":["bronze:OilSpill","bronze:Return"],"picked":"bronze:ChosenStrike","floor":13},{"not_picked":["bronze:FollowUp","bronze:CutThrough"],"picked":"bronze:Branch","floor":14},{"not_picked":["bronze:Turbo","bronze:Shell"],"picked":"bronze:Allocate","floor":15},{"not_picked":["bronze:Format","bronze:ThunderWave"],"picked":"bronze:BurnOut","floor":16},{"not_picked":["bronze:Frontload","bronze:CutThrough"],"picked":"bronze:Deprecate","floor":19},{"not_picked":["bronze:MaxOutput","bronze:Allocate"],"picked":"bronze:Flail","floor":22},{"not_picked":["bronze:Flail","bronze:Frontload"],"picked":"bronze:Iterate+1","floor":23},{"not_picked":["bronze:Frontload+1","bronze:Overheat+1"],"picked":"bronze:BugBarrage+1","floor":26},{"not_picked":["bronze:Overheat","bronze:Fortify"],"picked":"bronze:FindAndReplace","floor":27},{"not_picked":["bronze:Flail+1","bronze:Overload"],"picked":"bronze:DelayedSlice+1","floor":28},{"not_picked":["bronze:BugBarrage","bronze:Frontload+1"],"picked":"bronze:FollowUp","floor":29},{"not_picked":["bronze:Repulsor","bronze:CutThrough"],"picked":"bronze:ItsAFeature","floor":30},{"not_picked":["bronze:FindAndReplace","bronze:Repair+1"],"picked":"bronze:OilSpill","floor":31},{"not_picked":["bronze:Allocate","bronze:Shield"],"picked":"bronze:Turbo","floor":32},{"not_picked":["bronze:Format","bronze:Verify"],"picked":"bronze:ShipIt","floor":33},{"not_picked":["bronze:Shield","bronze:WildBeam+1"],"picked":"bronze:ForceShield","floor":36},{"not_picked":["bronze:Shield","bronze:BugBarrage"],"picked":"bronze:Iterate","floor":37},{"not_picked":["bronze:Branch","bronze:HyperBeam"],"picked":"bronze:MaxOutput+1","floor":38},{"not_picked":["bronze:BitShift+1","bronze:BugBarrage"],"picked":"bronze:OilSpill+1","floor":39},{"not_picked":["infinitespire:Oblivion","ReplayTheSpireMod:Haul"],"picked":"infinitespire:Gouge","floor":42},{"not_picked":["bronze:BitShift","bronze:Optimize+1"],"picked":"bronze:Turbo+1","floor":42},{"not_picked":["bronze:Branch+1","bronze:AlphaBuild"],"picked":"bronze:CloningBeam+1","floor":44},{"not_picked":["bronze:BugBarrage","bronze:CutThrough+1"],"picked":"bronze:Invalidate+1","floor":45},{"not_picked":["bronze:BitShift","bronze:WhirlingStrike"],"picked":"bronze:GetLatest+1","floor":47},{"not_picked":["bronze:Format","bronze:Deprecate+1"],"picked":"bronze:Shell+1","floor":49},{"not_picked":["bronze:Format","bronze:FindAndReplace"],"picked":"bronze:Break","floor":50},{"not_picked":["bronze:Invalidate","bronze:Shield"],"picked":"bronze:Allocate","floor":53},{"not_picked":["bronze:ForLoop","bronze:Frontload"],"picked":"bronze:Fortify","floor":54},{"not_picked":["bronze:CutThrough","bronze:Repulsor"],"picked":"bronze:Branch","floor":55},{"not_picked":["bronze:CloningBeam","bronze:Overheat"],"picked":"bronze:GetLatest","floor":56},{"not_picked":["bronze:Turbo","bronze:BuggyMess"],"picked":"bronze:Shell","floor":61}],"player_experience":201580,"relics_obtained":[{"floor":6,"key":"Strawberry"},{"floor":7,"key":"hubris:Reverence"},{"floor":17,"key":"Oddly Smooth Stone"},{"floor":17,"key":"Matryoshka"},{"floor":17,"key":"Runesmith:Locket"},{"floor":24,"key":"Regal Pillow"},{"floor":24,"key":"infinitespire:BottledMercury"},{"floor":26,"key":"HollowMod:PaleOreRelic"},{"floor":28,"key":"hubris:SlimyHat"},{"floor":30,"key":"infinitespire:Lucky Rock"},{"floor":35,"key":"infinitespire:Beetle Shell"},{"floor":41,"key":"hubris:TinFlute"},{"floor":41,"key":"DeathKnight:PutricidesVial"},{"floor":42,"key":"TungstenRod"},{"floor":44,"key":"Replay:Rubber Ducky"},{"floor":56,"key":"Odd Mushroom"}],"event_choices":[{"damage_healed":0,"gold_gain":0,"player_choice":"Leave","damage_taken":0,"max_hp_gain":0,"max_hp_loss":0,"event_name":"conspire:Investor","floor":43,"gold_loss":0},{"damage_healed":0,"gold_gain":0,"player_choice":"Fought Mushrooms","damage_taken":0,"max_hp_gain":0,"max_hp_loss":0,"event_name":"Mushrooms","floor":56,"gold_loss":0}],"is_beta":false,"boss_relics":[{"not_picked":["Sozu","Runesmith:UraniumAnvil"],"picked":"Calling Bell"},{"not_picked":["ChewingGum","Replay:Wanted Poster"],"picked":"Runic Pyramid"},{"not_picked":["Coffee Dripper","hubris:ScarierMask"],"picked":"conspire:SpecialSausage"}],"items_purged_floors":[12,20,31],"is_endless":true,"potions_floor_spawned":[4,8,10,14,16,26,27,28,30,33,39,42,44,45,53,55],"killed_by":"Nightmare","ascension_level":0}}