{"host":"ufhw4cf0hh51lveu","time":1613628076,"event":{"mods":["BaseMod","DeckTracker","Minty Spire (QoL Compilation)","SuperFastMode"],"gold_per_floor":[110,110,12,12,30,30,49,64,134,59,76,3,3,15,15,114,114,127,217,66,66,85,85,112,129,129,129,54,54,80,28,28,133,133,143,0,12,23,43,43,77,77,102,2,2,2,17,30,30,30,30],"floor_reached":50,"language":"KOR","playtime":1082,"items_purged":["Strike_R","Strike_R"],"score":600,"play_id":"fa2993ac-bcf1-41dd-bb6a-44f9cb180e2d","local_time":"20210218150116","is_ascension_mode":false,"campfire_choices":[{"data":"Flex","floor":6,"key":"SMITH"},{"data":"Limit Break","floor":13,"key":"SMITH"},{"data":"Infernal Blade","floor":15,"key":"SMITH"},{"data":"Heavy Blade","floor":23,"key":"SMITH"},{"floor":27,"key":"REST"},{"floor":29,"key":"REST"},{"data":"Flex","floor":32,"key":"SMITH"},{"floor":40,"key":"REST"},{"floor":42,"key":"REST"},{"data":"Twin Strike","floor":46,"key":"SMITH"},{"data":"Limit Break","floor":49,"key":"SMITH"}],"circlet_count":0,"master_deck":["Strike_R","Defend_R","Defend_R","Defend_R","Defend_R","Bash","Offering","Infernal Blade+1","Flex+1","Twin Strike+1","Heavy Blade+1","Limit Break+1","Feed","Thunderclap","Cleave+1","Flex+1","Limit Break+1","Feed","Flex+1"],"relics":["Burning Blood","Frozen Egg 2","SlaversCollar","PreservedInsect","Happy Flower","Kunai","Oddly Smooth Stone","Sozu","Red Mask","Bottled Lightning","Omamori"],"acts_visited":["Exordium","TheCity","TheBeyond"],"potions_floor_usage":[16,16,16,30,33,38],"damage_taken":[{"damage":12,"enemies":"Jaw Worm","floor":1,"turns":2},{"damage":6,"enemies":"2 Louse","floor":5,"turns":3},{"damage":1,"enemies":"Cultist","floor":7,"turns":3},{"damage":4,"enemies":"3 Louse","floor":8,"turns":3},{"damage":7,"enemies":"Exordium Thugs","floor":11,"turns":4},{"damage":6,"enemies":"Blue Slaver","floor":14,"turns":2},{"damage":6,"enemies":"Slime Boss","floor":16,"turns":8},{"damage":11,"enemies":"Spheric Guardian","floor":18,"turns":3},{"damage":11,"enemies":"Shell Parasite","floor":22,"turns":2},{"damage":27,"enemies":"Slavers","floor":24,"turns":3},{"damage":17,"enemies":"Centurion and Healer","floor":25,"turns":6},{"damage":18,"enemies":"Book of Stabbing","floor":30,"turns":3},{"damage":61,"enemies":"Automaton","floor":33,"turns":7},{"damage":22,"enemies":"3 Shapes","floor":35,"turns":3},{"damage":16,"enemies":"3 Darklings","floor":37,"turns":3},{"damage":0,"enemies":"Spire Growth","floor":38,"turns":2},{"damage":32,"enemies":"Sphere and 2 Shapes","floor":39,"turns":3},{"damage":34,"enemies":"Giant Head","floor":41,"turns":6},{"damage":12,"enemies":"4 Shapes","floor":47,"turns":1},{"damage":6,"enemies":"Transient","floor":48,"turns":5},{"damage":80,"enemies":"Donu and Deca","floor":50,"turns":4}],"seed_played":"4484772456395209653","potions_obtained":[{"floor":1,"key":"Swift Potion"},{"floor":5,"key":"BlessingOfTheForge"},{"floor":11,"key":"PowerPotion"},{"floor":18,"key":"FearPotion"},{"floor":25,"key":"Swift Potion"},{"floor":33,"key":"FearPotion"}],"is_trial":false,"path_per_floor":["M","?","$","?","M","R","M","M","T","$","M","$","R","M","R","B",null,"M","?","$","?","M","R","E","M","T","R","?","R","E","$","R","B",null,"M","?","M","M","M","R","E","R","T","$","?","R","M","M","R","B"],"character_chosen":"IRONCLAD","items_purchased":["Flex","Twin Strike","Limit Break","PreservedInsect","Flex"],"campfire_rested":4,"item_purchase_floors":[3,3,12,20,31],"current_hp_per_floor":[74,67,67,67,67,67,72,74,74,74,73,73,73,73,73,73,80,78,66,66,66,64,64,43,32,32,57,57,82,70,70,70,15,86,70,70,63,69,46,73,48,76,76,76,76,76,70,70,70,0,0],"gold":30,"neow_bonus":"ONE_RANDOM_RARE_CARD","is_daily":false,"chose_seed":false,"campfire_upgraded":7,"win_rate":0.0,"timestamp":1613628076,"path_taken":["M","?","$","?","M","R","M","M","T","$","M","?","R","M","R","BOSS","M","?","?","?","M","R","E","?","T","R","?","R","E","$","R","BOSS","M","?","M","M","M","R","E","R","T","$","?","R","M","M","R","BOSS"],"items_purchased_type":["Card","Card","Card","Relic","Card"],"build_version":"2020-12-22","purchased_purges":2,"victory":false,"max_hp_per_floor":[80,80,80,80,80,80,80,80,80,80,80,80,80,80,80,80,80,83,83,83,83,86,86,86,86,86,86,86,86,86,86,86,86,86,86,86,89,89,92,92,95,95,95,95,95,95,95,95,95,95,95],"card_choices":[{"not_picked":["Intimidate","Cleave"],"picked":"Infernal Blade","floor":1},{"not_picked":["Clothesline","Intimidate","Dark Embrace"],"picked":"SKIP","floor":5},{"not_picked":["Body Slam","Armaments","Pommel Strike"],"picked":"SKIP","floor":7},{"not_picked":["Burning Pact","Spot Weakness","Dark Embrace"],"picked":"SKIP","floor":8},{"not_picked":["Pommel Strike","Burning Pact"],"picked":"Heavy Blade","floor":11},{"not_picked":["Battle Trance","Searing Blow","Feel No Pain+1"],"picked":"SKIP","floor":14},{"not_picked":["Berserk+1","Brutality+1"],"picked":"Feed","floor":16},{"not_picked":["Bloodletting","Wild Strike","Perfected Strike"],"picked":"SKIP","floor":18},{"not_picked":["Headbutt","Shockwave"],"picked":"Thunderclap","floor":22},{"not_picked":["Disarm+1","Wild Strike+1","Exhume"],"picked":"SKIP","floor":24},{"not_picked":["Blood for Blood","Uppercut","Warcry+1"],"picked":"SKIP","floor":25},{"not_picked":["Intimidate+1","Barricade+1"],"picked":"Cleave+1","floor":30},{"not_picked":["Brutality+1","Offering"],"picked":"Limit Break","floor":33},{"not_picked":["Shockwave+1","Reckless Charge","Bloodletting"],"picked":"SKIP","floor":35},{"not_picked":["Warcry+1","Anger+1","Clothesline+1"],"picked":"SKIP","floor":37},{"not_picked":["Clothesline","Whirlwind+1","Second Wind+1"],"picked":"SKIP","floor":38},{"not_picked":["Clash+1","Body Slam","Wild Strike"],"picked":"SKIP","floor":39},{"not_picked":["Dropkick+1","Double Tap"],"picked":"Feed","floor":41},{"not_picked":["Flame Barrier","Anger+1","Armaments+1"],"picked":"SKIP","floor":47},{"not_picked":["Carnage","Shrug It Off"],"picked":"Flex+1","floor":48}],"player_experience":41829,"relics_obtained":[{"floor":9,"key":"Frozen Egg 2"},{"floor":24,"key":"Happy Flower"},{"floor":26,"key":"Kunai"},{"floor":30,"key":"Oddly Smooth Stone"},{"floor":41,"key":"Bottled Lightning"},{"floor":43,"key":"Omamori"}],"event_choices":[{"cards_removed":["Strike_R"],"damage_healed":0,"gold_gain":0,"player_choice":"Card Removal","damage_taken":7,"max_hp_gain":0,"max_hp_loss":0,"event_name":"Golden Wing","floor":2,"gold_loss":0},{"damage_healed":0,"gold_gain":0,"player_choice":"Fled","damage_taken":0,"max_hp_gain":0,"max_hp_loss":0,"event_name":"Scrap Ooze","floor":4,"gold_loss":0},{"damage_healed":0,"gold_gain":90,"player_choice":"GOLD ","damage_taken":12,"max_hp_gain":0,"max_hp_loss":0,"event_name":"Knowing Skull","floor":19,"potions_obtained":[],"gold_loss":0,"cards_obtained":[]},{"damage_healed":0,"gold_gain":0,"player_choice":"Ignored","damage_taken":0,"max_hp_gain":0,"max_hp_loss":0,"event_name":"NoteForYourself","floor":21,"gold_loss":0},{"cards_removed":["Strike_R"],"damage_healed":0,"gold_gain":0,"player_choice":"Gave Gold","damage_taken":0,"max_hp_gain":0,"max_hp_loss":0,"event_name":"Beggar","floor":28,"gold_loss":75},{"damage_healed":0,"gold_gain":0,"player_choice":"Paid","damage_taken":0,"relics_obtained":["Red Mask"],"max_hp_gain":0,"max_hp_loss":0,"event_name":"Tomb of Lord Red Mask","floor":36,"gold_loss":143},{"damage_healed":0,"gold_gain":0,"player_choice":"Ignored","damage_taken":0,"max_hp_gain":0,"max_hp_loss":0,"event_name":"Mysterious Sphere","floor":45,"gold_loss":0}],"is_beta":false,"boss_relics":[{"not_picked":["Runic Cube","Black Star"],"picked":"SlaversCollar"},{"not_picked":["Busted Crown","Cursed Key"],"picked":"Sozu"}],"items_purged_floors":[10,44],"is_endless":false,"potions_floor_spawned":[1,5,11,14,18,25,33,37,47],"killed_by":"Donu and Deca","ascension_level":0}}