{"host":"5td1gsj4mnrioltg","time":1613632846,"event":{"mods":["2.2 Compatiblity","AchievementEnabler","Act Like it!","Aspiration","BaseMod","Beaked The Cultist","Better Altar","Better Match","Better Note","Better Sensory Stone","Better Silent Start","Better Skull","Better Third Choice","Better Vampires","BetterRewards","Bossed Relics","Colored Map","Colored Powertips","Displayed Cursed Tome","Downfall","Emptier Cage","Evolution","Friendly Minions","GifTheSpireLib","Highlight Path","Ironclad Rager","Jedi Mod","JesterMod","Mad Scientist","Menagerie","Minty Spire (QoL Compilation)","Permanent Neow","Quick Restart","Reliquary","Replay The Spire","Reworked Bosses","Shade Mod","Shapeshifter Mod","Spicy Shops","StSLib","The Blue Laboratory","The Dragon Tamer","The Dragonkin","The Druid","The Elementalist","The Marked","The Necromancer","The Runesmith","Thieving Mod","Transform Curses","Wandering Minibosses"],"gold_per_floor":[109,123,48,48,48,48,60,72,72,72,92,124,124,24,24,129,129,144,144,154,154,29,61,77,77,148,148,148],"floor_reached":27,"language":"ENG","playtime":5544,"items_purged":["StSShapeShifter:ShapeShifter_Defend","Pain","StSShapeShifter:ShapeShifter_Strike"],"score":308,"play_id":"80f040c0-7dad-41a5-a900-dc00abffdcab","local_time":"20210217232046","is_ascension_mode":true,"campfire_choices":[{"data":"StSShapeShifter:StormGryphonForm","floor":6.0,"key":"SMITH"},{"data":"StSShapeShifter:ClimbTree","floor":13.0,"key":"SMITH"},{"floor":25.0,"key":"RECALL"}],"circlet_count":0,"master_deck":["elementalist:Fire_Emblem","StSShapeShifter:ShapeShifter_Strike+1","StSShapeShifter:ShapeShifter_Defend+1","StSShapeShifter:ShapeShifter_Defend+1","StSShapeShifter:ClimbTree+1","StSShapeShifter:StormGryphonForm+1","Voices"],"relics":["StSShapeShifter:AnimalHeart","StSShapeShifter:TheShapeShiftersMagnolia","EVO:Axolotl","NeowsBlessing","Lizard Tail","PrismaticShard","Frozen Egg 2","Kintsugi","Spirit Poop","Vajra","Divine Protection"],"acts_visited":["Exordium","TheCity"],"potions_floor_usage":[27],"damage_taken":[{"damage":0.0,"enemies":"Jaw Worm","floor":1.0,"turns":1.0},{"damage":0.0,"enemies":"Small Slimes","floor":2.0,"turns":1.0},{"damage":0.0,"enemies":"Cultist","floor":7.0,"turns":1.0},{"damage":0.0,"enemies":"Looter","floor":8.0,"turns":4.0},{"damage":7.0,"enemies":"Large Slime","floor":11.0,"turns":6.0},{"damage":2.0,"enemies":"3 Sentries","floor":12.0,"turns":5.0},{"damage":8.0,"enemies":"Hexaghost","floor":16.0,"turns":10.0},{"damage":5.0,"enemies":"2 Thieves","floor":18.0,"turns":4.0},{"damage":0.0,"enemies":"Shell Parasite","floor":20.0,"turns":10.0},{"damage":0.0,"enemies":"Replay:Snechameleon","floor":23.0,"turns":8.0},{"damage":8.0,"enemies":"Snake Plant","floor":24.0,"turns":5.0},{"damage":0,"enemies":"Snecko","floor":27,"turns":4}],"seed_played":"-1240712451485958705","potions_obtained":[{"floor":7.0,"key":"blueLaboratory:BottledHope"},{"floor":11.0,"key":"blueLaboratory:LouseDecoction"},{"floor":12.0,"key":"jedi:wingpotion"},{"floor":16.0,"key":"LiquidMemories"}],"is_trial":false,"path_per_floor":["M","M","$","?","?","R","M","M","T","?","M","E","R","$","R_BF","B",null,"M","?","M","?","$","E","M","R","T","M"],"character_chosen":"SHAPESHIFTER","items_purchased":[],"campfire_rested":0,"item_purchase_floors":[],"current_hp_per_floor":[78,78,78,71,55,55,55,55,55,55,48,46,46,46,69,65,78,73,73,77,77,77,77,69,69,69,69,69],"gold":148,"neow_bonus":"THREE_ENEMY_KILL","is_daily":false,"chose_seed":false,"campfire_upgraded":2,"win_rate":0.0,"timestamp":1613632846,"path_taken":["M","M","$","?","?","R","?","?","T","?","M","E","R","$","R_BF","BOSS","M","?","?","?","$","E","M","R","T","M"],"items_purchased_type":[],"build_version":"2020-12-22","purchased_purges":3,"victory":false,"max_hp_per_floor":[78,78,78,78,78,78,78,78,78,78,78,78,78,78,78,78,78,78,78,78,78,78,78,78,78,78,78,78],"card_choices":[{"not_picked":["StSShapeShifter:Guard","StSShapeShifter:BladeOfGrass","StSShapeShifter:DeerForm"],"picked":"SKIP","floor":1.0},{"not_picked":["StSShapeShifter:EagleForm","StSShapeShifter:FallingLeaves"],"picked":"StSShapeShifter:ClimbTree","floor":2.0},{"not_picked":["StSShapeShifter:BurstingSpore","StSShapeShifter:CursedApple","StSShapeShifter:RockSlide"],"picked":"SKIP","floor":7.0},{"not_picked":["StSShapeShifter:WiltingWrath","StSShapeShifter:FallingLeaves","StSShapeShifter:SunflowerShuriken"],"picked":"SKIP","floor":8.0},{"not_picked":["theDragonkin:TwinBreath","theDragonkin:FlameBreath","theDragonkin:MiasmicBreath"],"picked":"SKIP","floor":11.0},{"not_picked":["FTL","DTMod:Adaptation+1","jesterMod:Twirl"],"picked":"SKIP","floor":12.0},{"not_picked":["ReplayTheSpireMod:Strike From Hell","Dash","ReachHeaven"],"picked":"SKIP","floor":18.0},{"not_picked":["DTMod:BuildUp","Clothesline+1","elementalist:Aegis+1"],"picked":"SKIP","floor":20.0},{"not_picked":["Uppercut+1","Runesmith:Superposition","Toxic_Smoke_Screen+1"],"picked":"SKIP","floor":23.0},{"not_picked":["champ:FocusedBerserking","bronze:Overload","Replay:Battleflow"],"picked":"SKIP","floor":24.0}],"player_experience":1370168,"relics_obtained":[{"floor":9.0,"key":"Lizard Tail"},{"floor":12.0,"key":"Frozen Egg 2"},{"floor":23.0,"key":"Vajra"},{"floor":26.0,"key":"Divine Protection"}],"event_choices":[{"damage_healed":71.0,"max_hp_gain":0.0,"max_hp_loss":78.0,"gold_gain":0.0,"event_name":"betterThird:BetterShining","player_choice":"Upgrade","floor":5.0,"gold_loss":0.0,"damage_taken":16.0,"cards_upgraded":["StSShapeShifter:ShapeShifter_Defend","StSShapeShifter:ShapeShifter_Defend"]},{"cards_removed":["Sickly"],"damage_healed":0.0,"max_hp_gain":0.0,"max_hp_loss":0.0,"gold_gain":0.0,"event_name":"Bonfire Elementals","player_choice":"Offered Curse","floor":19.0,"gold_loss":0.0,"damage_taken":0.0,"relics_obtained":["Spirit Poop"]},{"damage_healed":0.0,"max_hp_gain":0.0,"max_hp_loss":0.0,"gold_gain":0.0,"event_name":"Upgrade Shrine","player_choice":"Upgraded","floor":21.0,"gold_loss":0.0,"damage_taken":0.0,"cards_upgraded":["StSShapeShifter:ShapeShifter_Strike"]}],"is_beta":false,"boss_relics":[{"not_picked":["jedi:hotpepper","reliquary:Craggleroot"],"picked":"Kintsugi"}],"items_purged_floors":[3,14,22],"is_endless":false,"potions_floor_spawned":[7,11,12,16,23],"killed_by":"Snecko","ascension_level":2}}