{"host":"i73ch23exsqar74a","time":1613634272,"event":{"mods":["AchievementEnabler","Act Like it!","Arknights","Aspiration","Astrologer","Bard","Bartender","BaseMod","Beaked The Cultist","Better Sensory Stone","CCEM2","CapriCore","Challenge The Spire","ChefMod","Chen","Colored Map","Colored Powertips","Conjunction","Conspire","Downfall","Fireblade Mod","FutureSeer","GifTheSpireLib","Glutton Mod","Gremlin Mod","Halation","Hermit","Highlight Path","HololiveMod","Hubris","Infinite Spire","Jedi Mod","Lobotomy","LobotomyExtend","Luminous","Marked Mod","Minty Spire (QoL Compilation)","Prisma Mod","Quarter Circle Forward PUNCH!","Quick Restart","Random Character Button","RatMod","Relic Sorter","Reliquary","Replay The Spire","Ruina","SOS???????","Shade Mod","Spicy Shops","Spikes Relics","Spire Arcade","StSLib","Stuff the Spire","The Alterego","The Animator","The Bug Knight","The Construct","The Cursed","The Druid","The Exalted","The Immortal","The Judge","The Poker Player","The Sage","The Wild Card","TheHero","TheSwordswoman","TheVacant","TheVelvet","Thieving Mod","Yuri Mod","???Mod??????Boss","???mod?????"],"gold_per_floor":[116,416,436,18,35,62,75,107,160,160,160,175,175,175,175,273,273,290,290,308,308,327,353,368,396,396,396,407,407,438,438,438],"floor_reached":31,"language":"ENG","playtime":1246,"items_purged":[],"score":355,"play_id":"c79ea11c-c833-49ce-9fee-b2c0344f91cb","local_time":"20210218114432","is_ascension_mode":false,"campfire_choices":[{"data":"ForeignInfluence","floor":11.0,"key":"SMITH"},{"data":"Halt","floor":13.0,"key":"SMITH"},{"data":"Tantrum","floor":15.0,"key":"SMITH"},{"floor":27,"key":"REST"}],"circlet_count":0,"master_deck":["Strike_P","Strike_P","Strike_P","Strike_P","Defend_P","Defend_P","Defend_P","Defend_P","Eruption","Vigilance","Wireheading","Flex","Replay:ManipulateFuture","CarveReality+1","ForeignInfluence+1","Halt+1","Inflame","CrushJoints+1","Consecrate+1","Wish","Evaluate","ThirdEye","Replay:Hum+1","TalkToTheHand+1","Crescendo","Tantrum+1","BowlingBash+1","FollowUp+1","Vengeance+1"],"relics":["PureWater","hubris:Icosahedron","hubris:Towel","aspiration:Nostalgia","m_ByrdBlood","LetterFromLob","Old Coin","ShockBauble","hubris:SlimyHat","Molten Egg 2","StuffTheSpire:Mouthbags","reliquary:Solitaire","halation:PromiseList","Replay:Baseball","rat:PhantomDancer","Bromod:ArcaneDeflection","Nunchaku","Frozen Eye"],"acts_visited":["Exordium","Exordium"],"potions_floor_usage":[],"damage_taken":[{"damage":4.0,"enemies":"conspire:RoseBush","floor":1.0,"turns":4.0},{"damage":4.0,"enemies":"ats:Genji","floor":3.0,"turns":5.0},{"damage":0.0,"enemies":"2 Louse","floor":5.0,"turns":2.0},{"damage":26.0,"enemies":"Lagavulin","floor":6.0,"turns":3.0},{"damage":0.0,"enemies":"Looter","floor":7.0,"turns":1.0},{"damage":9.0,"enemies":"HollowMod:MossKnight","floor":8.0,"turns":3.0},{"damage":6.0,"enemies":"Exordium Thugs","floor":12.0,"turns":3.0},{"damage":0.0,"enemies":"Fading Forest","floor":16.0,"turns":11.0},{"damage":8.0,"enemies":"ruina:Nosferatu","floor":18.0,"turns":3.0},{"damage":16.0,"enemies":"ruina:BadWolf","floor":20.0,"turns":4.0},{"damage":17.0,"enemies":"ruina:KingOfGreed","floor":22.0,"turns":4.0},{"damage":22.0,"enemies":"ruina:RoadHome","floor":23.0,"turns":4.0},{"damage":41.0,"enemies":"ruina:KnightOfDespair","floor":24.0,"turns":4.0},{"damage":18,"enemies":"ruina:Mountain","floor":25,"turns":6},{"damage":35,"enemies":"ruina:QueenOfHate","floor":28,"turns":5},{"damage":28,"enemies":"ruina:ServantOfWrath","floor":30,"turns":4},{"damage":15,"enemies":"ruina:3_Scarecrows","floor":31,"turns":1}],"seed_played":"901991629667546162","potions_obtained":[{"floor":8.0,"key":"FearPotion"},{"floor":16.0,"key":"BottledMiracle"},{"floor":18.0,"key":"SpeedPotion"},{"floor":28,"key":"Flashbang"}],"is_trial":false,"path_per_floor":["M","?","M","$","M","E","M","E","T","?","R","M","R","?","R","B",null,"M","?","M","?","M","E","M","E","T","R","M","T","E","M"],"character_chosen":"WATCHER","items_purchased":["Tantrum","Replay:ManipulateFuture","CarveReality+1","ShockBauble"],"campfire_rested":1,"item_purchase_floors":[4,4,4,4],"current_hp_per_floor":[72,69,71,71,72,52,61,64,64,64,64,70,70,75,75,77,77,75,75,68,68,65,57,30,24,24,47,26,26,7,0,0],"gold":438,"neow_bonus":"NOSTALGIA","is_daily":false,"chose_seed":false,"campfire_upgraded":3,"win_rate":0.0,"timestamp":1613634272,"path_taken":["M","?","M","$","M","E","M","E","T","?","R","M","R","?","R","BOSS","M","?","M","?","?","E","M","E","T","R","M","?","E","M"],"items_purchased_type":["Card","Card","Card","Relic"],"build_version":"2020-12-22","purchased_purges":0,"victory":false,"max_hp_per_floor":[72,72,72,72,72,72,72,72,72,72,72,72,72,77,77,77,77,77,77,77,77,77,77,77,77,77,77,77,77,77,77,77],"card_choices":[{"not_picked":["beaked:FeelMyPain","WaveOfTheHand"],"picked":"Wireheading","floor":1.0},{"not_picked":["EmptyBody","SandsOfTime"],"picked":"Flex","floor":3.0},{"not_picked":["Weave","Nirvana"],"picked":"ForeignInfluence","floor":5.0},{"not_picked":["Consecrate","PathToVictory"],"picked":"Halt","floor":6.0},{"not_picked":["Vengeance","Halt"],"picked":"Inflame","floor":7.0},{"not_picked":["SignatureMove+1","Pray"],"picked":"CrushJoints+1","floor":8.0},{"not_picked":["InnerPeace","Crescendo"],"picked":"Consecrate+1","floor":12.0},{"not_picked":["DeusExMachina","Replay:LoomingThreat"],"picked":"Wish","floor":16.0},{"not_picked":["MarkedMod:FirstStrike","WreathOfFlame"],"picked":"Evaluate","floor":18.0},{"not_picked":["PathToVictory","ClearTheMind"],"picked":"ThirdEye","floor":20.0},{"not_picked":["Wallop+1","Collect"],"picked":"Replay:Hum+1","floor":22.0},{"not_picked":["Replay:BluntJabs+1","SashWhip+1"],"picked":"TalkToTheHand+1","floor":23.0},{"not_picked":["Pray","MarkedMod:GentlePulse"],"picked":"Crescendo","floor":24.0},{"not_picked":["WreathOfFlame","BattleHymn"],"picked":"BowlingBash+1","floor":25},{"not_picked":["Replay:Hum","EmptyFist+1"],"picked":"FollowUp+1","floor":28},{"not_picked":["Massacre+1","Evaluate+1"],"picked":"Vengeance+1","floor":30}],"player_experience":1478858,"relics_obtained":[{"floor":1.0,"key":"LetterFromLob"},{"floor":6.0,"key":"hubris:SlimyHat"},{"floor":8.0,"key":"Molten Egg 2"},{"floor":9.0,"key":"StuffTheSpire:Mouthbags"},{"floor":23.0,"key":"halation:PromiseList"},{"floor":25,"key":"Replay:Baseball"},{"floor":26,"key":"rat:PhantomDancer"},{"floor":29,"key":"Bromod:ArcaneDeflection"},{"floor":30,"key":"Nunchaku"}],"event_choices":[{"damage_healed":0.0,"max_hp_gain":0.0,"max_hp_loss":0.0,"gold_gain":0.0,"event_name":"Scrap Ooze","player_choice":"Success","floor":2.0,"gold_loss":0.0,"damage_taken":3.0,"relics_obtained":["Old Coin"]},{"damage_healed":0.0,"max_hp_gain":0.0,"max_hp_loss":0.0,"gold_gain":0.0,"event_name":"conspire:Investor","player_choice":"Leave","floor":10.0,"gold_loss":0.0,"damage_taken":0.0},{"damage_healed":0.0,"max_hp_gain":5.0,"max_hp_loss":0.0,"gold_gain":0.0,"event_name":"Big Fish","player_choice":"Donut","floor":14.0,"gold_loss":0.0,"damage_taken":0.0}],"is_beta":false,"boss_relics":[{"not_picked":["reliquary:Ember","Hololive_TopUpMoneyS"],"picked":"reliquary:Solitaire"}],"items_purged_floors":[],"is_endless":false,"potions_floor_spawned":[8,16,18,22,28],"killed_by":"ruina:3_Scarecrows","ascension_level":0}}