{"host":"js2su9tbbk4rmjfl","time":1613679653,"event":{"mods":["AchievementEnabler","BaseMod","Block Reminder","Colored Map","Colored Powertips","Highlight Path","Minty Spire (QoL Compilation)","Relic Stats"],"gold_per_floor":[110,80,90,108,123,123,154,154,154,154,79,79,91,116,116,195,195,195,110,110,110,110],"floor_reached":21,"language":"ENG","playtime":966,"items_purged":["Defend_R"],"score":359,"play_id":"068850a6-87fc-4d09-969b-42fb3ed8ec5f","local_time":"20210218212053","is_ascension_mode":true,"campfire_choices":[{"floor":6,"key":"REST"},{"floor":8,"key":"REST"},{"floor":10,"key":"REST"},{"floor":15,"key":"REST"}],"circlet_count":0,"master_deck":["AscendersBane","Strike_R","Strike_R","Strike_R","Strike_R","Strike_R","Defend_R","Defend_R","Defend_R","Bash","Spot Weakness","Sword Boomerang","Flex","True Grit","Metallicize","Reaper","Dual Wield"],"relics":["Fusion Hammer","Sundial","Bottled Lightning","Bird Faced Urn","Ectoplasm","InkBottle"],"acts_visited":["Exordium","TheCity"],"potions_floor_usage":[3,4,14,14],"damage_taken":[{"damage":0,"enemies":"Cultist","floor":1,"turns":3},{"damage":8,"enemies":"2 Louse","floor":3,"turns":3},{"damage":2,"enemies":"Jaw Worm","floor":4,"turns":2},{"damage":15,"enemies":"Large Slime","floor":5,"turns":4},{"damage":33,"enemies":"3 Sentries","floor":7,"turns":6},{"damage":0,"enemies":"Looter","floor":13,"turns":2},{"damage":22,"enemies":"Gremlin Nob","floor":14,"turns":4},{"damage":38,"enemies":"The Guardian","floor":16,"turns":17},{"damage":36,"enemies":"Shell Parasite","floor":18,"turns":5},{"damage":26,"enemies":"Chosen","floor":20,"turns":7},{"damage":11,"enemies":"Centurion and Healer","floor":21,"turns":1}],"seed_played":"-6842541594358150933","potions_obtained":[{"floor":2,"key":"BloodPotion"},{"floor":2,"key":"Strength Potion"},{"floor":3,"key":"Explosive Potion"},{"floor":7,"key":"CultistPotion"},{"floor":13,"key":"HeartOfIron"},{"floor":20,"key":"Energy Potion"}],"is_trial":false,"path_per_floor":["M","?","M","M","M","R","E","R","T","R","$","?","M","E","R","B",null,"M","?","M","M"],"character_chosen":"IRONCLAD","items_purchased":[],"campfire_rested":4,"item_purchase_floors":[],"current_hp_per_floor":[68,68,75,73,58,75,42,64,64,75,75,75,75,53,75,37,66,32,32,8,0,0],"gold":110,"neow_bonus":"BOSS_RELIC","is_daily":false,"chose_seed":false,"campfire_upgraded":0,"win_rate":0.0,"timestamp":1613679653,"path_taken":["M","?","M","M","?","R","E","R","T","R","$","?","M","E","R","BOSS","M","?","M","M"],"items_purchased_type":[],"build_version":"2020-12-22","purchased_purges":1,"victory":false,"max_hp_per_floor":[75,75,75,75,75,75,75,75,75,75,75,75,75,75,75,75,75,75,75,75,75,75],"relic_stats":{"counters":[11,54],"Sundial":[6],"Bird Faced Urn":[6],"Ectoplasm":29,"obtain_stats":[{"Sundial":7,"Bird Faced Urn":14,"Fusion Hammer":0,"Ectoplasm":17,"Bottled Lightning":9,"Burning Blood":0,"InkBottle":19},{"Sundial":5,"Bird Faced Urn":7,"Fusion Hammer":0,"Ectoplasm":8,"Bottled Lightning":5,"Burning Blood":0,"InkBottle":9},{"Sundial":18,"Bird Faced Urn":24,"Fusion Hammer":0,"Ectoplasm":41,"Bottled Lightning":18,"Burning Blood":0,"InkBottle":46}],"InkBottle":[2]},"card_choices":[{"not_picked":["Perfected Strike","Anger"],"picked":"Spot Weakness","floor":1},{"not_picked":["Body Slam","Havoc"],"picked":"Sword Boomerang","floor":3},{"not_picked":["Rampage","Bloodletting"],"picked":"Flex","floor":4},{"not_picked":["Hemokinesis","Wild Strike"],"picked":"True Grit","floor":5},{"not_picked":["Evolve","Shrug It Off"],"picked":"Metallicize","floor":7},{"not_picked":["Exhume","Shrug It Off","Armaments"],"picked":"SKIP","floor":13},{"not_picked":["Dark Embrace","Infernal Blade","Entrench"],"picked":"SKIP","floor":14},{"not_picked":["Impervious","Barricade"],"picked":"Reaper","floor":16},{"not_picked":["Clothesline","Twin Strike","Pommel Strike"],"picked":"SKIP","floor":18},{"not_picked":["Perfected Strike","Uppercut"],"picked":"Dual Wield","floor":20}],"player_experience":840416,"relics_obtained":[{"floor":7,"key":"Sundial"},{"floor":9,"key":"Bottled Lightning"},{"floor":14,"key":"Bird Faced Urn"}],"event_choices":[{"damage_healed":0,"gold_gain":0,"player_choice":"Bought 2 Potions","damage_taken":0,"max_hp_gain":0,"max_hp_loss":0,"event_name":"The Woman in Blue","floor":2,"gold_loss":0},{"damage_healed":0,"gold_gain":0,"player_choice":"Ignored","damage_taken":0,"max_hp_gain":0,"max_hp_loss":0,"event_name":"Liars Game","floor":12,"gold_loss":0},{"damage_healed":0,"gold_gain":0,"player_choice":"Obtained Relic","damage_taken":0,"relics_obtained":["InkBottle"],"max_hp_gain":0,"max_hp_loss":0,"event_name":"Addict","floor":19,"gold_loss":85}],"is_beta":false,"boss_relics":[{"not_picked":["SacredBark","Runic Pyramid"],"picked":"Ectoplasm"}],"items_purged_floors":[11],"is_endless":false,"potions_floor_spawned":[3,7,13,20],"killed_by":"Centurion and Healer","ascension_level":18}}