{"host":"dqv8oo4v229c1o2l","time":1613667043,"event":{"mods":["AchievementEnabler","BaseMod","Colored Map","Colored Powertips","Minty Spire (QoL Compilation)","Quick Restart","Rare Cards Sparkle","StSLib","Synergy Search"],"gold_per_floor":[116,126,126,34,34,64,64,91,114,114,127,145,165,178,178,274,274,289,289,299,299,299],"floor_reached":21,"language":"ENG","playtime":728,"items_purged":[],"score":277,"play_id":"f43d7027-177c-48b9-aa65-485e332d96ab","local_time":"20210218085043","is_ascension_mode":true,"campfire_choices":[{"floor":7.0,"key":"REST"},{"data":"Zap","floor":10.0,"key":"SMITH"},{"data":"Redo","floor":15.0,"key":"SMITH"}],"circlet_count":0,"master_deck":["Strike_B","Strike_B","Strike_B","Strike_B","Defend_B","Defend_B","Defend_B","Defend_B","Zap+1","Dualcast","Panache","Redo+1","Conserve Battery","Bandage Up","Self Repair","Go for the Eyes","Seek","Beam Cell","Gash","Sweeping Beam"],"relics":["Cracked Core","Bag of Marbles","Vajra","Strawberry","Akabeko","Nuclear Battery"],"acts_visited":["Exordium","TheCity"],"potions_floor_usage":[21],"damage_taken":[{"damage":12.0,"enemies":"Small Slimes","floor":1.0,"turns":3.0},{"damage":8.0,"enemies":"2 Louse","floor":2.0,"turns":2.0},{"damage":26.0,"enemies":"3 Sentries","floor":6.0,"turns":7.0},{"damage":24.0,"enemies":"Lagavulin","floor":8.0,"turns":8.0},{"damage":0.0,"enemies":"Jaw Worm","floor":11.0,"turns":1.0},{"damage":7.0,"enemies":"3 Louse","floor":12.0,"turns":2.0},{"damage":0.0,"enemies":"2 Fungi Beasts","floor":13.0,"turns":3.0},{"damage":0.0,"enemies":"Large Slime","floor":14.0,"turns":4.0},{"damage":45.0,"enemies":"Slime Boss","floor":16.0,"turns":9.0},{"damage":22.0,"enemies":"Spheric Guardian","floor":18.0,"turns":4.0},{"damage":33,"enemies":"3 Byrds","floor":20,"turns":4},{"damage":44,"enemies":"Shelled Parasite and Fungi","floor":21,"turns":4}],"seed_played":"6490889898291445827","potions_obtained":[{"floor":6.0,"key":"SteroidPotion"},{"floor":12.0,"key":"AttackPotion"},{"floor":16.0,"key":"BlessingOfTheForge"}],"is_trial":false,"path_per_floor":["M","M","?","$","?","E","R","E","T","R","M","M","M","M","R","B",null,"M","?","M","M"],"character_chosen":"DEFECT","items_purchased":["Bandage Up"],"campfire_rested":1,"item_purchase_floors":[4],"current_hp_per_floor":[38,30,18,18,43,21,43,37,37,37,37,41,52,63,63,29,69,58,58,36,0,0],"gold":299,"neow_bonus":"RANDOM_COLORLESS_2","is_daily":false,"chose_seed":false,"campfire_upgraded":2,"win_rate":0.0,"timestamp":1613667043,"path_taken":["M","M","?","$","?","E","R","E","T","R","M","?","M","M","R","BOSS","M","?","M","M"],"items_purchased_type":["Card"],"build_version":"2020-12-22","purchased_purges":0,"victory":false,"max_hp_per_floor":[75,75,75,75,75,75,75,82,82,82,82,82,82,82,82,82,82,82,82,82,82,82],"card_choices":[{"not_picked":["Mayhem","Master of Strategy"],"picked":"Panache","floor":0.0},{"not_picked":["Steam Power","Glacier"],"picked":"Redo","floor":1.0},{"not_picked":["Beam Cell","Streamline"],"picked":"Conserve Battery","floor":2.0},{"not_picked":["Blizzard","Compile Driver"],"picked":"Self Repair","floor":6.0},{"not_picked":["Barrage","Biased Cognition"],"picked":"Go for the Eyes","floor":8.0},{"not_picked":["Blizzard","Doom and Gloom","Steam"],"picked":"SKIP","floor":11.0},{"not_picked":["Auto Shields","Coolheaded","Streamline"],"picked":"SKIP","floor":12.0},{"not_picked":["Conserve Battery","Coolheaded","Compile Driver"],"picked":"SKIP","floor":13.0},{"not_picked":["Self Repair","Coolheaded","Meteor Strike"],"picked":"SKIP","floor":14.0},{"not_picked":["Thunder Strike","Multi-Cast"],"picked":"Seek","floor":16.0},{"not_picked":["Conserve Battery","Double Energy+1"],"picked":"Beam Cell","floor":18.0},{"not_picked":["Rip and Tear","Chill"],"picked":"Sweeping Beam","floor":20}],"player_experience":327844,"relics_obtained":[{"floor":6.0,"key":"Vajra"},{"floor":8.0,"key":"Strawberry"},{"floor":9.0,"key":"Akabeko"}],"event_choices":[{"damage_healed":0.0,"max_hp_gain":0.0,"max_hp_loss":0.0,"gold_gain":0.0,"event_name":"Scrap Ooze","player_choice":"Success","floor":3.0,"gold_loss":0.0,"damage_taken":12.0,"relics_obtained":["Bag of Marbles"]},{"damage_healed":25.0,"max_hp_gain":0.0,"max_hp_loss":0.0,"gold_gain":0.0,"event_name":"Big Fish","player_choice":"Banana","floor":5.0,"gold_loss":0.0,"damage_taken":0.0},{"damage_healed":0.0,"max_hp_gain":0.0,"max_hp_loss":0.0,"gold_gain":0.0,"event_name":"The Library","player_choice":"Read","floor":19.0,"gold_loss":0.0,"damage_taken":0.0,"cards_obtained":["Gash"]}],"is_beta":false,"boss_relics":[{"not_picked":["Ectoplasm","Snecko Eye"],"picked":"Nuclear Battery"}],"items_purged_floors":[],"is_endless":false,"potions_floor_spawned":[6,12,16],"killed_by":"Shelled Parasite and Fungi","ascension_level":9}}