{"host":"4tf6m7aukoo0nksr","time":1613627298,"event":{"mods":["AchievementEnabler","BaseMod","Better Vampires","Colored Map","Colored Powertips","Minty Spire (QoL Compilation)","Permanent Neow","StSLib","SuperFastMode","The Marked","Waifu the Spire"],"gold_per_floor":[112,112,124,49,62,95,95,95,95,127,139,101,142,164,176,284,296,320,332,96,96,96,96,96,107,130,55,70,105,5,5,5,103,103,122,122,2,20,20,20,30,30,30,47,79,93,36,36,36,36,36,36,36,65,65,65],"floor_reached":55,"language":"ZHS","playtime":1782,"items_purged":["Defend_P","Eruption","Strike_P","Crescendo"],"score":777,"play_id":"0514485b-e686-4eb6-9c74-d3e04aa8bc84","local_time":"20210218134818","is_ascension_mode":true,"campfire_choices":[{"data":"Finesse","floor":8.0,"key":"SMITH"},{"floor":15.0,"key":"REST"},{"data":"Alpha","floor":23.0,"key":"SMITH"},{"floor":32.0,"key":"REST"},{"data":"Perseverance","floor":40.0,"key":"SMITH"},{"data":"Madness","floor":42.0,"key":"SMITH"},{"floor":49.0,"key":"RECALL"},{"data":"DeceiveReality","floor":52,"key":"SMITH"}],"circlet_count":0,"master_deck":["Defend_P","Defend_P+1","Defend_P","Vigilance","Finesse+1","Evaluate","CarveReality","Alpha+1","Perseverance+1","Vault","Protect","Enlightenment","EmptyBody","Scrawl+1","Omniscience","Protect+1","Madness+1","Madness+1","Evaluate+1","DeusExMachina","DeceiveReality+1"],"relics":["PureWater","Incense Burner","Darkstone Periapt","MawBank","StoneCalendar","Empty Cage","Oddly Smooth Stone","MealTicket","The Courier","Cursed Key","War Paint","Bag of Preparation"],"acts_visited":["Exordium","TheCity","TheBeyond","TheEnding"],"potions_floor_usage":[55,55,55,55],"damage_taken":[{"damage":14.0,"enemies":"Small Slimes","floor":1.0,"turns":3.0},{"damage":0.0,"enemies":"Cultist","floor":3.0,"turns":2.0},{"damage":0.0,"enemies":"2 Louse","floor":5.0,"turns":2.0},{"damage":9.0,"enemies":"Lagavulin","floor":6.0,"turns":6.0},{"damage":28.0,"enemies":"Gremlin Nob","floor":10.0,"turns":3.0},{"damage":0.0,"enemies":"Lagavulin","floor":13.0,"turns":4.0},{"damage":8.0,"enemies":"Exordium Thugs","floor":14.0,"turns":2.0},{"damage":2.0,"enemies":"Hexaghost","floor":16.0,"turns":8.0},{"damage":12.0,"enemies":"Chosen","floor":18.0,"turns":4.0},{"damage":9.0,"enemies":"3 Byrds","floor":25.0,"turns":3.0},{"damage":16.0,"enemies":"Sentry and Sphere","floor":28.0,"turns":4.0},{"damage":4.0,"enemies":"Slavers","floor":29.0,"turns":3.0},{"damage":40.0,"enemies":"Champ","floor":33.0,"turns":9.0},{"damage":0.0,"enemies":"3 Shapes","floor":35.0,"turns":3.0},{"damage":0.0,"enemies":"Orb Walker","floor":38.0,"turns":4.0},{"damage":19.0,"enemies":"Transient","floor":41.0,"turns":6.0},{"damage":1.0,"enemies":"Spire Growth","floor":44.0,"turns":6.0},{"damage":1.0,"enemies":"Reptomancer","floor":45.0,"turns":6.0},{"damage":0.0,"enemies":"Maw","floor":46.0,"turns":7.0},{"damage":0.0,"enemies":"4 Shapes","floor":48.0,"turns":1.0},{"damage":35,"enemies":"Donu and Deca","floor":50,"turns":11},{"damage":9,"enemies":"Shield and Spear","floor":54,"turns":6},{"damage":77,"enemies":"The Heart","floor":55,"turns":7}],"seed_played":"-91508393820022850","potions_obtained":[{"floor":1.0,"key":"Block Potion"},{"floor":10.0,"key":"ColorlessPotion"},{"floor":13.0,"key":"Ancient Potion"},{"floor":18.0,"key":"EntropicBrew"},{"floor":19.0,"key":"LiquidMemories"},{"floor":19.0,"key":"DuplicationPotion"},{"floor":28.0,"key":"SkillPotion"},{"floor":33.0,"key":"BottledMiracle"},{"floor":35.0,"key":"ColorlessPotion"},{"floor":44.0,"key":"Regen Potion"},{"floor":45.0,"key":"SmokeBomb"}],"is_trial":false,"path_per_floor":["M","?","M","$","M","E","$","R","T","E","?","?","E","M","R","B",null,"M","?","$","$","?","R","?","M","T","?","M","E","$","?","R","B",null,"M","?","$","M","?","R","M","R","T","M","E","M","$","M","R","B",null,"R","$","E","B"],"character_chosen":"WATCHER","items_purchased":["Oddly Smooth Stone","DeceiveReality"],"campfire_rested":2,"item_purchase_floors":[20,47],"current_hp_per_floor":[51,51,51,51,51,42,42,42,42,14,36,36,36,28,48,46,68,56,56,56,56,40,40,40,31,31,31,15,11,26,26,46,6,68,68,59,68,68,68,68,49,49,49,48,47,47,62,62,62,27,68,68,68,59,0,0],"gold":65,"neow_bonus":"ONE_RARE_RELIC","is_daily":false,"chose_seed":false,"campfire_upgraded":5,"win_rate":0.0,"timestamp":1613627298,"path_taken":["M","?","M","?","M","E","$","R","T","E","?","?","E","M","R","BOSS","M","?","?","$","?","R","?","?","T","?","M","E","$","?","R","BOSS","M","?","$","M","?","R","M","R","T","M","E","M","$","?","R","BOSS","R","$","E","BOSS"],"items_purchased_type":["Relic","Card"],"build_version":"2020-12-22","purchased_purges":4,"victory":false,"max_hp_per_floor":[65,65,65,65,65,65,65,65,65,65,71,68,68,68,68,68,68,68,68,68,68,68,68,68,68,68,68,68,68,68,68,68,68,68,68,68,68,68,68,68,68,68,68,68,68,68,68,68,68,68,68,68,68,68,68,68],"card_choices":[{"not_picked":["Meditate","BowlingBash","Study"],"picked":"SKIP","floor":1.0},{"not_picked":["BattleHymn","Protect"],"picked":"Evaluate","floor":3.0},{"not_picked":["SashWhip","EmptyFist"],"picked":"Crescendo","floor":5.0},{"not_picked":["Nirvana","DeceiveReality"],"picked":"CarveReality","floor":6.0},{"not_picked":["Crescendo","Adaptation"],"picked":"Alpha","floor":10.0},{"not_picked":["EmptyBody","Fasting2"],"picked":"Perseverance","floor":13.0},{"not_picked":["JustLucky","CrushJoints","Pray"],"picked":"SKIP","floor":14.0},{"not_picked":["Devotion","MasterReality"],"picked":"Vault","floor":16.0},{"not_picked":["Halt","EmptyFist"],"picked":"Protect","floor":18.0},{"not_picked":["Nirvana","ThirdEye","Prostrate"],"picked":"SKIP","floor":25.0},{"not_picked":["Crescendo","BowlingBash"],"picked":"EmptyBody","floor":28.0},{"not_picked":["Worship+1","Wireheading"],"picked":"Scrawl","floor":29.0},{"not_picked":["ConjureBlade","Alpha"],"picked":"Omniscience","floor":33.0},{"not_picked":["Evaluate","CrushJoints+1"],"picked":"Protect+1","floor":35.0},{"not_picked":["FollowUp","FlyingSleeves","PathToVictory+1"],"picked":"SKIP","floor":38.0},{"not_picked":["CutThroughFate","SashWhip"],"picked":"Evaluate+1","floor":41.0},{"not_picked":["TalkToTheHand+1","ReachHeaven","JustLucky+1"],"picked":"SKIP","floor":44.0},{"not_picked":["CutThroughFate+1","ForeignInfluence"],"picked":"DeusExMachina","floor":45.0},{"not_picked":["Weave+1","BowlingBash","Crescendo"],"picked":"SKIP","floor":46.0},{"not_picked":["CutThroughFate+1","JustLucky","InnerPeace+1"],"picked":"SKIP","floor":54}],"player_experience":112717,"relics_obtained":[{"floor":6.0,"key":"Darkstone Periapt"},{"floor":10.0,"key":"MawBank"},{"floor":13.0,"key":"StoneCalendar"},{"floor":26.0,"key":"MealTicket"},{"floor":29.0,"key":"The Courier"},{"floor":45.0,"key":"War Paint"},{"floor":54,"key":"Bag of Preparation"}],"event_choices":[{"damage_healed":0.0,"max_hp_gain":0.0,"max_hp_loss":0.0,"gold_gain":0.0,"event_name":"Match and Keep!","player_choice":"1 cards matched","floor":2.0,"gold_loss":0.0,"damage_taken":0.0,"cards_obtained":["Finesse"]},{"damage_healed":16.0,"max_hp_gain":0.0,"max_hp_loss":0.0,"gold_gain":0.0,"event_name":"Mushrooms","player_choice":"Healed and dodged fight","floor":11.0,"gold_loss":0.0,"damage_taken":0.0,"cards_obtained":["Parasite"]},{"cards_removed":["Parasite"],"damage_healed":0.0,"max_hp_gain":0.0,"max_hp_loss":0.0,"gold_gain":0.0,"event_name":"The Cleric","player_choice":"Card Removal","floor":12.0,"gold_loss":50.0,"damage_taken":0.0},{"damage_healed":0.0,"max_hp_gain":0.0,"max_hp_loss":0.0,"gold_gain":0.0,"event_name":"Lab","player_choice":"Got Potions","floor":19.0,"gold_loss":0.0,"damage_taken":0.0},{"damage_healed":0.0,"max_hp_gain":0.0,"max_hp_loss":0.0,"gold_gain":0.0,"event_name":"Cursed Tome","player_choice":"Obtained Book","floor":22.0,"gold_loss":0.0,"damage_taken":16.0},{"damage_healed":0.0,"max_hp_gain":0.0,"max_hp_loss":0.0,"gold_gain":0.0,"event_name":"Match and Keep!","player_choice":"1 cards matched","floor":24.0,"gold_loss":0.0,"damage_taken":0.0,"cards_obtained":["Enlightenment"]},{"cards_removed":["Strike_P"],"damage_healed":0.0,"max_hp_gain":0.0,"max_hp_loss":0.0,"gold_gain":0.0,"event_name":"Beggar","player_choice":"Gave Gold","floor":27.0,"gold_loss":75.0,"damage_taken":0.0},{"damage_healed":0.0,"max_hp_gain":0.0,"max_hp_loss":0.0,"gold_gain":0.0,"event_name":"Vampires","player_choice":"Became a vampire","floor":31.0,"gold_loss":0.0,"damage_taken":0.0,"cards_obtained":[]},{"damage_healed":0.0,"max_hp_gain":0.0,"max_hp_loss":0.0,"gold_gain":0.0,"event_name":"Winding Halls","player_choice":"Embrace Madness","floor":36.0,"gold_loss":0.0,"damage_taken":9.0,"cards_obtained":["Madness","Madness"]},{"damage_healed":0.0,"max_hp_gain":0.0,"max_hp_loss":0.0,"gold_gain":0.0,"event_name":"Upgrade Shrine","player_choice":"Upgraded","floor":39.0,"gold_loss":0.0,"damage_taken":0.0,"cards_upgraded":["Scrawl"]}],"is_beta":false,"boss_relics":[{"not_picked":["Astrolabe","Runic Pyramid"],"picked":"Empty Cage"},{"not_picked":["Fusion Hammer","Black Star"],"picked":"Cursed Key"}],"items_purged_floors":[4,20,30,37],"is_endless":false,"potions_floor_spawned":[1,10,13,18,28,33,35,44,45,48],"killed_by":"The Heart","ascension_level":2}}