{"host":"pletss163z7s8pvv","time":1613629960,"event":{"mods":["AchievementEnabler","BaseMod","Better Altar","Better Match","Better Note","Better Sensory Stone","Better Skull","Better Third Choice","BetterRewards","CapriCore","ChefMod","Colored Map","Colored Powertips","Conspire","Energized Spire","Evolution","GifTheSpireLib","Hermit","Ironclad Rager","Jedi Mod","Marked Mod","Minty Spire (QoL Compilation)","Retaliation","Spicy Shops","StS++","StSLib","The Alterego","The Blue Laboratory","The Cursed","The Disciple","The Forsaken"],"gold_per_floor":[114,119,134,149,164,179,179,209,234,6,6,6,6,21,21,121,121,136,151,151,1,16,16,16],"floor_reached":23,"language":"ENG","playtime":680,"items_purged":["Doubt"],"score":268,"play_id":"0b92c159-d3b6-4868-bf6c-0e41e46ed409","local_time":"20210218003240","daily_mods":["Cursed Run","ControlledChaos","Lethality"],"is_ascension_mode":false,"campfire_choices":[{"floor":7,"key":"REST"},{"floor":11,"key":"REST"},{"data":"Zap","floor":15,"key":"SMITH"}],"circlet_count":0,"master_deck":["Sweeping Beam","Sweeping Beam","Sweeping Beam","Sweeping Beam","jedi:BurstFrost+1","jedi:BurstFrost+1","jedi:BurstFrost","jedi:BurstFrost","Zap+1","Dualcast","Defragment","Sweeping Beam","jedi:blockon","jedi:overflow","jedi:blockon","Cold Snap","jedi:BurstLightning","Capacitor","Coolheaded","Scrape","Beam Cell","Gash","Scrape","Hello World","Electrodynamics","Doom and Gloom","Chaos","Cold Snap","Static Discharge"],"relics":["Cursed Key","Darkstone Periapt","Du-Vu Doll","Frozen Eye","EVO:Axolotl","The Courier","MealTicket","jedi:arcanewood","OrangePellets","War Paint","Empty Cage","Potion Belt"],"acts_visited":["Exordium","TheCity"],"potions_floor_usage":[18],"damage_taken":[{"damage":0,"enemies":"Jaw Worm","floor":1,"turns":2},{"damage":0,"enemies":"conspire:MimicChest","floor":2,"turns":2},{"damage":0,"enemies":"2 Louse","floor":3,"turns":1},{"damage":0,"enemies":"Small Slimes","floor":4,"turns":2},{"damage":11,"enemies":"Exordium Wildlife","floor":5,"turns":2},{"damage":17,"enemies":"Large Slime","floor":6,"turns":5},{"damage":24,"enemies":"Lagavulin","floor":8,"turns":5},{"damage":11,"enemies":"Looter","floor":14,"turns":2},{"damage":2,"enemies":"Slime Boss","floor":16,"turns":5},{"damage":24,"enemies":"3 Byrds","floor":18,"turns":2},{"damage":23,"enemies":"2 Thieves","floor":19,"turns":3},{"damage":46,"enemies":"Centurion and Healer","floor":22,"turns":4},{"damage":28,"enemies":"Book of Stabbing","floor":23,"turns":2}],"seed_played":"-4060160915487772418","potions_obtained":[{"floor":1,"key":"FearPotion"},{"floor":2,"key":"FocusPotion"},{"floor":4,"key":"SkillPotion"},{"floor":16,"key":"StSpp:SecondWindPotion"},{"floor":18,"key":"jedi:holywater"}],"is_trial":false,"path_per_floor":["M","?","M","M","M","M","R","E","T","$","R","$","?","M","R","B",null,"M","M","?","$","M","E"],"character_chosen":"DEFECT","items_purchased":["Capacitor","OrangePellets","War Paint","Potion Belt","Cold Snap"],"campfire_rested":2,"item_purchase_floors":[10,10,10,21,21],"current_hp_per_floor":[83,83,83,83,72,55,79,55,61,76,89,89,89,78,78,82,95,71,48,48,69,23,0,0],"gold":16,"neow_bonus":"","is_daily":true,"chose_seed":false,"campfire_upgraded":1,"win_rate":0.0,"timestamp":1613629960,"path_taken":["M","?","M","M","M","M","R","E","T","$","R","$","?","?","R","BOSS","M","M","?","$","M","E"],"items_purchased_type":["Card","Relic","Relic","Relic","Card"],"build_version":"2020-12-22","purchased_purges":1,"victory":false,"max_hp_per_floor":[83,83,83,83,83,83,83,83,89,89,89,89,89,89,89,95,95,95,95,95,101,101,101,101],"card_choices":[{"not_picked":["Barrage","jedi:locknload"],"picked":"Defragment","floor":1},{"not_picked":["jedi:BurstFrost","Consume"],"picked":"Sweeping Beam","floor":2},{"not_picked":["Compile Driver","Conserve Battery"],"picked":"jedi:blockon","floor":3},{"not_picked":["Hello World","Hologram"],"picked":"jedi:overflow","floor":4},{"not_picked":["Turbo","Force Field"],"picked":"jedi:blockon","floor":5},{"not_picked":["Turbo","Hologram"],"picked":"Cold Snap","floor":6},{"not_picked":["conspire:SharedLibrary","StSpp:Fierceness"],"picked":"jedi:BurstLightning","floor":8},{"not_picked":["StSpp:Fierceness","Coolheaded"],"picked":"Hello World","floor":14},{"not_picked":["Echo Form","jedi:bruteforce"],"picked":"Electrodynamics","floor":16},{"not_picked":["Darkness","Lockon"],"picked":"Doom and Gloom","floor":18},{"not_picked":["Barrage+1","jedi:BurstLightning"],"picked":"Chaos","floor":19},{"not_picked":["Barrage+1","Tempest"],"picked":"Static Discharge","floor":22}],"player_experience":518372,"relics_obtained":[{"floor":2,"key":"The Courier"},{"floor":8,"key":"MealTicket"},{"floor":9,"key":"jedi:arcanewood"}],"event_choices":[],"is_beta":false,"boss_relics":[{"not_picked":["energizedSpire:OldTV","Fusion Hammer"],"picked":"Empty Cage"}],"items_purged_floors":[21],"is_endless":false,"potions_floor_spawned":[1,2,4,6,16,18,19],"killed_by":"Book of Stabbing","ascension_level":0}}