{"host":"5qewjvycy34u7aeo","time":1613658571,"event":{"mods":["BaseMod","Downfall","GifTheSpireLib","Hubris","Infinite Spire","Minty Spire (QoL Compilation)","Permanent Neow","Replay The Spire","StSLib","Wandering Minibosses"],"gold_per_floor":[111,131,146,20,39,72,72,91,91,104,123,153,153,173,173,173,173],"floor_reached":16,"language":"ENG","playtime":979,"items_purged":["Strike_R"],"score":128,"play_id":"8aed7294-45da-42e1-a888-5d6f77334b94","local_time":"20210218082931","is_ascension_mode":true,"campfire_choices":[{"floor":15,"key":"REST"}],"circlet_count":0,"master_deck":["Strike_R","Strike_R","Strike_R+1","Strike_R","Defend_R","Defend_R","Defend_R","Defend_R","Bash","ReplayReversal","ReplayTheSpireMod:Muscle Training","Armaments","Body Slam","Pummel","Second Wind","Infernal Blade","Ghostly Armor","Looming Evil"],"relics":["Burning Blood","Blood Vial","Dead Branch","Frozen Egg 2","Tiny Chest","ReplayTheSpireMod:Ring of Exchange"],"acts_visited":["Exordium"],"potions_floor_usage":[5,12,16],"damage_taken":[{"damage":6,"enemies":"Cultist","floor":1,"turns":3},{"damage":10,"enemies":"Small Slimes","floor":2,"turns":4},{"damage":1,"enemies":"Jaw Worm","floor":3,"turns":3},{"damage":8,"enemies":"Looter","floor":5,"turns":4},{"damage":48,"enemies":"Gremlin Nob","floor":6,"turns":5},{"damage":3,"enemies":"2 Fungi Beasts","floor":8,"turns":3},{"damage":28,"enemies":"3 Louse","floor":10,"turns":6},{"damage":1,"enemies":"Gremlin Gang","floor":11,"turns":5},{"damage":15,"enemies":"3 Sentries","floor":12,"turns":9},{"damage":13,"enemies":"Looter","floor":14,"turns":2},{"damage":42,"enemies":"The Guardian","floor":16,"turns":11}],"seed_played":"6896114103885781853","potions_obtained":[{"floor":3,"key":"Explosive Potion"},{"floor":6,"key":"SneckoOil"},{"floor":10,"key":"AttackPotion"},{"floor":11,"key":"DuplicationPotion"},{"floor":14,"key":"AttackPotion"}],"is_trial":false,"path_per_floor":["M","M","M","$","M","E","?","M","T","M","M","E","?","M","R","B"],"character_chosen":"IRONCLAD","items_purchased":["Body Slam"],"campfire_rested":1,"item_purchase_floors":[4],"current_hp_per_floor":[80,76,80,80,78,36,36,41,41,21,28,21,21,16,40,0,0],"gold":173,"neow_bonus":"RANDOM_EVENT","is_daily":false,"chose_seed":false,"campfire_upgraded":0,"win_rate":0.0,"timestamp":1613658571,"path_taken":["M","?","M","$","M","E","?","M","T","M","?","E","?","M","R","BOSS"],"items_purchased_type":["Card"],"build_version":"2020-12-22","purchased_purges":1,"victory":false,"max_hp_per_floor":[80,80,80,80,80,80,80,80,80,80,80,80,80,80,80,80,80],"card_choices":[{"not_picked":["Fire Breathing","Cleave"],"picked":"ReplayReversal","floor":1},{"not_picked":["Replay:Undeath\u0027s Touch","Wild Strike"],"picked":"ReplayTheSpireMod:Muscle Training","floor":2},{"not_picked":["Clothesline","True Grit"],"picked":"Armaments","floor":3},{"not_picked":["ReplayTheSpireMod:Strike From Hell","Rampage"],"picked":"Pummel","floor":5},{"not_picked":["Bludgeon","ReplayTheSpireMod:Strike From Hell","Headbutt"],"picked":"SKIP","floor":6},{"not_picked":["Rampage","ReplayTheSpireMod:Strike From Hell"],"picked":"Second Wind","floor":8},{"not_picked":["infinitespire:OneForAll","Rampage","Evolve+1"],"picked":"SKIP","floor":10},{"not_picked":["Pommel Strike","Infernal Blade","Flex"],"picked":"SKIP","floor":11},{"not_picked":["Pommel Strike","Flex"],"picked":"Infernal Blade","floor":11},{"not_picked":["Cleave","Blood for Blood"],"picked":"Ghostly Armor","floor":12},{"not_picked":["Spot Weakness","Pummel","ReplayTheSpireMod:Muscle Training"],"picked":"SKIP","floor":14}],"player_experience":455117,"relics_obtained":[{"floor":6,"key":"Blood Vial"},{"floor":9,"key":"Frozen Egg 2"},{"floor":12,"key":"Tiny Chest"},{"floor":13,"key":"ReplayTheSpireMod:Ring of Exchange"}],"event_choices":[{"damage_healed":0,"gold_gain":0,"player_choice":"Gave Potion","damage_taken":0,"relics_obtained":["Dead Branch"],"max_hp_gain":0,"max_hp_loss":0,"event_name":"WeMeetAgain","floor":7,"gold_loss":0}],"is_beta":false,"boss_relics":[],"items_purged_floors":[4],"is_endless":false,"potions_floor_spawned":[3,6,10,11,14],"killed_by":"The Guardian","ascension_level":2}}