{"host":"y0i0tbisecj7yjyn","time":1613626240,"event":{"mods":["2.2 Compatiblity","AchievementEnabler","AlwaysNeverKeys","BaseMod","Better Third Choice","BetterRewards","Colored Map","Colored Powertips","Curses Come First","Disable Question Mark Monsters","Displayed Cursed Tome","Highlight Path","Keyboard Shortcuts","Minty Spire (QoL Compilation)","Quick Restart","Random Character Button","Rare Cards Sparkle","Relic Stats","Reliquary","Smile Girya","StSLib","SuperFastMode","The Marked","Transform Curses","Weighted Paths"],"gold_per_floor":[109,109,109,109,0,44,44,59,83,99,112,138,138,138,138,257,257,270,303,303,324,339,355,399,399,399],"floor_reached":25,"language":"ENG","playtime":884,"items_purged":[],"score":265,"play_id":"7b56a934-c289-4997-b532-7427150ebcbb","local_time":"20210217233040","is_ascension_mode":true,"campfire_choices":[{"floor":7,"key":"REST"},{"floor":15,"key":"REST"}],"circlet_count":0,"master_deck":["Strike_B","Strike_B","Strike_B","Strike_B","Defend_B","Defend_B","Defend_B","Defend_B","Zap+1","Dualcast","All For One","Cold Snap","Gash","Swift Strike","Chill","Gash","Streamline","Gash","Parasite","Cold Snap+1","Chill","Reboot","BootSequence+1","Static Discharge+1","Storm+1"],"relics":["Cracked Core","Golden Idol","Mercury Hourglass","Centennial Puzzle","reliquary:PartyBalloon","Philosopher\u0027s Stone","Red Mask","Nloth\u0027s Gift","Ancient Tea Set"],"acts_visited":["Exordium","TheCity"],"potions_floor_usage":[16,21],"damage_taken":[{"damage":3,"enemies":"2 Louse","floor":1,"turns":2},{"damage":23,"enemies":"Lagavulin","floor":6,"turns":6},{"damage":5,"enemies":"Jaw Worm","floor":8,"turns":2},{"damage":0,"enemies":"Cultist","floor":10,"turns":2},{"damage":1,"enemies":"Blue Slaver","floor":11,"turns":2},{"damage":51,"enemies":"The Guardian","floor":16,"turns":7},{"damage":5,"enemies":"Spheric Guardian","floor":18,"turns":3},{"damage":2,"enemies":"Masked Bandits","floor":19,"turns":3},{"damage":4,"enemies":"2 Thieves","floor":21,"turns":3},{"damage":15,"enemies":"3 Cultists","floor":22,"turns":4},{"damage":17,"enemies":"Snake Plant","floor":23,"turns":4},{"damage":7,"enemies":"Gremlin Leader","floor":24,"turns":6},{"damage":19,"enemies":"Snecko","floor":25,"turns":3}],"seed_played":"-2015690955761843800","potions_obtained":[{"floor":6,"key":"SkillPotion"},{"floor":10,"key":"FocusPotion"},{"floor":18,"key":"PowerPotion"},{"floor":22,"key":"Fire Potion"}],"is_trial":false,"path_per_floor":["M","?","?","?","$","E","R","M","T","M","M","T","$","?","R","B",null,"M","?","?","M","M","M","E","M"],"character_chosen":"DEFECT","items_purchased":["Gash","Swift Strike"],"campfire_rested":2,"item_purchase_floors":[5,5],"current_hp_per_floor":[51,51,51,33,33,10,30,25,25,25,24,24,24,41,61,10,69,64,62,62,58,43,26,19,0,0],"gold":399,"neow_bonus":"THREE_RARE_CARDS","is_daily":false,"chose_seed":false,"campfire_upgraded":0,"win_rate":0.0,"timestamp":1613626240,"path_taken":["M","?","?","?","?","E","R","M","T","M","?","?","$","?","R","BOSS","M","?","?","?","M","M","E","M"],"items_purchased_type":["Card","Card"],"build_version":"2020-12-22","purchased_purges":0,"victory":false,"max_hp_per_floor":[75,69,69,69,69,69,69,69,69,69,69,69,69,69,69,69,69,69,69,69,69,69,69,69,69,69],"relic_stats":{"Centennial Puzzle":[27],"counters":[13,47],"Golden Idol":71,"Nloth\u0027s Gift":2,"obtain_stats":[{"Centennial Puzzle":9,"Golden Idol":2,"reliquary:PartyBalloon":12,"Philosopher\u0027s Stone":17,"reliquary:TuningFork":6,"Red Mask":19,"Nloth\u0027s Gift":20,"Cracked Core":0,"Ancient Tea Set":24,"Mercury Hourglass":4},{"Centennial Puzzle":3,"Golden Idol":1,"reliquary:PartyBalloon":5,"Philosopher\u0027s Stone":6,"reliquary:TuningFork":2,"Red Mask":8,"Nloth\u0027s Gift":8,"Cracked Core":0,"Ancient Tea Set":12,"Mercury Hourglass":1},{"Centennial Puzzle":10,"Golden Idol":2,"reliquary:PartyBalloon":14,"Philosopher\u0027s Stone":21,"reliquary:TuningFork":8,"Red Mask":27,"Nloth\u0027s Gift":27,"Cracked Core":0,"Ancient Tea Set":44,"Mercury Hourglass":2}],"Mercury Hourglass":[179]},"card_choices":[{"not_picked":["Meteor Strike","Buffer"],"picked":"All For One","floor":0},{"not_picked":["Coolheaded","Genetic Algorithm"],"picked":"Cold Snap","floor":1},{"not_picked":["Heatsinks","Doom and Gloom"],"picked":"Chill","floor":6},{"not_picked":["Melter","Redo"],"picked":"Gash","floor":8},{"not_picked":["Hologram","Melter"],"picked":"Streamline","floor":10},{"not_picked":["Conserve Battery","Capacitor"],"picked":"Gash","floor":11},{"not_picked":["Auto Shields+1","Compile Driver"],"picked":"Cold Snap+1","floor":18},{"not_picked":["Heatsinks+1","Consume"],"picked":"Chill","floor":19},{"not_picked":["Double Energy+1","Go for the Eyes"],"picked":"Reboot","floor":21},{"not_picked":["Coolheaded","Leap"],"picked":"BootSequence+1","floor":22},{"not_picked":["Force Field","Heatsinks"],"picked":"Static Discharge+1","floor":23},{"not_picked":["Turbo+1","Biased Cognition"],"picked":"Storm+1","floor":24}],"player_experience":476532,"relics_obtained":[{"floor":6,"key":"reliquary:TuningFork"},{"floor":9,"key":"Centennial Puzzle"},{"floor":12,"key":"reliquary:PartyBalloon"},{"floor":19,"key":"Red Mask"},{"floor":24,"key":"Ancient Tea Set"}],"event_choices":[{"damage_healed":0,"gold_gain":0,"player_choice":"Lose Max HP","damage_taken":0,"relics_obtained":["Golden Idol"],"max_hp_gain":0,"max_hp_loss":6,"event_name":"Golden Idol","floor":2,"gold_loss":0},{"damage_healed":0,"gold_gain":0,"player_choice":"Grow","damage_taken":0,"max_hp_gain":0,"max_hp_loss":0,"event_name":"Living Wall","floor":3,"gold_loss":0,"cards_upgraded":["Zap"]},{"damage_healed":0,"gold_gain":0,"player_choice":"Relic ","damage_taken":18,"max_hp_gain":0,"max_hp_loss":0,"event_name":"betterThird:BetterScrap","floor":4,"gold_loss":0,"cards_obtained":["Wallop"]},{"damage_healed":17,"gold_gain":0,"player_choice":"Healed and dodged fight","damage_taken":0,"max_hp_gain":0,"max_hp_loss":0,"event_name":"Mushrooms","floor":14,"gold_loss":0,"cards_obtained":["Parasite"]},{"damage_healed":0,"gold_gain":0,"player_choice":"Fought Bandits","damage_taken":0,"max_hp_gain":0,"max_hp_loss":0,"event_name":"Masked Bandits","floor":19,"gold_loss":0},{"damage_healed":0,"gold_gain":0,"player_choice":"Traded Relic","damage_taken":0,"relics_obtained":["Nloth\u0027s Gift"],"max_hp_gain":0,"max_hp_loss":0,"event_name":"N\u0027loth","floor":20,"relics_lost":["reliquary:TuningFork"],"gold_loss":0}],"is_beta":false,"boss_relics":[{"not_picked":["Ectoplasm","SlaversCollar"],"picked":"Philosopher\u0027s Stone"}],"items_purged_floors":[],"is_endless":false,"potions_floor_spawned":[6,10,18,22],"killed_by":"Snecko","ascension_level":4}}