{"host":"j3dftr7v3bsikk26","time":1613655026,"event":{"mods":["AchievementEnabler","BaseMod","Bestiary","Colored Map","Colored Powertips","Downfall","Minty Spire (QoL Compilation)","Relic Stats","StSLib"],"gold_per_floor":[99,111,111,561,579,479,479,494,528,528,75,75,108,208,218,292,292,292,302,318,56,56,90,90,138,154,185,196,96,96,115,127,202,202,102,118,118,118,131,131,211,94,107,132,132,164,181,207,217,217,217,244,40,40,40,40],"floor_reached":57,"language":"ENG","playtime":3785,"items_purged":["Guardian:Strike_Guardian","Guardian:Defend_Guardian","Guardian:Defend_Guardian"],"score":2305,"play_id":"a47452bd-e346-4ef9-beb5-356c2e88033e","local_time":"20210218143026","is_ascension_mode":true,"campfire_choices":[{"floor":1,"key":"RECALL"},{"data":"Guardian:CurlUp","floor":6,"key":"SMITH"},{"data":"Guardian:VentSteam","floor":10,"key":"SMITH"},{"data":"expansioncontent:DashGenerateEvil","floor":12,"key":"SMITH"},{"data":"Guardian:HyperBeam_Guardian","floor":18,"key":"SMITH"},{"data":"Guardian:RefractedBeam+1","floor":29,"key":"SMITH"},{"data":"Guardian:RefractedBeam+2","floor":35,"key":"SMITH"},{"data":"Guardian:RefractedBeam+3","floor":40,"key":"SMITH"},{"data":"Guardian:RefractedBeam+4","floor":45,"key":"SMITH"},{"data":"Guardian:RefractedBeam+5","floor":54,"key":"SMITH"}],"circlet_count":0,"master_deck":["AscendersBane","Guardian:Defend_Guardian","Guardian:CurlUp+1","Guardian:TwinSlam","downfall:Icky","downfall:Icky","downfall:Icky","Guardian:VentSteam+1","Guardian:ShieldCharger+1","Guardian:TemporalShield+1","expansioncontent:DashGenerateEvil+1","Guardian:WalkerClaw+1","Guardian:WalkerClaw+1","Guardian:HyperBeam_Guardian+1","Guardian:ShieldCharger","Guardian:RefractedBeam+6","Guardian:GuardianWhirl","Guardian:SphericShield","Guardian:BronzeArmor","Guardian:ExploitGems+1","Guardian:FloatingOrbs+1","Guardian:ChargeUp","Guardian:CrystalBeam+1"],"relics":["Guardian:ModeShifterPlus","Du-Vu Doll","downfall:HeartBlessingRed","Slimebound:PreparedRelic","Vajra","Slimebound:StickyStick","Calipers","champ:Barbells","Lantern","Guardian:BottledAnomaly","Smiling Mask","downfall:HeartBlessingGreen","Sozu","downfall:HeartBlessingBlue","Singing Bowl","Art of War","Bronze Scales","Meat on the Bone","Turnip","Anchor"],"acts_visited":["Exordium","TheCity","TheBeyond","TheEnding"],"potions_floor_usage":[14,14,26,55,56],"damage_taken":[{"damage":8,"enemies":"Small Slimes","floor":2,"turns":4},{"damage":7,"enemies":"Jaw Worm","floor":5,"turns":4},{"damage":3,"enemies":"2 Louse","floor":8,"turns":3},{"damage":16,"enemies":"Gremlin Nob","floor":9,"turns":5},{"damage":5,"enemies":"downfall:FleeingMerchant","floor":11,"turns":4},{"damage":0,"enemies":"Lagavulin","floor":13,"turns":2},{"damage":6,"enemies":"downfall:Heads","floor":14,"turns":3},{"damage":0,"enemies":"Exordium Wildlife","floor":15,"turns":2},{"damage":1,"enemies":"WA_ARCHETYPE_RETAIN","floor":16,"turns":4},{"damage":0,"enemies":"Shell Parasite","floor":19,"turns":2},{"damage":0,"enemies":"3 Byrds","floor":20,"turns":2},{"damage":0,"enemies":"downfall:FleeingMerchant","floor":21,"turns":4},{"damage":10,"enemies":"Gremlin Leader","floor":23,"turns":5},{"damage":0,"enemies":"downfall:FleeingMerchant","floor":25,"turns":4},{"damage":0,"enemies":"Centurion and Healer","floor":26,"turns":2},{"damage":0,"enemies":"Book of Stabbing","floor":27,"turns":3},{"damage":0,"enemies":"Cultist and Chosen","floor":28,"turns":3},{"damage":0,"enemies":"Snecko","floor":31,"turns":2},{"damage":2,"enemies":"Chosen and Byrds","floor":32,"turns":3},{"damage":0,"enemies":"IC_MUSHROOM_ARCHETYPE","floor":33,"turns":5},{"damage":0,"enemies":"3 Darklings","floor":36,"turns":1},{"damage":0,"enemies":"Orb Walker","floor":39,"turns":1},{"damage":0,"enemies":"4 Shapes","floor":43,"turns":2},{"damage":0,"enemies":"Nemesis","floor":44,"turns":3},{"damage":0,"enemies":"Reptomancer","floor":46,"turns":3},{"damage":0,"enemies":"3 Darklings","floor":47,"turns":2},{"damage":0,"enemies":"Nemesis","floor":48,"turns":3},{"damage":0,"enemies":"Sphere and 2 Shapes","floor":49,"turns":4},{"damage":4,"enemies":"DF_ARCHETYPE_ORBS","floor":50,"turns":5},{"damage":13,"enemies":"downfall:CharBossMerchant","floor":52,"turns":4},{"damage":0,"enemies":"downfall:NeowBoss","floor":55,"turns":10},{"damage":0,"enemies":"downfall:NeowBossFinal","floor":56,"turns":6}],"seed_played":"-2754708581557651075","potions_obtained":[{"floor":9,"key":"Guardian:BlockOnCardUsePotion"},{"floor":13,"key":"hexamod:SoulburnPotion"},{"floor":15,"key":"DuplicationPotion"},{"floor":19,"key":"SmokeBomb"},{"floor":26,"key":"PowerPotion"},{"floor":27,"key":"Energy Potion"},{"floor":31,"key":"DuplicationPotion"}],"is_trial":false,"path_per_floor":["R","M","?","?","M","R","T","M","E","R","$","R","E","?","M","B",null,"R","M","M","$","?","E","T","$","M","E","M","R","?","M","M","B",null,"R","M","?","?","M","R","T","$","M","E","R","E","M","E","M","B",null,"E","$","R","B","B",null],"character_chosen":"GUARDIAN","items_purchased":["Slimebound:StickyStick","Guardian:Gem_Crimson","Guardian:TemporalShield","expansioncontent:DashGenerateEvil","Fruit Juice","champ:Barbells","Guardian:BottledAnomaly","Guardian:Gem_Cyan","Guardian:FloatingOrbs","Anchor"],"campfire_rested":0,"item_purchase_floors":[11,11,11,11,21,21,25,25,42,53],"current_hp_per_floor":[51,43,48,48,41,41,41,38,22,22,17,17,17,11,11,10,66,66,66,66,66,66,56,56,56,61,61,61,61,61,61,59,59,82,92,92,92,92,92,92,92,92,92,94,94,94,94,94,94,90,99,88,88,88,88,88],"gold":40,"neow_bonus":"ONE_RARE_RELIC","is_daily":false,"chose_seed":false,"campfire_upgraded":9,"win_rate":0.0,"timestamp":1613655026,"path_taken":["R","M","?","?","M","R","T","M","E","R","$","R","E","?","M","BOSS","R","M","M","$","?","E","T","$","?","E","M","R","?","M","M","BOSS","R","M","?","?","M","R","T","$","M","E","R","E","M","E","M","BOSS","E","$","R","BOSS","BOSS"],"items_purchased_type":["Relic","Card","Card","Card","Potion","Relic","Relic","Card","Card","Relic"],"build_version":"2020-12-22","purchased_purges":3,"victory":true,"max_hp_per_floor":[80,80,85,85,85,85,85,85,85,85,85,85,85,85,85,85,85,85,85,85,85,85,85,85,85,90,90,90,90,90,90,90,90,90,100,100,100,100,100,100,100,100,100,102,102,102,102,102,102,102,102,104,104,104,104,104],"relic_stats":{"Sozu":0,"Singing Bowl":4,"counters":[32,110],"Bronze Scales":[53],"Turnip":[7],"Art of War":[4],"Smiling Mask":125,"obtain_stats":[{"champ:Barbells":21,"Lantern":23,"Calipers":13,"downfall:HeartBlessingRed":6,"Guardian:ModeShifterPlus":17,"Singing Bowl":41,"Guardian:ModeShifter":0,"Vajra":9,"downfall:HeartBlessingGreen":29,"Smiling Mask":27,"Du-Vu Doll":0,"Sozu":34,"Anchor":53,"Slimebound:StickyStick":11,"downfall:HeartBlessingBlue":35,"Bronze Scales":46,"Slimebound:PreparedRelic":7,"Turnip":52,"Art of War":44,"Guardian:BottledAnomaly":25,"Meat on the Bone":48},{"champ:Barbells":12,"Lantern":13,"Calipers":6,"downfall:HeartBlessingRed":2,"Guardian:ModeShifterPlus":9,"Singing Bowl":22,"Guardian:ModeShifter":0,"Vajra":4,"downfall:HeartBlessingGreen":17,"Smiling Mask":16,"Du-Vu Doll":0,"Sozu":20,"Anchor":30,"Slimebound:StickyStick":5,"downfall:HeartBlessingBlue":20,"Bronze Scales":25,"Slimebound:PreparedRelic":2,"Turnip":30,"Art of War":24,"Guardian:BottledAnomaly":14,"Meat on the Bone":27},{"champ:Barbells":39,"Lantern":44,"Calipers":22,"downfall:HeartBlessingRed":8,"Guardian:ModeShifterPlus":31,"Singing Bowl":68,"Guardian:ModeShifter":0,"Vajra":16,"downfall:HeartBlessingGreen":56,"Smiling Mask":53,"Du-Vu Doll":0,"Sozu":66,"Anchor":94,"Slimebound:StickyStick":20,"downfall:HeartBlessingBlue":66,"Bronze Scales":76,"Slimebound:PreparedRelic":8,"Turnip":94,"Art of War":73,"Guardian:BottledAnomaly":48,"Meat on the Bone":81}],"Meat on the Bone":0},"card_choices":[{"not_picked":["Guardian:Gem_Lightblue","Guardian:Gem_Red"],"picked":"Guardian:Gem_Green","floor":2},{"not_picked":["Guardian:ShieldCharger","Guardian:TemporalShield"],"picked":"Guardian:Gem_Green","floor":5},{"not_picked":["Guardian:Suspension","Guardian:CrystalBeam"],"picked":"Guardian:VentSteam","floor":8},{"not_picked":["Guardian:DonusPower","Guardian:TimeCapacitor"],"picked":"Guardian:ShieldCharger","floor":9},{"not_picked":["Guardian:Incinerate","Guardian:PrismaticBarrier"],"picked":"Guardian:Reroute","floor":11},{"not_picked":["Guardian:StasisEngine","Guardian:Gem_Cyan"],"picked":"Guardian:WalkerClaw","floor":13},{"not_picked":["Guardian:Gem_Blue","Guardian:DonusPower"],"picked":"Guardian:Gem_Cyan","floor":14},{"not_picked":["Guardian:ChargeCore","Guardian:PrismaticBeam"],"picked":"Guardian:Gem_Purple","floor":15},{"not_picked":["Guardian:GemFire","Guardian:TimeSifter"],"picked":"Guardian:HyperBeam_Guardian","floor":16},{"not_picked":["Guardian:RollAttack","Guardian:SentryBeam"],"picked":"Guardian:ShieldCharger","floor":19},{"not_picked":["Guardian:Clone","Guardian:Gem_Green","Guardian:Reroute"],"picked":"SKIP","floor":20},{"not_picked":["Guardian:DonusPower","Guardian:TemporalShield","Guardian:VentSteam"],"picked":"SKIP","floor":21},{"not_picked":["Guardian:TimeSifter","Guardian:TimeCapacitor","Guardian:Gem_Lightblue"],"picked":"SKIP","floor":23},{"not_picked":["Guardian:Gem_Crimson","Guardian:PrimingBeam"],"picked":"Guardian:RefractedBeam+1","floor":25},{"not_picked":["Guardian:Gem_Blue","Guardian:Planning"],"picked":"Guardian:Gem_Cyan","floor":26},{"not_picked":["Guardian:Gem_Green","Guardian:WalkerClaw"],"picked":"Guardian:GuardianWhirl","floor":27},{"not_picked":["Guardian:Gem_Red","Guardian:Reroute","Guardian:RollAttack"],"picked":"SKIP","floor":28},{"not_picked":["Guardian:RefractedBeam","Guardian:Gem_Lightblue"],"picked":"Guardian:SphericShield","floor":31},{"not_picked":["Guardian:FuturePlans","Guardian:Planning"],"picked":"Guardian:BronzeArmor","floor":32},{"not_picked":["Guardian:CompilePackage","Guardian:GemFire"],"picked":"Guardian:ExploitGems","floor":33},{"not_picked":["Guardian:Recover","Guardian:TimeBomb","Guardian:WalkerClaw"],"picked":"SKIP","floor":36},{"not_picked":["Guardian:Incinerate","Guardian:Harden","Guardian:TemporalStrike+1"],"picked":"SKIP","floor":39},{"not_picked":["Guardian:Incinerate","Guardian:VentSteam+1"],"picked":"Guardian:ChargeUp","floor":43},{"not_picked":["Guardian:PiercingHide","Guardian:ShieldCharger","Guardian:ArmoredProtocol"],"picked":"Singing Bowl","floor":44},{"not_picked":["Guardian:Reroute","Guardian:Gem_Lightblue"],"picked":"Guardian:Gem_Fragmented","floor":46},{"not_picked":["Guardian:Incinerate","Guardian:MultiBeam"],"picked":"Guardian:Gem_Crimson","floor":47},{"not_picked":["Guardian:Preprogram+1","Guardian:FastForward"],"picked":"Guardian:Gem_Crimson","floor":48},{"not_picked":["Guardian:RefractedBeam","Guardian:Gem_Lightblue"],"picked":"Guardian:CrystalBeam+1","floor":49},{"not_picked":["Guardian:Orbwalk+1","Guardian:Reroute","Guardian:MultiBeam"],"picked":"Singing Bowl","floor":52}],"player_experience":1386445,"relics_obtained":[{"floor":7,"key":"Slimebound:PreparedRelic"},{"floor":9,"key":"Vajra"},{"floor":13,"key":"Calipers"},{"floor":23,"key":"Lantern"},{"floor":27,"key":"Smiling Mask"},{"floor":41,"key":"Singing Bowl"},{"floor":44,"key":"Art of War"},{"floor":46,"key":"Bronze Scales"},{"floor":48,"key":"Meat on the Bone"},{"floor":52,"key":"Turnip"}],"event_choices":[{"damage_healed":0,"gold_gain":0,"player_choice":"Donut","damage_taken":0,"max_hp_gain":5,"max_hp_loss":0,"event_name":"Big Fish","floor":3,"gold_loss":0},{"cards_removed":["Guardian:Defend_Guardian"],"damage_healed":0,"gold_gain":0,"player_choice":"Removed Skill","damage_taken":0,"max_hp_gain":0,"max_hp_loss":0,"event_name":"Falling","floor":38,"gold_loss":0}],"is_beta":false,"boss_relics":[{"not_picked":["Astrolabe","Velvet Choker"],"picked":"Guardian:ModeShifterPlus"},{"not_picked":["Runic Dome","Tiny House"],"picked":"Sozu"}],"items_purged_floors":[25,42,53],"is_endless":false,"potions_floor_spawned":[9,13,15,19,26,27,31,44,48],"ascension_level":13}}