{"host":"3e3mwsgb9gfqiuxm","time":1613618352,"event":{"mods":["Act Like it!","BaseMod","Colored Map","Colored Powertips","Downfall","Gensokyo","Googly Eyes","Hallownest","Hermit","Hubris","Infinite Spire","Jorbs\u0027s Wanderer Trilogy","Koishi","Marisa????????","Minty Spire (QoL Compilation)","Quick Restart","Rare Cards Sparkle","Reimu??????","Remilia??????","Replay The Spire","Shop Mod","StSLib","SuperFastMode","Td1madao Mod","The Animator","The Bug Knight","The Cursed","The Hierophant","The Servant 0.9.4","everything is the same but u backflip on backflip","slay the spire mod where everything is the same but ironclad has a cowboy hat"],"gold_per_floor":[112,112,123,123,14,43,43,68,115,129,129,147,160,194,194,294,294,304,304,304,15,34,64,64,103,103,131,131,151,170,201,201,320,320,339,339,349,406,59,59,107,107,107,141,170,170,190,225,237,249,261,273,11,44,68],"floor_reached":56,"language":"ENG","playtime":2397,"items_purged":["Strike_MRS","Defend_MRS","Defend_MRS","ShootingEcho"],"score":1955,"play_id":"b163e808-2dfa-4fa9-b731-9f5ab3eff106","local_time":"20210217221912","is_ascension_mode":true,"campfire_choices":[{"data":"EscapeVelocity","floor":7.0,"key":"SMITH"},{"data":"WitchLeyline","floor":11.0,"key":"SMITH"},{"data":"Strike_MRS","floor":15.0,"key":"PURGE"},{"data":"SprinkleStarSeal","floor":24.0,"key":"SMITH"},{"data":"infinitespire:Gouge","floor":28.0,"key":"SMITH"},{"data":"BinaryStars","floor":32.0,"key":"SMITH"},{"data":"MagicChant","floor":40.0,"key":"SMITH"},{"data":"BigCrunch","floor":42.0,"key":"SMITH"},{"floor":46.0,"key":"RECALL"},{"data":"GalacticHalo","floor":49.0,"key":"SMITH"},{"data":"Pot Of Greed","floor":52.0,"key":"SMITH"}],"circlet_count":0,"master_deck":["Defend_MRS","Defend_MRS","MasterSpark","UpSweep","SuperPerseids","GasGiant","WitchLeyline+1","EscapeVelocity+1","ShootingEcho","WitchLeyline+1","BinaryStars+1","StarlightTyphoon","BigCrunch+1","MeteoricShower+1","ChargeUpSpray","SprinkleStarSeal+1","DragonMeteor+1","infinitespire:Gouge+1","Pot Of Greed","OortCloud+1","MilkyWay+1","MagicChant+1","WitchOfGreed","Pot Of Greed+1","OortCloud","GasGiant+1","GalacticHalo+1","EscapeVelocity+1","OortCloud+1","Orbital+1"],"relics":["BewitchedHakkero","Hallownest:DreamNailRelic","Hallownest:TeacherSealRelic","Chameleon Ring","infinitespire:Midas Blood","Bronze Scales","ScarletDevilRocket","Coffee Dripper","hubris:Reverence","SimpleLauncher","infinitespire:WardingShard","Matryoshka","Lantern","Bottled Flame","Grinning Jar","Gremlin Food","RedLine:ReiMu","Gensokyo:EmptyGrave","Singing Bowl","Bottled Lightning","Bottled Tornado","Replay:Mystery Machine","Frozen Egg 2","MawBank","ClockworkSouvenir","hubris:Metronome"],"acts_visited":["Hallownest:Greenpath","TheCity","Gensokyo:Gensokyoest","TheEnding"],"potions_floor_usage":[55,55],"damage_taken":[{"damage":3.0,"enemies":"Hallownest:2_MossCreeps","floor":1.0,"turns":4.0},{"damage":2.0,"enemies":"2_ Uuma","floor":3.0,"turns":3.0},{"damage":10.0,"enemies":"Hallownest:eliteCrystalGuardian","floor":6.0,"turns":4.0},{"damage":2.0,"enemies":"Hallownest:eliteVengeflyKing","floor":8.0,"turns":3.0},{"damage":0.0,"enemies":"Hallownest:monsterHuskWarrior","floor":10.0,"turns":1.0},{"damage":8.0,"enemies":"Hallownest:1_Ooma_and_2_Uuma","floor":12.0,"turns":4.0},{"damage":9.0,"enemies":"Hallownest:MossCreep_and_Mosskin","floor":13.0,"turns":5.0},{"damage":8.0,"enemies":"Hallownest:eliteCrystalGuardian","floor":14.0,"turns":3.0},{"damage":2.0,"enemies":"Hallownest:BossFalseKnight","floor":16.0,"turns":6.0},{"damage":0.0,"enemies":"Chosen","floor":18.0,"turns":2.0},{"damage":0.0,"enemies":"Spheric Guardian","floor":22.0,"turns":3.0},{"damage":5.0,"enemies":"Slavers","floor":23.0,"turns":4.0},{"damage":11.0,"enemies":"Nightmare","floor":25.0,"turns":4.0},{"damage":4.0,"enemies":"Slavers","floor":27.0,"turns":3.0},{"damage":0.0,"enemies":"Centurion and Healer","floor":29.0,"turns":3.0},{"damage":0.0,"enemies":"Sentry and Sphere","floor":30.0,"turns":2.0},{"damage":10.0,"enemies":"Replay:Snechameleon","floor":31.0,"turns":4.0},{"damage":19.0,"enemies":"hubris:MusketHawk","floor":33.0,"turns":8.0},{"damage":8.0,"enemies":"Gensokyo:3_Bats","floor":35.0,"turns":2.0},{"damage":0.0,"enemies":"Gensokyo:AncientGuardian","floor":37.0,"turns":1.0},{"damage":0.0,"enemies":"Gensokyo:Doremy","floor":41.0,"turns":4.0},{"damage":0.0,"enemies":"Gensokyo:AtlasGolem","floor":44.0,"turns":2.0},{"damage":0.0,"enemies":"Gensokyo:Marisa","floor":45.0,"turns":1.0},{"damage":0.0,"enemies":"Gensokyo:3_Boulders","floor":47.0,"turns":2.0},{"damage":0.0,"enemies":"Gensokyo:Kasen","floor":48.0,"turns":3.0},{"damage":0.0,"enemies":"Gensokyo:Yuyuko","floor":50.0,"turns":5.0},{"damage":0.0,"enemies":"Shield and Spear","floor":54.0,"turns":2.0},{"damage":51,"enemies":"The Heart","floor":55,"turns":5}],"seed_played":"-1599625988518354510","potions_obtained":[{"floor":1.0,"key":"DistilledChaos"},{"floor":8.0,"key":"Elixir"},{"floor":10.0,"key":"LifebloodPotion"},{"floor":12.0,"key":"Block Potion"},{"floor":14.0,"key":"SteroidPotion"},{"floor":23.0,"key":"hexamod:SoulburnPotion"},{"floor":25.0,"key":"Adrenaline Potion"},{"floor":30.0,"key":"SpeedPotion"},{"floor":31.0,"key":"SpeedPotion"},{"floor":33.0,"key":"Elixir"},{"floor":38.0,"key":"SteroidPotion"},{"floor":41.0,"key":"LiquidMemories"},{"floor":41.0,"key":"Regen Potion"},{"floor":48.0,"key":"GamblersBrew"}],"is_trial":false,"path_per_floor":["M","?","M","?","$","E","R","E","T","M","R","M","M","E","R_BF","B",null,"M","AVR","?","$","M","E","R","NM","T","E","R","M","M","E","R","B",null,"M","?","M","?","$","R","E","R","T","M","E","R","M","E","R","B",null,"R","$","E","B",null],"character_chosen":"MARISA","items_purchased":["WitchLeyline+1","SimpleLauncher","Bottled Lightning","ClockworkSouvenir"],"campfire_rested":0,"item_purchase_floors":[5,21,39,53],"current_hp_per_floor":[65,65,63,63,63,53,53,51,51,51,51,43,34,26,26,24,62,62,62,62,62,62,57,57,46,46,42,42,42,42,32,32,13,60,52,52,52,52,69,69,69,69,69,71,71,71,71,73,73,73,73,73,73,73,35],"gold":68,"neow_bonus":"TRANSFORM_CARD","is_daily":false,"chose_seed":false,"campfire_upgraded":9,"win_rate":0.0,"timestamp":1613618352,"path_taken":["M","?","?","?","?","E","R","E","T","M","R","M","M","E","R_BF","BOSS","M","AVR","?","$","M","E","R","NM","T","E","R","M","M","E","R","BOSS","M","?","M","?","?","R","E","R","T","M","E","R","M","E","R","BOSS","R","$","E","BOSS"],"items_purchased_type":["Card","Relic","Relic","Relic"],"build_version":"2020-12-22","purchased_purges":4,"victory":true,"max_hp_per_floor":[75,75,75,75,75,75,75,75,75,75,75,75,75,75,75,75,75,75,75,75,75,75,75,75,75,75,75,75,75,75,75,75,75,75,75,69,69,69,69,69,69,69,69,71,71,71,71,73,73,73,73,73,73,73,73],"card_choices":[{"not_picked":["DeepEcoloBomb","ChargingUp"],"picked":"SuperPerseids","floor":1.0},{"not_picked":["LuminesStrike","MysteriousBeam"],"picked":"GasGiant","floor":3.0},{"not_picked":["SuperPerseids","OneTimeOff"],"picked":"EscapeVelocity","floor":6.0},{"not_picked":["AsteroidBelt","NonDirectionalLaser"],"picked":"ShootingEcho","floor":8.0},{"not_picked":["LuminesStrike","SporeBomb"],"picked":"WitchLeyline","floor":10.0},{"not_picked":["DoubleSpark","EarthLightRay","AlicesGift"],"picked":"SKIP","floor":12.0},{"not_picked":["OrrerysSun","SporeBomb"],"picked":"BinaryStars","floor":13.0},{"not_picked":["GravityBeat","EventHorizon"],"picked":"StarlightTyphoon","floor":14.0},{"not_picked":["AbsoluteMagnitude","ManaRampage"],"picked":"BigCrunch","floor":16.0},{"not_picked":["EnergyRecoil","Orbital"],"picked":"MeteoricShower+1","floor":18.0},{"not_picked":["EnergyRecoil","SporeBomb"],"picked":"SprinkleStarSeal","floor":22.0},{"not_picked":["RefractionSpark","EarthLightRay","IllusionStar+1"],"picked":"SKIP","floor":23.0},{"not_picked":["Orbital","IllusionStar"],"picked":"DragonMeteor+1","floor":25.0},{"not_picked":["infinitespire:TheBestDefense","ReplayTheSpireMod:Chaos Vortex"],"picked":"infinitespire:Gouge","floor":25.0},{"not_picked":["WitchLeyline","IllusionStar"],"picked":"OortCloud+1","floor":27.0},{"not_picked":["MeteoricShower","OrrerysSun"],"picked":"MilkyWay+1","floor":29.0},{"not_picked":["MysteriousBeam","ShootingEcho"],"picked":"MagicChant","floor":30.0},{"not_picked":["GravityBeat","MillisecondPulsars"],"picked":"WitchOfGreed","floor":31.0},{"not_picked":["RefractionSpark+1","GrandCross"],"picked":"OortCloud","floor":35.0},{"not_picked":["DoubleSpark","SporeBomb","SprinkleStarSeal"],"picked":"SKIP","floor":37.0},{"not_picked":["ShootingEcho","DC+1"],"picked":"GasGiant+1","floor":38.0},{"not_picked":["OrrerysSun","Orbital"],"picked":"GalacticHalo","floor":41.0},{"not_picked":["PulseMagic+1","ShootTheMoon","SprinkleStarSeal"],"picked":"Singing Bowl","floor":44.0},{"not_picked":["GrandCross+1","DragonMeteor+1"],"picked":"EscapeVelocity+1","floor":45.0},{"not_picked":["AsteroidBelt","Robbery+1"],"picked":"OortCloud+1","floor":47.0},{"not_picked":["AsteroidBelt+1","SporeBomb+1","MillisecondPulsars+1"],"picked":"Singing Bowl","floor":48.0},{"not_picked":["DoubleSpark+1","WitchLeyline"],"picked":"Orbital+1","floor":54.0}],"player_experience":1414805,"relics_obtained":[{"floor":6.0,"key":"Chameleon Ring"},{"floor":8.0,"key":"infinitespire:Midas Blood"},{"floor":9.0,"key":"Bronze Scales"},{"floor":14.0,"key":"ScarletDevilRocket"},{"floor":23.0,"key":"infinitespire:WardingShard"},{"floor":25.0,"key":"Matryoshka"},{"floor":26.0,"key":"Lantern"},{"floor":26.0,"key":"Bottled Flame"},{"floor":27.0,"key":"Grinning Jar"},{"floor":31.0,"key":"Gremlin Food"},{"floor":38.0,"key":"Singing Bowl"},{"floor":41.0,"key":"Bottled Tornado"},{"floor":43.0,"key":"Replay:Mystery Machine"},{"floor":45.0,"key":"Frozen Egg 2"},{"floor":48.0,"key":"MawBank"},{"floor":54.0,"key":"hubris:Metronome"}],"event_choices":[{"damage_healed":0.0,"max_hp_gain":0.0,"max_hp_loss":0.0,"gold_gain":0.0,"cards_transformed":["Strike_MRS"],"event_name":"Transmorgrifier","player_choice":"Transformed","floor":20.0,"gold_loss":0.0,"damage_taken":0.0,"cards_obtained":["ChargeUpSpray"]}],"is_beta":false,"boss_relics":[{"not_picked":["Calling Bell","Velvet Choker"],"picked":"Coffee Dripper"},{"not_picked":["Runic Dome","Busted Crown"],"picked":"RedLine:ReiMu"}],"items_purged_floors":[5,19,39,53],"is_endless":false,"potions_floor_spawned":[1,8,10,12,14,16,23,25,30,31,41,44,48,54],"ascension_level":8}}