{"host":"0s686iw3hprdrk8c","time":1613620701,"event":{"mods":["AchievementEnabler","BaseMod","Bestiary","Downfall","Hermit","Hubris","Marisa????????","Minty Spire (QoL Compilation)","Replay The Spire","StSLib","The Cursed","The Hierophant","The Saiyan","The Servant 0.9.4"],"gold_per_floor":[119,119,15,15,31,59,59,59,110,21,21,54,70,93,93,194,194,206,206,220,220,233,233,323,350,350,363,363,462,183,183,183,278,278,289,289,289,289,21,21,32,32,32,32,32,51,51,36,36,36,36],"floor_reached":50,"language":"ENG","playtime":3508,"items_purged":["Pain","Wraith"],"score":565,"play_id":"4a14127d-25d0-49a3-ad4d-473749afc301","local_time":"20210217225821","is_ascension_mode":false,"campfire_choices":[{"floor":11.0,"key":"RECALL"},{"floor":23.0,"key":"REST"},{"floor":28.0,"key":"REST"},{"floor":32.0,"key":"REST"},{"data":"Replay:Hum","floor":40.0,"key":"SMITH"},{"floor":49,"key":"REST"}],"circlet_count":0,"master_deck":["Defend_P","Defend_P+1","Defend_P","Eruption","Vigilance","LikeWater","WaveOfTheHand+1","Wallop+1","EmptyFist","CrushJoints","CarveReality","PathToVictory","Meditate","Consecrate","Pray","MasterReality","CrushJoints+1","downfall:Bewildered","Consecrate+1","Consecrate+1","hubris:Insight","MentalFortress+1","DeceiveReality","Bite","Bite","Bite","Bite","Bite","Brilliance","Replay:Hum+1","Panacea","SandsOfTime","Perseverance","CommonCold","ReachHeaven+1","CarveReality"],"relics":["PureWater","hubris:Icosahedron","Bag of Marbles","Happy Flower","SacredBark","sneckomod:BabySnecko","WarpedTongs","hubris:TenFootPole","Pear","HandDrill","hubris:BottledRain","Turnip","Ring of Searing","Blue Candle"],"acts_visited":["Exordium","TheCity","TheBeyond"],"potions_floor_usage":[48,48,50],"damage_taken":[{"damage":0.0,"enemies":"Cultist","floor":1.0,"turns":5.0},{"damage":0.0,"enemies":"Small Slimes","floor":5.0,"turns":3.0},{"damage":3.0,"enemies":"Lagavulin","floor":6.0,"turns":9.0},{"damage":17.0,"enemies":"3 Sentries","floor":12.0,"turns":8.0},{"damage":3.0,"enemies":"Jaw Worm","floor":13.0,"turns":2.0},{"damage":19.0,"enemies":"Hexaghost","floor":16.0,"turns":9.0},{"damage":4.0,"enemies":"Chosen","floor":18.0,"turns":5.0},{"damage":17.0,"enemies":"2 Thieves","floor":20.0,"turns":3.0},{"damage":0.0,"enemies":"Snecko","floor":22.0,"turns":3.0},{"damage":12.0,"enemies":"Book of Stabbing","floor":25.0,"turns":3.0},{"damage":16.0,"enemies":"Centurion and Healer","floor":27.0,"turns":4.0},{"damage":53.0,"enemies":"hubris:MusketHawk","floor":33.0,"turns":11.0},{"damage":11.0,"enemies":"3 Shapes","floor":35.0,"turns":5.0},{"damage":19.0,"enemies":"3 Darklings","floor":41.0,"turns":4.0},{"damage":19.0,"enemies":"Spire Growth","floor":46.0,"turns":5.0},{"damage":35,"enemies":"Giant Head","floor":48,"turns":8},{"damage":50,"enemies":"Replay:Hell Engine","floor":50,"turns":3}],"seed_played":"4905767744301508691","potions_obtained":[{"floor":1.0,"key":"StancePotion"},{"floor":6.0,"key":"ColorlessPotion"},{"floor":13.0,"key":"Elixir"},{"floor":15.0,"key":"CultistPotion"},{"floor":15.0,"key":"hexamod:SoulburnPotion"},{"floor":16.0,"key":"FearPotion"},{"floor":18.0,"key":"Energy Potion"},{"floor":20.0,"key":"LiquidBronze"},{"floor":33.0,"key":"StancePotion"},{"floor":48,"key":"Doom Potion"}],"is_trial":false,"path_per_floor":["M","?","$","?","M","E","$","?","T","$","R","E","M","T","R","B",null,"M","?","M","?","M","R","?","E","T","M","R","?","$","?","R","B",null,"M","?","?","T","$","R","M","$","T","?","$","M","?","E","R","B"],"character_chosen":"WATCHER","items_purchased":["Wallop+1","EmptyFist","PathToVictory","Meditate","Dexterity Potion","HandDrill","SandsOfTime","PowerPotion","SkillPotion"],"campfire_rested":4,"item_purchase_floors":[3,3,10,10,30,30,39,39,39],"current_hp_per_floor":[72,72,72,72,72,69,69,69,69,69,69,55,54,54,54,37,72,68,68,53,53,55,72,54,44,54,40,64,64,64,64,82,50,82,74,74,74,74,74,74,57,57,57,57,57,45,45,17,41,0,0],"gold":36,"neow_bonus":"TRANSFORM_CARD","is_daily":false,"chose_seed":false,"campfire_upgraded":1,"win_rate":0.0,"timestamp":1613620701,"path_taken":["M","?","$","?","M","E","$","?","T","?","R","E","M","?","R","BOSS","M","?","M","?","?","R","?","E","T","?","R","?","$","?","R","BOSS","M","?","?","?","$","R","M","?","T","?","$","?","?","E","R","BOSS"],"items_purchased_type":["Card","Card","Card","Card","Potion","Relic","Card","Potion","Potion"],"build_version":"2020-12-22","purchased_purges":2,"victory":false,"max_hp_per_floor":[72,72,72,72,72,72,72,72,72,72,72,72,72,72,72,72,72,72,72,72,72,72,72,72,72,82,82,82,82,82,82,82,82,82,82,82,82,82,82,82,82,82,82,82,82,82,82,82,82,82,82],"card_choices":[{"not_picked":["Crescendo","Perseverance"],"picked":"WaveOfTheHand","floor":1.0},{"not_picked":["Sanctity","Replay:AtTheReady"],"picked":"CrushJoints","floor":5.0},{"not_picked":["EmptyBody","Replay:LoomingThreat"],"picked":"CarveReality","floor":6.0},{"not_picked":["Study","Nirvana"],"picked":"Consecrate","floor":12.0},{"not_picked":["SashWhip","Replay:Anticipation"],"picked":"Pray","floor":13.0},{"not_picked":["Ragnarok","LessonLearned"],"picked":"MasterReality","floor":16.0},{"not_picked":["Protect","FlyingSleeves"],"picked":"CrushJoints+1","floor":18.0},{"not_picked":["CutThroughFate","FlurryOfBlows"],"picked":"Consecrate+1","floor":20.0},{"not_picked":["Replay:ManipulateFuture","ThirdEye"],"picked":"Consecrate+1","floor":22.0},{"not_picked":["Replay:LoomingThreat","SashWhip"],"picked":"MentalFortress+1","floor":25.0},{"not_picked":["Replay:AtTheReady","Replay:Anticipation"],"picked":"DeceiveReality","floor":27.0},{"not_picked":["Blasphemy","DevaForm"],"picked":"Brilliance","floor":33.0},{"not_picked":["SashWhip+1","CrushJoints"],"picked":"Replay:Hum","floor":35.0},{"not_picked":["Master of Strategy","Madness"],"picked":"Panacea","floor":36.0},{"not_picked":["Nirvana+1","Crescendo+1"],"picked":"Perseverance","floor":41.0},{"not_picked":["Replay:BluntJabs+1","Crescendo"],"picked":"ReachHeaven+1","floor":46.0},{"not_picked":["Crescendo","WaveOfTheHand+1"],"picked":"CarveReality","floor":48}],"player_experience":255302,"relics_obtained":[{"floor":6.0,"key":"Blood Vial"},{"floor":12.0,"key":"Bag of Marbles"},{"floor":14.0,"key":"Happy Flower"},{"floor":25.0,"key":"hubris:TenFootPole"},{"floor":26.0,"key":"Pear"},{"floor":38.0,"key":"hubris:BottledRain"},{"floor":43.0,"key":"Turnip"},{"floor":44.0,"key":"Ring of Searing"},{"floor":48,"key":"Blue Candle"}],"event_choices":[{"damage_healed":0.0,"max_hp_gain":0.0,"max_hp_loss":0.0,"gold_gain":0.0,"event_name":"Living Wall","player_choice":"Grow","floor":4.0,"gold_loss":0.0,"damage_taken":0.0,"cards_upgraded":["WaveOfTheHand"]},{"damage_healed":0.0,"max_hp_gain":0.0,"max_hp_loss":0.0,"gold_gain":0.0,"event_name":"Accursed Blacksmith","player_choice":"Rummage","floor":21.0,"gold_loss":0.0,"damage_taken":0.0,"relics_obtained":["WarpedTongs"],"cards_obtained":["Pain"]},{"damage_healed":0.0,"max_hp_gain":0.0,"max_hp_loss":0.0,"gold_gain":90.0,"event_name":"Knowing Skull","player_choice":"GOLD CARD ","floor":24.0,"potions_obtained":[],"gold_loss":0.0,"damage_taken":18.0,"cards_obtained":["hubris:Insight"]},{"damage_healed":0.0,"max_hp_gain":0.0,"max_hp_loss":0.0,"gold_gain":99.0,"event_name":"Nest","player_choice":"Stole From Cult","floor":29.0,"gold_loss":0.0,"damage_taken":0.0},{"damage_healed":0.0,"max_hp_gain":0.0,"max_hp_loss":0.0,"gold_gain":0.0,"event_name":"Vampires","player_choice":"Became a vampire (Vial)","floor":31.0,"relics_lost":["Blood Vial"],"gold_loss":0.0,"damage_taken":0.0,"cards_obtained":["Bite","Bite","Bite","Bite","Bite"]},{"damage_healed":0.0,"max_hp_gain":0.0,"max_hp_loss":0.0,"gold_gain":0.0,"event_name":"SensoryStone","player_choice":"Memory 1","floor":36.0,"gold_loss":0.0,"damage_taken":0.0},{"damage_healed":0.0,"max_hp_gain":0.0,"max_hp_loss":0.0,"gold_gain":0.0,"event_name":"OrinTheCat","player_choice":"Ignored","floor":37.0,"gold_loss":0.0,"damage_taken":0.0},{"cards_removed":["Defend_P"],"damage_healed":0.0,"max_hp_gain":0.0,"max_hp_loss":0.0,"gold_gain":0.0,"event_name":"Falling","player_choice":"Removed Skill","floor":47.0,"gold_loss":0.0,"damage_taken":0.0}],"is_beta":false,"boss_relics":[{"not_picked":["hubris:GrandSneckoEye","hubris:RunicObelisk"],"picked":"SacredBark"},{"not_picked":["hubris:TerracottaHorce","Kintsugi","ReplayTheSpireMod:DimensionalGlitch"]}],"items_purged_floors":[30,39],"is_endless":false,"potions_floor_spawned":[1,6,13,16,18,20,33,48],"killed_by":"Replay:Hell Engine","ascension_level":0}}