{"host":"6ulps5ednfgqn0to","time":1613650823,"event":{"mods":["AchievementEnabler","BaseMod","Colored Map","Highlight Path","Minty Spire (QoL Compilation)","Relic Sorter","Relic Stats","StSLib"],"gold_per_floor":[112,72,86,101,115,148,148,180,180,180,208,226,245,280,292,403,415,445,470,482,17,17,44,44,63,63,98,98,115,126,194,194,298,298,318,330,344,361,122,122,122],"floor_reached":40,"language":"ENG","playtime":1840,"items_purged":[],"score":612,"play_id":"f7f54090-5d01-48e2-a737-7d150dcc0b28","local_time":"20210218142023","is_ascension_mode":true,"campfire_choices":[{"data":"Eruption","floor":7,"key":"SMITH"},{"data":"ThirdEye","floor":10,"key":"SMITH"},{"data":"Prostrate","floor":15,"key":"SMITH"},{"data":"RitualDagger","floor":24,"key":"SMITH"},{"data":"TalkToTheHand","floor":28,"key":"SMITH"},{"floor":32,"key":"RECALL"}],"circlet_count":0,"master_deck":["Strike_P","Strike_P","Strike_P","Strike_P","Defend_P","Defend_P","Defend_P","Defend_P","Eruption+1","Vigilance","FlurryOfBlows","CarveReality","Tantrum","ThirdEye+1","EmptyFist","Prostrate+1","ConjureBlade","Scrawl","CutThroughFate","CutThroughFate","RitualDagger+1","Conclude","TalkToTheHand+1","Prostrate","Ghostly","Ghostly","Ghostly","Ghostly","Ghostly","CrushJoints+1","CutThroughFate","LessonLearned","CurseOfTheBell","ThirdEye+1","WaveOfTheHand+1","MentalFortress"],"relics":["Busted Crown","Gremlin Horn","Centennial Puzzle","Ancient Tea Set","Pantograph","MawBank","SacredBark","Ice Cream","Strawberry","Toxic Egg 2","Eternal Feather","Calling Bell","Dream Catcher","Singing Bowl","CaptainsWheel","Cauldron"],"acts_visited":["Exordium","TheCity","TheBeyond"],"potions_floor_usage":[11,16,36,36,38,40],"damage_taken":[{"damage":0.0,"enemies":"Small Slimes","floor":1.0,"turns":2.0},{"damage":0.0,"enemies":"Cultist","floor":3.0,"turns":2.0},{"damage":0,"enemies":"Jaw Worm","floor":4,"turns":1},{"damage":0,"enemies":"Blue Slaver","floor":5,"turns":1},{"damage":28,"enemies":"Gremlin Nob","floor":6,"turns":3},{"damage":15,"enemies":"3 Sentries","floor":8,"turns":4},{"damage":0,"enemies":"Gremlin Nob","floor":11,"turns":2},{"damage":7,"enemies":"Gremlin Gang","floor":12,"turns":2},{"damage":2,"enemies":"Exordium Thugs","floor":13,"turns":3},{"damage":1,"enemies":"3 Sentries","floor":14,"turns":2},{"damage":38,"enemies":"Hexaghost","floor":16,"turns":7},{"damage":18,"enemies":"2 Thieves","floor":18,"turns":3},{"damage":3,"enemies":"Chosen","floor":19,"turns":2},{"damage":0,"enemies":"Gremlin Leader","floor":23,"turns":5},{"damage":2,"enemies":"Snecko","floor":25,"turns":3},{"damage":0,"enemies":"Book of Stabbing","floor":27,"turns":6},{"damage":3,"enemies":"Snake Plant","floor":29,"turns":3},{"damage":0,"enemies":"Chosen and Byrds","floor":30,"turns":3},{"damage":1,"enemies":"Champ","floor":33,"turns":7},{"damage":0,"enemies":"Orb Walker","floor":35,"turns":4},{"damage":16,"enemies":"3 Darklings","floor":36,"turns":4},{"damage":1,"enemies":"Transient","floor":37,"turns":5},{"damage":18,"enemies":"Maw","floor":38,"turns":7},{"damage":59,"enemies":"Nemesis","floor":40,"turns":5}],"seed_played":"-6897258143132721584","potions_obtained":[{"floor":2.0,"key":"Dexterity Potion"},{"floor":2.0,"key":"Energy Potion"},{"floor":2.0,"key":"ColorlessPotion"},{"floor":5,"key":"DistilledChaos"},{"floor":8,"key":"Regen Potion"},{"floor":12,"key":"Swift Potion"},{"floor":19,"key":"Fire Potion"},{"floor":33,"key":"Explosive Potion"},{"floor":36,"key":"Regen Potion"},{"floor":39,"key":"CultistPotion"},{"floor":39,"key":"Dexterity Potion"}],"is_trial":false,"path_per_floor":["M","?","M","M","M","E","R","E","T","R","E","M","M","E","R","B",null,"M","M","?","$","?","E","R","M","T","E","R","M","M","T","R","B",null,"M","M","M","M","$","E"],"character_chosen":"WATCHER","items_purchased":["Conclude","TalkToTheHand","Ice Cream","Prostrate","MentalFortress","Cauldron"],"campfire_rested":0,"item_purchase_floors":[21,21,21,21,39,39],"current_hp_per_floor":[72,72,72,72,72,44,44,29,29,29,29,22,20,19,19,6,72,54,51,45,45,36,43,43,41,41,41,41,38,38,38,43,42,43,45,29,30,22,22,0,0],"gold":122,"neow_bonus":"BOSS_RELIC","is_daily":false,"chose_seed":false,"campfire_upgraded":5,"win_rate":0.0,"timestamp":1613650823,"path_taken":["M","?","M","?","M","E","R","E","T","R","E","M","M","E","R","BOSS","M","M","?","$","?","E","R","M","T","E","R","M","M","?","R","BOSS","M","?","M","M","$","E"],"items_purchased_type":["Card","Card","Relic","Card","Card","Relic"],"build_version":"2020-12-22","purchased_purges":0,"victory":false,"max_hp_per_floor":[72,72,72,72,72,72,72,72,72,72,72,72,72,72,72,72,72,72,72,72,72,36,43,43,43,43,43,43,43,43,43,43,43,43,45,45,47,47,47,47,47],"relic_stats":{"Centennial Puzzle":[36],"Dream Catcher":0,"Busted Crown":50,"Gremlin Horn":[18,18],"Singing Bowl":4,"counters":[24,86],"Pantograph":25,"Eternal Feather":5,"MawBank":84,"obtain_stats":[{"Ice Cream":21,"Gremlin Horn":6,"Singing Bowl":34,"SacredBark":17,"Eternal Feather":31,"Ancient Tea Set":9,"MawBank":14,"Calling Bell":34,"Cauldron":39,"Centennial Puzzle":8,"Dream Catcher":34,"CaptainsWheel":34,"Busted Crown":0,"Pantograph":11,"Strawberry":23,"PureWater":0,"Toxic Egg 2":27},{"Ice Cream":13,"Gremlin Horn":5,"Singing Bowl":19,"SacredBark":11,"Eternal Feather":18,"Ancient Tea Set":6,"MawBank":10,"Calling Bell":19,"Cauldron":23,"Centennial Puzzle":6,"Dream Catcher":19,"CaptainsWheel":19,"Busted Crown":0,"Pantograph":7,"Strawberry":14,"PureWater":0,"Toxic Egg 2":16},{"Ice Cream":34,"Gremlin Horn":9,"Singing Bowl":61,"SacredBark":29,"Eternal Feather":54,"Ancient Tea Set":13,"MawBank":22,"Calling Bell":61,"Cauldron":81,"Centennial Puzzle":13,"Dream Catcher":61,"CaptainsWheel":61,"Busted Crown":0,"Pantograph":15,"Strawberry":39,"PureWater":0,"Toxic Egg 2":48}]},"card_choices":[{"not_picked":[],"picked":"FlurryOfBlows","floor":1.0},{"not_picked":[],"picked":"CarveReality","floor":3.0},{"not_picked":[],"picked":"Tantrum","floor":4},{"not_picked":["Perseverance"],"picked":"SKIP","floor":5},{"not_picked":[],"picked":"ThirdEye","floor":6},{"not_picked":[],"picked":"EmptyFist","floor":8},{"not_picked":["PathToVictory"],"picked":"SKIP","floor":11},{"not_picked":[],"picked":"Prostrate","floor":12},{"not_picked":["FlyingSleeves"],"picked":"SKIP","floor":13},{"not_picked":[],"picked":"ConjureBlade","floor":14},{"not_picked":[],"picked":"Scrawl","floor":16},{"not_picked":[],"picked":"CutThroughFate","floor":18},{"not_picked":[],"picked":"CutThroughFate","floor":19},{"not_picked":[],"picked":"CrushJoints+1","floor":23},{"not_picked":["Evaluate"],"picked":"SKIP","floor":25},{"not_picked":["FlyingSleeves+1"],"picked":"SKIP","floor":27},{"not_picked":[],"picked":"CutThroughFate","floor":29},{"not_picked":["SashWhip"],"picked":"SKIP","floor":30},{"not_picked":[],"picked":"LessonLearned","floor":33},{"not_picked":["FlyingSleeves"],"picked":"Singing Bowl","floor":35},{"not_picked":[],"picked":"ThirdEye+1","floor":36},{"not_picked":["JustLucky+1"],"picked":"Singing Bowl","floor":37},{"not_picked":[],"picked":"WaveOfTheHand+1","floor":38}],"player_experience":52312,"relics_obtained":[{"floor":6,"key":"Gremlin Horn"},{"floor":8,"key":"Centennial Puzzle"},{"floor":9,"key":"Ancient Tea Set"},{"floor":11,"key":"Pantograph"},{"floor":14,"key":"MawBank"},{"floor":23,"key":"Strawberry"},{"floor":27,"key":"Toxic Egg 2"},{"floor":31,"key":"Eternal Feather"},{"floor":34,"key":"Dream Catcher"},{"floor":34,"key":"Singing Bowl"},{"floor":34,"key":"CaptainsWheel"}],"event_choices":[{"damage_healed":0.0,"max_hp_gain":0.0,"max_hp_loss":0.0,"gold_gain":0.0,"event_name":"The Woman in Blue","player_choice":"Bought 3 Potions","floor":2.0,"gold_loss":0.0,"damage_taken":0.0},{"damage_healed":0,"gold_gain":0,"player_choice":"Joined the Cult","damage_taken":6,"max_hp_gain":0,"max_hp_loss":0,"event_name":"Nest","floor":20,"gold_loss":0,"cards_obtained":["RitualDagger"]},{"damage_healed":0,"gold_gain":0,"player_choice":"Became a Ghost","damage_taken":0,"max_hp_gain":0,"max_hp_loss":36,"event_name":"Ghosts","floor":22,"gold_loss":0,"cards_obtained":["Ghostly","Ghostly","Ghostly","Ghostly","Ghostly"]}],"is_beta":false,"boss_relics":[{"not_picked":["Velvet Choker","VioletLotus"],"picked":"SacredBark"},{"not_picked":["Snecko Eye","Empty Cage"],"picked":"Calling Bell"}],"items_purged_floors":[],"is_endless":false,"potions_floor_spawned":[5,8,12,13,19,25,27,33,36],"killed_by":"Nemesis","ascension_level":1}}