{"host":"4qkvkh7pd9qr2mca","time":1613691625,"event":{"mods":["AchievementEnabler","Act Like it!","BaseMod","Colored Map","Colored Powertips","Highlight Path","Minty Spire (QoL Compilation)","Pale of the Ancients","Permanent Neow","Quick Restart","Relic Stats","StSLib","SuperFastMode"],"gold_per_floor":[118,68,83,83,97,131,131,165,190,219,219,231,231,262,262,366,366,379,379,414,426,445,477,477,504,585,585,684,715,715,746,746,841,841,859,381,392,410,5,5,30,30,54,73,100,114,163,189,189,189],"floor_reached":51,"language":"ENG","playtime":3169,"items_purged":["Defend_P+1","Parasite"],"score":1426,"play_id":"9b217067-5e92-43b4-a172-0a2d778318e8","local_time":"20210219004025","is_ascension_mode":true,"campfire_choices":[{"data":"Eruption","floor":7.0,"key":"SMITH"},{"data":"Vault","floor":13.0,"key":"SMITH"},{"data":"Vault","floor":15.0,"key":"SMITH"},{"floor":24.0,"key":"REST"},{"data":"MentalFortress","floor":27.0,"key":"SMITH"},{"data":"Meditate","floor":32.0,"key":"SMITH"},{"data":"Apotheosis","floor":40,"key":"SMITH"},{"data":"Study","floor":49,"key":"SMITH"}],"circlet_count":0,"master_deck":["Strike_P+1","Strike_P+1","Defend_P+1","Defend_P+1","Defend_P+1","Eruption+1","Vigilance","Conclude","ClearTheMind+1","ThirdEye+1","Vault+1","EmptyFist","Vault+1","Crescendo","Protect","Ragnarok","EmptyBody","MentalFortress+1","ClearTheMind+1","FlurryOfBlows","WreathOfFlame","FearNoEvil+1","Meditate+1","MentalFortress","Scrawl","DeceiveReality","Apotheosis+1","InnerPeace","Collect","TalkToTheHand+1","Master of Strategy","Study+1","Adaptation+1","Madness","Madness","Wireheading","TalkToTheHand+1","SashWhip+1","Tantrum+1"],"relics":["PureWater","Turnip","Lantern","War Paint","Strawberry","Whetstone","Toy Ornithopter","Black Star","Red Mask","Gambling Chip","Bag of Preparation","Shuriken","Anchor","InkBottle","Molten Egg 2","Tiny Chest","StrikeDummy","CloakClasp","VioletLotus","Centennial Puzzle","Smiling Mask","Pocketwatch","Happy Flower","Bird Faced Urn","Sundial","Unceasing Top","Regal Pillow","Bag of Marbles"],"acts_visited":["Exordium","TheCity","TheBeyond"],"potions_floor_usage":[],"damage_taken":[{"damage":0.0,"enemies":"Jaw Worm","floor":1.0,"turns":3.0},{"damage":0.0,"enemies":"2 Louse","floor":3.0,"turns":1.0},{"damage":0.0,"enemies":"Small Slimes","floor":5.0,"turns":1.0},{"damage":3.0,"enemies":"Gremlin Nob","floor":6.0,"turns":3.0},{"damage":23.0,"enemies":"3 Sentries","floor":8.0,"turns":7.0},{"damage":10.0,"enemies":"Gremlin Nob","floor":10.0,"turns":4.0},{"damage":1.0,"enemies":"Red Slaver","floor":12.0,"turns":3.0},{"damage":6.0,"enemies":"3 Sentries","floor":14.0,"turns":5.0},{"damage":4.0,"enemies":"The Guardian","floor":16.0,"turns":14.0},{"damage":13.0,"enemies":"3 Byrds","floor":18.0,"turns":6.0},{"damage":36.0,"enemies":"Masked Bandits","floor":20.0,"turns":7.0},{"damage":0.0,"enemies":"Chosen","floor":21.0,"turns":4.0},{"damage":0.0,"enemies":"3 Cultists","floor":22.0,"turns":5.0},{"damage":0.0,"enemies":"Book of Stabbing","floor":23.0,"turns":5.0},{"damage":2.0,"enemies":"Slavers","floor":25.0,"turns":3.0},{"damage":0.0,"enemies":"Gremlin Leader","floor":29.0,"turns":4.0},{"damage":0.0,"enemies":"Slavers","floor":31.0,"turns":1.0},{"damage":67.0,"enemies":"Collector","floor":33.0,"turns":12.0},{"damage":0.0,"enemies":"Orb Walker","floor":35.0,"turns":4.0},{"damage":0.0,"enemies":"3 Darklings","floor":37.0,"turns":7.0},{"damage":0,"enemies":"Writhing Mass","floor":38,"turns":6},{"damage":0,"enemies":"Giant Head","floor":41,"turns":3},{"damage":0,"enemies":"Transient","floor":44,"turns":7},{"damage":0,"enemies":"Nemesis","floor":45,"turns":5},{"damage":0,"enemies":"Sphere and 2 Shapes","floor":46,"turns":7},{"damage":0,"enemies":"2 Orb Walkers","floor":47,"turns":4},{"damage":0,"enemies":"Giant Head","floor":48,"turns":5},{"damage":16,"enemies":"Donu and Deca","floor":50,"turns":5}],"seed_played":"-1463574047016400523","potions_obtained":[{"floor":1.0,"key":"Dexterity Potion"},{"floor":5.0,"key":"Explosive Potion"},{"floor":6.0,"key":"Explosive Potion"},{"floor":14.0,"key":"DistilledChaos"},{"floor":16.0,"key":"Regen Potion"},{"floor":20.0,"key":"PowerPotion"},{"floor":22.0,"key":"SkillPotion"},{"floor":29.0,"key":"SteroidPotion"},{"floor":31.0,"key":"FairyPotion"},{"floor":41,"key":"FairyPotion"}],"is_trial":false,"path_per_floor":["M","?","M","?","M","E","R","E","T","E","?","M","R","E","R","B",null,"M","?","?","M","M","E","R","E","T","R","?","E","?","E","R","B",null,"M","$","M","M","$","R","E","?","T","M","E","M","?","E","R","B",null],"character_chosen":"WATCHER","items_purchased":["Apotheosis","InnerPeace","Centennial Puzzle","Master of Strategy","Study","StancePotion"],"campfire_rested":1,"item_purchase_floors":[36,36,36,39,39,39],"current_hp_per_floor":[65,65,65,70,70,67,67,44,51,41,34,33,33,27,27,23,64,56,56,20,37,37,37,60,58,58,58,58,58,58,63,63,1,58,58,58,58,58,58,58,58,49,49,49,49,59,65,73,73,67],"gold":189,"neow_bonus":"ONE_RARE_RELIC","is_daily":false,"chose_seed":false,"campfire_upgraded":7,"win_rate":0.0,"timestamp":1613691625,"path_taken":["M","?","M","?","M","E","R","E","T","E","?","M","R","E","R","BOSS","M","?","?","M","M","E","R","E","T","R","?","E","?","E","R","BOSS","M","$","M","M","$","R","E","?","T","M","E","M","?","E","R","BOSS"],"items_purchased_type":["Card","Card","Relic","Card","Card","Potion"],"build_version":"2020-12-22","purchased_purges":2,"victory":true,"max_hp_per_floor":[65,65,65,70,70,70,70,70,77,77,77,77,77,77,77,77,77,77,77,77,77,77,77,77,77,77,77,77,77,77,77,77,77,77,77,77,77,77,74,74,74,74,74,74,74,74,74,74,74,74],"relic_stats":{"Regal Pillow":0,"Happy Flower":[11],"counters":[28,141],"Bag of Preparation":[28],"CloakClasp":[239],"Whetstone":["Strike_P","Strike_P"],"War Paint":["ThirdEye","ClearTheMind"],"Smiling Mask":0,"Centennial Puzzle":[3],"Shuriken":[36],"Sundial":[2],"Gambling Chip":[53],"Bird Faced Urn":[34],"Tiny Chest":0,"Turnip":[8],"VioletLotus":[30],"Black Star":7,"obtain_stats":[{"Lantern":6,"Regal Pillow":48,"Bag of Preparation":23,"CloakClasp":31,"Whetstone":10,"Smiling Mask":41,"Centennial Puzzle":36,"Sundial":45,"Strawberry":9,"Gambling Chip":23,"Tiny Chest":29,"VioletLotus":34,"Red Mask":20,"InkBottle":26,"Happy Flower":43,"War Paint":8,"Anchor":25,"Shuriken":25,"Bird Faced Urn":45,"Molten Egg 2":29,"Turnip":0,"Black Star":17,"Bag of Marbles":48,"PureWater":0,"StrikeDummy":31,"Toy Ornithopter":14,"Unceasing Top":47,"Pocketwatch":41},{"Lantern":4,"Regal Pillow":27,"Bag of Preparation":14,"CloakClasp":17,"Whetstone":6,"Smiling Mask":22,"Centennial Puzzle":19,"Sundial":24,"Strawberry":5,"Gambling Chip":14,"Tiny Chest":16,"VioletLotus":18,"Red Mask":11,"InkBottle":15,"Happy Flower":22,"War Paint":5,"Anchor":15,"Shuriken":15,"Bird Faced Urn":24,"Molten Egg 2":16,"Turnip":0,"Black Star":9,"Bag of Marbles":27,"PureWater":0,"StrikeDummy":17,"Toy Ornithopter":8,"Unceasing Top":26,"Pocketwatch":22},{"Lantern":8,"Regal Pillow":136,"Bag of Preparation":68,"CloakClasp":76,"Whetstone":19,"Smiling Mask":108,"Centennial Puzzle":92,"Sundial":120,"Strawberry":15,"Gambling Chip":68,"Tiny Chest":75,"VioletLotus":88,"Red Mask":54,"InkBottle":71,"Happy Flower":108,"War Paint":15,"Anchor":71,"Shuriken":71,"Bird Faced Urn":120,"Molten Egg 2":75,"Turnip":0,"Black Star":41,"Bag of Marbles":136,"PureWater":0,"StrikeDummy":76,"Toy Ornithopter":27,"Unceasing Top":131,"Pocketwatch":108}],"Toy Ornithopter":20,"InkBottle":[35],"Unceasing Top":[0],"Pocketwatch":[9]},"card_choices":[{"not_picked":["Pray","Collect"],"picked":"Conclude","floor":1.0},{"not_picked":["Evaluate","EmptyBody"],"picked":"ClearTheMind","floor":3.0},{"not_picked":["ClearTheMind","Protect"],"picked":"ThirdEye","floor":5.0},{"not_picked":["CarveReality","EmptyFist"],"picked":"Vault","floor":6.0},{"not_picked":["CarveReality","Conclude"],"picked":"EmptyFist","floor":8.0},{"not_picked":["Wireheading","Worship"],"picked":"Vault","floor":10.0},{"not_picked":["WindmillStrike","ThirdEye"],"picked":"Crescendo","floor":12.0},{"not_picked":["CutThroughFate","ClearTheMind"],"picked":"Protect","floor":14.0},{"not_picked":["DeusExMachina","Scrawl"],"picked":"Ragnarok","floor":16.0},{"not_picked":["Consecrate","ReachHeaven"],"picked":"EmptyBody","floor":18.0},{"not_picked":["FollowUp","Halt"],"picked":"MentalFortress","floor":20.0},{"not_picked":["Weave","Consecrate"],"picked":"ClearTheMind+1","floor":21.0},{"not_picked":["MentalFortress","ClearTheMind"],"picked":"FlurryOfBlows","floor":22.0},{"not_picked":["FlyingSleeves+1","EmptyFist"],"picked":"WreathOfFlame","floor":23.0},{"not_picked":["WheelKick+1","EmptyFist","BattleHymn+1"],"picked":"SKIP","floor":25.0},{"not_picked":["ClearTheMind+1","Halt"],"picked":"FearNoEvil+1","floor":29.0},{"not_picked":["BattleHymn+1","ClearTheMind"],"picked":"MentalFortress","floor":31.0},{"not_picked":["Alpha","LessonLearned+1"],"picked":"Scrawl","floor":33.0},{"not_picked":["Consecrate+1","CutThroughFate+1"],"picked":"DeceiveReality","floor":35.0},{"not_picked":["BowlingBash+1","FollowUp+1"],"picked":"Collect","floor":37.0},{"not_picked":["Wallop+1","Halt"],"picked":"TalkToTheHand+1","floor":38},{"not_picked":["ThirdEye","BowlingBash+1"],"picked":"Adaptation+1","floor":41},{"not_picked":["CrushJoints+1","BattleHymn"],"picked":"Wireheading","floor":44},{"not_picked":["ThirdEye","SashWhip+1"],"picked":"TalkToTheHand+1","floor":45},{"not_picked":["FearNoEvil+1","Study"],"picked":"SashWhip+1","floor":46},{"not_picked":["Study","ThirdEye+1"],"picked":"Tantrum+1","floor":48}],"player_experience":639818,"relics_obtained":[{"floor":6.0,"key":"Lantern"},{"floor":8.0,"key":"War Paint"},{"floor":9.0,"key":"Strawberry"},{"floor":10.0,"key":"Whetstone"},{"floor":14.0,"key":"Toy Ornithopter"},{"floor":20.0,"key":"Red Mask"},{"floor":23.0,"key":"Gambling Chip"},{"floor":23.0,"key":"Bag of Preparation"},{"floor":25.0,"key":"Shuriken"},{"floor":25.0,"key":"Anchor"},{"floor":26.0,"key":"InkBottle"},{"floor":29.0,"key":"Molten Egg 2"},{"floor":29.0,"key":"Tiny Chest"},{"floor":31.0,"key":"StrikeDummy"},{"floor":31.0,"key":"CloakClasp"},{"floor":41,"key":"Smiling Mask"},{"floor":41,"key":"Pocketwatch"},{"floor":43,"key":"Happy Flower"},{"floor":45,"key":"Bird Faced Urn"},{"floor":45,"key":"Sundial"},{"floor":47,"key":"Unceasing Top"},{"floor":48,"key":"Regal Pillow"},{"floor":48,"key":"Bag of Marbles"}],"event_choices":[{"cards_removed":["Strike_P"],"damage_healed":0.0,"max_hp_gain":0.0,"max_hp_loss":0.0,"gold_gain":0.0,"event_name":"The Cleric","player_choice":"Card Removal","floor":2.0,"gold_loss":50.0,"damage_taken":0.0},{"damage_healed":0.0,"max_hp_gain":5.0,"max_hp_loss":0.0,"gold_gain":0.0,"event_name":"Big Fish","player_choice":"Donut","floor":4.0,"gold_loss":0.0,"damage_taken":0.0},{"cards_removed":["Strike_P"],"damage_healed":0.0,"max_hp_gain":0.0,"max_hp_loss":0.0,"gold_gain":0.0,"event_name":"Golden Wing","player_choice":"Card Removal","floor":11.0,"gold_loss":0.0,"damage_taken":7.0},{"damage_healed":0.0,"max_hp_gain":0.0,"max_hp_loss":0.0,"gold_gain":0.0,"event_name":"Back to Basics","player_choice":"Simplicity","floor":19.0,"gold_loss":0.0,"damage_taken":0.0,"cards_upgraded":["Defend_P","Defend_P","Defend_P","Defend_P"]},{"damage_healed":0.0,"max_hp_gain":0.0,"max_hp_loss":0.0,"gold_gain":0.0,"event_name":"Masked Bandits","player_choice":"Fought Bandits","floor":20.0,"gold_loss":0.0,"damage_taken":0.0},{"damage_healed":0.0,"max_hp_gain":0.0,"max_hp_loss":0.0,"gold_gain":99.0,"event_name":"Nest","player_choice":"Stole From Cult","floor":28.0,"gold_loss":0.0,"damage_taken":0.0},{"damage_healed":0.0,"max_hp_gain":0.0,"max_hp_loss":0.0,"gold_gain":0.0,"event_name":"The Library","player_choice":"Read","floor":30.0,"gold_loss":0.0,"damage_taken":0.0,"cards_obtained":["Meditate"]},{"damage_healed":0,"gold_gain":0,"player_choice":"Embrace Madness","damage_taken":9,"max_hp_gain":0,"max_hp_loss":0,"event_name":"Winding Halls","floor":42,"gold_loss":0,"cards_obtained":["Madness","Madness"]},{"damage_healed":0,"gold_gain":0,"player_choice":"Fight","damage_taken":0,"max_hp_gain":0,"max_hp_loss":0,"event_name":"Mysterious Sphere","floor":47,"gold_loss":0}],"is_beta":false,"boss_relics":[{"not_picked":["Ectoplasm","SacredBark"],"picked":"Black Star"},{"not_picked":["Astrolabe","SlaversCollar"],"picked":"VioletLotus"}],"items_purged_floors":[36,39],"is_endless":false,"potions_floor_spawned":[1,5,6,14,16,20,22,29,31,41,44,48],"ascension_level":7}}