{"host":"7ue15d6wz1o7m0ar","time":1613679044,"event":{"mods":["BaseMod","Filter the Spire","Hermit","Minty Spire (QoL Compilation)","Replay The Spire","StSLib"],"gold_per_floor":[119,131,48,65,57,132,132,132,155,182,194,236,260,289,301,414,426,452,256,256,273,71,102,122,155,155,165,165,199,215,85,135,236,236,247,262,55,55,72,107,107,67,67,67,77,77,96,129,129,129],"floor_reached":51,"language":"ENG","playtime":5327,"items_purged":["Sickly","Defend_G","Strike_G","Strike_G","Languid"],"score":915,"play_id":"aff5cab6-6c0c-4972-8966-578a73e7a465","local_time":"20210218141044","is_ascension_mode":true,"campfire_choices":[{"data":"Cloak And Dagger","floor":7,"key":"SMITH"},{"data":"Dramatic Entrance","floor":11,"key":"SMITH"},{"data":"Infinite Blades","floor":15,"key":"SMITH"},{"data":"Blade Dance","floor":28,"key":"SMITH"},{"data":"Replay:Bag of Tricks","floor":41,"key":"SMITH"},{"data":"Infinite Blades","floor":44,"key":"SMITH"},{"data":"Burst","floor":46,"key":"SMITH"},{"floor":49,"key":"DIG"}],"circlet_count":0,"master_deck":["Strike_G","Defend_G+1","Defend_G","Defend_G","Survivor","Neutralize+1","Finisher","Acrobatics+1","Dramatic Entrance+1","Underhanded Strike","Cloak And Dagger+1","Finisher","Infinite Blades+1","Endless Agony","Hidden Blade+1","Flying Knee","Burst+1","Sneak Up+1","Acrobatics+1","Distraction+1","Hidden Blade","ReplayTheSpireMod:Scrap Shanks","Distraction+1","Endless Agony","Blade Dance+1","Slice+1","Infinite Blades+1","Outmaneuver","Backflip","Infinite Blades","Replay:Bag of Tricks+1","CommonCold","Shame","Well Laid Plans+1","Outmaneuver","PiercingWail+1","Blade Dance+1","Backflip+1"],"relics":["WristBlade","ReplayTheSpireMod:CursedCoin","Blue Doll","MawBank","Bag of Marbles","Replay:Grab Bag","Sozu","Painkiller Herb","Astrolabe","War Paint","Smiling Mask","ReplayFunnel","Replay:Ringing Soul","Replay:Ancient Bell","Bag of Preparation","Snack Pack","Unceasing Top","TwistedFunnel","Anchor","Potion Belt","Replay:Kaleidoscope","Golden Egg"],"acts_visited":["Exordium","TheCity","TheBeyond"],"potions_floor_usage":[48,50],"damage_taken":[{"damage":4,"enemies":"Cultist","floor":1,"turns":5},{"damage":0,"enemies":"Jaw Worm","floor":2,"turns":3},{"damage":0,"enemies":"2 Louse","floor":4,"turns":1},{"damage":13,"enemies":"Lagavulin","floor":10,"turns":5},{"damage":6,"enemies":"Gremlin Nob","floor":12,"turns":3},{"damage":0,"enemies":"2 Fungi Beasts","floor":13,"turns":1},{"damage":0,"enemies":"Gremlin Gang","floor":14,"turns":1},{"damage":5,"enemies":"Slime Boss","floor":16,"turns":7},{"damage":0,"enemies":"Shell Parasite","floor":18,"turns":2},{"damage":0,"enemies":"2 Thieves","floor":21,"turns":1},{"damage":0,"enemies":"Slavers","floor":23,"turns":3},{"damage":0,"enemies":"Snecko","floor":24,"turns":2},{"damage":4,"enemies":"Replay:Snechameleon","floor":25,"turns":3},{"damage":0,"enemies":"Snake Plant","floor":27,"turns":2},{"damage":0,"enemies":"Gremlin Leader","floor":29,"turns":3},{"damage":0,"enemies":"Centurion and Healer","floor":30,"turns":3},{"damage":22,"enemies":"Automaton","floor":33,"turns":6},{"damage":12,"enemies":"3 Shapes","floor":35,"turns":1},{"damage":0,"enemies":"3 Darklings","floor":36,"turns":2},{"damage":5,"enemies":"4 Shapes","floor":39,"turns":3},{"damage":38,"enemies":"Nemesis","floor":40,"turns":5},{"damage":0,"enemies":"Jaw Worm Horde","floor":45,"turns":2},{"damage":0,"enemies":"Spire Growth","floor":47,"turns":2},{"damage":22,"enemies":"Giant Head","floor":48,"turns":6},{"damage":76,"enemies":"Awakened One","floor":50,"turns":6}],"seed_played":"5457629197921661983","potions_obtained":[{"floor":1,"key":"FearPotion"},{"floor":10,"key":"Reflective Coating"},{"floor":16,"key":"CultistPotion"}],"is_trial":false,"path_per_floor":["M","M","$","M","$","?","R","?","T","E","R","E","M","M","R","B",null,"?","T","?","?","T","E","?","E","T","?","T","E","?","T","T","B",null,"?","?","T","?","?","E","T","?","T","T","?","T","?","E","T","B",null],"character_chosen":"THE_SILENT","items_purchased":["Dramatic Entrance","ReplayTheSpireMod:CursedCoin","Cloak And Dagger","Finisher","ReplayTheSpireMod:Scrap Shanks","Distraction","Blade Dance","Slice+1","Infinite Blades","TwistedFunnel","Outmaneuver"],"campfire_rested":0,"item_purchase_floors":[3,5,5,5,19,19,22,22,31,37,37],"current_hp_per_floor":[66,66,66,66,66,55,55,55,55,42,42,36,36,36,36,31,70,70,70,70,70,70,70,70,66,66,66,66,69,69,72,72,53,82,75,83,86,86,86,63,63,63,63,63,65,65,71,76,76,32],"gold":129,"neow_bonus":"BOSS_RELIC","is_daily":false,"chose_seed":false,"campfire_upgraded":7,"win_rate":0.0,"timestamp":1613679044,"path_taken":["M","M","$","?","$","?","R","?","T","E","R","E","M","M","R","BOSS","?","T","?","?","?","E","?","E","T","?","T","E","?","T","T","BOSS","?","?","T","?","?","E","T","?","T","T","?","T","?","E","T","BOSS"],"items_purchased_type":["Card","Relic","Card","Card","Card","Card","Card","Card","Card","Relic","Card"],"build_version":"2020-12-22","purchased_purges":5,"victory":true,"max_hp_per_floor":[70,70,70,70,70,70,70,70,70,70,70,70,70,70,70,70,70,70,70,70,70,70,70,70,70,70,70,70,73,73,76,76,79,82,85,85,88,88,91,94,94,94,94,94,94,94,94,97,97,97],"card_choices":[{"not_picked":["Dagger Throw","Crippling Poison"],"picked":"Finisher","floor":1},{"not_picked":["Sucker Punch","Dagger Spray"],"picked":"Acrobatics","floor":2},{"not_picked":["Tactician","Replay:Poison Smokescreen"],"picked":"Underhanded Strike","floor":4},{"not_picked":["Dagger Spray","Heel Hook"],"picked":"Infinite Blades","floor":10},{"not_picked":["Dagger Throw","Bane"],"picked":"Endless Agony","floor":12},{"not_picked":["Prepared","Quick Slash"],"picked":"Hidden Blade","floor":13},{"not_picked":["Caltrops","Acrobatics"],"picked":"Flying Knee","floor":14},{"not_picked":["Phantasmal Killer","Atom Bomb"],"picked":"Burst","floor":16},{"not_picked":["Skewer+1","Underhanded Strike"],"picked":"Hidden Blade","floor":18},{"not_picked":["Bouncing Flask","Choke"],"picked":"Endless Agony","floor":21},{"not_picked":["Sneak Up","Dash","Acrobatics+1"],"picked":"SKIP","floor":23},{"not_picked":["Bane","Flying Knee+1","Dagger Spray"],"picked":"SKIP","floor":24},{"not_picked":["Well Laid Plans","Predator"],"picked":"Infinite Blades","floor":25},{"not_picked":["ReplayTheSpireMod:Speed Training","Sucker Punch"],"picked":"Outmaneuver","floor":27},{"not_picked":["Sucker Punch+1","Dagger Spray"],"picked":"Backflip","floor":29},{"not_picked":["Calculated Gamble","Flechettes","Bane"],"picked":"SKIP","floor":30},{"not_picked":["Adrenaline","Bullet Time"],"picked":"Replay:Bag of Tricks","floor":33},{"not_picked":["Spreading Infection","Amnesia"],"picked":"CommonCold","floor":34},{"not_picked":["Normality","Voices"],"picked":"Shame","floor":34},{"not_picked":["Normality","Overencumbered"],"picked":"Languid","floor":34},{"not_picked":["Masterful Stab","Sucker Punch"],"picked":"Well Laid Plans+1","floor":35},{"not_picked":["Footwork","Bane","Skewer"],"picked":"SKIP","floor":36},{"not_picked":["Deadly Poison","Dagger Throw"],"picked":"PiercingWail+1","floor":39},{"not_picked":["Bane+1","Riddle With Holes+1"],"picked":"Blade Dance+1","floor":40},{"not_picked":["Poison Darts","Flechettes","Toxin Wave+1"],"picked":"SKIP","floor":45},{"not_picked":["PiercingWail+1","Fluid Movement+1","Dodge and Roll+1"],"picked":"SKIP","floor":47},{"not_picked":["ReplayTheSpireMod:The Works+1","Quick Slash+1"],"picked":"Backflip+1","floor":48}],"player_experience":497391,"relics_obtained":[{"floor":9,"key":"Blue Doll"},{"floor":10,"key":"MawBank"},{"floor":12,"key":"Bag of Marbles"},{"floor":23,"key":"War Paint"},{"floor":25,"key":"Smiling Mask"},{"floor":26,"key":"ReplayFunnel"},{"floor":29,"key":"Replay:Ringing Soul"},{"floor":40,"key":"Anchor"},{"floor":43,"key":"Potion Belt"},{"floor":48,"key":"Replay:Kaleidoscope"},{"floor":49,"key":"Golden Egg"}],"event_choices":[{"damage_healed":0,"gold_gain":75,"player_choice":"Gather Gold","damage_taken":11,"max_hp_gain":0,"max_hp_loss":0,"event_name":"World of Goop","floor":6,"gold_loss":0},{"damage_healed":0,"gold_gain":0,"player_choice":"Grow","damage_taken":0,"max_hp_gain":0,"max_hp_loss":0,"event_name":"Living Wall","floor":8,"gold_loss":0,"cards_upgraded":["Acrobatics"]},{"damage_healed":0,"gold_gain":0,"player_choice":"Bought 0 Potions","damage_taken":0,"max_hp_gain":0,"max_hp_loss":0,"event_name":"The Woman in Blue","floor":20,"gold_loss":0},{"damage_healed":0,"gold_gain":0,"player_choice":"Memory 1","damage_taken":0,"max_hp_gain":0,"max_hp_loss":0,"event_name":"SensoryStone","floor":38,"gold_loss":0},{"damage_healed":0,"gold_gain":0,"player_choice":"Upgraded Two","damage_taken":0,"max_hp_gain":0,"max_hp_loss":0,"event_name":"Designer","floor":42,"gold_loss":40,"cards_upgraded":["Distraction","Neutralize"]}],"is_beta":false,"boss_relics":[{"not_picked":["Velvet Choker","Honey Jar"],"picked":"Replay:Grab Bag"},{"not_picked":["Fusion Hammer","Replay:Wanted Poster"],"picked":"Sozu"},{"not_picked":["Runic Dome","ReplayTheSpireMod:DimensionalGlitch"],"picked":"Painkiller Herb"},{"not_picked":["Snecko Scales","SacredBark"],"picked":"Astrolabe"},{"not_picked":["Empty Cage","Ring of Chaos"],"picked":"Replay:Ancient Bell"},{"not_picked":["Toy Ornithopter","ReplayTheSpireMod:TigerMarble"],"picked":"Bag of Preparation"},{"not_picked":["Darkstone Periapt","Garlic"],"picked":"Snack Pack"},{"not_picked":["Turnip","Shovel"],"picked":"Unceasing Top"}],"items_purged_floors":[5,19,22,31,37],"is_endless":false,"potions_floor_spawned":[1,10,16,23,24,33,35,45,48],"ascension_level":1}}