{"host":"4xlu242lhh766u2u","time":1613644052,"event":{"mods":["AchievementEnabler","BaseMod","BetterRewards","Colored Map","Colored Powertips","Downfall","Minty Spire (QoL Compilation)","Replay The Spire","Shop Mod","StSLib","everything is the same but u backflip on backflip"],"gold_per_floor":[118,131,131,131,151,151,179,179,179,199,224,236,249,264,264,367,367,387,7,7,7,19,19,19],"floor_reached":23,"language":"ENG","playtime":3137,"items_purged":[],"score":293,"play_id":"4cf4f53e-4b5b-4202-a9eb-ce751b9e5a00","local_time":"20210218112732","is_ascension_mode":false,"campfire_choices":[{"data":"Infernal Blade","floor":6,"key":"SMITH"},{"floor":8,"key":"REST"},{"data":"Bash","floor":15,"key":"SMITH"}],"circlet_count":0,"master_deck":["Strike_R+1","Strike_R+1","Strike_R+1","Strike_R+1","Defend_R+1","Defend_R","Defend_R","Defend_R+1","Bash+1","Cleave","ReplayTheSpireMod:Limb From Limb","ReplayTheSpireMod:Muscle Training+1","Spot Weakness+1","Infernal Blade+1","Anger","Flex","Flex","Anger","Limit Break","CurseOfTheBell","ReplayTheSpireMod:Faulty Equipment","downfall:Icky","Sword Boomerang","Feed+1","Clash+1"],"relics":["Burning Blood","Replay:Wax Seal","Red Skull","Frozen Egg 2","Matryoshka","Art of War","War Paint","Replay:Ancient Bell","Potion Belt","Mirror","Shovel","Replay:Bottled Eggs"],"acts_visited":["Exordium","TheCity"],"potions_floor_usage":[16,16],"damage_taken":[{"damage":2,"enemies":"Cultist","floor":1,"turns":3},{"damage":10,"enemies":"2 Louse","floor":2,"turns":4},{"damage":1,"enemies":"Jaw Worm","floor":5,"turns":2},{"damage":32,"enemies":"Lagavulin","floor":7,"turns":5},{"damage":5,"enemies":"Blue Slaver","floor":10,"turns":3},{"damage":10,"enemies":"Lots of Slimes","floor":12,"turns":3},{"damage":8,"enemies":"Exordium Wildlife","floor":13,"turns":2},{"damage":0,"enemies":"Blue Slaver","floor":14,"turns":2},{"damage":29,"enemies":"Fading Forest","floor":16,"turns":11},{"damage":11,"enemies":"Chosen","floor":18,"turns":3},{"damage":31,"enemies":"Spheric Guardian","floor":22,"turns":5},{"damage":59,"enemies":"Slavers","floor":23,"turns":2}],"seed_played":"-634646265178419410","potions_obtained":[{"floor":1,"key":"FearPotion"},{"floor":7,"key":"Reflective Coating"},{"floor":10,"key":"Energy Potion"}],"is_trial":false,"path_per_floor":["M","M","?","?","M","R","E","R","T","M","T","M","M","M","R","B",null,"M","$","?","$","M","E"],"character_chosen":"IRONCLAD","items_purchased":["Replay:Wax Seal","Cleave","Red Skull","ReplayTheSpireMod:Limb From Limb","ReplayTheSpireMod:Muscle Training+1","Spot Weakness","Feed+1","Replay:Bottled Eggs"],"campfire_rested":1,"item_purchase_floors":[0,0,0,0,0,0,19,19],"current_hp_per_floor":[56,52,36,36,41,41,15,39,39,40,40,36,34,40,40,27,80,75,75,75,75,54,0,0],"gold":19,"neow_bonus":"","is_daily":false,"chose_seed":false,"campfire_upgraded":2,"win_rate":0.0,"timestamp":1613644052,"path_taken":["M","?","?","?","M","R","E","R","T","M","?","M","M","M","R","BOSS","M","?","?","?","M","E"],"items_purchased_type":["Relic","Card","Relic","Card","Card","Card","Card","Relic"],"build_version":"2020-12-22","purchased_purges":0,"victory":false,"max_hp_per_floor":[80,80,80,80,80,80,80,80,80,80,80,80,80,80,80,80,80,80,80,80,80,84,84,84],"card_choices":[{"not_picked":["Run Through","Body Slam"],"picked":"Infernal Blade","floor":1},{"not_picked":["Evolve","Life Link","Defy Death"],"picked":"SKIP","floor":2},{"not_picked":["Twin Strike","ReplayTheSpireMod:Corrosion Curse"],"picked":"Anger","floor":5},{"not_picked":["Combust+1","Armaments","Entrench"],"picked":"SKIP","floor":7},{"not_picked":["Feel No Pain+1","ReplayReversal","Clothesline"],"picked":"SKIP","floor":10},{"not_picked":["Headbutt","Pommel Strike"],"picked":"Flex","floor":12},{"not_picked":["Disarm","Run Through"],"picked":"Flex","floor":13},{"not_picked":["Replay:Undeath\u0027s Touch","Warcry"],"picked":"Anger","floor":14},{"not_picked":["Offering","Eclipse"],"picked":"Limit Break","floor":16},{"not_picked":["Parasite","Overencumbered"],"picked":"CurseOfTheBell","floor":17},{"not_picked":["ReplayTheSpireMod:Restless Dread","Languid"],"picked":"ReplayTheSpireMod:Faulty Equipment","floor":17},{"not_picked":["downfall:Haunted","downfall:Bewildered"],"picked":"downfall:Icky","floor":17},{"not_picked":["Armaments","True Grit+1"],"picked":"Sword Boomerang","floor":18},{"not_picked":["Shrug It Off+1","ReplayTheSpireMod:Strike From Hell"],"picked":"Clash+1","floor":22}],"player_experience":35655,"relics_obtained":[{"floor":7,"key":"Frozen Egg 2"},{"floor":9,"key":"Matryoshka"},{"floor":11,"key":"Art of War"},{"floor":11,"key":"War Paint"}],"event_choices":[{"damage_healed":0,"gold_gain":0,"player_choice":"Entered Light","damage_taken":16,"max_hp_gain":0,"max_hp_loss":0,"event_name":"Shining Light","floor":3,"gold_loss":0,"cards_upgraded":["Strike_R","Spot Weakness"]},{"cards_removed":["Strike_R"],"damage_healed":0,"gold_gain":0,"player_choice":"Forget","damage_taken":0,"max_hp_gain":0,"max_hp_loss":0,"event_name":"Living Wall","floor":4,"gold_loss":0},{"damage_healed":0,"gold_gain":0,"player_choice":"Ignored","damage_taken":0,"max_hp_gain":0,"max_hp_loss":0,"event_name":"Vampires","floor":20,"gold_loss":0}],"is_beta":false,"boss_relics":[{"not_picked":["Painkiller Herb","bronze:MakeshiftBattery"],"picked":"Replay:Ancient Bell"},{"not_picked":["Grinning Jar","Orichalcum"],"picked":"Potion Belt"},{"not_picked":["Meat on the Bone","Mummified Hand"],"picked":"Mirror"},{"not_picked":["CaptainsWheel","Replay:Kaleidoscope"],"picked":"Shovel"}],"items_purged_floors":[],"is_endless":false,"potions_floor_spawned":[1,7,10,13,14],"killed_by":"Slavers","ascension_level":0}}