{"host":"js2su9tbbk4rmjfl","time":1613683088,"event":{"mods":["AchievementEnabler","BaseMod","Block Reminder","Colored Map","Colored Powertips","Highlight Path","Minty Spire (QoL Compilation)","Relic Stats"],"gold_per_floor":[117,117,117,135,57,57,82,94,130,162,99,99,132,142,142,142,142],"floor_reached":16,"language":"ENG","playtime":457,"items_purged":["Defend_R"],"score":253,"play_id":"6477cff2-73eb-4310-ae1f-4dfdbcb690a1","local_time":"20210218221808","is_ascension_mode":true,"campfire_choices":[{"data":"Shockwave","floor":6,"key":"SMITH"},{"data":"Flame Barrier","floor":8,"key":"SMITH"},{"data":"Defend_R","floor":12,"key":"SMITH"},{"data":"Rampage","floor":15,"key":"SMITH"}],"circlet_count":0,"master_deck":["AscendersBane","Strike_R","Strike_R","Strike_R","Strike_R","Strike_R","Defend_R+1","Defend_R","Bash","Shockwave+1","Flame Barrier+1","Headbutt","Rampage+1"],"relics":["Burning Blood","NeowsBlessing","Potion Belt","MawBank","Boot","Charon\u0027s Ashes"],"acts_visited":["Exordium"],"potions_floor_usage":[13,16],"damage_taken":[{"damage":0,"enemies":"2 Louse","floor":1,"turns":1},{"damage":0,"enemies":"Jaw Worm","floor":4,"turns":1},{"damage":0,"enemies":"Lagavulin","floor":7,"turns":1},{"damage":4,"enemies":"Cultist","floor":10,"turns":4},{"damage":23,"enemies":"3 Sentries","floor":13,"turns":11},{"damage":0,"enemies":"Exordium Thugs","floor":14,"turns":4},{"damage":56,"enemies":"Slime Boss","floor":16,"turns":8}],"seed_played":"-3745507667841206914","potions_obtained":[{"floor":4,"key":"LiquidBronze"},{"floor":7,"key":"Weak Potion"}],"is_trial":false,"path_per_floor":["M","?","?","M","$","R","E","R","T","M","$","R","E","M","R","B"],"character_chosen":"IRONCLAD","items_purchased":["Flame Barrier"],"campfire_rested":0,"item_purchase_floors":[5],"current_hp_per_floor":[74,56,49,55,55,55,61,61,61,63,63,63,46,52,52,0,0],"gold":142,"neow_bonus":"THREE_ENEMY_KILL","is_daily":false,"chose_seed":false,"campfire_upgraded":4,"win_rate":0.0,"timestamp":1613683088,"path_taken":["M","?","?","M","$","R","E","R","T","?","?","R","E","M","R","BOSS"],"items_purchased_type":["Card"],"build_version":"2020-12-22","purchased_purges":1,"victory":false,"max_hp_per_floor":[75,75,75,75,75,75,75,75,75,75,75,75,75,75,75,75,75],"relic_stats":{"counters":[7,30],"Charon\u0027s Ashes":[24],"MawBank":48,"Boot":[1],"obtain_stats":[{"Potion Belt":2,"NeowsBlessing":0,"Charon\u0027s Ashes":13,"MawBank":7,"Boot":9,"Burning Blood":0},{"Potion Belt":1,"NeowsBlessing":0,"Charon\u0027s Ashes":5,"MawBank":3,"Boot":3,"Burning Blood":0},{"Potion Belt":1,"NeowsBlessing":0,"Charon\u0027s Ashes":18,"MawBank":3,"Boot":3,"Burning Blood":0}],"Burning Blood":36},"card_choices":[{"not_picked":["Perfected Strike","Twin Strike","Shockwave"],"picked":"SKIP","floor":1},{"not_picked":["Perfected Strike","Twin Strike"],"picked":"Shockwave","floor":1},{"not_picked":["Wild Strike","Sentinel","Heavy Blade"],"picked":"SKIP","floor":4},{"not_picked":["Clash","Demon Form"],"picked":"Headbutt","floor":7},{"not_picked":["Sword Boomerang","Twin Strike","Pommel Strike"],"picked":"SKIP","floor":10},{"not_picked":["Bludgeon","Berserk"],"picked":"Rampage","floor":13},{"not_picked":["Shrug It Off","Fire Breathing","Sword Boomerang"],"picked":"SKIP","floor":14}],"player_experience":844294,"relics_obtained":[{"floor":7,"key":"MawBank"},{"floor":9,"key":"Boot"},{"floor":13,"key":"Charon\u0027s Ashes"}],"event_choices":[{"damage_healed":0,"gold_gain":0,"player_choice":"Success","damage_taken":18,"relics_obtained":["Potion Belt"],"max_hp_gain":0,"max_hp_loss":0,"event_name":"Scrap Ooze","floor":2,"gold_loss":0},{"cards_removed":["Defend_R"],"damage_healed":0,"gold_gain":0,"player_choice":"Card Removal","damage_taken":7,"max_hp_gain":0,"max_hp_loss":0,"event_name":"Golden Wing","floor":3,"gold_loss":0}],"is_beta":false,"boss_relics":[],"items_purged_floors":[11],"is_endless":false,"potions_floor_spawned":[4,7],"killed_by":"Slime Boss","ascension_level":18}}