{"host":"8anmd7ibyxevnonj","time":1613651598,"event":{"mods":["BaseMod","Curses Come First","Minty Spire (QoL Compilation)","Reliquary","StSLib"],"gold_per_floor":[118,68,80,80,90,120,120,150,150,168,168,184,197,213,213,317,317,329,343,343,194,211,224,224,241,268,297,297,297,90,140,140,238,238,254,95,145,156,173,173,187,201,201,219,233,265,265,275,275,275],"floor_reached":51,"language":"ENG","playtime":4041,"items_purged":[],"score":765,"play_id":"1de40f57-3e47-4fc7-8d4b-0357f68f26ec","local_time":"20210218133318","is_ascension_mode":false,"campfire_choices":[{"data":"White Noise","floor":7,"key":"SMITH"},{"data":"Finesse","floor":15,"key":"SMITH"},{"data":"Rampage","floor":24,"key":"SMITH"},{"data":"Capacitor","floor":28,"key":"SMITH"},{"data":"Buffer","floor":32,"key":"SMITH"},{"data":"Mayhem","floor":40,"key":"SMITH"},{"data":"Fission","floor":47,"key":"SMITH"},{"data":"Creative AI","floor":49,"key":"SMITH"}],"circlet_count":0,"master_deck":["Strike_B","Strike_B+1","Defend_B","Defend_B","Defend_B","Defend_B","Zap","Dualcast","Finesse+1","FTL","Reinforced Body","Heatsinks","White Noise+1","Capacitor+1","Barrage","Rampage+1","Chill","Loop","White Noise+1","Buffer+1","Force Field+1","Rebound","Coolheaded+1","Double Energy+1","Heatsinks","Streamline","White Noise+1","Creative AI+1","Leap+1","All For One","Mayhem+1","Conserve Battery+1","Gash","Defragment+1","Shame","Barrage+1","Gash+1","Fission+1","Streamline+1"],"relics":["Cracked Core","Bird Faced Urn","Incense Burner","Whetstone","Lizard Tail","Coffee Dripper","Strange Spoon","Vajra","reliquary:RoseTintedGlasses","SsserpentHead","Pantograph","Cursed Key","Bottled Flame","Potion Belt"],"acts_visited":["Exordium","TheCity","TheBeyond"],"potions_floor_usage":[8,10,18,23,27,50,50,50],"damage_taken":[{"damage":8,"enemies":"Small Slimes","floor":1,"turns":3},{"damage":4,"enemies":"Jaw Worm","floor":3,"turns":2},{"damage":0,"enemies":"2 Louse","floor":5,"turns":2},{"damage":35,"enemies":"Gremlin Nob","floor":6,"turns":5},{"damage":15,"enemies":"3 Sentries","floor":8,"turns":9},{"damage":14,"enemies":"Red Slaver","floor":10,"turns":5},{"damage":16,"enemies":"Exordium Thugs","floor":12,"turns":3},{"damage":1,"enemies":"Gremlin Gang","floor":13,"turns":6},{"damage":2,"enemies":"Blue Slaver","floor":14,"turns":3},{"damage":11,"enemies":"Hexaghost","floor":16,"turns":8},{"damage":12,"enemies":"2 Thieves","floor":18,"turns":4},{"damage":10,"enemies":"Shell Parasite","floor":19,"turns":6},{"damage":10,"enemies":"Shelled Parasite and Fungi","floor":22,"turns":5},{"damage":10,"enemies":"Sentry and Sphere","floor":23,"turns":5},{"damage":19,"enemies":"3 Cultists","floor":25,"turns":8},{"damage":0,"enemies":"Gremlin Leader","floor":27,"turns":7},{"damage":14,"enemies":"Automaton","floor":33,"turns":9},{"damage":0,"enemies":"3 Darklings","floor":35,"turns":6},{"damage":0,"enemies":"Orb Walker","floor":38,"turns":4},{"damage":0,"enemies":"Writhing Mass","floor":39,"turns":4},{"damage":20,"enemies":"Sphere and 2 Shapes","floor":41,"turns":6},{"damage":0,"enemies":"Transient","floor":42,"turns":5},{"damage":22,"enemies":"4 Shapes","floor":44,"turns":5},{"damage":0,"enemies":"Spire Growth","floor":45,"turns":5},{"damage":0,"enemies":"Giant Head","floor":46,"turns":6},{"damage":0,"enemies":"Transient","floor":48,"turns":5},{"damage":50,"enemies":"Time Eater","floor":50,"turns":9}],"seed_played":"241783702454026098","potions_obtained":[{"floor":3,"key":"Energy Potion"},{"floor":5,"key":"Fruit Juice"},{"floor":14,"key":"BlessingOfTheForge"},{"floor":16,"key":"ColorlessPotion"},{"floor":19,"key":"LiquidMemories"},{"floor":22,"key":"LiquidMemories"},{"floor":23,"key":"Energy Potion"},{"floor":27,"key":"Fire Potion"},{"floor":41,"key":"Regen Potion"},{"floor":45,"key":"Fruit Juice"},{"floor":48,"key":"EntropicBrew"}],"is_trial":false,"path_per_floor":["M","?","M","?","M","E","R","E","T","M","?","M","M","M","R","B",null,"M","M","?","$","M","M","R","M","T","E","R","?","$","?","R","B",null,"M","$","?","M","M","R","M","M","T","M","M","E","R","M","R","B",null],"character_chosen":"DEFECT","items_purchased":["Strange Spoon","Pantograph","All For One"],"campfire_rested":0,"item_purchase_floors":[21,30,36],"current_hp_per_floor":[67,67,63,60,60,27,27,16,16,13,13,42,55,59,59,60,80,76,80,80,80,78,74,74,65,65,79,79,79,79,79,79,80,80,80,80,80,80,80,80,76,80,80,80,80,80,80,80,80,72],"gold":275,"neow_bonus":"RANDOM_COLORLESS","is_daily":false,"chose_seed":false,"campfire_upgraded":8,"win_rate":0.0,"timestamp":1613651598,"path_taken":["M","?","M","?","M","E","R","E","T","M","?","M","?","M","R","BOSS","M","M","?","$","?","M","R","M","T","E","R","?","?","?","R","BOSS","M","$","?","M","M","R","M","M","T","M","M","E","R","M","R","BOSS"],"items_purchased_type":["Relic","Relic","Card"],"build_version":"2020-12-13","purchased_purges":0,"victory":true,"max_hp_per_floor":[75,75,75,75,75,75,75,75,75,80,80,80,80,80,80,80,80,80,80,80,80,80,80,80,80,80,80,80,80,80,80,80,80,80,80,80,80,80,80,80,80,80,80,80,80,80,80,80,80,85],"card_choices":[{"not_picked":["Deep Breath","Trip"],"picked":"Finesse","floor":0},{"not_picked":["Sweeping Beam","Go for the Eyes"],"picked":"FTL","floor":1},{"not_picked":["Turbo","Aggregate"],"picked":"Reinforced Body","floor":3},{"not_picked":["Coolheaded","Hello World"],"picked":"Heatsinks","floor":5},{"not_picked":["Turbo","Coolheaded"],"picked":"White Noise","floor":6},{"not_picked":["Conserve Battery","BootSequence"],"picked":"Capacitor","floor":8},{"not_picked":["Heatsinks","Redo"],"picked":"Barrage","floor":10},{"not_picked":["Stack","Buffer"],"picked":"Chill","floor":12},{"not_picked":["Steam","Streamline"],"picked":"Loop","floor":13},{"not_picked":["Sweeping Beam","Melter"],"picked":"White Noise","floor":14},{"not_picked":["Thunder Strike","Fission"],"picked":"Buffer","floor":16},{"not_picked":["Compile Driver","FTL+1"],"picked":"Force Field+1","floor":18},{"not_picked":["Go for the Eyes","Doom and Gloom"],"picked":"Rebound","floor":19},{"not_picked":["Steam","Go for the Eyes"],"picked":"Coolheaded+1","floor":22},{"not_picked":["Cold Snap","Reboot"],"picked":"Double Energy+1","floor":23},{"not_picked":["Sweeping Beam","Conserve Battery"],"picked":"Heatsinks","floor":25},{"not_picked":["FTL+1","Double Energy"],"picked":"Streamline","floor":27},{"not_picked":["Amplify","Machine Learning"],"picked":"Creative AI","floor":33},{"not_picked":["Reprogram","Darkness+1"],"picked":"Leap+1","floor":35},{"not_picked":["Dramatic Entrance","Panacea"],"picked":"Mayhem","floor":37},{"not_picked":["Capacitor+1","Steam+1"],"picked":"Conserve Battery+1","floor":38},{"not_picked":["Stack","Coolheaded","Reinforced Body"],"picked":"SKIP","floor":39},{"not_picked":["Redo","Gash","Beam Cell+1"],"picked":"SKIP","floor":41},{"not_picked":["Redo","Beam Cell+1"],"picked":"Gash","floor":41},{"not_picked":["Barrage+1","Go for the Eyes"],"picked":"Defragment+1","floor":42},{"not_picked":["Chaos","Steam"],"picked":"Barrage+1","floor":44},{"not_picked":["Steam","Auto Shields"],"picked":"Gash+1","floor":45},{"not_picked":["Loop","Undo"],"picked":"Fission","floor":46},{"not_picked":["Chill","Hello World"],"picked":"Streamline+1","floor":48}],"player_experience":37864,"relics_obtained":[{"floor":6,"key":"Incense Burner"},{"floor":8,"key":"Whetstone"},{"floor":9,"key":"Lizard Tail"},{"floor":26,"key":"Vajra"},{"floor":27,"key":"reliquary:RoseTintedGlasses"},{"floor":43,"key":"Bottled Flame"},{"floor":46,"key":"Potion Belt"}],"event_choices":[{"cards_removed":["Strike_B"],"damage_healed":0,"gold_gain":0,"player_choice":"Card Removal","damage_taken":0,"max_hp_gain":0,"max_hp_loss":0,"event_name":"The Cleric","floor":2,"gold_loss":50},{"damage_healed":0,"gold_gain":0,"player_choice":"Success","damage_taken":3,"relics_obtained":["Bird Faced Urn"],"max_hp_gain":0,"max_hp_loss":0,"event_name":"Scrap Ooze","floor":4,"gold_loss":0},{"cards_removed":["Strike_B"],"damage_healed":0,"gold_gain":0,"player_choice":"Took Card","damage_taken":0,"max_hp_gain":0,"max_hp_loss":0,"event_name":"NoteForYourself","floor":11,"gold_loss":0,"cards_obtained":["Rampage"]},{"damage_healed":0,"gold_gain":0,"player_choice":"Upgraded","damage_taken":0,"max_hp_gain":0,"max_hp_loss":0,"event_name":"Upgrade Shrine","floor":20,"gold_loss":0,"cards_upgraded":["White Noise"]},{"damage_healed":0,"gold_gain":0,"player_choice":"Trade","damage_taken":0,"relics_obtained":["SsserpentHead"],"max_hp_gain":0,"max_hp_loss":0,"event_name":"FaceTrader","floor":29,"gold_loss":0},{"damage_healed":0,"gold_gain":0,"player_choice":"Copied","damage_taken":0,"max_hp_gain":0,"max_hp_loss":0,"event_name":"Duplicator","floor":31,"gold_loss":0,"cards_obtained":["White Noise"]},{"damage_healed":0,"gold_gain":0,"player_choice":"Memory 1","damage_taken":0,"max_hp_gain":0,"max_hp_loss":0,"event_name":"SensoryStone","floor":37,"gold_loss":0}],"is_beta":false,"boss_relics":[{"not_picked":["Philosopher\u0027s Stone","Ectoplasm"],"picked":"Coffee Dripper"},{"not_picked":["reliquary:KinkedSpring","Sozu"],"picked":"Cursed Key"}],"items_purged_floors":[],"is_endless":false,"potions_floor_spawned":[3,5,14,16,19,22,23,27,35,41,42,45,48],"ascension_level":0}}