{"host":"1ycuxm9gov0tl9zf","time":1613688152,"event":{"mods":["AchievementEnabler","Act Like it!","BaseMod","Colored Powertips","Downfall","Gensokyo","GifTheSpireLib","Hallownest","Marisa£®ÏF”Í°°ƒß¿Ì…≥£©","Minty Spire (QoL Compilation)","Quick Restart","Remilia£®¿Ÿ√◊¿Ú—«£©","Replay The Spire","Shop Mod","StSLib","The Administrix","The Animator","The Bug Knight"],"gold_per_floor":[116,132,150,49,77,121,121,161,161,511,470,511,511,555,555,684,684,729,729,729,279,318,376,393,393,419,419],"floor_reached":26,"language":"ZHS","playtime":2145,"items_purged":["Normality"],"score":365,"play_id":"d9c5c555-dcba-4bc1-9744-81eaacebf7f5","local_time":"20210219064232","is_ascension_mode":false,"campfire_choices":[{"data":"WitchOfGreed","floor":7.0,"key":"SMITH"},{"data":"ReplayTheSpireMod:Faulty Equipment","floor":13.0,"key":"SMITH"},{"data":"PropBag","floor":15.0,"key":"SMITH"},{"data":"TreasureHunter","floor":25,"key":"SMITH"}],"circlet_count":0,"master_deck":["Strike_MRS","Strike_MRS","Defend_MRS+1","Defend_MRS","Defend_MRS","Defend_MRS","MasterSpark","UpSweep","Acceleration+1","DoubleSpark","WitchOfGreed+1","WitchLeyline","FairyDestructionRay","ChargeUpSpray","MagicAbsorber","Overencumbered","GrandCross","FairyDestructionRay","LuminesStrike","PropBag+1","Overencumbered","TreasureHunter+1","Lust_TH","Gensokyo:ImpossibleRequest","Clumsy","Envy_TH","IllusionStar","CurseOfTheBell","CurseOfTheBell","GalacticHalo","Pain","WitchLeyline","LuminesStrike+1"],"relics":["MiniHakkero","Replay:Wax Seal","Toy Ornithopter","Replay:PocketPolymizer","Ring of Greed","Old Coin","Smiling Mask","Ice Cream","Coffee Dripper","downfall:ExtraCursedBell","Bronze Scales","Eternal Feather","FossilizedHelix","War Paint","ReplayTheSpireMod:Ninjato","Sundial","Incense Burner","ReplayFunnel"],"acts_visited":["Exordium","TheCity"],"potions_floor_usage":[22,23,23],"damage_taken":[{"damage":0.0,"enemies":"Cultist","floor":1.0,"turns":3.0},{"damage":7.0,"enemies":"Small Slimes","floor":2.0,"turns":3.0},{"damage":1.0,"enemies":"Jaw Worm","floor":3.0,"turns":3.0},{"damage":13.0,"enemies":"3 Louse","floor":5.0,"turns":3.0},{"damage":40.0,"enemies":"Lagavulin","floor":6.0,"turns":7.0},{"damage":11.0,"enemies":"2 Fungi Beasts","floor":8.0,"turns":3.0},{"damage":25.0,"enemies":"3 Sentries","floor":11.0,"turns":6.0},{"damage":0.0,"enemies":"Large Slime","floor":12.0,"turns":3.0},{"damage":12.0,"enemies":"Blue Slaver","floor":14.0,"turns":2.0},{"damage":10.0,"enemies":"Slime Boss","floor":16.0,"turns":11.0},{"damage":0,"enemies":"Chosen","floor":18,"turns":4},{"damage":10,"enemies":"Spheric Guardian","floor":22,"turns":4},{"damage":17,"enemies":"Book of Stabbing","floor":23,"turns":4},{"damage":15,"enemies":"Shelled Parasite and Fungi","floor":24,"turns":4}],"seed_played":"8447180878806276889","potions_obtained":[{"floor":2.0,"key":"Strength Potion"},{"floor":5.0,"key":"SneckoOil"},{"floor":5.0,"key":"SkillPotion"},{"floor":6.0,"key":"FairyPotion"},{"floor":6.0,"key":"Strength Potion"},{"floor":8.0,"key":"Adrenaline Potion"},{"floor":11.0,"key":"bronze:BurnAndBuffPotion"},{"floor":11.0,"key":"Fire Potion"},{"floor":12.0,"key":"SneckoOil"},{"floor":16.0,"key":"Energy Potion"},{"floor":18,"key":"Guardian:BlockOnCardUsePotion"},{"floor":18,"key":"champ:CounterPotion"},{"floor":22,"key":"champ:CounterPotion"},{"floor":23,"key":"Venom Potion"},{"floor":24,"key":"Energy Potion"}],"is_trial":false,"path_per_floor":["M","M","M","$","M","E","R","M","T","?","E","M","R","M","R","B",null,"M","?","?","$","M","E","M","R","T"],"character_chosen":"MARISA","items_purchased":["Replay:Wax Seal","Toy Ornithopter","War Paint","ReplayTheSpireMod:Ninjato"],"campfire_rested":0,"item_purchase_floors":[4,4,21,21],"current_hp_per_floor":[82,75,74,74,66,31,31,20,20,20,5,15,15,3,3,23,82,82,82,82,82,72,65,50,68,68,68],"gold":419,"neow_bonus":"TEN_PERCENT_HP_BONUS","is_daily":false,"chose_seed":false,"campfire_upgraded":4,"win_rate":0.0,"timestamp":1613688152,"path_taken":["M","?","M","?","M","E","R","M","T","?","E","M","R","M","R","BOSS","M","?","?","$","M","E","M","R","T"],"items_purchased_type":["Relic","Relic","Relic","Relic"],"build_version":"2020-12-22","purchased_purges":1,"victory":false,"max_hp_per_floor":[82,82,82,82,82,82,82,82,82,82,82,82,82,82,82,82,82,82,82,82,82,82,82,82,82,82,82],"card_choices":[{"not_picked":["DragonMeteor","EnergyRecoil"],"picked":"Acceleration","floor":1.0},{"not_picked":["DC","PowerUp"],"picked":"DoubleSpark","floor":2.0},{"not_picked":["StarlightTyphoon","DC"],"picked":"WitchOfGreed","floor":3.0},{"not_picked":["ManaConvection","BlazeAway"],"picked":"WitchLeyline","floor":5.0},{"not_picked":["SprinkleStarSeal","EventHorizon"],"picked":"FairyDestructionRay","floor":6.0},{"not_picked":["CollectingQuirk","UnstableBomb"],"picked":"MagicAbsorber","floor":8.0},{"not_picked":["DC","ChargeUpSpray"],"picked":"GrandCross","floor":11.0},{"not_picked":["Acceleration","Orbital"],"picked":"FairyDestructionRay","floor":12.0},{"not_picked":["BlazeAway","ChargeUpSpray"],"picked":"LuminesStrike","floor":14.0},{"not_picked":["ManaRampage","UltimateShortwave"],"picked":"TreasureHunter","floor":16.0},{"not_picked":["MilkyWay","DC"],"picked":"IllusionStar","floor":18},{"not_picked":["WitchOfGreed","DarkSpark"],"picked":"GalacticHalo","floor":22},{"not_picked":["DC","MilkyWay"],"picked":"WitchLeyline","floor":23},{"not_picked":["Acceleration","MachineGunSpark"],"picked":"LuminesStrike+1","floor":24}],"player_experience":37756,"relics_obtained":[{"floor":6.0,"key":"Replay:PocketPolymizer"},{"floor":10.0,"key":"Ring of Greed"},{"floor":10.0,"key":"Old Coin"},{"floor":10.0,"key":"Smiling Mask"},{"floor":11.0,"key":"Ice Cream"},{"floor":20,"key":"Bronze Scales"},{"floor":20,"key":"Eternal Feather"},{"floor":20,"key":"FossilizedHelix"},{"floor":23,"key":"Incense Burner"},{"floor":26,"key":"ReplayFunnel"}],"event_choices":[{"damage_healed":0,"gold_gain":0,"player_choice":"Ignored","damage_taken":0,"max_hp_gain":0,"max_hp_loss":0,"event_name":"Ghosts","floor":19,"gold_loss":0}],"is_beta":false,"boss_relics":[{"not_picked":["Philosopher\u0027s Stone","Snecko Eye"],"picked":"Coffee Dripper"}],"items_purged_floors":[21],"is_endless":false,"potions_floor_spawned":[2,5,6,8,11,18,22,24],"ascension_level":0}}