{"host":"8rgpnls124hwjv5t","time":1613609043,"event":{"mods":["BaseMod","Colored Map","Colored Powertips","DeckTracker","Highlight Path","Minty Spire (QoL Compilation)","Permanent Neow","Quick Restart","Relic Stats","Shop Mod","StSLib"],"gold_per_floor":[164,184,199,199,251,276,276,304,329,329,20,20,39,68,68,152,152,172,81,48,67,0,0,0],"floor_reached":23,"language":"ENG","playtime":1274,"items_purged":[],"score":368,"play_id":"647a2fca-c729-473b-a94e-570123355e00","local_time":"20210217194403","is_ascension_mode":true,"campfire_choices":[{"data":"Leap","floor":7,"key":"SMITH"},{"data":"Chaos","floor":12,"key":"SMITH"},{"data":"Glacier","floor":15,"key":"SMITH"}],"circlet_count":0,"master_deck":["AscendersBane","Strike_B","Strike_B","Strike_B","Strike_B","Defend_B","Defend_B","Defend_B","Defend_B","Zap","Dualcast+1","Chaos+1","Glacier+1","Ball Lightning","Ball Lightning","Leap+1","Skim","Go for the Eyes+1","Self Repair","Compile Driver+1","Thunder Strike+1","Go for the Eyes+1","Self Repair","Coolheaded+1"],"relics":["Tiny House","MealTicket","Tiny Chest","Lantern","CeramicFish","Molten Egg 2","SlaversCollar"],"acts_visited":["Exordium","TheCity"],"potions_floor_usage":[6,8,16,16,16,18,19,23],"damage_taken":[{"damage":4,"enemies":"2 Louse","floor":1,"turns":4},{"damage":7,"enemies":"Jaw Worm","floor":2,"turns":4},{"damage":0,"enemies":"Cultist","floor":3,"turns":4},{"damage":28,"enemies":"Gremlin Nob","floor":6,"turns":4},{"damage":13,"enemies":"Lagavulin","floor":8,"turns":5},{"damage":0,"enemies":"2 Fungi Beasts","floor":13,"turns":3},{"damage":3,"enemies":"Large Slime","floor":14,"turns":6},{"damage":10,"enemies":"Hexaghost","floor":16,"turns":10},{"damage":18,"enemies":"Shell Parasite","floor":18,"turns":6},{"damage":14,"enemies":"2 Thieves","floor":19,"turns":5},{"damage":43,"enemies":"Centurion and Healer","floor":21,"turns":10},{"damage":55,"enemies":"Slavers","floor":23,"turns":5}],"seed_played":"-132440861430795012","potions_obtained":[{"floor":0,"key":"CultistPotion"},{"floor":6,"key":"FocusPotion"},{"floor":8,"key":"FocusPotion"},{"floor":10,"key":"EntropicBrew"},{"floor":16,"key":"SpeedPotion"},{"floor":21,"key":"Regen Potion"}],"is_trial":false,"path_per_floor":["M","M","M","?","T","E","R","E","T","?","$","R","M","M","R","B",null,"M","M","$","M","?","E"],"character_chosen":"DEFECT","items_purchased":["Molten Egg 2","Go for the Eyes+1","Self Repair"],"campfire_rested":0,"item_purchase_floors":[11,11,20],"current_hp_per_floor":[65,58,58,63,63,35,35,22,22,22,37,37,37,41,41,38,70,59,52,67,38,38,0,0],"gold":0,"neow_bonus":"BOSS_RELIC","is_daily":false,"chose_seed":false,"campfire_upgraded":3,"win_rate":0.0,"timestamp":1613609043,"path_taken":["M","M","M","?","?","E","R","E","T","?","$","R","M","M","R","BOSS","M","M","$","M","?","E"],"items_purchased_type":["Relic","Card","Card"],"build_version":"2020-12-22","purchased_purges":0,"victory":false,"max_hp_per_floor":[76,76,76,81,81,81,81,81,81,81,81,81,81,81,81,81,81,81,81,81,81,81,81,81],"relic_stats":{"counters":[12,66],"CeramicFish":63,"MealTicket":30,"Tiny Chest":0,"obtain_stats":[{"SlaversCollar":17,"Lantern":8,"Tiny House":0,"CeramicFish":9,"MealTicket":5,"Tiny Chest":6,"Molten Egg 2":11,"Cracked Core":0},{"SlaversCollar":8,"Lantern":5,"Tiny House":0,"CeramicFish":5,"MealTicket":3,"Tiny Chest":4,"Molten Egg 2":5,"Cracked Core":0},{"SlaversCollar":40,"Lantern":21,"Tiny House":0,"CeramicFish":21,"MealTicket":12,"Tiny Chest":16,"Molten Egg 2":21,"Cracked Core":0}]},"card_choices":[{"not_picked":["Compile Driver","Steam"],"picked":"Chaos","floor":0},{"not_picked":["Sweeping Beam","Barrage"],"picked":"Glacier","floor":1},{"not_picked":["Melter","Stack"],"picked":"Ball Lightning","floor":2},{"not_picked":["Compile Driver","Turbo"],"picked":"Ball Lightning","floor":3},{"not_picked":["Fusion","BootSequence"],"picked":"Leap","floor":6},{"not_picked":["Multi-Cast","Redo"],"picked":"Skim","floor":8},{"not_picked":["Consume","Conserve Battery"],"picked":"Self Repair","floor":13},{"not_picked":["Hologram","Streamline+1"],"picked":"Compile Driver+1","floor":14},{"not_picked":["Amplify","Multi-Cast"],"picked":"Thunder Strike+1","floor":16},{"not_picked":["Melter+1","Steam","BootSequence"],"picked":"SKIP","floor":18},{"not_picked":["Undo","Stack"],"picked":"Go for the Eyes+1","floor":19},{"not_picked":["Turbo","Hyperbeam+1"],"picked":"Coolheaded+1","floor":21}],"player_experience":610100,"relics_obtained":[{"floor":5,"key":"MealTicket"},{"floor":6,"key":"Tiny Chest"},{"floor":8,"key":"Lantern"},{"floor":9,"key":"CeramicFish"}],"event_choices":[{"damage_healed":0,"gold_gain":0,"player_choice":"Donut","damage_taken":0,"max_hp_gain":5,"max_hp_loss":0,"event_name":"Big Fish","floor":4,"gold_loss":0},{"damage_healed":0,"gold_gain":0,"player_choice":"Got Potions","damage_taken":0,"max_hp_gain":0,"max_hp_loss":0,"event_name":"Lab","floor":10,"gold_loss":0},{"damage_healed":0,"gold_gain":0,"player_choice":"Paid Fearfully","damage_taken":0,"max_hp_gain":0,"max_hp_loss":0,"event_name":"Masked Bandits","floor":22,"gold_loss":67}],"is_beta":false,"boss_relics":[{"not_picked":["Busted Crown","Astrolabe"],"picked":"SlaversCollar"}],"items_purged_floors":[],"is_endless":false,"potions_floor_spawned":[6,8,16,21],"killed_by":"Slavers","ascension_level":17}}