{"host":"ekyl8r8j8fco3zlk","time":1613637779,"event":{"mods":["Act Like it!","Arknights","BaseMod","CapriCore","Decade(Õı–°√˜)","Dota2Spire","Friendly Minions","Gensokyo","Marisa£®ÏF”Í°°ƒß¿Ì…≥£©","Minty Spire (QoL Compilation)","READ ME - Guardian Mod","Rare Cards Sparkle","Reimu£®≤©¿ˆ¡È√Œ£©","StSLib","The Alterego","The Immortal","The Jungle","The Senshi","TheWitcher","Waifu the Spire","WarShipGirlsR/’ΩΩ¢…Ÿ≈ÆR mod","Yakumo Yukari mod","°æ“≈ŒÔø®≈∆°øREMEMod"],"gold_per_floor":[109,69,87,103,116,116,135,135,135,162,162,162,180,195,195,291,291,303,320,320,320,331,366,366,376,427,165,165,192,192,42,42,147,147,147],"floor_reached":34,"language":"ZHS","playtime":2143,"items_purged":[],"score":442,"play_id":"d427f861-f4cf-42f0-8abd-547cc30732cb","local_time":"20210218164259","is_ascension_mode":false,"campfire_choices":[{"data":"RideBooker_Skill_1","floor":6.0,"key":"SMITH"},{"data":"RideBooker_Skill_2","floor":8.0,"key":"SMITH"},{"data":"RideBooker_Skill_3","floor":11.0,"key":"SMITH"},{"data":"AttackRide","floor":15,"key":"SMITH"},{"data":"PrometheusPower","floor":24,"key":"SMITH"},{"data":"Decade_SpecialSkill","floor":28,"key":"SMITH"},{"data":"KamenRide","floor":32,"key":"SMITH"}],"circlet_count":0,"master_deck":["Decade_Attack","Decade_Attack","Decade_Attack","Decade_Attack","KamenRide+1","Decade_SpecialSkill+1","Decade_Defend","Decade_Defend","Decade_Defend","Decade_Defend","Decade_Defend2","RideBooker_Skill_1+1","DecadeViolentEmotion","RideBooker_Skill_2+1","RideBooker_Skill_3+1","AttackRide+1","KamenRideDenO","PrometheusPower+1","AutoVajin+1","UnarmedAttack5+1","UnarmedAttack7+1"],"relics":["Decadriver","TOEIDeficitBill","REME_ComplimentaryCards","PaintedHorse:ReiMu","Boot","Bronze Scales","SlaversCollar","Meat on the Bone","Smiling Mask","Dota2Spire:Vanguard","Molten Egg 2","Dota2Spire:Dagon","Dota2Spire:Bloodstone"],"acts_visited":["Exordium","TheCity","TheBeyond"],"potions_floor_usage":[16,33,33],"damage_taken":[{"damage":0.0,"enemies":"ats:Genji","floor":1.0,"turns":5.0},{"damage":11.0,"enemies":"Jaw Worm","floor":3.0,"turns":3.0},{"damage":0.0,"enemies":"Small Slimes","floor":4.0,"turns":4.0},{"damage":8.0,"enemies":"Exordium Thugs","floor":5.0,"turns":7.0},{"damage":11.0,"enemies":"Exordium Wildlife","floor":7.0,"turns":3.0},{"damage":13.0,"enemies":"3 Sentries","floor":10.0,"turns":4.0},{"damage":0.0,"enemies":"2 Fungi Beasts","floor":13.0,"turns":4.0},{"damage":0.0,"enemies":"Looter","floor":14.0,"turns":3.0},{"damage":31,"enemies":"Hexaghost","floor":16,"turns":5},{"damage":0,"enemies":"Spheric Guardian","floor":18,"turns":3},{"damage":0,"enemies":"Chosen","floor":19,"turns":2},{"damage":12,"enemies":"Snake Plant","floor":22,"turns":3},{"damage":0,"enemies":"Slavers","floor":23,"turns":2},{"damage":0,"enemies":"3 Cultists","floor":25,"turns":3},{"damage":0,"enemies":"Gremlin Leader","floor":29,"turns":2},{"damage":2,"enemies":"Automaton","floor":33,"turns":7}],"seed_played":"-2304971114668805521","potions_obtained":[{"floor":0.0,"key":"DistilledChaos"},{"floor":0.0,"key":"Dexterity Potion"},{"floor":0.0,"key":"Regen Potion"},{"floor":5.0,"key":"LiquidBronze"},{"floor":23,"key":"CultistPotion"}],"is_trial":false,"path_per_floor":["M","?","M","M","M","R","M","R","T","E","R","?","M","M","R","B",null,"M","M","?","?","M","E","R","M","T","$","R","E","?","$","R","B",null],"character_chosen":"Decade","items_purchased":["Molten Egg 2"],"campfire_rested":0,"item_purchase_floors":[27],"current_hp_per_floor":[70,70,59,70,62,62,56,56,56,58,58,58,58,58,58,47,70,70,70,70,70,58,58,58,58,58,58,58,58,58,58,58,70,70,70],"gold":147,"neow_bonus":"THREE_SMALL_POTIONS","is_daily":false,"chose_seed":false,"campfire_upgraded":7,"win_rate":0.0,"timestamp":1613637779,"path_taken":["M","?","M","M","M","R","M","R","T","E","R","?","?","M","R","BOSS","M","M","?","?","M","E","R","M","T","$","R","E","?","$","R","BOSS"],"items_purchased_type":["Relic"],"build_version":"2020-12-22","purchased_purges":0,"victory":false,"max_hp_per_floor":[70,70,70,70,70,70,70,70,70,70,70,70,70,70,70,70,70,70,70,70,70,70,70,70,70,70,70,70,70,70,70,70,70,70,70],"card_choices":[{"not_picked":["Hibiki_Attack1","Decade_Dash1"],"picked":"Decade_Defend2","floor":1.0},{"not_picked":["Kabuto_ClockUp","DenO_Ax"],"picked":"RideBooker_Skill_1","floor":3.0},{"not_picked":["Blade_Metal","AutoVajin"],"picked":"DecadeViolentEmotion","floor":5.0},{"not_picked":["RideBooker_Skill_3","DenO_Sword"],"picked":"RideBooker_Skill_2","floor":7.0},{"not_picked":["FormRideDogga","KamenRideRyuki"],"picked":"RideBooker_Skill_3","floor":7.0},{"not_picked":["FormRideGaruru","MirrorWorld"],"picked":"KamenRideDenO","floor":13.0},{"not_picked":["RideBooker","DenO_Rod"],"picked":"PrometheusPower","floor":14.0},{"not_picked":["FormRideDragon","FormRideGaruru"],"picked":"AutoVajin+1","floor":18},{"not_picked":["DragShield","FormRideTitan"],"picked":"UnarmedAttack5+1","floor":22},{"not_picked":["AttackRide","KamenRideKiva"],"picked":"UnarmedAttack7+1","floor":29}],"player_experience":627131,"relics_obtained":[{"floor":9.0,"key":"Boot"},{"floor":10.0,"key":"Bronze Scales"},{"floor":23,"key":"Smiling Mask"},{"floor":26,"key":"Dota2Spire:Vanguard"},{"floor":29,"key":"Dota2Spire:Dagon"}],"event_choices":[{"damage_healed":0.0,"max_hp_gain":0.0,"max_hp_loss":0.0,"gold_gain":0.0,"event_name":"yidonshenshe","player_choice":"»˚«Æ","floor":2.0,"gold_loss":40.0,"damage_taken":0.0,"relics_obtained":["PaintedHorse:ReiMu"]},{"damage_healed":0.0,"max_hp_gain":0.0,"max_hp_loss":0.0,"gold_gain":0.0,"cards_transformed":["KamenRide"],"event_name":"Transmorgrifier","player_choice":"Transformed","floor":12.0,"gold_loss":0.0,"damage_taken":0.0,"cards_obtained":["AttackRide"]},{"damage_healed":0,"gold_gain":0,"player_choice":"Ignored","damage_taken":0,"max_hp_gain":0,"max_hp_loss":0,"event_name":"Cursed Tome","floor":20,"gold_loss":0},{"damage_healed":0,"gold_gain":0,"player_choice":"Opened","damage_taken":0,"relics_obtained":["Meat on the Bone"],"max_hp_gain":0,"max_hp_loss":0,"event_name":"The Mausoleum","floor":21,"gold_loss":0},{"damage_healed":0,"gold_gain":0,"player_choice":"Ignored","damage_taken":0,"max_hp_gain":0,"max_hp_loss":0,"event_name":"NoteForYourself","floor":30,"gold_loss":0}],"is_beta":false,"boss_relics":[{"not_picked":["REME_DuelDisc","Calling Bell"],"picked":"SlaversCollar"},{"not_picked":["Runic Pyramid","RedLine:ReiMu"],"picked":"Dota2Spire:Bloodstone"}],"items_purged_floors":[],"is_endless":false,"potions_floor_spawned":[3,5,10,14,23,25,29],"ascension_level":0}}