{"host":"ocllwaoi18j60ltd","time":1613656382,"event":{"mods":["BaseMod","DeckTracker","Minty Spire (QoL Compilation)","Permanent Neow","Quick Restart","StSLib","SuperFastMode"],"gold_per_floor":[119,132,132,153,24,62,62,87,87,122,146,169,194,119,119,215,215,215,215,215,215,215,215,215,215,215,215,215,215,215,48,48,48,48,48,48,48,48,48,48,48,48,48,48,48,48,48,48,48,48,48],"floor_reached":50,"language":"KOR","playtime":2096,"items_purged":["Strike_B"],"score":1154,"play_id":"98e4041d-eb5c-4e2e-9d0c-2827648bb3a2","local_time":"20210218225302","is_ascension_mode":true,"campfire_choices":[{"data":"Redo","floor":7,"key":"SMITH"},{"data":"Defragment","floor":15,"key":"SMITH"},{"data":"Biased Cognition","floor":24,"key":"SMITH"},{"floor":32,"key":"REST"},{"floor":40,"key":"RECALL"},{"floor":49,"key":"REST"}],"circlet_count":0,"master_deck":["AscendersBane","Defend_B","Defend_B","Defend_B","Zap","Dualcast","Redo+1","Sweeping Beam","Consume","Conserve Battery","Coolheaded","Biased Cognition+1","Defragment+1","Multi-Cast+1","Chill+1","Hologram+1","Electrodynamics","Coolheaded+1","Hologram+1","Cold Snap+1","Chaos+1","Blizzard","Go for the Eyes+1","White Noise+1","Seek+1","Self Repair","Creative AI+1","Compile Driver+1","Flash of Steel","Turbo+1","Reinforced Body+1","Capacitor"],"relics":["Cracked Core","Golden Idol","Akabeko","Happy Flower","Toxic Egg 2","Ectoplasm","Blood Vial","Nunchaku","Centennial Puzzle","Red Mask","Black Star","Ancient Tea Set","Whetstone","Mango","Frozen Egg 2","Bottled Flame"],"acts_visited":["Exordium","TheCity","TheBeyond"],"potions_floor_usage":[12,16,21,23,41,50],"damage_taken":[{"damage":1,"enemies":"Cultist","floor":1,"turns":3},{"damage":0,"enemies":"2 Louse","floor":2,"turns":2},{"damage":4,"enemies":"Jaw Worm","floor":4,"turns":4},{"damage":23,"enemies":"3 Sentries","floor":6,"turns":7},{"damage":0,"enemies":"2 Fungi Beasts","floor":8,"turns":2},{"damage":0,"enemies":"Lagavulin","floor":10,"turns":6},{"damage":6,"enemies":"Blue Slaver","floor":11,"turns":3},{"damage":0,"enemies":"3 Louse","floor":12,"turns":1},{"damage":2,"enemies":"Looter","floor":13,"turns":2},{"damage":19,"enemies":"Hexaghost","floor":16,"turns":10},{"damage":0,"enemies":"Shell Parasite","floor":18,"turns":4},{"damage":0,"enemies":"3 Byrds","floor":21,"turns":4},{"damage":19,"enemies":"Book of Stabbing","floor":23,"turns":6},{"damage":16,"enemies":"Slavers","floor":25,"turns":7},{"damage":0,"enemies":"Masked Bandits","floor":27,"turns":3},{"damage":9,"enemies":"Centurion and Healer","floor":29,"turns":4},{"damage":1,"enemies":"Shelled Parasite and Fungi","floor":30,"turns":5},{"damage":29,"enemies":"Collector","floor":33,"turns":9},{"damage":0,"enemies":"Orb Walker","floor":35,"turns":3},{"damage":2,"enemies":"3 Shapes","floor":36,"turns":4},{"damage":14,"enemies":"3 Darklings","floor":38,"turns":4},{"damage":44,"enemies":"Nemesis","floor":41,"turns":5},{"damage":19,"enemies":"Spire Growth","floor":44,"turns":7},{"damage":2,"enemies":"Maw","floor":45,"turns":7},{"damage":0,"enemies":"Mind Bloom Boss Battle","floor":46,"turns":6},{"damage":7,"enemies":"Giant Head","floor":48,"turns":8},{"damage":80,"enemies":"Awakened One","floor":50,"turns":6}],"seed_played":"5425257402112668359","potions_obtained":[{"floor":2,"key":"LiquidBronze"},{"floor":4,"key":"DistilledChaos"},{"floor":12,"key":"Fruit Juice"},{"floor":16,"key":"Block Potion"},{"floor":21,"key":"LiquidBronze"},{"floor":27,"key":"EssenceOfDarkness"},{"floor":29,"key":"Fire Potion"},{"floor":30,"key":"GamblersBrew"},{"floor":41,"key":"Block Potion"},{"floor":48,"key":"Swift Potion"}],"is_trial":false,"path_per_floor":["M","M","?","M","$","E","R","M","T","E","M","M","M","?","R","B",null,"M","?","?","M","?","E","R","E","T","?","$","M","M","$","R","B",null,"M","M","?","M","?","R","E","?","T","M","M","?","?","E","R","B"],"character_chosen":"DEFECT","items_purchased":["Coolheaded","Seek+1","Self Repair"],"campfire_rested":2,"item_purchase_floors":[5,31,31],"current_hp_per_floor":[63,63,63,59,59,36,36,36,36,36,30,35,33,33,33,14,55,55,55,55,55,55,36,36,22,22,24,24,17,18,18,38,25,58,60,67,67,62,62,62,27,27,27,17,24,47,47,49,73,0,0],"gold":48,"neow_bonus":"TRANSFORM_CARD","is_daily":false,"chose_seed":false,"campfire_upgraded":3,"win_rate":0.0,"timestamp":1613656382,"path_taken":["M","?","?","M","$","E","R","M","T","E","M","M","M","?","R","BOSS","M","?","?","M","?","E","R","E","T","?","$","M","M","?","R","BOSS","M","M","?","M","?","R","E","?","T","M","?","?","?","E","R","BOSS"],"items_purchased_type":["Card","Card","Card"],"build_version":"2020-12-22","purchased_purges":1,"victory":false,"max_hp_per_floor":[71,71,64,64,64,64,64,64,64,64,64,69,69,69,69,69,69,69,69,69,69,69,69,69,69,69,69,69,69,69,69,69,69,69,69,69,69,69,69,69,69,69,69,69,69,83,83,83,83,83,83],"card_choices":[{"not_picked":["Redo","Turbo"],"picked":"Sweeping Beam","floor":1},{"not_picked":["Sweeping Beam","Skim"],"picked":"Consume","floor":2},{"not_picked":["Steam","Fusion"],"picked":"Conserve Battery","floor":4},{"not_picked":["Rainbow","Scrape"],"picked":"Biased Cognition","floor":6},{"not_picked":["Hologram","Barrage"],"picked":"Defragment","floor":8},{"not_picked":["Heatsinks","Cold Snap"],"picked":"Multi-Cast+1","floor":10},{"not_picked":["Lockon","Rebound"],"picked":"Chill+1","floor":11},{"not_picked":["Conserve Battery+1","Heatsinks","Gash"],"picked":"SKIP","floor":12},{"not_picked":["Coolheaded+1","Rebound"],"picked":"Hologram+1","floor":13},{"not_picked":["Reboot+1","Thunder Strike"],"picked":"Electrodynamics","floor":16},{"not_picked":["Compile Driver","Hologram+1"],"picked":"Coolheaded+1","floor":18},{"not_picked":["Hologram+1","Beam Cell","Melter"],"picked":"SKIP","floor":21},{"not_picked":["Coolheaded+1","Conserve Battery+1"],"picked":"Chaos+1","floor":23},{"not_picked":["Rebound","Cold Snap"],"picked":"Blizzard","floor":25},{"not_picked":["Gash","Stack+1"],"picked":"Go for the Eyes","floor":29},{"not_picked":["Rebound","Defragment"],"picked":"White Noise+1","floor":30},{"not_picked":["Seek+1","Thunder Strike"],"picked":"Creative AI","floor":33},{"not_picked":["Sweeping Beam","Chill+1","Self Repair"],"picked":"SKIP","floor":35},{"not_picked":["Compile Driver","Gash+1","Go for the Eyes"],"picked":"SKIP","floor":36},{"not_picked":["Leap+1","Steam Power+1"],"picked":"Compile Driver+1","floor":38},{"not_picked":["Bandage Up+1","Swift Strike"],"picked":"Flash of Steel","floor":39},{"not_picked":["Redo+1","All For One"],"picked":"Turbo+1","floor":41},{"not_picked":["Scrape","Gash+1"],"picked":"Reinforced Body+1","floor":44},{"not_picked":["Streamline","Darkness+1"],"picked":"Capacitor","floor":45},{"not_picked":["Steam+1","Go for the Eyes","Hologram+1"],"picked":"SKIP","floor":48}],"player_experience":849412,"relics_obtained":[{"floor":6,"key":"Akabeko"},{"floor":9,"key":"Happy Flower"},{"floor":10,"key":"Toxic Egg 2"},{"floor":23,"key":"Blood Vial"},{"floor":25,"key":"Nunchaku"},{"floor":26,"key":"Centennial Puzzle"},{"floor":27,"key":"Red Mask"},{"floor":41,"key":"Ancient Tea Set"},{"floor":41,"key":"Whetstone"},{"floor":46,"key":"Mango"},{"floor":48,"key":"Frozen Egg 2"},{"floor":48,"key":"Bottled Flame"}],"event_choices":[{"damage_healed":0,"gold_gain":0,"player_choice":"Lose Max HP","damage_taken":0,"relics_obtained":["Golden Idol"],"max_hp_gain":0,"max_hp_loss":7,"event_name":"Golden Idol","floor":3,"gold_loss":0},{"cards_removed":["Strike_B"],"damage_healed":0,"gold_gain":0,"player_choice":"Card Removal","damage_taken":0,"max_hp_gain":0,"max_hp_loss":0,"event_name":"The Cleric","floor":14,"gold_loss":75},{"damage_healed":0,"gold_gain":0,"cards_transformed":["Defend_B","Strike_B"],"player_choice":"Became Test Subject","damage_taken":0,"max_hp_gain":0,"max_hp_loss":0,"event_name":"Drug Dealer","floor":19,"gold_loss":0,"cards_obtained":["Hologram","Cold Snap"]},{"damage_healed":0,"gold_gain":0,"player_choice":"Ignored","damage_taken":0,"max_hp_gain":0,"max_hp_loss":0,"event_name":"Vampires","floor":20,"gold_loss":0},{"damage_healed":0,"gold_gain":0,"player_choice":"Ignored","damage_taken":0,"max_hp_gain":0,"max_hp_loss":0,"event_name":"Ghosts","floor":22,"gold_loss":0},{"damage_healed":0,"gold_gain":0,"player_choice":"Fought Bandits","damage_taken":0,"max_hp_gain":0,"max_hp_loss":0,"event_name":"Masked Bandits","floor":27,"gold_loss":0},{"damage_healed":0,"gold_gain":222,"player_choice":"Wore Mask","damage_taken":0,"max_hp_gain":0,"max_hp_loss":0,"event_name":"Tomb of Lord Red Mask","floor":37,"gold_loss":0},{"damage_healed":0,"gold_gain":0,"player_choice":"Memory 1","damage_taken":0,"max_hp_gain":0,"max_hp_loss":0,"event_name":"SensoryStone","floor":39,"gold_loss":0},{"damage_healed":0,"gold_gain":0,"player_choice":"Upgraded","damage_taken":0,"max_hp_gain":0,"max_hp_loss":0,"event_name":"Upgrade Shrine","floor":42,"gold_loss":0,"cards_upgraded":["Creative AI"]},{"damage_healed":0,"gold_gain":0,"player_choice":"Fight","damage_taken":0,"max_hp_gain":0,"max_hp_loss":0,"event_name":"MindBloom","floor":46,"gold_loss":0},{"damage_healed":0,"gold_gain":0,"player_choice":"0 cards matched","damage_taken":0,"max_hp_gain":0,"max_hp_loss":0,"event_name":"Match and Keep!","floor":47,"gold_loss":0,"cards_obtained":[]}],"is_beta":false,"boss_relics":[{"not_picked":["Runic Dome","Velvet Choker"],"picked":"Ectoplasm"},{"not_picked":["FrozenCore","Fusion Hammer"],"picked":"Black Star"}],"items_purged_floors":[5],"is_endless":false,"potions_floor_spawned":[2,4,6,12,16,21,27,29,30,41,44,48],"killed_by":"Awakened One","ascension_level":20}}