{"host":"h0xw20cia6ppa69g","time":1613625015,"event":{"mods":["AchievementEnabler","BaseMod","Colored Map","Filter the Spire","Googly Eyes","Minty Spire (QoL Compilation)","Relic Stats","StSLib","The Awakened One except there are too many feathers","everything is the same but u backflip on backflip"],"gold_per_floor":[17,32,32,45,64,64,78,116,116,135,176,176,219,238,238,349,349,378,378,77,95,117,156,177,220,220,239,283,308,351,376,376,376,376],"floor_reached":33,"language":"ENG","playtime":1717,"items_purged":["Strike_R"],"score":369,"play_id":"d8fbae6b-add5-4156-b6e6-242a23f530f8","local_time":"20210217231015","is_ascension_mode":true,"campfire_choices":[{"data":"Fiend Fire","floor":6.0,"key":"SMITH"},{"data":"Juggernaut","floor":12.0,"key":"SMITH"},{"data":"Disarm","floor":15.0,"key":"SMITH"},{"data":"Dual Wield","floor":32,"key":"SMITH"}],"circlet_count":0,"master_deck":["Strike_R","Strike_R","Defend_R","Defend_R","Defend_R","Defend_R","Bash","Fiend Fire+1","Cleave","Clothesline","Disarm+1","Juggernaut+1","Iron Wave","Inflame","Reaper","Shrug It Off","Demon Form","Dual Wield+1","Feel No Pain","Battle Trance","Feel No Pain","Pommel Strike+1","Double Tap","True Grit","Dark Embrace","Spot Weakness","Pommel Strike+1","Headbutt+1","Second Wind"],"relics":["Burning Blood","CeramicFish","Orichalcum","Blood Vial","Bottled Lightning","Velvet Choker","PreservedInsect","Bag of Marbles","Meat on the Bone","Bag of Preparation","MealTicket"],"acts_visited":["Exordium","TheCity"],"potions_floor_usage":[33],"damage_taken":[{"damage":5.0,"enemies":"2 Louse","floor":1.0,"turns":2.0},{"damage":6.0,"enemies":"Cultist","floor":2.0,"turns":3.0},{"damage":11.0,"enemies":"Jaw Worm","floor":4.0,"turns":3.0},{"damage":9.0,"enemies":"3 Louse","floor":5.0,"turns":3.0},{"damage":4.0,"enemies":"Lots of Slimes","floor":7.0,"turns":3.0},{"damage":41.0,"enemies":"3 Sentries","floor":8.0,"turns":9.0},{"damage":1.0,"enemies":"Exordium Thugs","floor":10.0,"turns":5.0},{"damage":12.0,"enemies":"Lagavulin","floor":11.0,"turns":6.0},{"damage":17.0,"enemies":"3 Sentries","floor":13.0,"turns":7.0},{"damage":4.0,"enemies":"Blue Slaver","floor":14.0,"turns":2.0},{"damage":2.0,"enemies":"Hexaghost","floor":16.0,"turns":11.0},{"damage":28.0,"enemies":"2 Thieves","floor":18.0,"turns":4.0},{"damage":0.0,"enemies":"Chosen","floor":22.0,"turns":3.0},{"damage":11.0,"enemies":"Book of Stabbing","floor":23.0,"turns":6.0},{"damage":13.0,"enemies":"Snake Plant","floor":24.0,"turns":5.0},{"damage":21.0,"enemies":"Gremlin Leader","floor":25.0,"turns":8.0},{"damage":7.0,"enemies":"Snecko","floor":27.0,"turns":4.0},{"damage":30.0,"enemies":"Slavers","floor":28.0,"turns":4.0},{"damage":1.0,"enemies":"Cultist and Chosen","floor":29.0,"turns":6.0},{"damage":5.0,"enemies":"Book of Stabbing","floor":30.0,"turns":6.0},{"damage":19,"enemies":"Sentry and Sphere","floor":31,"turns":5},{"damage":117,"enemies":"Automaton","floor":33,"turns":12}],"seed_played":"-6070870616564709413","potions_obtained":[{"floor":1.0,"key":"Block Potion"},{"floor":2.0,"key":"Swift Potion"},{"floor":3.0,"key":"BloodPotion"},{"floor":11.0,"key":"Ancient Potion"},{"floor":13.0,"key":"Energy Potion"},{"floor":24.0,"key":"EssenceOfSteel"},{"floor":28.0,"key":"FearPotion"},{"floor":30.0,"key":"PowerPotion"}],"is_trial":false,"path_per_floor":["M","M","?","M","M","R","M","E","T","M","E","R","E","M","R","B",null,"M","?","$","?","M","E","M","E","T","M","E","M","E","M","R","B"],"character_chosen":"IRONCLAD","items_purchased":["Feel No Pain","PreservedInsect"],"campfire_rested":0,"item_purchase_floors":[20,20],"current_hp_per_floor":[80,80,80,75,72,72,74,39,39,44,38,38,45,49,49,55,80,69,54,54,54,62,59,71,85,85,84,61,80,85,72,72,0,0],"gold":376,"neow_bonus":"THREE_RARE_CARDS","is_daily":false,"chose_seed":false,"campfire_upgraded":4,"win_rate":0.0,"timestamp":1613625015,"path_taken":["M","M","?","M","M","R","M","E","T","?","E","R","E","M","R","BOSS","M","?","$","?","M","E","M","E","T","M","E","M","E","M","R","BOSS"],"items_purchased_type":["Card","Relic"],"build_version":"2020-12-22","purchased_purges":1,"victory":false,"max_hp_per_floor":[80,80,80,80,80,80,80,80,80,80,80,80,80,80,80,80,80,80,85,85,85,85,85,85,85,85,85,85,85,85,85,85,85,85],"relic_stats":{"Blood Vial":21,"counters":[22,117],"CeramicFish":162,"MealTicket":0,"PreservedInsect":168,"Bag of Preparation":[8],"Orichalcum":[282],"obtain_stats":[{"Blood Vial":11,"CeramicFish":8,"Velvet Choker":17,"MealTicket":30,"PreservedInsect":20,"Bag of Marbles":23,"Bag of Preparation":28,"Bottled Lightning":13,"Orichalcum":9,"Burning Blood":0,"Meat on the Bone":25},{"Blood Vial":8,"CeramicFish":6,"Velvet Choker":11,"MealTicket":20,"PreservedInsect":12,"Bag of Marbles":14,"Bag of Preparation":18,"Bottled Lightning":9,"Orichalcum":6,"Burning Blood":0,"Meat on the Bone":16},{"Blood Vial":34,"CeramicFish":23,"Velvet Choker":54,"MealTicket":100,"PreservedInsect":58,"Bag of Marbles":67,"Bag of Preparation":88,"Bottled Lightning":41,"Orichalcum":23,"Burning Blood":0,"Meat on the Bone":80}],"Burning Blood":121,"Meat on the Bone":0},"card_choices":[{"not_picked":["Exhume","Double Tap"],"picked":"Fiend Fire","floor":0.0},{"not_picked":["Bloodletting","Shrug It Off"],"picked":"Cleave","floor":1.0},{"not_picked":["Shrug It Off","Seeing Red"],"picked":"Clothesline","floor":2.0},{"not_picked":["Flex","Intimidate","Carnage"],"picked":"SKIP","floor":4.0},{"not_picked":["Battle Trance","Heavy Blade"],"picked":"Disarm","floor":5.0},{"not_picked":["Pommel Strike","Infernal Blade","Dark Embrace"],"picked":"SKIP","floor":7.0},{"not_picked":["Pommel Strike","Seeing Red"],"picked":"Juggernaut","floor":8.0},{"not_picked":["Dual Wield","Blood for Blood"],"picked":"Iron Wave","floor":10.0},{"not_picked":["Pummel","Flex"],"picked":"Inflame","floor":11.0},{"not_picked":["Iron Wave","Infernal Blade"],"picked":"Reaper","floor":13.0},{"not_picked":["Infernal Blade","Sword Boomerang"],"picked":"Shrug It Off","floor":14.0},{"not_picked":["Berserk","Double Tap"],"picked":"Demon Form","floor":16.0},{"not_picked":["Rampage","Warcry"],"picked":"Dual Wield","floor":18.0},{"not_picked":["Sword Boomerang","Carnage"],"picked":"Pommel Strike+1","floor":22.0},{"not_picked":["Anger+1","Intimidate"],"picked":"Double Tap","floor":23.0},{"not_picked":["Iron Wave","Heavy Blade"],"picked":"True Grit","floor":24.0},{"not_picked":["Reckless Charge+1","Infernal Blade+1"],"picked":"Dark Embrace","floor":25.0},{"not_picked":["Flex","Iron Wave","Reckless Charge"],"picked":"SKIP","floor":27.0},{"not_picked":["Anger","Havoc"],"picked":"Spot Weakness","floor":28.0},{"not_picked":["Heavy Blade","Anger"],"picked":"Pommel Strike+1","floor":29.0},{"not_picked":["Fire Breathing+1","Perfected Strike"],"picked":"Headbutt+1","floor":30.0},{"not_picked":["Bloodletting","Hemokinesis+1"],"picked":"Second Wind","floor":31}],"player_experience":3885648,"relics_obtained":[{"floor":8.0,"key":"CeramicFish"},{"floor":9.0,"key":"Orichalcum"},{"floor":11.0,"key":"Blood Vial"},{"floor":13.0,"key":"Bottled Lightning"},{"floor":23.0,"key":"Bag of Marbles"},{"floor":25.0,"key":"Meat on the Bone"},{"floor":28.0,"key":"Bag of Preparation"},{"floor":30.0,"key":"MealTicket"}],"event_choices":[{"damage_healed":0.0,"max_hp_gain":0.0,"max_hp_loss":0.0,"gold_gain":0.0,"event_name":"Lab","player_choice":"Got Potions","floor":3.0,"gold_loss":0.0,"damage_taken":0.0},{"damage_healed":0.0,"max_hp_gain":5.0,"max_hp_loss":0.0,"gold_gain":0.0,"event_name":"Forgotten Altar","player_choice":"Shed Blood","floor":19.0,"gold_loss":0.0,"damage_taken":20.0},{"damage_healed":0.0,"max_hp_gain":0.0,"max_hp_loss":0.0,"gold_gain":0.0,"cards_transformed":["Strike_R","Strike_R"],"event_name":"Drug Dealer","player_choice":"Became Test Subject","floor":21.0,"gold_loss":0.0,"damage_taken":0.0,"cards_obtained":["Battle Trance","Feel No Pain"]}],"is_beta":false,"boss_relics":[{"not_picked":["Pandora\u0027s Box","Runic Pyramid"],"picked":"Velvet Choker"}],"items_purged_floors":[20],"is_endless":false,"potions_floor_spawned":[1,2,5,11,13,14,16,23,24,27,28,30],"killed_by":"Automaton","ascension_level":1}}