{"host":"js2su9tbbk4rmjfl","time":1613680700,"event":{"mods":["AchievementEnabler","BaseMod","Block Reminder","Colored Map","Colored Powertips","Highlight Path","Minty Spire (QoL Compilation)","Relic Stats"],"gold_per_floor":[115,125,144,164,177,177,190,201,250,250,268,285,285,301,301,378,378,396,7,23,23,23],"floor_reached":21,"language":"ENG","playtime":1035,"items_purged":["Defend_R"],"score":340,"play_id":"a6e021c5-fdd4-4fe0-9923-f8a0c861c0b9","local_time":"20210218213820","is_ascension_mode":true,"campfire_choices":[{"data":"Whirlwind","floor":6,"key":"SMITH"},{"data":"Spot Weakness","floor":10,"key":"SMITH"},{"data":"Defend_R","floor":13,"key":"SMITH"},{"data":"Demon Form","floor":15,"key":"SMITH"}],"circlet_count":0,"master_deck":["AscendersBane","Strike_R","Strike_R","Strike_R","Strike_R","Strike_R","Defend_R+1","Defend_R","Defend_R","Bash","Demon Form+1","Havoc","Whirlwind+1","Battle Trance","Flex","Spot Weakness+1","Metallicize","Berserk","True Grit+1","Finesse"],"relics":["Burning Blood","Ancient Tea Set","Cursed Key","Potion Belt"],"acts_visited":["Exordium","TheCity"],"potions_floor_usage":[8,11,16,16,20,21],"damage_taken":[{"damage":1,"enemies":"Cultist","floor":1,"turns":3},{"damage":10,"enemies":"2 Louse","floor":2,"turns":4},{"damage":4,"enemies":"Jaw Worm","floor":3,"turns":6},{"damage":8,"enemies":"Red Slaver","floor":4,"turns":4},{"damage":28,"enemies":"Large Slime","floor":5,"turns":9},{"damage":13,"enemies":"Exordium Wildlife","floor":7,"turns":2},{"damage":9,"enemies":"2 Fungi Beasts","floor":8,"turns":3},{"damage":0,"enemies":"Looter","floor":11,"turns":1},{"damage":0,"enemies":"Lots of Slimes","floor":12,"turns":1},{"damage":10,"enemies":"Blue Slaver","floor":14,"turns":4},{"damage":34,"enemies":"The Guardian","floor":16,"turns":9},{"damage":18,"enemies":"Spheric Guardian","floor":18,"turns":4},{"damage":11,"enemies":"2 Thieves","floor":20,"turns":4},{"damage":44,"enemies":"Snake Plant","floor":21,"turns":3}],"seed_played":"8520880877554363398","potions_obtained":[{"floor":3,"key":"Swift Potion"},{"floor":4,"key":"Strength Potion"},{"floor":8,"key":"SteroidPotion"},{"floor":12,"key":"DuplicationPotion"},{"floor":14,"key":"BlessingOfTheForge"},{"floor":20,"key":"Swift Potion"}],"is_trial":false,"path_per_floor":["M","M","M","M","M","R","M","M","T","R","M","M","R","M","R","B",null,"M","$","M","M"],"character_chosen":"IRONCLAD","items_purchased":["Finesse","Potion Belt","Block Potion"],"campfire_rested":0,"item_purchase_floors":[19,19,19],"current_hp_per_floor":[73,69,71,69,47,47,40,37,37,37,43,49,49,45,45,17,61,49,49,44,0,0],"gold":23,"neow_bonus":"ONE_RANDOM_RARE_CARD","is_daily":false,"chose_seed":false,"campfire_upgraded":4,"win_rate":0.0,"timestamp":1613680700,"path_taken":["M","M","M","M","M","R","M","M","T","R","M","M","R","M","R","BOSS","M","$","M","M"],"items_purchased_type":["Card","Relic","Potion"],"build_version":"2020-12-22","purchased_purges":1,"victory":false,"max_hp_per_floor":[75,75,75,75,75,75,75,75,75,75,75,75,75,75,75,75,75,75,75,75,75,75],"relic_stats":{"counters":[14,57],"Cursed Key":0,"obtain_stats":[{"Potion Belt":19,"Ancient Tea Set":9,"Cursed Key":17,"Burning Blood":0},{"Potion Belt":12,"Ancient Tea Set":7,"Cursed Key":11,"Burning Blood":0},{"Potion Belt":50,"Ancient Tea Set":31,"Cursed Key":46,"Burning Blood":0}],"Burning Blood":78},"card_choices":[{"not_picked":["Pommel Strike","Body Slam"],"picked":"Havoc","floor":1},{"not_picked":["Perfected Strike","Entrench"],"picked":"Whirlwind","floor":2},{"not_picked":["Feel No Pain","Intimidate"],"picked":"Battle Trance","floor":3},{"not_picked":["Hemokinesis","Rage"],"picked":"Flex","floor":4},{"not_picked":["Sword Boomerang","Feel No Pain"],"picked":"Spot Weakness","floor":5},{"not_picked":["Twin Strike","Exhume","Clothesline"],"picked":"SKIP","floor":7},{"not_picked":["Body Slam","Fire Breathing","Armaments"],"picked":"SKIP","floor":8},{"not_picked":["Juggernaut","Power Through"],"picked":"Metallicize","floor":11},{"not_picked":["Clothesline","Havoc","Anger"],"picked":"SKIP","floor":12},{"not_picked":["Heavy Blade","Reckless Charge","Power Through"],"picked":"SKIP","floor":14},{"not_picked":["Corruption","Exhume"],"picked":"Berserk","floor":16},{"not_picked":["Thunderclap","Iron Wave"],"picked":"True Grit+1","floor":18},{"not_picked":["Clothesline","Bloodletting","Sword Boomerang"],"picked":"SKIP","floor":20}],"player_experience":841382,"relics_obtained":[{"floor":9,"key":"Ancient Tea Set"}],"event_choices":[],"is_beta":false,"boss_relics":[{"not_picked":["Fusion Hammer","SacredBark"],"picked":"Cursed Key"}],"items_purged_floors":[19],"is_endless":false,"potions_floor_spawned":[3,4,5,8,12,14,20],"killed_by":"Snake Plant","ascension_level":18}}