{"host":"rihxvzvzrfpivboj","time":1613656440,"event":{"mods":["Act Like it!","BaseMod","Better Third Choice","Block Reminder","Colored Map","Colored Powertips","Downfall","Gensokyo","GifTheSpireLib","Googly Eyes","Keyboard Shortcuts","Minty Spire (QoL Compilation)","Quick Restart","Relic Sorter","StSLib","SuperFastMode","The Bug Knight","Unceasing Turn Reminder","Waifu the Spire"],"gold_per_floor":[118,128,128,142,142,179,179,213,259,274,9,51,51,86,86,190,190,214,236,186,211,211,245,274,312,312,192,221,245,288,307,307,412,412,441,72,98,126,262,303,337,375,401,401,730,751,769,813,813,813,813],"floor_reached":50,"language":"ENG","playtime":4480,"items_purged":["HollowMod:QuickDashStart"],"score":877,"play_id":"adfb6212-7331-4e0c-a6ce-d8cee9ef4e21","local_time":"20210218145400","is_ascension_mode":true,"campfire_choices":[{"floor":7.0,"key":"REST"},{"floor":13.0,"key":"REST"},{"data":"HollowMod:FastStrike","floor":15.0,"key":"SMITH"},{"data":"HollowMod:MidwifesHunger","floor":32,"key":"SMITH"},{"floor":49,"key":"RECALL"}],"circlet_count":0,"master_deck":["HollowMod:QuickDashStart","HollowMod:QuickDashStart","HollowMod:PogoStrike","HollowMod:SoulEater","HollowMod:FastStrike+1","HollowMod:SoulEater","HollowMod:NewLastStag","HollowMod:SoulSplash+1","HollowMod:PerfectDash","HollowMod:AwokenDreamNail","HollowMod:CloakDash+1","HollowMod:SoulShaman+1","HollowMod:GoodIntentions","HollowMod:SlysStrikes","HollowMod:SoulStrike","HollowMod:LifebloodCocoon+1","HollowMod:SharpenedNail+1","HollowMod:MidwifesHunger+1","HollowMod:MidwifesHunger","HollowMod:GoodIntentions+1","HollowMod:LifebloodCocoon+1","CurseOfTheBell","Parasite","Decay","HollowMod:CloakDash","HollowMod:Weaversong","HollowMod:BaldurShell+1","Gensokyo:PrivateSquare","Pride","HollowMod:PerfectDash"],"relics":["Black Star","Gensokyo:Justice","HornCleat","CeramicFish","Blue Candle","Centennial Puzzle","PreservedInsect","Bronze Scales","Boot","Potion Belt","Meat on the Bone","SlaversCollar","Blood Vial","Tiny Chest","Ancient Tea Set","HollowMod:MillibellesNoteRelic","WingedGreaves","Gensokyo:FoxMask","Kunai","TungstenRod","Empty Cage","Medical Kit","Pen Nib","downfall:ExtraCursedBell","Dream Catcher","Darkstone Periapt","Prayer Wheel","Mango","Bag of Preparation","Oddly Smooth Stone","War Paint","Anchor","Calipers","Strawberry","Molten Egg 2","Old Coin","Toy Ornithopter","MealTicket","Lantern"],"acts_visited":["Exordium","Gensokyo:Gensokyo","Gensokyo:Gensokyoer"],"potions_floor_usage":[24,25,30,33,35,40,50,50,50,50],"damage_taken":[{"damage":0.0,"enemies":"Gensokyo:3_Fairies","floor":1.0,"turns":3.0},{"damage":2.0,"enemies":"Gensokyo:Gryphon","floor":2.0,"turns":3.0},{"damage":0.0,"enemies":"Gensokyo:2_Kodama","floor":4.0,"turns":3.0},{"damage":22.0,"enemies":"Gensokyo:Aya","floor":6.0,"turns":6.0},{"damage":17.0,"enemies":"Gensokyo:Cirno","floor":8.0,"turns":5.0},{"damage":0.0,"enemies":"Gensokyo:LivingMonolith","floor":10.0,"turns":2.0},{"damage":8.0,"enemies":"Gensokyo:Mamizou","floor":12.0,"turns":6.0},{"damage":0.0,"enemies":"Gensokyo:Mamizou","floor":14.0,"turns":5.0},{"damage":45.0,"enemies":"Gensokyo:Reimu","floor":16.0,"turns":13.0},{"damage":9.0,"enemies":"Gensokyo:CosmicMonolith","floor":18.0,"turns":5.0},{"damage":10.0,"enemies":"Gensokyo:AngelMirror","floor":19.0,"turns":2.0},{"damage":38.0,"enemies":"Gensokyo:Chomper_and_Gloop","floor":21.0,"turns":6.0},{"damage":20.0,"enemies":"Gensokyo:Reisen","floor":23.0,"turns":6.0},{"damage":4,"enemies":"Gensokyo:Wraith","floor":24,"turns":3},{"damage":3,"enemies":"Gensokyo:Tenshi","floor":25,"turns":3},{"damage":15,"enemies":"Gensokyo:Monolith_and_Dog","floor":28,"turns":5},{"damage":30,"enemies":"Gensokyo:Chomper_and_Gloop","floor":29,"turns":7},{"damage":0,"enemies":"Gensokyo:Koishi","floor":30,"turns":4},{"damage":4,"enemies":"Gensokyo:Wraith","floor":31,"turns":3},{"damage":10,"enemies":"Gensokyo:Eiki","floor":33,"turns":9},{"damage":4,"enemies":"Gensokyo:3_Bats","floor":35,"turns":5},{"damage":21,"enemies":"Gensokyo:AncientGuardian","floor":38,"turns":10},{"damage":15,"enemies":"Gensokyo:Marisa","floor":40,"turns":5},{"damage":22,"enemies":"Gensokyo:Doremy","floor":41,"turns":5},{"damage":6,"enemies":"Gensokyo:Marisa","floor":42,"turns":6},{"damage":42,"enemies":"Gensokyo:Kasen","floor":45,"turns":8},{"damage":0,"enemies":"Gensokyo:Dusk_and_Dawn","floor":46,"turns":6},{"damage":33,"enemies":"Gensokyo:Marisa","floor":48,"turns":5},{"damage":68,"enemies":"Gensokyo:Scarlet_Devils","floor":50,"turns":9}],"seed_played":"4265362325092970094","potions_obtained":[{"floor":2.0,"key":"Dexterity Potion"},{"floor":6.0,"key":"DistilledChaos"},{"floor":10.0,"key":"Strength Potion"},{"floor":16.0,"key":"sneckomod:MuddlingPotion"},{"floor":21.0,"key":"Dexterity Potion"},{"floor":24,"key":"Regen Potion"},{"floor":25,"key":"EssenceOfSteel"},{"floor":30,"key":"Strength Potion"},{"floor":31,"key":"GamblersBrew"},{"floor":42,"key":"SpeedPotion"},{"floor":45,"key":"Fire Potion"},{"floor":48,"key":"SkillPotion"}],"is_trial":false,"path_per_floor":["M","M","?","M","?","E","R","E","T","M","?","?","R","E","R","B",null,"M","M","?","M","?","E","M","E","T","?","M","M","E","M","R","B",null,"M","$","T","M","?","E","E","E","T","T","E","M","?","E","R","B"],"character_chosen":"THE_BUGKNIGHT","items_purchased":["Medical Kit","Pen Nib"],"campfire_rested":2,"item_purchase_floors":[36,36],"current_hp_per_floor":[75,74,74,74,44,24,46,31,31,34,34,28,50,53,53,22,75,69,61,68,43,43,35,45,44,44,44,43,27,53,51,51,43,82,78,78,78,59,76,77,57,65,72,72,44,58,64,45,45,0,0],"gold":813,"neow_bonus":"BOSS_RELIC","is_daily":false,"chose_seed":false,"campfire_upgraded":2,"win_rate":0.0,"timestamp":1613656440,"path_taken":["M","M","?","?","?","E","R","E","T","M","?","?","R","E","R","BOSS","M","M","?","M","?","E","?","E","T","?","M","M","E","?","R","BOSS","M","$","?","M","?","E","E","E","T","?","E","M","?","E","R","BOSS"],"items_purchased_type":["Relic","Relic"],"build_version":"2020-12-22","purchased_purges":1,"victory":false,"max_hp_per_floor":[75,75,75,75,75,75,75,75,75,75,75,75,75,75,75,75,75,75,75,82,82,82,82,82,82,82,82,82,82,82,82,82,82,82,82,82,82,82,99,113,113,113,120,120,120,120,126,126,126,126,126],"card_choices":[{"not_picked":["HollowMod:LifebloodCocoon","HollowMod:ShapeofUnn"],"picked":"HollowMod:BlackTendrils","floor":1.0},{"not_picked":["HollowMod:HeavyBlow","HollowMod:RecoilStrike"],"picked":"HollowMod:SoulEater","floor":2.0},{"not_picked":["HollowMod:InfectedAttack","HollowMod:BrokenVessel","HollowMod:HowlingWraiths"],"picked":"SKIP","floor":4.0},{"not_picked":["HollowMod:MawleksShell","HollowMod:NewJinnsSoul"],"picked":"HollowMod:FastStrike","floor":6.0},{"not_picked":["HollowMod:RecoilStrike","HollowMod:TaintedHusks"],"picked":"HollowMod:SoulEater","floor":8.0},{"not_picked":["HollowMod:CycloneSlash","HollowMod:PureNailStrike","HollowMod:SharpenedNail"],"picked":"SKIP","floor":10.0},{"not_picked":["HollowMod:InfectedAttack","HollowMod:WraithStrike"],"picked":"HollowMod:SoulSplash","floor":12.0},{"not_picked":["HollowMod:SoulSplash","HollowMod:CycloneSlash"],"picked":"HollowMod:PerfectDash","floor":14.0},{"not_picked":["HollowMod:ElderbugsWisdom","HollowMod:VoidDash"],"picked":"HollowMod:AwokenDreamNail","floor":16.0},{"not_picked":["HollowMod:NewGlowingWomb+1","HollowMod:VengefulVoid+1"],"picked":"HollowMod:CloakDash+1","floor":18.0},{"not_picked":["HollowMod:GoodIntentions","HollowMod:SoulStrike"],"picked":"HollowMod:SoulShaman+1","floor":19.0},{"not_picked":["HollowMod:DesolateDive","HollowMod:InfectedCysts"],"picked":"HollowMod:GoodIntentions","floor":21.0},{"not_picked":["HollowMod:VengefulVoid","HollowMod:AbyssShriek","HollowMod:TaintedHusks"],"picked":"SKIP","floor":23.0},{"not_picked":["HollowMod:SoulSplash","HollowMod:HowlingWraiths"],"picked":"HollowMod:SlysStrikes","floor":24},{"not_picked":["HollowMod:SoulShaman+1","HollowMod:WraithStrike"],"picked":"HollowMod:SoulStrike","floor":25},{"not_picked":["HollowMod:InfectedCysts","HollowMod:GoodIntentions"],"picked":"HollowMod:LifebloodCocoon+1","floor":28},{"not_picked":["HollowMod:DoubleDash","HollowMod:SoulVessel"],"picked":"HollowMod:SharpenedNail+1","floor":29},{"not_picked":["HollowMod:NewJinnsSoul","HollowMod:ChannelNail"],"picked":"HollowMod:MidwifesHunger","floor":30},{"not_picked":["HollowMod:CycloneSlash+1","HollowMod:InfectionAssault","HollowMod:SharpenedNail"],"picked":"SKIP","floor":31},{"not_picked":["HollowMod:VoidDash","HollowMod:AwokenDreamNail"],"picked":"HollowMod:MidwifesHunger","floor":33},{"not_picked":["HollowMod:FastStrike+1","HollowMod:BrokenVessel+1"],"picked":"HollowMod:GoodIntentions","floor":35},{"not_picked":["HollowMod:DoubleDash","HollowMod:DreamGate"],"picked":"HollowMod:LifebloodCocoon+1","floor":38},{"not_picked":["HollowMod:SoulEater+1","HollowMod:DesolateDive+1"],"picked":"HollowMod:CloakDash","floor":40},{"not_picked":["HollowMod:GoodIntentions","HollowMod:CoiledNail+1","HollowMod:FallenFury"],"picked":"SKIP","floor":41},{"not_picked":["HollowMod:SharpenedNail","HollowMod:Hiveblood"],"picked":"HollowMod:Weaversong","floor":42},{"not_picked":["HollowMod:SharpenedNail+1","HollowMod:NewJinnsSoul","HollowMod:AbyssShriek+1"],"picked":"SKIP","floor":45},{"not_picked":["HollowMod:InfectedAttack+1","HollowMod:InfectionAssault+1"],"picked":"HollowMod:BaldurShell+1","floor":46},{"not_picked":["HollowMod:DoubleDash","HollowMod:CoiledNail+1","HollowMod:DreamGate+1"],"picked":"SKIP","floor":46},{"not_picked":["HollowMod:InfectionAssault+1","HollowMod:HeavyBlow+1"],"picked":"HollowMod:PerfectDash","floor":48}],"player_experience":1172788,"relics_obtained":[{"floor":6.0,"key":"HornCleat"},{"floor":6.0,"key":"CeramicFish"},{"floor":8.0,"key":"Blue Candle"},{"floor":8.0,"key":"Centennial Puzzle"},{"floor":9.0,"key":"PreservedInsect"},{"floor":12.0,"key":"Bronze Scales"},{"floor":12.0,"key":"Boot"},{"floor":14.0,"key":"Potion Belt"},{"floor":14.0,"key":"Meat on the Bone"},{"floor":23.0,"key":"Blood Vial"},{"floor":23.0,"key":"Tiny Chest"},{"floor":25,"key":"Ancient Tea Set"},{"floor":25,"key":"HollowMod:MillibellesNoteRelic"},{"floor":26,"key":"WingedGreaves"},{"floor":30,"key":"Kunai"},{"floor":30,"key":"TungstenRod"},{"floor":39,"key":"Dream Catcher"},{"floor":39,"key":"Darkstone Periapt"},{"floor":39,"key":"Prayer Wheel"},{"floor":40,"key":"Mango"},{"floor":40,"key":"Bag of Preparation"},{"floor":41,"key":"Oddly Smooth Stone"},{"floor":41,"key":"War Paint"},{"floor":42,"key":"Anchor"},{"floor":42,"key":"Calipers"},{"floor":43,"key":"Strawberry"},{"floor":44,"key":"Molten Egg 2"},{"floor":45,"key":"Old Coin"},{"floor":45,"key":"Toy Ornithopter"},{"floor":48,"key":"MealTicket"},{"floor":48,"key":"Lantern"}],"event_choices":[],"is_beta":false,"boss_relics":[{"not_picked":["Busted Crown","Coffee Dripper"],"picked":"SlaversCollar"},{"not_picked":["Sozu","SacredBark"],"picked":"Empty Cage"}],"items_purged_floors":[36],"is_endless":false,"potions_floor_spawned":[2,6,10,16,21,24,25,30,31,42,45,48],"killed_by":"Gensokyo:Scarlet_Devils","ascension_level":1}}