{"host":"phapnj0danpxvjlm","time":1613616818,"event":{"mods":["BaseMod","Better Note","Better Third Choice","Bossed Relics","Colored Powertips","Downfall","Hermit","Minty Spire (QoL Compilation)","Permanent Neow","Quick Restart","Rare Cards Sparkle","Spire Arcade","StSLib","The Animator","The Necromancer","The Wild Card"],"gold_per_floor":[112,112,112,71,71,98,115,0,0,0,0,0,10,28,28,132,132,146,165,90,103,18,18,18,18,42,42,61,61,78,93,93,197,197,209,113,113,127,0,0,0,16,16,16,46,56,56,70,70,70,70],"floor_reached":50,"language":"ENG","playtime":1354,"items_purged":[],"score":495,"play_id":"7f30fee4-0f7b-41e3-a5ff-597aecef2f01","local_time":"20210218035338","is_ascension_mode":false,"campfire_choices":[{"floor":10,"key":"REST"},{"data":"hermit:CursedWeapon","floor":12,"key":"SMITH"},{"data":"hermit:Horror","floor":15,"key":"SMITH"},{"data":"hermit:Ricochet","floor":23,"key":"SMITH"},{"data":"hermit:Snipe","floor":25,"key":"SMITH"},{"floor":27,"key":"RECALL"},{"floor":32,"key":"REST"},{"data":"hermit:Strike_Hermit","floor":40,"key":"SMITH"},{"data":"hermit:Headshot","floor":44,"key":"SMITH"},{"floor":49,"key":"REST"}],"circlet_count":0,"master_deck":["hermit:Strike_Hermit","hermit:Strike_Hermit","hermit:Strike_Hermit","hermit:Strike_Hermit+1","hermit:Defend_Hermit","hermit:Defend_Hermit","hermit:Defend_Hermit","hermit:Defend_Hermit","hermit:Snapshot","hermit:Maintenance+1","hermit:Ricochet+1","hermit:CursedWeapon+1","hermit:Headshot+1","hermit:Snipe+1","Enlightenment","hermit:Quickdraw","hermit:Horror+1","hermit:Gambit","hermit:Quickdraw+1","hermit:CursedWeapon","hermit:Malice","Parasite","Transmutation","hermit:NoHoldsBarred+1"],"relics":["hermit:Momento","Orichalcum","FossilizedHelix","Meat on the Bone","Astrolabe","MealTicket","Lantern","Vajra","Red Mask","Gremlin Horn","Shuriken"],"acts_visited":["Exordium","TheCity","TheBeyond"],"potions_floor_usage":[21,30,31,31,42,42,50,50],"damage_taken":[{"damage":6,"enemies":"2 Louse","floor":1,"turns":2},{"damage":16,"enemies":"3 Sentries","floor":6,"turns":8},{"damage":0,"enemies":"Small Slimes","floor":7,"turns":3},{"damage":0,"enemies":"Jaw Worm","floor":13,"turns":3},{"damage":0,"enemies":"2 Fungi Beasts","floor":14,"turns":2},{"damage":47,"enemies":"The Guardian","floor":16,"turns":10},{"damage":0,"enemies":"Chosen","floor":18,"turns":4},{"damage":6,"enemies":"2 Thieves","floor":19,"turns":3},{"damage":11,"enemies":"Cultist and Chosen","floor":21,"turns":8},{"damage":30,"enemies":"Snake Plant","floor":28,"turns":4},{"damage":1,"enemies":"3 Cultists","floor":30,"turns":5},{"damage":0,"enemies":"Chosen and Byrds","floor":31,"turns":3},{"damage":60,"enemies":"Automaton","floor":33,"turns":12},{"damage":7,"enemies":"3 Shapes","floor":35,"turns":3},{"damage":0,"enemies":"Orb Walker","floor":38,"turns":3},{"damage":10,"enemies":"Transient","floor":42,"turns":5},{"damage":41,"enemies":"Nemesis","floor":45,"turns":7},{"damage":2,"enemies":"Writhing Mass","floor":46,"turns":5},{"damage":4,"enemies":"Jaw Worm Horde","floor":48,"turns":3},{"damage":104,"enemies":"Donu and Deca","floor":50,"turns":6}],"seed_played":"-2470206097740102062","potions_obtained":[{"floor":6,"key":"EssenceOfSteel"},{"floor":16,"key":"Weak Potion"},{"floor":18,"key":"Weak Potion"},{"floor":30,"key":"hexamod:SoulburnPotion"},{"floor":42,"key":"SteroidPotion"},{"floor":45,"key":"Strength Potion"}],"is_trial":false,"path_per_floor":["M","?","?","$","?","E","M","?","T","R","?","R","M","M","R","B",null,"M","M","?","M","?","R","$","R","T","R","M","T","M","M","R","B",null,"M","$","$","M","?","R","?","M","T","R","E","M","?","M","R","B"],"character_chosen":"HERMIT","items_purchased":["hermit:CursedWeapon","EntropicBrew"],"campfire_rested":3,"item_purchase_floors":[4,36],"current_hp_per_floor":[69,62,62,62,62,46,46,52,52,76,76,76,76,76,76,41,81,81,75,75,64,64,64,79,79,79,79,49,49,48,48,72,24,81,74,81,81,81,81,81,81,71,71,71,42,52,52,48,72,0,0],"gold":70,"neow_bonus":"THREE_CARDS","is_daily":false,"chose_seed":false,"campfire_upgraded":6,"win_rate":0.0,"timestamp":1613616818,"path_taken":["M","?","?","?","?","E","?","?","T","R","?","R","?","M","R","BOSS","M","M","?","M","?","R","?","R","T","R","M","?","?","M","R","BOSS","M","?","$","M","?","R","?","M","T","R","E","M","?","M","R","BOSS"],"items_purchased_type":["Card","Potion"],"build_version":"2020-12-22","purchased_purges":0,"victory":false,"max_hp_per_floor":[75,75,75,75,75,75,75,81,81,81,81,81,81,81,81,81,81,81,81,81,81,81,81,81,81,81,81,81,81,81,81,81,81,81,81,81,81,81,81,81,81,81,81,81,81,81,81,81,81,81,81],"card_choices":[{"not_picked":["hermit:Glare","hermit:HoleUp"],"picked":"hermit:Maintenance","floor":0},{"not_picked":["hermit:HighCaliber","hermit:Manifest"],"picked":"hermit:Ricochet","floor":1},{"not_picked":["hermit:Feint","hermit:Cheat"],"picked":"hermit:Headshot","floor":6},{"not_picked":["hermit:FatalDesire","hermit:BodyArmor"],"picked":"hermit:Snipe","floor":7},{"not_picked":["hermit:Desperado","hermit:SprayPray"],"picked":"hermit:Quickdraw","floor":13},{"not_picked":["hermit:Ricochet","hermit:Manifest"],"picked":"hermit:Horror","floor":14},{"not_picked":["hermit:HeroicBravado","hermit:Purgatory"],"picked":"hermit:Gambit","floor":16},{"not_picked":["hermit:LowProfile","hermit:WideOpen","hermit:TakeCover+1"],"picked":"SKIP","floor":18},{"not_picked":["hermit:Feint+1","hermit:Manifest","hermit:BodyArmor+1"],"picked":"SKIP","floor":19},{"not_picked":["hermit:BodyArmor","hermit:LowProfile","hermit:Feint"],"picked":"SKIP","floor":21},{"not_picked":["hermit:Determination","hermit:BodyArmor","hermit:FullyLoaded+1"],"picked":"SKIP","floor":28},{"not_picked":["hermit:Vantage","hermit:HoleUp"],"picked":"hermit:Quickdraw+1","floor":30},{"not_picked":["hermit:Grudge+1","hermit:RoundhouseKick","hermit:Roulette+1"],"picked":"SKIP","floor":31},{"not_picked":["hermit:FromBeyond","hermit:RoundhouseKick"],"picked":"hermit:EternalForm","floor":33},{"not_picked":["hermit:Desperado+1","hermit:Ricochet"],"picked":"hermit:CursedWeapon","floor":35},{"not_picked":["hermit:Coalescence","hermit:Manifest","hermit:Headshot"],"picked":"SKIP","floor":38},{"not_picked":["hermit:TakeCover","hermit:Misfire+1","hermit:GhostlyPresence"],"picked":"SKIP","floor":42},{"not_picked":["hermit:Quickdraw","hermit:HoleUp"],"picked":"hermit:Malice","floor":45},{"not_picked":["hermit:Roulette+1","hermit:ItchyTrigger","hermit:FinalCanter"],"picked":"SKIP","floor":46},{"not_picked":["Thinking Ahead","Good Instincts"],"picked":"Transmutation","floor":47},{"not_picked":["hermit:HoleUp+1","hermit:Ricochet"],"picked":"hermit:NoHoldsBarred+1","floor":48}],"player_experience":568392,"relics_obtained":[{"floor":6,"key":"FossilizedHelix"},{"floor":9,"key":"Meat on the Bone"},{"floor":26,"key":"Lantern"},{"floor":29,"key":"Vajra"},{"floor":43,"key":"Gremlin Horn"},{"floor":45,"key":"Shuriken"}],"event_choices":[{"damage_healed":0,"gold_gain":0,"player_choice":"Relic ","damage_taken":7,"max_hp_gain":0,"max_hp_loss":0,"event_name":"betterThird:BetterScrap","floor":2,"gold_loss":0,"cards_obtained":["Wallop"]},{"damage_healed":0,"gold_gain":0,"player_choice":"Grow","damage_taken":0,"max_hp_gain":0,"max_hp_loss":0,"event_name":"Living Wall","floor":3,"gold_loss":0,"cards_upgraded":["hermit:Maintenance"]},{"damage_healed":62,"gold_gain":0,"player_choice":"Leave","damage_taken":0,"max_hp_gain":0,"max_hp_loss":75,"event_name":"betterThird:BetterShining","floor":5,"gold_loss":0},{"damage_healed":0,"gold_gain":0,"player_choice":"RENOUNCE","damage_taken":115,"max_hp_gain":0,"max_hp_loss":0,"event_name":"betterThird:BetterSerpent","floor":8,"gold_loss":115,"cards_obtained":["Enlightenment"]},{"damage_healed":0,"gold_gain":0,"player_choice":"Ignored","damage_taken":0,"max_hp_gain":0,"max_hp_loss":0,"event_name":"betterNote:BetterNote","floor":11,"gold_loss":0,"cards_obtained":["Slimebound:MassRepurpose"]},{"cards_removed":["hermit:Covet"],"damage_healed":0,"gold_gain":0,"player_choice":"Gave Gold","damage_taken":0,"max_hp_gain":0,"max_hp_loss":0,"event_name":"Beggar","floor":20,"gold_loss":75},{"damage_healed":0,"gold_gain":0,"player_choice":"Obtained Relic","damage_taken":0,"relics_obtained":["MealTicket"],"max_hp_gain":0,"max_hp_loss":0,"event_name":"Addict","floor":22,"gold_loss":85},{"damage_healed":0,"gold_gain":0,"player_choice":"Paid","damage_taken":0,"relics_obtained":["Red Mask"],"max_hp_gain":0,"max_hp_loss":0,"event_name":"Tomb of Lord Red Mask","floor":39,"gold_loss":127},{"cards_removed":["hermit:EternalForm"],"damage_healed":0,"gold_gain":0,"player_choice":"Removed Power","damage_taken":0,"max_hp_gain":0,"max_hp_loss":0,"event_name":"Falling","floor":41,"gold_loss":0},{"damage_healed":0,"gold_gain":0,"player_choice":"Memory 1","damage_taken":0,"max_hp_gain":0,"max_hp_loss":0,"event_name":"SensoryStone","floor":47,"gold_loss":0}],"is_beta":false,"boss_relics":[{"not_picked":["Fusion Hammer","Busted Crown"],"picked":"Astrolabe"},{"not_picked":["Coffee Dripper","Calling Bell","hermit:DentedPlate"]}],"items_purged_floors":[],"is_endless":false,"potions_floor_spawned":[6,16,18,30,42,45,46],"killed_by":"Donu and Deca","ascension_level":0}}