{"host":"5xkp6lbjk85sl3i7","time":1613618528,"event":{"mods":["BaseMod","Better Match","Better Note","Colored Powertips","Downfall","Hermit","Highlight Path","Minty Spire (QoL Compilation)","Quick Restart","Replay The Spire","StSLib","The Disciple"],"gold_per_floor":[99,114,138,138,138,138,165,192,220,17,42,70,70,110,131,235,235,235,249,267,367,367,387,413,447,447,447,459,459,485,585,604,701,801,801,820,870,885,885,911,959,976,988,888,900,1000,1016,874,887,887],"floor_reached":51,"language":"ENG","playtime":8473,"items_purged":[],"score":831,"play_id":"f02cdf72-d7e2-4809-ae4f-d9614a7b3ecc","local_time":"20210217222208","is_ascension_mode":false,"campfire_choices":[{"floor":13,"key":"REST"},{"data":"hexamod:BurningTouch","floor":27,"key":"SMITH"},{"floor":29,"key":"REST"},{"data":"hexamod:WildfireWeapon","floor":35,"key":"SMITH"},{"floor":44,"key":"REST"}],"circlet_count":0,"master_deck":["hexamod:Strike","hexamod:Strike","hexamod:Defend+1","hexamod:Defend+1","hexamod:Sear+1","hexamod:Float","hexamod:HeatMetal","hexamod:BurningTouch","hexamod:SpectersWail+1","hexamod:EmpoweredFlame","hexamod:HeatMetal","hexamod:ChargedBarrage+1","hexamod:BurningTouch+1","hexamod:StepThrough","hexamod:FastForward","hexamod:SpectralAdrenaline","hexamod:NightmareStrike+1","hexamod:ExtraCrispy","hexamod:TimeWarp","hexamod:EtherealExpedition","hexamod:Firestarter+1","hexamod:SwordOfDarkness+1","hexamod:HeatMetal","hexamod:SoulSteal","hexamod:ThermalTransfer","hexamod:EmpoweredFlame+1","hexamod:CatchUp","hexamod:GhostShield","J.A.X.","hexamod:HeatMetal","hexamod:NightmareGuise+1","hexamod:WildfireWeapon+1","hexamod:ThermalTransfer+1","hexamod:GhostLash+1","hexamod:BurningTouch+1","hexamod:Sear+1","hexamod:FastForward+1","Parasite","hexamod:FastForward+1","hexamod:HauntingEcho+1","hexamod:BurningTouch+1","Parasite","hexamod:Hexaguard+1","hexamod:CatchUp","expansioncontent:DashGenerateEvil","hexamod:PhantomFireball","hexamod:FastForward","hexamod:HeatCrush"],"relics":["ReplayTheSpireMod:Lightbulb","m_DevilBlood","PreservedInsect","Happy Flower","War Paint","Torii","hexamod:TheBrokenSeal","hexamod:IceCube","Bag of Preparation","Garlic","ReplayFunnel","MutagenicStrength","Replay:Wanted Poster","Unceasing Top","CaptainsWheel","Replay:Mystery Machine","downfall:HeartBlessingGreen","downfall:GremlinWheel","ReplayTheSpireMod:TigerMarble"],"acts_visited":["Exordium","TheCity","TheBeyond"],"potions_floor_usage":[16,16,16,28,32,33,36,40,50,50],"damage_taken":[{"damage":1,"enemies":"Jaw Worm","floor":2,"turns":3},{"damage":0,"enemies":"Small Slimes","floor":3,"turns":4},{"damage":1,"enemies":"Cultist","floor":8,"turns":3},{"damage":14,"enemies":"Gremlin Nob","floor":9,"turns":3},{"damage":5,"enemies":"downfall:FleeingMerchant","floor":10,"turns":4},{"damage":25,"enemies":"Exordium Thugs","floor":11,"turns":4},{"damage":21,"enemies":"2 Fungi Beasts","floor":12,"turns":3},{"damage":53,"enemies":"3 Sentries","floor":14,"turns":7},{"damage":13,"enemies":"Blue Slaver","floor":15,"turns":4},{"damage":49,"enemies":"DF_ARCHETYPE_STREAMLINE","floor":16,"turns":7},{"damage":2,"enemies":"Chosen","floor":19,"turns":4},{"damage":12,"enemies":"Shell Parasite","floor":20,"turns":4},{"damage":10,"enemies":"Centurion and Healer","floor":23,"turns":5},{"damage":36,"enemies":"Gremlin Leader","floor":25,"turns":4},{"damage":2,"enemies":"Snake Plant","floor":28,"turns":3},{"damage":20,"enemies":"Slavers","floor":30,"turns":3},{"damage":20,"enemies":"downfall:Augmenter","floor":31,"turns":4},{"damage":11,"enemies":"Sentry and Sphere","floor":32,"turns":3},{"damage":11,"enemies":"SI_MIRROR_ARCHETYPE","floor":33,"turns":8},{"damage":1,"enemies":"3 Darklings","floor":36,"turns":4},{"damage":4,"enemies":"3 Darklings","floor":37,"turns":4},{"damage":10,"enemies":"3 Shapes","floor":38,"turns":4},{"damage":15,"enemies":"Giant Head","floor":40,"turns":5},{"damage":6,"enemies":"Writhing Mass","floor":42,"turns":4},{"damage":18,"enemies":"3 Darklings","floor":43,"turns":3},{"damage":11,"enemies":"Maw","floor":45,"turns":4},{"damage":6,"enemies":"Maw","floor":46,"turns":3},{"damage":3,"enemies":"Writhing Mass","floor":47,"turns":4},{"damage":3,"enemies":"downfall:FleeingMerchant","floor":48,"turns":4},{"damage":8,"enemies":"4 Shapes","floor":49,"turns":4},{"damage":68,"enemies":"IC_BLOCK_ARCHETYPE","floor":50,"turns":8}],"seed_played":"6859631677575265451","potions_obtained":[{"floor":2,"key":"Adrenaline Potion"},{"floor":6,"key":"LifebloodPotion"},{"floor":6,"key":"Flashbang"},{"floor":6,"key":"Flashbang"},{"floor":8,"key":"CultistPotion"},{"floor":10,"key":"Guardian:BlockOnCardUsePotion"},{"floor":11,"key":"sneckomod:MuddlingPotion"},{"floor":16,"key":"hexamod:InfernoChargePotion"},{"floor":19,"key":"SteroidPotion"},{"floor":28,"key":"Explosive Potion"},{"floor":31,"key":"Block Potion"},{"floor":32,"key":"AttackPotion"},{"floor":36,"key":"Ancient Potion"},{"floor":38,"key":"AttackPotion"},{"floor":42,"key":"champ:CounterPotion"},{"floor":46,"key":"Guardian:BlockOnCardUsePotion"},{"floor":47,"key":"champ:CounterPotion"}],"is_trial":false,"path_per_floor":["R","M","M","?","?","?","T","M","E","$","M","M","R","E","M","B",null,"R","M","M","?","?","M","T","E","?","R","M","R","E","?","M","B",null,"R","M","?","M","?","E","T","M","M","R","M","?","M","$","M","B",null],"character_chosen":"THE_SPIRIT","items_purchased":["hexamod:ChargedBarrage+1","War Paint","ReplayTheSpireMod:TigerMarble","expansioncontent:DashGenerateEvil","hexamod:PhantomFireball","hexamod:FastForward"],"campfire_rested":3,"item_purchase_floors":[10,10,48,48,48,48],"current_hp_per_floor":[70,69,69,69,62,62,62,70,63,69,55,40,61,27,27,72,80,80,80,78,78,78,78,78,48,48,48,54,78,66,52,47,48,80,80,80,80,80,80,73,73,75,67,80,80,76,79,80,78,22],"gold":887,"neow_bonus":"RANDOM_COMMON_RELIC","is_daily":false,"chose_seed":false,"campfire_upgraded":2,"win_rate":0.0,"timestamp":1613618528,"path_taken":["R","M","M","?","?","?","T","M","E","$","M","?","R","E","M","BOSS","R","M","M","?","?","M","T","E","?","R","?","R","E","?","M","BOSS","R","M","?","M","?","E","T","?","M","R","M","?","?","$","M","BOSS"],"items_purchased_type":["Card","Relic","Relic","Card","Card","Card"],"build_version":"2020-12-22","purchased_purges":0,"victory":true,"max_hp_per_floor":[70,70,70,70,70,70,70,70,70,70,70,70,70,70,70,80,80,80,80,80,80,80,80,80,80,80,80,80,80,80,80,80,80,80,80,80,80,80,80,80,80,80,80,80,80,80,80,80,80,80],"card_choices":[{"not_picked":["hexamod:EtherealExpedition","hexamod:RadiantFlame"],"picked":"hexamod:SecondSeal","floor":2},{"not_picked":["hexamod:ThermalTransfer","hexamod:NightmareGuise"],"picked":"hexamod:HauntingEcho","floor":3},{"not_picked":["hexamod:EtherealExpedition","hexamod:HauntingEcho"],"picked":"hexamod:HeatMetal","floor":8},{"not_picked":["hexamod:GhostOfSpirePast","hexamod:FirstSeal"],"picked":"hexamod:BurningTouch","floor":8},{"not_picked":["hexamod:HauntingEcho","hexamod:TurnItUp"],"picked":"hexamod:SpectersWail","floor":9},{"not_picked":["Defy Death","hexamod:FastForward"],"picked":"hexamod:EmpoweredFlame","floor":10},{"not_picked":["Fiend Fire","hexamod:SkipABeat"],"picked":"hexamod:HeatMetal","floor":10},{"not_picked":["hexamod:HeatMetal","Searing Blow"],"picked":"hexamod:BurningTouch","floor":11},{"not_picked":["hexamod:NecessarySacrifice","hexamod:GhostShield"],"picked":"hexamod:StepThrough","floor":11},{"not_picked":["Feel No Pain","hexamod:ExtraCrispy"],"picked":"hexamod:FastForward","floor":12},{"not_picked":["hexamod:HeatMetal","hexamod:Haunt"],"picked":"hexamod:FifthSeal","floor":12},{"not_picked":["hexamod:FourthSeal","hexamod:ThirdSeal"],"picked":"hexamod:SixthSeal","floor":14},{"not_picked":["hexamod:Haunt","hexamod:FlamesFromBeyond"],"picked":"hexamod:SpectralAdrenaline","floor":14},{"not_picked":["hexamod:GhostOfSpirePresent","hexamod:GhostShield"],"picked":"hexamod:NightmareStrike","floor":14},{"not_picked":["True Grit","hexamod:Firestarter"],"picked":"hexamod:ExtraCrispy","floor":15},{"not_picked":["hexamod:ParanormalForm","Exhume"],"picked":"hexamod:TimeWarp","floor":16},{"not_picked":["hexamod:InspiringFlames","hexamod:HeatMetal"],"picked":"hexamod:Firestarter+1","floor":19},{"not_picked":["hexamod:Firestarter","hexamod:FastForward"],"picked":"hexamod:SwordOfDarkness+1","floor":20},{"not_picked":["hexamod:HauntingEcho","hexamod:AdvancingGuard"],"picked":"hexamod:HeatMetal","floor":23},{"not_picked":["hexamod:Haunt","hexamod:Hexaguard"],"picked":"hexamod:SoulSteal","floor":25},{"not_picked":["hexamod:Again","hexamod:SwordOfDarkness"],"picked":"hexamod:ThermalTransfer","floor":28},{"not_picked":["hexamod:NightmareStrike","hexamod:SpectersWail"],"picked":"hexamod:EmpoweredFlame+1","floor":30},{"not_picked":[],"picked":"J.A.X.","floor":31},{"not_picked":["hexamod:AdvancingGuard","hexamod:HauntingEcho"],"picked":"hexamod:HeatMetal","floor":31},{"not_picked":["hexamod:Hexaguard","hexamod:GhostShield"],"picked":"hexamod:NightmareGuise+1","floor":32},{"not_picked":["hexamod:ForkedFlame","hexamod:HexaLevel"],"picked":"hexamod:WildfireWeapon","floor":33},{"not_picked":["hexamod:Haunt","hexamod:NightmareGuise+1"],"picked":"hexamod:ThermalTransfer+1","floor":36},{"not_picked":["hexamod:HauntingEcho+1","hexamod:PhantomFireball"],"picked":"hexamod:GhostLash+1","floor":37},{"not_picked":["hexamod:SecondSeal","hexamod:SwordOfDarkness"],"picked":"hexamod:BurningTouch+1","floor":38},{"not_picked":["hexamod:Incineration+1","hexamod:SecondSeal"],"picked":"hexamod:FastForward+1","floor":40},{"not_picked":["hexamod:InspiringFlames+1","hexamod:EmpoweredFlame+1"],"picked":"hexamod:FastForward+1","floor":42},{"not_picked":["hexamod:StepThrough+1","hexamod:ForkedFlame"],"picked":"hexamod:HauntingEcho+1","floor":43},{"not_picked":["hexamod:HeatCrush","hexamod:ThirdSeal"],"picked":"hexamod:BurningTouch+1","floor":45},{"not_picked":["hexamod:ShieldOfDarkness","hexamod:GhostOfSpireFuture"],"picked":"hexamod:Hexaguard+1","floor":47},{"not_picked":["hexamod:FirstSeal","hexamod:InspiringFlames"],"picked":"hexamod:CatchUp","floor":48},{"not_picked":["hexamod:InspiringFlames+1","hexamod:BacktrackSmack+1"],"picked":"hexamod:HeatCrush","floor":49}],"player_experience":797754,"relics_obtained":[{"floor":7,"key":"PreservedInsect"},{"floor":9,"key":"Happy Flower"},{"floor":14,"key":"Torii"},{"floor":24,"key":"Bag of Preparation"},{"floor":25,"key":"Garlic"},{"floor":30,"key":"ReplayFunnel"},{"floor":31,"key":"MutagenicStrength"},{"floor":37,"key":"Unceasing Top"},{"floor":40,"key":"CaptainsWheel"},{"floor":41,"key":"Replay:Mystery Machine"},{"floor":46,"key":"downfall:GremlinWheel"}],"event_choices":[{"damage_healed":0,"gold_gain":0,"player_choice":"Got Potions","damage_taken":0,"max_hp_gain":0,"max_hp_loss":0,"event_name":"Lab","floor":6,"gold_loss":0},{"cards_removed":["hexamod:Strike"],"damage_healed":0,"gold_gain":0,"player_choice":"Give","damage_taken":0,"max_hp_gain":0,"max_hp_loss":0,"event_name":"betterNote:BetterNote","floor":22,"gold_loss":0,"cards_obtained":["Strike_Br"]}],"is_beta":false,"boss_relics":[{"not_picked":["Astrolabe","Runic Dome"],"picked":"hexamod:IceCube"},{"not_picked":["Snecko Eye","Black Star"],"picked":"Replay:Wanted Poster"}],"items_purged_floors":[],"is_endless":false,"potions_floor_spawned":[2,8,9,14,16,19,28,31,32,36,38,42,46,47],"ascension_level":0}}