{"host":"i0avyit1s6jb1siw","time":1613685739,"event":{"mods":["BaseMod","DeckTracker","Dota2Spire","Highlight Path","Minty Spire (QoL Compilation)","Quick Restart","StSLib","SuperFastMode"],"gold_per_floor":[114,128,138,157,176,201,201,235,262,262,274,294,334,344,344,425,497,522,38,63,85,109,152,73,73,73,100,100,141,141,167,209,229,229,315,315,333,346,360,1377,989,989,1020,1036,1036,1036,1036,1048,1083,406,444,503,503,512,512,512,512,512,342,381,381],"floor_reached":62,"language":"ENG","playtime":2524,"items_purged":["BattleHymn","Normality","Normality","LessonLearned+1"],"score":4096,"play_id":"7619a588-62fb-4acf-9c8f-89d990d07bef","local_time":"20210218230219","is_ascension_mode":true,"campfire_choices":[{"data":"Eruption","floor":7.0,"key":"SMITH"},{"floor":15.0,"key":"REST"},{"data":"MasterReality","floor":28.0,"key":"SMITH"},{"floor":34.0,"key":"RECALL"},{"data":"Pray","floor":42,"key":"SMITH"},{"data":"Purity","floor":47,"key":"SMITH"},{"data":"MentalFortress","floor":53,"key":"SMITH"},{"floor":54,"key":"REST"},{"data":"Ragnarok","floor":58,"key":"SMITH"}],"circlet_count":0,"master_deck":["AscendersBane","Eruption+1","Vigilance+1","Corruption+1","InnerPeace+1","Swivel+1","EmptyBody+1","Study+1","PathToVictory","MentalFortress+1","Scrawl+1","MasterReality+1","Pray","Evaluate+1","Vengeance","CutThroughFate+1","PathToVictory+1","Perseverance+1","Study+1","WaveOfTheHand+1","Fasting2","Sanctity+1","Tantrum+1","Prostrate+1","Pray+1","Omniscience","Pray+1","Protect+1","Worship","Omniscience+1","Apotheosis","Purity+1","Pray+1","Protect","The Bomb","PathToVictory+1","PathToVictory+1","Ragnarok+1","Prostrate","DeusExMachina"],"relics":["PureWater","Dead Branch","Bottled Tornado","Orichalcum","Dream Catcher","War Paint","CeramicFish","Pandora\u0027s Box","ClockworkSouvenir","Bag of Preparation","Dota2Spire:ArcaneBoots","Kunai","TeardropLocket","Mango","Singing Bowl","Snecko Eye","Dota2Spire:UrnOfShadows","Dota2Spire:CrimsonGuard","InkBottle","Letter Opener","Toolbox","Dota2Spire:EchoSabre","Oddly Smooth Stone","Thread and Needle","Dota2Spire:ArmletOfMordiggian"],"acts_visited":["Exordium","TheCity","TheBeyond","TheEnding"],"potions_floor_usage":[],"damage_taken":[{"damage":13.0,"enemies":"2 Louse","floor":1.0,"turns":3.0},{"damage":0.0,"enemies":"Jaw Worm","floor":2.0,"turns":3.0},{"damage":0.0,"enemies":"Cultist","floor":3.0,"turns":3.0},{"damage":23.0,"enemies":"Gremlin Gang","floor":4.0,"turns":6.0},{"damage":1.0,"enemies":"Exordium Thugs","floor":5.0,"turns":3.0},{"damage":0.0,"enemies":"Gremlin Nob","floor":6.0,"turns":3.0},{"damage":0.0,"enemies":"Lagavulin","floor":8.0,"turns":4.0},{"damage":0.0,"enemies":"Looter","floor":11.0,"turns":2.0},{"damage":0.0,"enemies":"Large Slime","floor":12.0,"turns":5.0},{"damage":2.0,"enemies":"3 Sentries","floor":13.0,"turns":4.0},{"damage":0.0,"enemies":"2 Fungi Beasts","floor":14.0,"turns":3.0},{"damage":9.0,"enemies":"Hexaghost","floor":16.0,"turns":4.0},{"damage":4.0,"enemies":"3 Byrds","floor":18.0,"turns":3.0},{"damage":0.0,"enemies":"2 Thieves","floor":20.0,"turns":3.0},{"damage":0.0,"enemies":"Sentry and Sphere","floor":21.0,"turns":3.0},{"damage":0.0,"enemies":"Centurion and Healer","floor":22.0,"turns":3.0},{"damage":0.0,"enemies":"Book of Stabbing","floor":23.0,"turns":4.0},{"damage":0.0,"enemies":"Gremlin Leader","floor":27.0,"turns":2.0},{"damage":0.0,"enemies":"Slavers","floor":29.0,"turns":3.0},{"damage":0.0,"enemies":"Snake Plant","floor":31.0,"turns":2.0},{"damage":0.0,"enemies":"Book of Stabbing","floor":32.0,"turns":4.0},{"damage":0.0,"enemies":"Shelled Parasite and Fungi","floor":33.0,"turns":2.0},{"damage":0.0,"enemies":"Collector","floor":35.0,"turns":4.0},{"damage":0,"enemies":"Orb Walker","floor":37,"turns":1},{"damage":7,"enemies":"3 Shapes","floor":38,"turns":2},{"damage":0,"enemies":"Sphere and 2 Shapes","floor":39,"turns":2},{"damage":0,"enemies":"Reptomancer","floor":43,"turns":3},{"damage":1,"enemies":"Writhing Mass","floor":44,"turns":3},{"damage":0,"enemies":"Transient","floor":48,"turns":4},{"damage":0,"enemies":"Giant Head","floor":49,"turns":1},{"damage":0,"enemies":"Reptomancer","floor":51,"turns":1},{"damage":0,"enemies":"2 Orb Walkers","floor":52,"turns":2},{"damage":0,"enemies":"Awakened One","floor":55,"turns":3},{"damage":0,"enemies":"Time Eater","floor":56,"turns":4},{"damage":0,"enemies":"Shield and Spear","floor":60,"turns":1},{"damage":59,"enemies":"The Heart","floor":61,"turns":5}],"seed_played":"4714963106459362117","potions_obtained":[{"floor":5.0,"key":"ColorlessPotion"},{"floor":6.0,"key":"Fire Potion"},{"floor":8.0,"key":"Block Potion"},{"floor":11.0,"key":"ColorlessPotion"},{"floor":32.0,"key":"CultistPotion"}],"is_trial":false,"path_per_floor":["M","M","M","M","M","E","R","E","T","?","M","M","E","M","R","B",null,"M","$","M","M","M","E","$","?","T","E","R","E","T","M","E","M","R","B",null,"M","M","M","?","$","R","E","M","T","T","R","M","E","$","E","?","R","R","B","B",null,"R","$","E","B",null],"character_chosen":"WATCHER","items_purchased":["ClockworkSouvenir","Fasting2","Bag of Preparation","Omniscience","Apotheosis","Purity","Toolbox","Dota2Spire:EchoSabre","Protect","The Bomb","Prostrate"],"campfire_rested":2,"item_purchase_floors":[19,19,19,24,41,41,50,50,50,50,59],"current_hp_per_floor":[48,48,48,25,24,24,24,24,24,29,29,29,27,27,48,39,65,61,61,61,61,61,61,61,61,61,61,61,75,75,75,75,77,77,77,86,88,83,85,85,85,85,87,88,88,88,88,90,90,90,90,90,90,101,101,101,101,101,101,101,42],"gold":381,"neow_bonus":"UPGRADE_CARD","is_daily":false,"chose_seed":false,"campfire_upgraded":6,"win_rate":0.0,"timestamp":1613685739,"path_taken":["M","M","M","M","M","E","R","E","T","?","M","M","E","M","R","BOSS","M","$","M","M","M","E","$","?","T","E","R","E","?","?","E","?","R","BOSS","M","M","M","?","$","R","E","M","T","T","R","M","E","$","E","?","R","R","BOSS","BOSS","R","$","E","BOSS"],"items_purchased_type":["Relic","Card","Relic","Card","Card","Card","Relic","Relic","Card","Card","Card"],"build_version":"2020-12-22","purchased_purges":4,"victory":true,"max_hp_per_floor":[68,68,68,68,68,68,68,68,68,73,73,73,73,73,73,73,73,73,73,73,73,73,73,73,73,73,73,73,87,87,87,87,89,89,89,89,91,93,95,95,95,95,97,99,99,99,99,101,101,101,101,101,101,101,101,101,101,101,101,101,101],"card_choices":[{"not_picked":["CutThroughFate","EmptyMind"],"picked":"InnerPeace","floor":1.0},{"not_picked":["ReachHeaven","FlyingSleeves"],"picked":"Swivel","floor":2.0},{"not_picked":["Collect","FlyingSleeves","Prostrate"],"picked":"SKIP","floor":3.0},{"not_picked":["WreathOfFlame","CrushJoints"],"picked":"EmptyBody","floor":4.0},{"not_picked":["FlyingSleeves","FlurryOfBlows","TalkToTheHand"],"picked":"SKIP","floor":5.0},{"not_picked":["DevaForm","ClearTheMind"],"picked":"Study","floor":6.0},{"not_picked":["Sanctity","Evaluate"],"picked":"LessonLearned","floor":8.0},{"not_picked":["CutThroughFate","EmptyBody"],"picked":"PathToVictory","floor":11.0},{"not_picked":["Evaluate","FollowUp"],"picked":"MentalFortress","floor":12.0},{"not_picked":["Perseverance","ForeignInfluence"],"picked":"Scrawl","floor":13.0},{"not_picked":["ReachHeaven","JustLucky","Fasting2"],"picked":"SKIP","floor":14.0},{"not_picked":["DevaForm","Vault"],"picked":"MasterReality","floor":16.0},{"not_picked":["FlurryOfBlows","Indignation"],"picked":"WaveOfTheHand","floor":18.0},{"not_picked":["Evaluate","ThirdEye"],"picked":"Sanctity","floor":20.0},{"not_picked":["Protect","EmptyFist"],"picked":"Tantrum","floor":21.0},{"not_picked":["Fasting2","CutThroughFate"],"picked":"Prostrate+1","floor":22.0},{"not_picked":["FlyingSleeves","Consecrate"],"picked":"Pray+1","floor":23.0},{"not_picked":["FollowUp","FlyingSleeves","InnerPeace"],"picked":"SKIP","floor":27.0},{"not_picked":["Fasting2","ConjureBlade"],"picked":"Pray","floor":29.0},{"not_picked":["CarveReality","Evaluate+1"],"picked":"Protect","floor":31.0},{"not_picked":["MentalFortress","Vengeance"],"picked":"Worship","floor":32.0},{"not_picked":["Conclude","EmptyBody","EmptyFist"],"picked":"Singing Bowl","floor":33.0},{"not_picked":["Brilliance","Wish"],"picked":"Omniscience","floor":35.0},{"not_picked":["CrushJoints","Halt+1","Conclude"],"picked":"Singing Bowl","floor":37},{"not_picked":["CutThroughFate","TalkToTheHand","FlyingSleeves"],"picked":"Singing Bowl","floor":38},{"not_picked":["LikeWater","Evaluate","Prostrate"],"picked":"Singing Bowl","floor":39},{"not_picked":["Protect","Collect","Vengeance"],"picked":"Singing Bowl","floor":43},{"not_picked":["BowlingBash+1","Evaluate","FollowUp"],"picked":"Singing Bowl","floor":44},{"not_picked":["FlyingSleeves","EmptyBody","ForeignInfluence"],"picked":"Singing Bowl","floor":48},{"not_picked":["WheelKick","Halt"],"picked":"Pray+1","floor":49},{"not_picked":["CarveReality","TalkToTheHand"],"picked":"PathToVictory+1","floor":51},{"not_picked":["CarveReality","EmptyBody"],"picked":"PathToVictory+1","floor":52},{"not_picked":["Perseverance","FlurryOfBlows"],"picked":"Ragnarok","floor":54},{"not_picked":["Study","ThirdEye+1"],"picked":"DeusExMachina","floor":60}],"player_experience":2460653,"relics_obtained":[{"floor":6.0,"key":"Orichalcum"},{"floor":8.0,"key":"Dream Catcher"},{"floor":9.0,"key":"War Paint"},{"floor":13.0,"key":"CeramicFish"},{"floor":23.0,"key":"Dota2Spire:ArcaneBoots"},{"floor":26.0,"key":"Kunai"},{"floor":27.0,"key":"TeardropLocket"},{"floor":29.0,"key":"Mango"},{"floor":32.0,"key":"Singing Bowl"},{"floor":43,"key":"Dota2Spire:UrnOfShadows"},{"floor":45,"key":"Dota2Spire:CrimsonGuard"},{"floor":46,"key":"InkBottle"},{"floor":49,"key":"Letter Opener"},{"floor":51,"key":"Oddly Smooth Stone"},{"floor":52,"key":"Thread and Needle"},{"floor":60,"key":"Dota2Spire:ArmletOfMordiggian"}],"event_choices":[{"damage_healed":0.0,"max_hp_gain":5.0,"max_hp_loss":0.0,"gold_gain":0.0,"event_name":"Big Fish","player_choice":"Donut","floor":10.0,"gold_loss":0.0,"damage_taken":0.0},{"damage_healed":0.0,"max_hp_gain":0.0,"max_hp_loss":0.0,"gold_gain":0.0,"event_name":"The Mausoleum","player_choice":"Ignored","floor":25.0,"gold_loss":0.0,"damage_taken":0.0},{"damage_healed":0,"gold_gain":999,"player_choice":"Gold","damage_taken":0,"max_hp_gain":0,"max_hp_loss":0,"event_name":"MindBloom","floor":40,"gold_loss":0,"cards_obtained":["Normality","Normality"]},{"damage_healed":0,"gold_gain":0,"player_choice":"Fight","damage_taken":0,"max_hp_gain":0,"max_hp_loss":0,"event_name":"Mysterious Sphere","floor":52,"gold_loss":0}],"is_beta":false,"boss_relics":[{"not_picked":["Empty Cage","Black Star"],"picked":"Pandora\u0027s Box"},{"not_picked":["Astrolabe","Sozu"],"picked":"Snecko Eye"}],"items_purged_floors":[19,41,50,59],"is_endless":false,"potions_floor_spawned":[5,6,8,11,14,18,21,22,23,32,35,37,44,48,49,51],"ascension_level":20}}