{"host":"je99lgdwtlinqp9h","time":1613647461,"event":{"mods":["Act Like it!","Arknights","BaseMod","Colored Map","HololiveMod","Minty Spire (QoL Compilation)","MostiFishMod","Reimu£®≤©¿ˆ¡È√Œ£©","Relic Stats","Replay The Spire","Shop Mod","Spicy Shops","StSLib","noobMod","°æ“≈ŒÔø®≈∆°øREMEMod"],"gold_per_floor":[116,136,150,250,267,282,309,4,30,41,41,68,68,68,68,173,173,184,184,184,184,203,203,233,233,258,272,272,284,298,311,311,408,408,418,428,428,447,497,531,531,545,545,545,580,590,111,128,128,128],"floor_reached":51,"language":"ZHS","playtime":4077,"items_purged":["Defend_R"],"score":641,"play_id":"b17ad325-79fb-4b06-b291-b5f0af4033df","local_time":"20210218192421","is_ascension_mode":false,"campfire_choices":[{"data":"Bash","floor":11,"key":"SMITH"},{"data":"Dark Embrace","floor":13,"key":"SMITH"},{"data":"Heavy Blade","floor":15,"key":"SMITH"},{"data":"MostiFishMod:RacingGame","floor":23,"key":"SMITH"},{"data":"MostiFishMod:ChineseTea","floor":25,"key":"SMITH"},{"data":"Heavy Blade","floor":28,"key":"SMITH"},{"data":"Heavy Blade","floor":32,"key":"SMITH"},{"data":"Madness","floor":41,"key":"SMITH"},{"data":"Madness","floor":41,"key":"SMITH"},{"data":"Uppercut","floor":44,"key":"SMITH"},{"data":"Pummel","floor":44,"key":"SMITH"},{"data":"Sword Boomerang","floor":49,"key":"SMITH"},{"data":"Sword Boomerang","floor":49,"key":"SMITH"}],"circlet_count":0,"master_deck":["Strike_R","Strike_R","Strike_R+1","Strike_R+1","Strike_R","Defend_R","Defend_R","Defend_R","Bash+1","Pummel+1","Headbutt","Shockwave","Heavy Blade+1","Intimidate+1","Iron Wave","Spot Weakness","Dark Embrace+1","MostiFishMod:RacingGame+1","ReplayTheSpireMod:Muscle Training","Heavy Blade+1","Uppercut+1","Bash","MostiFishMod:ChineseTea+1","Clothesline+1","Heavy Blade+1","Sword Boomerang+1","Sword Boomerang+1","MostiFishMod:NewArrival","Defy Death","Madness+1","Madness+1","Pommel Strike+1","Pommel Strike+1","Parasite","Pummel+1","Warcry+1","Sword Boomerang+1"],"relics":["Burning Blood","DaveBox","REME_ComplimentaryCards","ice","Oddly Smooth Stone","SynthV:TestCard","Strawberry","Bird Faced Urn","Replay:Rubber Ducky","King of Hearts","Mastiff:ReiMu","Centennial Puzzle","JellyFishMachine","Replay:Arrowhead","White Beast Statue","Simple Rune","Question Card","REME_CardOfGreed","Snack Pack"],"acts_visited":["Exordium","TheCity","TheBeyond"],"potions_floor_usage":[16,25,45,48],"damage_taken":[{"damage":6,"enemies":"Cultist","floor":1,"turns":3},{"damage":5,"enemies":"Jaw Worm","floor":2,"turns":3},{"damage":11,"enemies":"Small Slimes","floor":3,"turns":3},{"damage":9,"enemies":"2 Fungi Beasts","floor":5,"turns":3},{"damage":16,"enemies":"3 Louse","floor":6,"turns":3},{"damage":40,"enemies":"Lagavulin","floor":7,"turns":9},{"damage":7,"enemies":"Red Slaver","floor":10,"turns":4},{"damage":22,"enemies":"Gremlin Nob","floor":12,"turns":5},{"damage":6,"enemies":"The Guardian","floor":16,"turns":6},{"damage":21,"enemies":"2 Thieves","floor":18,"turns":4},{"damage":28,"enemies":"3 Byrds","floor":22,"turns":5},{"damage":23,"enemies":"Book of Stabbing","floor":24,"turns":4},{"damage":15,"enemies":"Snake Plant","floor":27,"turns":3},{"damage":9,"enemies":"Shelled Parasite and Fungi","floor":29,"turns":3},{"damage":28,"enemies":"Centurion and Healer","floor":30,"turns":6},{"damage":17,"enemies":"3 Cultists","floor":31,"turns":5},{"damage":35,"enemies":"Collector","floor":33,"turns":7},{"damage":1,"enemies":"3 Darklings","floor":35,"turns":3},{"damage":20,"enemies":"3 Shapes","floor":36,"turns":3},{"damage":21,"enemies":"Sphere and 2 Shapes","floor":38,"turns":3},{"damage":1,"enemies":"Mind Bloom Boss Battle","floor":39,"turns":4},{"damage":20,"enemies":"R_Hoarder","floor":40,"turns":5},{"damage":15,"enemies":"Writhing Mass","floor":42,"turns":4},{"damage":10,"enemies":"Giant Head","floor":45,"turns":5},{"damage":32,"enemies":"4 Shapes","floor":46,"turns":3},{"damage":17,"enemies":"Spire Growth","floor":48,"turns":2},{"damage":66,"enemies":"Replay:Hell Engine","floor":50,"turns":5}],"seed_played":"9130422924484327566","potions_obtained":[{"floor":1,"key":"SteroidPotion"},{"floor":5,"key":"Explosive Potion"},{"floor":6,"key":"Adrenaline Potion"},{"floor":12,"key":"LiquidMemories"},{"floor":18,"key":"Elixir"},{"floor":24,"key":"BloodPotion"},{"floor":29,"key":"PowerPotion"},{"floor":30,"key":"MagicPotion:ReiMu"},{"floor":45,"key":"BloodPotion"},{"floor":46,"key":"SkillPotion"},{"floor":48,"key":"BloodPotion"}],"is_trial":false,"path_per_floor":["M","M","M","?","M","M","E","$","T","M","R","E","R","?","R","B",null,"M","?","?","?","M","R","E","R","T","M","R","M","M","M","R","B",null,"M","M","?","M","?","E","R","M","T","R","E","M","$","M","R","B",null],"character_chosen":"IRONCLAD","items_purchased":["Bird Faced Urn","REME_CardOfGreed","Snack Pack"],"campfire_rested":0,"item_purchase_floors":[8,47,47],"current_hp_per_floor":[80,80,75,75,72,62,35,35,35,34,34,87,87,87,87,87,95,82,82,62,62,40,40,23,49,49,53,53,65,59,65,65,36,158,160,148,127,112,136,139,139,150,150,150,183,157,157,197,197,165],"gold":128,"neow_bonus":"RANDOM_COMMON_RELIC","is_daily":false,"chose_seed":false,"campfire_upgraded":13,"win_rate":0.0,"timestamp":1613647461,"path_taken":["M","M","?","?","M","M","E","$","T","?","R","E","R","?","R","BOSS","M","?","?","?","?","R","E","R","T","M","R","M","M","M","R","BOSS","M","M","?","M","?","E","R","M","T","R","E","M","$","M","R","BOSS"],"items_purchased_type":["Relic","Relic","Relic"],"build_version":"2020-12-22","purchased_purges":1,"victory":true,"max_hp_per_floor":[80,80,80,80,80,80,87,87,87,87,87,87,87,87,87,95,95,98,98,103,103,124,124,130,130,130,136,136,139,147,153,153,158,158,160,168,168,177,177,181,181,185,185,185,187,196,196,197,197,202],"relic_stats":{"Centennial Puzzle":[45],"counters":[27,113],"Bird Faced Urn":[16],"Question Card":2,"obtain_stats":[{"DaveBox":0,"JellyFishMachine":34,"Oddly Smooth Stone":0,"King of Hearts":12,"ice":0,"Question Card":45,"Burning Blood":0,"Replay:Arrowhead":39,"White Beast Statue":40,"Replay:Rubber Ducky":9,"Centennial Puzzle":26,"SynthV:TestCard":1,"Mastiff:ReiMu":24,"Strawberry":7,"Bird Faced Urn":8,"Simple Rune":43,"Snack Pack":47,"REME_CardOfGreed":47,"REME_ComplimentaryCards":0},{"DaveBox":0,"JellyFishMachine":17,"Oddly Smooth Stone":0,"King of Hearts":8,"ice":0,"Question Card":24,"Burning Blood":0,"Replay:Arrowhead":21,"White Beast Statue":22,"Replay:Rubber Ducky":6,"Centennial Puzzle":12,"SynthV:TestCard":1,"Mastiff:ReiMu":12,"Strawberry":6,"Bird Faced Urn":6,"Simple Rune":23,"Snack Pack":25,"REME_CardOfGreed":25,"REME_ComplimentaryCards":0},{"DaveBox":0,"JellyFishMachine":76,"Oddly Smooth Stone":0,"King of Hearts":33,"ice":0,"Question Card":103,"Burning Blood":0,"Replay:Arrowhead":89,"White Beast Statue":94,"Replay:Rubber Ducky":24,"Centennial Puzzle":52,"SynthV:TestCard":3,"Mastiff:ReiMu":52,"Strawberry":24,"Bird Faced Urn":24,"Simple Rune":98,"Snack Pack":106,"REME_CardOfGreed":106,"REME_ComplimentaryCards":0}],"Burning Blood":152},"card_choices":[{"not_picked":["Searing Blow","Perfected Strike"],"picked":"Pummel","floor":1},{"not_picked":["MostiFishMod:BrandingRite","Shrug It Off","Ghostly Armor","Body Slam"],"picked":"Headbutt","floor":2},{"not_picked":["Combust","Massacre","Replay:Undeath\u0027s Touch","Life Link"],"picked":"Shockwave","floor":3},{"not_picked":["ReplayTheSpireMod:Stacked","Flame Barrier","Cleave","Clothesline"],"picked":"Heavy Blade","floor":5},{"not_picked":["Whirlwind","Pommel Strike","Headbutt","True Grit"],"picked":"Intimidate","floor":6},{"not_picked":["Twin Strike","ReplayTheSpireMod:Strike From Hell","Dark Embrace","Offering"],"picked":"Iron Wave","floor":7},{"not_picked":["Clothesline","ReplayTheSpireMod:Corrosion Curse","Iron Wave","Clash"],"picked":"Spot Weakness","floor":10},{"not_picked":["Reckless Charge","ReplayTheSpireMod:LeadingStrike","Cleave","Flex"],"picked":"Dark Embrace","floor":12},{"not_picked":["MostiFishMod:ChineseTea","Offering","MostiFishMod:CullingBlade","REME_Fury"],"picked":"MostiFishMod:RacingGame","floor":16},{"not_picked":["Headbutt","Shrug It Off+1","Thunderclap","Anger+1"],"picked":"ReplayTheSpireMod:Muscle Training","floor":18},{"not_picked":["True Grit","Hemokinesis","ReplayTheSpireMod:Muscle Training","ReplayReversal","ReplayTheSpireMod:LeadingStrike"],"picked":"SKIP","floor":22},{"not_picked":["Perfected Strike","REME_SingleHolding","Body Slam","Twin Strike"],"picked":"MostiFishMod:ChineseTea","floor":24},{"not_picked":["Combust","True Grit+1","Run Through","Cleave"],"picked":"Clothesline+1","floor":27},{"not_picked":["Reckless Charge","MostiFishMod:BrandingRite","Perfected Strike","ReplayTheSpireMod:Strike From Hell"],"picked":"Heavy Blade","floor":29},{"not_picked":["REME_Scribble","ReplayReversal","ReplayTheSpireMod:Strike From Hell","Clothesline"],"picked":"Sword Boomerang","floor":30},{"not_picked":["Rampage","Offering","ReplayReversal+1","Uppercut"],"picked":"Sword Boomerang","floor":31},{"not_picked":["Demonic Infusion","MostiFishMod:DoubleSword","Reaper","Brutality"],"picked":"MostiFishMod:NewArrival","floor":33},{"not_picked":["Twin Strike","Hemokinesis+1","Flex","Rage","Abandon+1"],"picked":"SKIP","floor":35},{"not_picked":["Dark Embrace","Uppercut","True Grit+1","Run Through"],"picked":"Defy Death","floor":36},{"not_picked":["Battle Trance","Cleave","Replay:Undeath\u0027s Touch","True Grit+1","Run Through"],"picked":"SKIP","floor":38},{"not_picked":["Feed","Flex","Iron Wave","Warcry"],"picked":"Pommel Strike+1","floor":39},{"not_picked":["Hemokinesis","Flex","Clothesline","Rampage"],"picked":"Pommel Strike+1","floor":40},{"not_picked":["Clash+1","Clothesline","MostiFishMod:PerfectStrikeMKII","Run Through"],"picked":"Pummel+1","floor":42},{"not_picked":["Armaments","MostiFishMod:#F4004","Combust+1","Bludgeon","Hemokinesis"],"picked":"SKIP","floor":45},{"not_picked":["Run Through+1","Dropkick+1","ReplayTheSpireMod:Strike From Hell+1","Cleave+1","Defy Death+1"],"picked":"Warcry+1","floor":46},{"not_picked":["Iron Wave+1","True Grit+1","Thunderclap+1","Massacre+1","MostiFishMod:Chiaki"],"picked":"Sword Boomerang+1","floor":48}],"player_experience":30319,"relics_obtained":[{"floor":1,"key":"SynthV:TestCard"},{"floor":7,"key":"Strawberry"},{"floor":9,"key":"Replay:Rubber Ducky"},{"floor":12,"key":"King of Hearts"},{"floor":24,"key":"Mastiff:ReiMu"},{"floor":26,"key":"Centennial Puzzle"},{"floor":39,"key":"Replay:Arrowhead"},{"floor":40,"key":"White Beast Statue"},{"floor":43,"key":"Simple Rune"},{"floor":45,"key":"Question Card"}],"event_choices":[{"damage_healed":0,"gold_gain":100,"player_choice":"Pray","damage_taken":0,"max_hp_gain":0,"max_hp_loss":0,"event_name":"Golden Shrine","floor":4,"gold_loss":0},{"damage_healed":0,"gold_gain":0,"player_choice":"Read","damage_taken":0,"max_hp_gain":0,"max_hp_loss":0,"event_name":"The Library","floor":19,"gold_loss":0,"cards_obtained":["Heavy Blade"]},{"damage_healed":0,"gold_gain":0,"player_choice":"Shed Blood","damage_taken":25,"max_hp_gain":5,"max_hp_loss":0,"event_name":"Forgotten Altar","floor":20,"gold_loss":0},{"damage_healed":0,"gold_gain":0,"player_choice":"2 cards matched","damage_taken":0,"max_hp_gain":0,"max_hp_loss":0,"event_name":"Match and Keep!","floor":21,"gold_loss":0,"cards_obtained":["Uppercut","Bash"]},{"damage_healed":0,"gold_gain":0,"player_choice":"Embrace Madness","damage_taken":21,"max_hp_gain":0,"max_hp_loss":0,"event_name":"Winding Halls","floor":37,"gold_loss":0,"cards_obtained":["Madness","Madness"]},{"damage_healed":0,"gold_gain":0,"player_choice":"Fight","damage_taken":0,"max_hp_gain":0,"max_hp_loss":0,"event_name":"MindBloom","floor":39,"gold_loss":0}],"is_beta":false,"boss_relics":[{"not_picked":["Kintsugi","TimeKeys","ReplayTheSpireMod:DimensionalGlitch"]},{"not_picked":["RhineFirstAidKit","NightmareShop"],"picked":"JellyFishMachine"}],"items_purged_floors":[47],"is_endless":false,"potions_floor_spawned":[1,5,6,7,12,18,24,29,30,38,39,40,42,45,46,48],"ascension_level":0}}