{"host":"flm17o2q7bfjyna6","time":1613669068,"event":{"mods":["2.2 Compatiblity","Act Like it!","BaseMod","Better Altar","Better Match","Better Note","Better Sensory Stone","Better Skull","Better Third Choice","Better Vampires","Colored Map","Colored Powertips","DeckTracker","Downfall","Fox Events","Hermit","Minty Spire (QoL Compilation)","Quick Restart","Replay The Spire","Reworked Bosses","Spicy Shops","StSLib","TheSwordswoman","Wandering Minibosses"],"gold_per_floor":[99,115,35,35,35,61,88,88,115,565,58,90,105,116,128,228,228,28,44,59,94,105,105,132,272,10,10,101,200,309,409,499,675,675,575,666,758,8,78,78,78,95,95,170,170,264,28,133,225,225,225,334,10,10,10,10],"floor_reached":57,"language":"ENG","playtime":6994,"items_purged":["downfall:Icky","CommonCold","hexamod:ThirdSeal","hexamod:Strike"],"score":2104,"play_id":"e132d015-44f9-4655-aa0a-de64aa80a5e0","local_time":"20210218122428","is_ascension_mode":true,"campfire_choices":[{"floor":1,"key":"RECALL"},{"data":"Die Die Die","floor":8,"key":"SMITH"},{"data":"expansioncontent:QuickStudy","floor":18,"key":"SMITH"},{"data":"expansioncontent:StudyTheSpire","floor":27,"key":"SMITH"},{"data":"hexamod:GhostflameInferno","floor":35,"key":"SMITH"},{"floor":43,"key":"REST"},{"data":"ReplayTheSpireMod:Private Reserves","floor":45,"key":"SMITH"},{"data":"hexamod:ForkedFlame","floor":54,"key":"SMITH"}],"circlet_count":0,"master_deck":["hexamod:Strike","hexamod:Defend+3","hexamod:Defend","hexamod:Defend","hexamod:Sear+1","hexamod:Float","hexamod:FourthSeal","hexamod:FastForward","hexamod:Firestarter+1","Die Die Die+1","hexamod:Incineration+1","hexamod:PhantomCloak+1","hexamod:SixthSeal","hexamod:FlamesFromBeyond+1","hexamod:VolcanoVisage+1","hexamod:ShieldOfDarkness","hexamod:ShieldOfDarkness","Clumsy","expansioncontent:QuickStudy+1","hexamod:NightmareGuise+1","hexamod:GhostShield","hexamod:SoulSteal+1","hexamod:SpectersWail+1","hexamod:SixthSeal","hexamod:NightmareGuise+1","hexamod:ExtraCrispy","hexamod:Toasty+1","hexamod:TimeWarp+1","hexamod:ThirdSeal","hexamod:GiftsFromTheDead+1","hexamod:FirstSeal","hexamod:BacktrackSmack+1","hexamod:FlamesFromBeyond+1","hexamod:FastForward+1","hexamod:PowerFromBeyond+1","hexamod:RetreatToShadows+1","hexamod:SpectersWail+1","hexamod:RetreatToShadows+1","hexamod:GiftsFromTheDead+1","hexamod:TimeWarp+1","expansioncontent:StudyTheSpire+1","hexamod:PowerFromBeyond+1","hexamod:GhostflameBarrier","hexamod:Hexaguard+1","hexamod:GhostOfSpireFuture","hexamod:RainOfEmbers+1","hexamod:InspiringFlames+1","hexamod:HeatCrush+1","hexamod:HeatMetal","hexamod:GhostflameInferno+1","hexamod:Toasty","hexamod:UnleashSpirits+1","hexamod:Hexaguard+1","hexamod:Hexaguard+1","ReplayTheSpireMod:Brewmster+1","The Bomb","ReplayTheSpireMod:Private Reserves+1","ReplayTheSpireMod:IOU","Spreading Infection","Parasite","hexamod:SoulSteal+1","hexamod:HeatMetal+1","hexamod:ForkedFlame+1","Parasite"],"relics":["hexamod:SpiritBrand","sneckomod:BlankCard","Vajra","hexamod:BolsterEngine","Pocketwatch","Guide Book","Strawberry","Darkstone Periapt","Astrolabe","downfall:HeartBlessingGreen","downfall:HeartBlessingRed","ReplayTheSpireMod:CursedCoin","downfall:KnowingSkull","Potion Belt","hexamod:RecyclingMachine","Whetstone","Durian","Empty Cage","downfall:HeartBlessingBlue","ReplayTheSpireMod:ShopPack","Happy Flower","Simple Rune","TheAbacus","Replay:Bottled Snecko","downfall:ExtraCursedKey","Singing Bowl","Membership Card","Bronze Scales","Ginger","Replay:Wax Seal","Pantograph","Replay:Bottled Eggs","Replay:Baseball"],"acts_visited":["Exordium","TheCity","TheBeyond","TheEnding"],"potions_floor_usage":[9,11,16,25,25,28,33,33,33,33,33,33,36,36,37,37,42,50,50,52,52,52,55,55,55,55,55,55,56,56,56],"damage_taken":[{"damage":6,"enemies":"2 Louse","floor":2,"turns":5},{"damage":0,"enemies":"downfall:FleeingMerchant","floor":3,"turns":4},{"damage":18,"enemies":"Replay:BlueRogue","floor":6,"turns":5},{"damage":10,"enemies":"3 Sentries","floor":9,"turns":4},{"damage":0,"enemies":"downfall:FleeingMerchant","floor":11,"turns":4},{"damage":0,"enemies":"Lagavulin","floor":12,"turns":5},{"damage":1,"enemies":"Small Slimes","floor":13,"turns":5},{"damage":2,"enemies":"Jaw Worm","floor":14,"turns":6},{"damage":0,"enemies":"2 Fungi Beasts","floor":15,"turns":4},{"damage":24,"enemies":"DF_ARCHETYPE_STREAMLINE","floor":16,"turns":10},{"damage":1,"enemies":"Chosen","floor":19,"turns":3},{"damage":6,"enemies":"Spheric Guardian","floor":20,"turns":3},{"damage":2,"enemies":"downfall:FleeingMerchant","floor":21,"turns":4},{"damage":1,"enemies":"Cultist and Chosen","floor":22,"turns":4},{"damage":7,"enemies":"downfall:LadyInBlue","floor":25,"turns":9},{"damage":6,"enemies":"downfall:FleeingMerchant","floor":26,"turns":3},{"damage":8,"enemies":"Centurion and Healer","floor":28,"turns":6},{"damage":7,"enemies":"Snake Plant","floor":29,"turns":4},{"damage":6,"enemies":"Replay:Snechameleon","floor":30,"turns":4},{"damage":9,"enemies":"3 Cultists","floor":31,"turns":6},{"damage":6,"enemies":"Snecko","floor":32,"turns":3},{"damage":36,"enemies":"IC_MUSHROOM_ARCHETYPE","floor":33,"turns":6},{"damage":15,"enemies":"3 Darklings","floor":36,"turns":3},{"damage":29,"enemies":"3 Shapes","floor":37,"turns":4},{"damage":39,"enemies":"3 Darklings","floor":42,"turns":4},{"damage":15,"enemies":"Writhing Mass","floor":46,"turns":7},{"damage":17,"enemies":"Nemesis","floor":48,"turns":7},{"damage":16,"enemies":"Maw","floor":49,"turns":6},{"damage":4,"enemies":"SI_POISON_ARCHETYPE","floor":50,"turns":7},{"damage":68,"enemies":"downfall:CharBossMerchant","floor":52,"turns":8},{"damage":2,"enemies":"downfall:NeowBoss","floor":55,"turns":16},{"damage":5,"enemies":"downfall:NeowBossFinal","floor":56,"turns":10}],"seed_played":"-1922135574707570277","potions_obtained":[{"floor":6,"key":"Toxic Potion"},{"floor":6,"key":"hexamod:EctoCoolerPotion"},{"floor":9,"key":"bronze:BurnAndBuffPotion"},{"floor":9,"key":"Slimebound:ThreeZeroPotion"},{"floor":11,"key":"hexamod:DoubleChargePotion"},{"floor":12,"key":"Ancient Potion"},{"floor":14,"key":"Elixir"},{"floor":15,"key":"LifebloodPotion"},{"floor":16,"key":"Strength Potion"},{"floor":25,"key":"CultistPotion"},{"floor":25,"key":"Block Potion"},{"floor":25,"key":"Energy Potion"},{"floor":25,"key":"Death Potion"},{"floor":28,"key":"EntropicBrew"},{"floor":28,"key":"champ:CounterPotion"},{"floor":33,"key":"EssenceOfSteel"},{"floor":37,"key":"Cursed Concoction"},{"floor":37,"key":"sneckomod:MuddlingPotion"},{"floor":42,"key":"LifebloodPotion"},{"floor":42,"key":"FairyPotion"},{"floor":44,"key":"downfall:CursedFountainPotion"},{"floor":48,"key":"Slimebound:ThreeZeroPotion"},{"floor":52,"key":"DuplicationPotion"}],"is_trial":false,"path_per_floor":["R","M","$","?","?","E","T","R","E","?","$","E","M","M","M","B",null,"R","M","M","$","M","?","T","?","$","R","M","M","E","M","M","B",null,"R","M","M","$","?","?","T","M","R","?","R","M","$","E","M","B",null,"E","$","R","B","B",null],"character_chosen":"THE_SPIRIT","items_purchased":["hexamod:Firestarter","hexamod:ShieldOfDarkness","Guide Book","Strawberry","expansioncontent:QuickStudy","ReplayTheSpireMod:CursedCoin","hexamod:RecyclingMachine","expansioncontent:StudyTheSpire","Whetstone","hexamod:PowerFromBeyond","ReplayTheSpireMod:ShopPack","Happy Flower","Simple Rune","TheAbacus","PowerPotion","PowerPotion","Membership Card","Bronze Scales","Pantograph","Replay:Bottled Eggs","Replay:Baseball"],"campfire_rested":1,"item_purchase_floors":[3,11,11,11,11,21,26,26,26,26,38,38,38,38,38,38,47,47,53,53,53],"current_hp_per_floor":[63,57,57,40,63,45,45,45,35,35,42,42,41,39,39,15,62,62,61,55,59,65,58,58,58,52,52,51,44,50,48,49,20,71,81,66,37,37,37,37,49,19,52,112,112,112,112,102,90,93,116,67,73,73,103,123],"gold":10,"neow_bonus":"TRANSFORM_CARD","is_daily":false,"chose_seed":false,"campfire_upgraded":6,"win_rate":0.0,"timestamp":1613669068,"path_taken":["R","M","$","?","?","E","T","R","E","?","$","E","?","M","M","BOSS","R","M","M","$","M","?","T","?","$","R","M","M","E","M","M","BOSS","R","M","M","$","?","?","T","M","R","?","R","?","$","E","M","BOSS","E","$","R","BOSS","BOSS"],"items_purchased_type":["Card","Card","Relic","Relic","Card","Relic","Relic","Card","Relic","Card","Relic","Relic","Relic","Relic","Potion","Potion","Relic","Relic","Relic","Relic","Relic"],"build_version":"2020-12-22","purchased_purges":4,"victory":true,"max_hp_per_floor":[70,70,70,70,70,70,70,70,70,70,77,77,77,77,77,77,77,77,77,77,83,83,83,83,83,83,83,83,83,88,88,88,88,88,98,98,98,98,98,98,110,112,112,112,112,120,120,120,124,124,124,126,132,132,132,132],"card_choices":[{"not_picked":["hexamod:SecondSeal","hexamod:FourthSeal"],"picked":"hexamod:ThirdSeal","floor":2},{"not_picked":["hexamod:GhostLash","hexamod:HauntingEcho"],"picked":"hexamod:FourthSeal","floor":2},{"not_picked":["hexamod:GhostLash","hexamod:SecondSeal"],"picked":"hexamod:FastForward","floor":3},{"not_picked":["hexamod:Firestarter","hexamod:NightmareGuise"],"picked":"hexamod:Incineration","floor":6},{"not_picked":["hexamod:GhostOfSpireFuture","hexamod:BacktrackSmack"],"picked":"hexamod:PhantomCloak","floor":6},{"not_picked":["hexamod:SecondSeal","hexamod:ThirdSeal"],"picked":"hexamod:SixthSeal","floor":9},{"not_picked":["hexamod:SuperheatedStrike","hexamod:BurningTouch"],"picked":"hexamod:FlamesFromBeyond","floor":9},{"not_picked":["hexamod:EtherealExpedition","hexamod:HauntingEcho"],"picked":"hexamod:VolcanoVisage","floor":11},{"not_picked":["hexamod:SwordOfDarkness","hexamod:GhostShield"],"picked":"hexamod:NightmareGuise","floor":12},{"not_picked":["hexamod:Firestarter","hexamod:ThermalTransfer"],"picked":"hexamod:GhostShield","floor":12},{"not_picked":["hexamod:SecondSeal","hexamod:RetreatToShadows"],"picked":"hexamod:SoulSteal","floor":13},{"not_picked":["hexamod:BurningTouch","hexamod:GhostShield","hexamod:GhostLash"],"picked":"SKIP","floor":13},{"not_picked":["hexamod:BurningTouch","hexamod:SwordOfDarkness"],"picked":"hexamod:SpectersWail","floor":14},{"not_picked":["hexamod:FourthSeal","hexamod:ThirdSeal"],"picked":"hexamod:SixthSeal","floor":14},{"not_picked":["hexamod:FourthSeal","hexamod:HeatShield"],"picked":"hexamod:NightmareGuise","floor":14},{"not_picked":["hexamod:ThirdSeal","hexamod:ShieldOfDarkness"],"picked":"hexamod:ExtraCrispy","floor":15},{"not_picked":["hexamod:FlameSwitch","hexamod:GhostOfSpirePresent"],"picked":"hexamod:Toasty","floor":16},{"not_picked":["hexamod:GhostLash","hexamod:GhostOfSpirePast"],"picked":"hexamod:FirstSeal","floor":19},{"not_picked":["hexamod:NecessarySacrifice","hexamod:HeatCrush"],"picked":"hexamod:BacktrackSmack","floor":20},{"not_picked":["hexamod:NightmareGuise","hexamod:PhantomFireball+1"],"picked":"hexamod:FlamesFromBeyond+1","floor":20},{"not_picked":["hexamod:DynamicBlow","hexamod:Firestarter"],"picked":"hexamod:FastForward","floor":21},{"not_picked":["hexamod:RadiantFlame+1","hexamod:ThirdSeal"],"picked":"hexamod:PowerFromBeyond","floor":21},{"not_picked":["hexamod:FourthSeal","hexamod:DynamicBlow"],"picked":"hexamod:RetreatToShadows","floor":22},{"not_picked":["hexamod:ExtraCrispy","hexamod:InspiringFlames"],"picked":"hexamod:SpectersWail+1","floor":22},{"not_picked":["hexamod:BurningTouch+1","hexamod:HauntingEcho"],"picked":"hexamod:RetreatToShadows+1","floor":25},{"not_picked":["hexamod:SuperheatedStrike","hexamod:GhostShield"],"picked":"hexamod:GiftsFromTheDead","floor":26},{"not_picked":["hexamod:GhostShield","hexamod:NightmareStrike"],"picked":"hexamod:TimeWarp","floor":26},{"not_picked":["hexamod:GhostShield+1","hexamod:BacktrackSmack+1"],"picked":"hexamod:GhostflameBarrier","floor":28},{"not_picked":["hexamod:SkipABeat","hexamod:NightmareStrike+1"],"picked":"hexamod:Hexaguard+1","floor":28},{"not_picked":["hexamod:SuperheatedStrike+1","hexamod:BacktrackSmack"],"picked":"hexamod:GhostOfSpireFuture","floor":28},{"not_picked":["hexamod:ShieldOfDarkness+1","hexamod:GhostOfSpirePast","hexamod:ThermalTransfer"],"picked":"SKIP","floor":29},{"not_picked":["hexamod:ThermalTransfer+1","hexamod:Haunt+1"],"picked":"hexamod:RainOfEmbers","floor":30},{"not_picked":["hexamod:GhostOfSpirePresent","hexamod:GhostLash"],"picked":"hexamod:InspiringFlames+1","floor":30},{"not_picked":["hexamod:GhostOfSpirePast","hexamod:NecessarySacrifice","hexamod:ShieldOfDarkness"],"picked":"SKIP","floor":30},{"not_picked":["hexamod:FourthSeal","hexamod:GhostLash"],"picked":"hexamod:HeatCrush","floor":31},{"not_picked":["hexamod:DynamicBlow","hexamod:GhostShield"],"picked":"hexamod:HeatMetal","floor":31},{"not_picked":["hexamod:ShieldOfDarkness","hexamod:RetreatToShadows"],"picked":"hexamod:GhostflameInferno","floor":32},{"not_picked":["hexamod:GhostOfSpirePresent","hexamod:TimeWarp"],"picked":"hexamod:Toasty","floor":33},{"not_picked":["hexamod:ForkedFlame","hexamod:ApocalypseNow"],"picked":"hexamod:UnleashSpirits","floor":33},{"not_picked":["hexamod:SuperheatedStrike+1","hexamod:HeatMetal+1"],"picked":"hexamod:Hexaguard","floor":36},{"not_picked":["hexamod:Firestarter+1","hexamod:HauntingEcho"],"picked":"hexamod:Hexaguard","floor":37},{"not_picked":["The Bomb","Midas Touch"],"picked":"ReplayTheSpireMod:Brewmster","floor":38},{"not_picked":["Crow Ritual","Mind Blast"],"picked":"The Bomb","floor":38},{"not_picked":["Specialist","Panache"],"picked":"ReplayTheSpireMod:Private Reserves","floor":38},{"not_picked":["hexamod:GhostShield","hexamod:FlamesFromBeyond+1","hexamod:FastForward"],"picked":"Singing Bowl","floor":42},{"not_picked":["hexamod:DynamicBlow+1","hexamod:GhostShield","hexamod:EtherealExpedition"],"picked":"Singing Bowl","floor":46},{"not_picked":["hexamod:FifthSeal","hexamod:ApocalypseNow"],"picked":"hexamod:SoulSteal+1","floor":48},{"not_picked":["hexamod:GhostOfSpirePast+1","hexamod:ExtraCrispy+1"],"picked":"hexamod:HeatMetal+1","floor":48},{"not_picked":["hexamod:NightmareGuise+1","hexamod:SwordOfDarkness","hexamod:HauntingEcho"],"picked":"Singing Bowl","floor":49},{"not_picked":["hexamod:GhostLash","hexamod:PhantomFireball","hexamod:ExtraCrispy+1"],"picked":"Singing Bowl","floor":49},{"not_picked":["hexamod:NecessarySacrifice","hexamod:ChargedBarrage","hexamod:FlameSwitch"],"picked":"Singing Bowl","floor":52},{"not_picked":["hexamod:InspiringFlames","hexamod:BurningTouch"],"picked":"hexamod:ForkedFlame","floor":52}],"player_experience":2084590,"relics_obtained":[{"floor":6,"key":"Vajra"},{"floor":7,"key":"hexamod:BolsterEngine"},{"floor":9,"key":"Pocketwatch"},{"floor":12,"key":"Darkstone Periapt"},{"floor":25,"key":"Potion Belt"},{"floor":30,"key":"Durian"},{"floor":39,"key":"Replay:Bottled Snecko"},{"floor":41,"key":"Singing Bowl"},{"floor":48,"key":"Ginger"},{"floor":52,"key":"Replay:Wax Seal"}],"event_choices":[{"damage_healed":23,"gold_gain":0,"player_choice":"Banana","damage_taken":0,"max_hp_gain":0,"max_hp_loss":0,"event_name":"Big Fish","floor":5,"gold_loss":0}],"is_beta":false,"boss_relics":[{"not_picked":["Runic Dome","Busted Crown"],"picked":"Astrolabe"},{"not_picked":["ReplayTheSpireMod:DimensionalGlitch","Sozu"],"picked":"Empty Cage"}],"items_purged_floors":[11,21,38,53],"is_endless":false,"potions_floor_spawned":[6,9,14,16,25,28,29,31,32,33,37,42,46],"ascension_level":9}}