{"host":"1dhlu4qzehvrzpot","time":1613647056,"event":{"mods":["2.2 Compatiblity","AchievementEnabler","BaseMod","Block Reminder","Minty Spire (QoL Compilation)","Permanent Neow","Quick Restart","Rare Cards Sparkle","Relic Stats","Say the Spire","Slay-I","StSLib","SuperFastMode"],"gold_per_floor":[114,114,133,133,33,71,71,71,96,115,134,134,153,172,172,297,297,316,335,354,373,373,373,411,444,519,538,557,576,124,143,143,268,268,287,306,369,388,407,407,102,102,102,121,140,140,178,197,197,197],"floor_reached":51,"language":"ENG","playtime":864,"items_purged":["Wild Strike+1"],"score":957,"play_id":"6f072ad8-6299-447d-82d1-db604911c612","local_time":"20210218121736","daily_mods":["Cursed Run","Uncertain Future","Lethality"],"is_ascension_mode":false,"campfire_choices":[{"data":"Heavy Blade","floor":7,"key":"SMITH"},{"data":"Spot Weakness","floor":12,"key":"SMITH"},{"data":"Inflame","floor":15,"key":"SMITH"},{"data":"Shockwave","floor":23,"key":"SMITH"},{"data":"Limit Break","floor":32,"key":"SMITH"},{"data":"1","floor":40,"key":"LIFT"},{"data":"2","floor":46,"key":"LIFT"},{"data":"3","floor":49,"key":"LIFT"}],"circlet_count":0,"master_deck":["Bash","Spot Weakness+1","Injury","Anger+1","Heavy Blade+1","Flex+1","Inflame+1","Injury","Heavy Blade+1","Pommel Strike+1","Headbutt+1","Pain","Immolate+1","Disarm","Clash+1","Sentinel","Headbutt+1","Reaper+1","Power Through","Battle Trance","Feed+1","Sword Boomerang+1","Pummel+1","Shockwave+1","Metallicize","Decay","True Grit","Pummel+1","Limit Break+1","Whirlwind+1","Exhume","CurseOfTheBell","Heavy Blade+1","Fire Breathing+1","Limit Break","Regret","Offering","Pommel Strike+1","Normality"],"relics":["Cursed Key","Darkstone Periapt","Du-Vu Doll","Golden Idol","Molten Egg 2","Smiling Mask","Pandora\u0027s Box","Strawberry","Red Mask","Bottled Tornado","Matryoshka","Calling Bell","Oddly Smooth Stone","Eternal Feather","Girya","Ice Cream","Brimstone","Boot","Art of War","Toxic Egg 2"],"acts_visited":["Exordium","TheCity","TheBeyond"],"potions_floor_usage":[6,14,19,21,24,25,27,28,38,44,47],"damage_taken":[{"damage":4,"enemies":"Jaw Worm","floor":1,"turns":2},{"damage":0,"enemies":"2 Louse","floor":3,"turns":2},{"damage":0,"enemies":"Gremlin Nob","floor":6,"turns":2},{"damage":0,"enemies":"Cultist","floor":10,"turns":2},{"damage":0,"enemies":"Looter","floor":11,"turns":1},{"damage":15,"enemies":"Blue Slaver","floor":13,"turns":2},{"damage":3,"enemies":"Exordium Wildlife","floor":14,"turns":3},{"damage":30,"enemies":"The Guardian","floor":16,"turns":5},{"damage":16,"enemies":"Chosen","floor":18,"turns":2},{"damage":42,"enemies":"3 Byrds","floor":19,"turns":2},{"damage":0,"enemies":"Shelled Parasite and Fungi","floor":20,"turns":1},{"damage":15,"enemies":"Cultist and Chosen","floor":21,"turns":3},{"damage":13,"enemies":"Book of Stabbing","floor":24,"turns":2},{"damage":0,"enemies":"Masked Bandits","floor":25,"turns":2},{"damage":0,"enemies":"Snake Plant","floor":27,"turns":1},{"damage":17,"enemies":"Chosen and Byrds","floor":28,"turns":3},{"damage":0,"enemies":"Cultist and Chosen","floor":29,"turns":2},{"damage":0,"enemies":"Snake Plant","floor":31,"turns":1},{"damage":33,"enemies":"Automaton","floor":33,"turns":4},{"damage":15,"enemies":"3 Darklings","floor":35,"turns":2},{"damage":0,"enemies":"Orb Walker","floor":36,"turns":1},{"damage":63,"enemies":"Mind Bloom Boss Battle","floor":37,"turns":4},{"damage":2,"enemies":"Writhing Mass","floor":38,"turns":3},{"damage":0,"enemies":"Jaw Worm Horde","floor":39,"turns":2},{"damage":40,"enemies":"4 Shapes","floor":44,"turns":3},{"damage":22,"enemies":"3 Darklings","floor":45,"turns":2},{"damage":0,"enemies":"Reptomancer","floor":47,"turns":2},{"damage":10,"enemies":"Jaw Worm Horde","floor":48,"turns":2},{"damage":92,"enemies":"Awakened One","floor":50,"turns":5}],"seed_played":"-4060160915487772418","potions_obtained":[{"floor":1,"key":"FearPotion"},{"floor":6,"key":"Fire Potion"},{"floor":10,"key":"Dexterity Potion"},{"floor":14,"key":"Fire Potion"},{"floor":19,"key":"SkillPotion"},{"floor":20,"key":"PowerPotion"},{"floor":21,"key":"Regen Potion"},{"floor":25,"key":"DistilledChaos"},{"floor":27,"key":"SkillPotion"},{"floor":35,"key":"HeartOfIron"},{"floor":37,"key":"Block Potion"},{"floor":38,"key":"DistilledChaos"},{"floor":45,"key":"SteroidPotion"},{"floor":48,"key":"Fire Potion"}],"is_trial":false,"path_per_floor":["M","?","M","?","$","E","R","?","T","M","M","R","M","M","R","B",null,"M","M","M","M","?","R","E","?","T","M","M","M","$","M","R","B",null,"M","M","?","M","M","R","$","?","T","M","M","R","E","M","R","B",null],"character_chosen":"IRONCLAD","items_purchased":["Heavy Blade","Flex","Limit Break","Matryoshka","Whirlwind+1","Brimstone","Limit Break"],"campfire_rested":0,"item_purchase_floors":[5,5,30,30,30,41,41],"current_hp_per_floor":[76,82,82,82,82,82,82,65,71,71,71,71,56,53,53,29,98,82,44,81,66,66,66,65,65,71,71,54,54,54,54,54,90,127,121,125,62,60,60,81,81,81,87,125,115,136,136,130,141,79],"gold":197,"neow_bonus":"","is_daily":true,"chose_seed":false,"campfire_upgraded":5,"win_rate":0.0,"timestamp":1613647056,"path_taken":["M","?","M","?","$","E","R","?","T","M","M","R","M","M","R","BOSS","M","M","M","M","?","R","E","?","T","M","M","?","$","M","R","BOSS","M","M","?","M","M","R","$","?","T","?","M","R","E","M","R","BOSS"],"items_purchased_type":["Card","Card","Card","Relic","Card","Relic","Card"],"build_version":"2020-12-22","purchased_purges":1,"victory":true,"max_hp_per_floor":[80,86,86,86,86,86,86,86,92,92,92,92,92,92,92,98,98,98,102,102,102,102,102,109,109,115,115,115,115,115,115,115,121,127,127,131,131,131,131,131,131,131,137,137,137,137,137,141,141,151],"relic_stats":{"Darkstone Periapt":48,"counters":[29,68],"Golden Idol":199,"Pandora\u0027s Box":["Disarm","Clash","Wild Strike","Sentinel","Headbutt","Reaper","Power Through","Battle Trance","Feed"],"Eternal Feather":53,"Art of War":[0],"Cursed Key":3,"Smiling Mask":25,"Boot":[0],"obtain_stats":[{"Darkstone Periapt":0,"Ice Cream":37,"Girya":34,"Golden Idol":2,"Oddly Smooth Stone":34,"Eternal Feather":34,"Bottled Tornado":26,"Cursed Key":0,"Smiling Mask":9,"Boot":43,"Du-Vu Doll":0,"Calling Bell":34,"Matryoshka":30,"Brimstone":41,"Strawberry":24,"Molten Egg 2":6,"Pandora\u0027s Box":17,"Red Mask":25,"Art of War":43,"Toxic Egg 2":47},{"Darkstone Periapt":0,"Ice Cream":22,"Girya":19,"Golden Idol":1,"Oddly Smooth Stone":19,"Eternal Feather":19,"Bottled Tornado":14,"Cursed Key":0,"Smiling Mask":3,"Boot":24,"Du-Vu Doll":0,"Calling Bell":19,"Matryoshka":17,"Brimstone":24,"Strawberry":13,"Molten Egg 2":3,"Pandora\u0027s Box":8,"Red Mask":14,"Art of War":24,"Toxic Egg 2":27},{"Darkstone Periapt":0,"Ice Cream":49,"Girya":42,"Golden Idol":2,"Oddly Smooth Stone":42,"Eternal Feather":42,"Bottled Tornado":31,"Cursed Key":0,"Smiling Mask":6,"Boot":54,"Du-Vu Doll":0,"Calling Bell":42,"Matryoshka":37,"Brimstone":54,"Strawberry":29,"Molten Egg 2":6,"Pandora\u0027s Box":19,"Red Mask":31,"Art of War":54,"Toxic Egg 2":61}]},"card_choices":[{"not_picked":["Cleave","Evolve"],"picked":"Spot Weakness","floor":1},{"not_picked":["Body Slam","Sentinel"],"picked":"Anger","floor":3},{"not_picked":["Entrench","Body Slam+1"],"picked":"Inflame","floor":6},{"not_picked":["True Grit","Warcry"],"picked":"Heavy Blade+1","floor":10},{"not_picked":["Reckless Charge+1","Clash+1","Sentinel"],"picked":"SKIP","floor":11},{"not_picked":["Rupture","Sword Boomerang+1"],"picked":"Pommel Strike+1","floor":13},{"not_picked":["Hemokinesis+1","Inflame"],"picked":"Headbutt+1","floor":14},{"not_picked":["Demon Form","Bludgeon+1"],"picked":"Immolate+1","floor":16},{"not_picked":["Rage","Inflame","Feel No Pain+1"],"picked":"SKIP","floor":18},{"not_picked":["Wild Strike+1","Anger+1"],"picked":"Sword Boomerang+1","floor":19},{"not_picked":["Entrench+1","Wild Strike+1"],"picked":"Pummel+1","floor":20},{"not_picked":["Dark Embrace","Twin Strike+1"],"picked":"Shockwave","floor":21},{"not_picked":["Iron Wave+1","Infernal Blade","Body Slam+1"],"picked":"SKIP","floor":24},{"not_picked":["Flex","Blood for Blood+1"],"picked":"Metallicize","floor":25},{"not_picked":["Headbutt+1","Second Wind","Searing Blow+1"],"picked":"SKIP","floor":27},{"not_picked":["Power Through","Flex"],"picked":"True Grit","floor":28},{"not_picked":["Shrug It Off","Pommel Strike+1"],"picked":"Pummel+1","floor":29},{"not_picked":["Shrug It Off","Perfected Strike+1","Searing Blow+1"],"picked":"SKIP","floor":31},{"not_picked":["Bludgeon+1","Barricade"],"picked":"Exhume","floor":33},{"not_picked":["Twin Strike+1","Clothesline+1"],"picked":"Heavy Blade+1","floor":35},{"not_picked":["Wild Strike+1","Bloodletting+1","Intimidate"],"picked":"SKIP","floor":36},{"not_picked":["Body Slam+1","Wild Strike+1","Flex"],"picked":"SKIP","floor":38},{"not_picked":["Warcry+1","Body Slam+1"],"picked":"Fire Breathing+1","floor":39},{"not_picked":["Havoc","Shockwave+1"],"picked":"Offering","floor":44},{"not_picked":["Wild Strike+1","Bloodletting"],"picked":"Pommel Strike+1","floor":45},{"not_picked":["Ghostly Armor+1","Cleave+1","Inflame"],"picked":"SKIP","floor":47},{"not_picked":["Cleave+1","Hemokinesis+1","Shrug It Off+1"],"picked":"SKIP","floor":48}],"player_experience":541950,"relics_obtained":[{"floor":6,"key":"Molten Egg 2"},{"floor":9,"key":"Smiling Mask"},{"floor":24,"key":"Strawberry"},{"floor":25,"key":"Red Mask"},{"floor":26,"key":"Bottled Tornado"},{"floor":34,"key":"Oddly Smooth Stone"},{"floor":34,"key":"Eternal Feather"},{"floor":34,"key":"Girya"},{"floor":37,"key":"Ice Cream"},{"floor":43,"key":"Boot"},{"floor":43,"key":"Art of War"},{"floor":47,"key":"Toxic Egg 2"}],"event_choices":[{"damage_healed":0,"gold_gain":0,"player_choice":"Take Wound","damage_taken":0,"relics_obtained":["Golden Idol"],"max_hp_gain":0,"max_hp_loss":0,"event_name":"Golden Idol","floor":2,"gold_loss":0,"cards_obtained":["Injury"]},{"damage_healed":0,"gold_gain":0,"player_choice":"Leave","damage_taken":0,"max_hp_gain":0,"max_hp_loss":0,"event_name":"The Cleric","floor":4,"gold_loss":0},{"damage_healed":0,"gold_gain":0,"player_choice":"Entered Light","damage_taken":17,"max_hp_gain":0,"max_hp_loss":0,"event_name":"Shining Light","floor":8,"gold_loss":0,"cards_upgraded":["Anger","Flex"]},{"damage_healed":0,"gold_gain":0,"player_choice":"Ignored","damage_taken":0,"max_hp_gain":0,"max_hp_loss":0,"event_name":"Vampires","floor":22,"gold_loss":0},{"damage_healed":0,"gold_gain":0,"player_choice":"Fought Bandits","damage_taken":0,"max_hp_gain":0,"max_hp_loss":0,"event_name":"Masked Bandits","floor":25,"gold_loss":0},{"damage_healed":0,"gold_gain":0,"player_choice":"Fight","damage_taken":0,"max_hp_gain":0,"max_hp_loss":0,"event_name":"MindBloom","floor":37,"gold_loss":0},{"cards_removed":["Normality"],"damage_healed":0,"gold_gain":0,"player_choice":"Purged","damage_taken":0,"max_hp_gain":0,"max_hp_loss":0,"event_name":"Purifier","floor":42,"gold_loss":0}],"is_beta":false,"boss_relics":[{"not_picked":["SlaversCollar","Runic Dome"],"picked":"Pandora\u0027s Box"},{"not_picked":["Runic Pyramid","Fusion Hammer"],"picked":"Calling Bell"}],"items_purged_floors":[30],"is_endless":false,"potions_floor_spawned":[1,6,10,14,19,20,21,25,27,35,37,38,45,48],"ascension_level":0}}