{"host":"6ggzka4dag2kvku2","time":1613662573,"event":{"mods":["AchievementEnabler","BaseMod","DeckTracker","Minty Spire (QoL Compilation)","Permanent Neow","Quick Restart","SuperFastMode"],"gold_per_floor":[111,128,145,157,167,201,214,214,214,214,226,226,285,318,318,416,466,451,451],"floor_reached":18,"language":"KOR","playtime":477,"items_purged":[],"score":174,"play_id":"b28b8989-4ea5-4295-8a5f-33911a41fc3e","local_time":"20210219003613","is_ascension_mode":false,"campfire_choices":[{"data":"Body Slam","floor":8,"key":"SMITH"},{"data":"Flex","floor":10,"key":"SMITH"},{"data":"Power Through","floor":12,"key":"SMITH"},{"floor":15,"key":"REST"}],"circlet_count":0,"master_deck":["Strike_R","Strike_R","Strike_R+1","Strike_R","Defend_R","Defend_R","Defend_R","Bash","Pommel Strike","Impervious","Flex+1","Headbutt","Body Slam+1","Clash","Offering","Power Through+1","True Grit","Evolve","Demon Form","Combust"],"relics":["Burning Blood","Gremlin Horn","Bag of Preparation","Prayer Wheel","Regal Pillow","Tiny House"],"acts_visited":["Exordium","TheCity"],"potions_floor_usage":[6,16],"damage_taken":[{"damage":1,"enemies":"Cultist","floor":1,"turns":3},{"damage":0,"enemies":"Small Slimes","floor":2,"turns":3},{"damage":11,"enemies":"Jaw Worm","floor":3,"turns":2},{"damage":24,"enemies":"Red Slaver","floor":4,"turns":5},{"damage":5,"enemies":"Looter","floor":5,"turns":3},{"damage":51,"enemies":"3 Sentries","floor":6,"turns":12},{"damage":0,"enemies":"Large Slime","floor":7,"turns":4},{"damage":0,"enemies":"2 Fungi Beasts","floor":11,"turns":1},{"damage":6,"enemies":"Gremlin Nob","floor":13,"turns":1},{"damage":14,"enemies":"Lagavulin","floor":14,"turns":4},{"damage":58,"enemies":"Hexaghost","floor":16,"turns":9},{"damage":10,"enemies":"2 Thieves","floor":18,"turns":1}],"seed_played":"-5342739481847517235","potions_obtained":[{"floor":1,"key":"BlessingOfTheForge"},{"floor":3,"key":"Regen Potion"},{"floor":5,"key":"Fire Potion"},{"floor":14,"key":"LiquidMemories"},{"floor":17,"key":"BloodPotion"}],"is_trial":false,"path_per_floor":["M","M","M","M","M","E","M","R","T","R","M","R","?","E","R","B",null,"M"],"character_chosen":"IRONCLAD","items_purchased":[],"campfire_rested":1,"item_purchase_floors":[],"current_hp_per_floor":[72,72,67,49,50,20,26,26,26,26,32,32,32,24,60,8,77,67,67],"gold":451,"neow_bonus":"TRANSFORM_TWO_CARDS","is_daily":false,"chose_seed":false,"campfire_upgraded":3,"win_rate":0.0,"timestamp":1613662573,"path_taken":["M","M","M","M","?","E","M","R","T","R","M","R","?","E","R","BOSS","M"],"items_purchased_type":[],"build_version":"2020-12-22","purchased_purges":0,"victory":false,"max_hp_per_floor":[72,72,72,72,72,72,72,72,72,72,72,72,72,72,72,72,77,77,77],"card_choices":[{"not_picked":["Flame Barrier","Havoc"],"picked":"Flex","floor":1},{"not_picked":["Warcry","Feel No Pain"],"picked":"Headbutt","floor":2},{"not_picked":["Sentinel","Headbutt","Anger"],"picked":"SKIP","floor":3},{"not_picked":["Iron Wave","Feel No Pain"],"picked":"Body Slam","floor":4},{"not_picked":["Warcry","Searing Blow"],"picked":"Clash","floor":5},{"not_picked":["Reckless Charge","Flame Barrier"],"picked":"Offering","floor":6},{"not_picked":["Reckless Charge","Flex","Clothesline"],"picked":"SKIP","floor":7},{"not_picked":["Wild Strike","Shockwave"],"picked":"Power Through","floor":11},{"not_picked":["Warcry","Wild Strike"],"picked":"True Grit","floor":13},{"not_picked":["Spot Weakness","Iron Wave"],"picked":"Evolve","floor":14},{"not_picked":["Immolate","Exhume"],"picked":"Demon Form","floor":16},{"not_picked":["Twin Strike","Seeing Red"],"picked":"Combust","floor":17}],"player_experience":70232,"relics_obtained":[{"floor":6,"key":"Gremlin Horn"},{"floor":9,"key":"Bag of Preparation"},{"floor":13,"key":"Prayer Wheel"},{"floor":14,"key":"Regal Pillow"}],"event_choices":[{"damage_healed":0,"gold_gain":0,"player_choice":"Searched \u00271\u0027 times","damage_taken":0,"max_hp_gain":0,"max_hp_loss":0,"event_name":"Dead Adventurer","floor":13,"gold_loss":0}],"is_beta":false,"boss_relics":[{"not_picked":["Coffee Dripper","Black Star"],"picked":"Tiny House"}],"items_purged_floors":[],"is_endless":false,"potions_floor_spawned":[1,3,5,14],"killed_by":"2 Thieves","ascension_level":0}}