{"host":"bgyhjzqafgkxdxsh","time":1613650296,"event":{"mods":["BaseMod","Colored Map","Downfall","Minty Spire (QoL Compilation)","Relic Stats","StSLib","everything is the same but u backflip on backflip"],"gold_per_floor":[99,119,27,27,202,187,213,229,560,580,480,480,480,505,521,521,521,521],"floor_reached":16,"language":"ENG","playtime":823,"items_purged":[],"score":113,"play_id":"1913e414-bffe-434d-8320-95f19c940f52","local_time":"20210218221136","is_ascension_mode":true,"campfire_choices":[{"floor":1,"key":"RECALL"},{"data":"hexamod:SpectralAdrenaline","floor":11,"key":"SMITH"},{"floor":13,"key":"REST"}],"circlet_count":0,"master_deck":["hexamod:Strike","hexamod:Strike","hexamod:Strike+1","hexamod:Strike","hexamod:Defend+1","hexamod:Defend","hexamod:Defend","hexamod:Defend+1","hexamod:Sear","hexamod:Float","hexamod:ThirdSeal","hexamod:SpectralAdrenaline+1","hexamod:FastForward","hexamod:StepThrough","hexamod:FourthSeal","hexamod:Hexaguard","hexamod:Haunt","hexamod:EtherealExpedition","hexamod:AdvancingGuard"],"relics":["hexamod:SpiritBrand","Omamori","MealTicket","Old Coin","downfall:HeartBlessingRed","Art of War"],"acts_visited":["Exordium"],"potions_floor_usage":[10,15,15,16],"damage_taken":[{"damage":0,"enemies":"Cultist","floor":2,"turns":3},{"damage":0,"enemies":"downfall:FleeingMerchant","floor":3,"turns":4},{"damage":10,"enemies":"downfall:FleeingMerchant","floor":6,"turns":4},{"damage":0,"enemies":"Small Slimes","floor":8,"turns":3},{"damage":36,"enemies":"Gremlin Nob","floor":9,"turns":6},{"damage":6,"enemies":"Jaw Worm","floor":10,"turns":2},{"damage":10,"enemies":"Lagavulin","floor":14,"turns":6},{"damage":19,"enemies":"Gremlin Gang","floor":15,"turns":3},{"damage":10,"enemies":"WA_ARCHETYPE_RETAIN","floor":16,"turns":4}],"seed_played":"-49127548038011407","potions_obtained":[{"floor":8,"key":"Regen Potion"},{"floor":9,"key":"bronze:BurnAndBuffPotion"},{"floor":9,"key":"hexamod:EctoCoolerPotion"},{"floor":14,"key":"DistilledChaos"},{"floor":15,"key":"AttackPotion"}],"is_trial":false,"path_per_floor":["R","M","$","?","?","$","T","M","E","M","R","?","R","E","M","B"],"character_chosen":"THE_SPIRIT","items_purchased":["hexamod:StepThrough"],"campfire_rested":1,"item_purchase_floors":[3],"current_hp_per_floor":[70,70,70,70,70,60,60,60,24,18,18,6,27,17,10,0,0,0],"gold":521,"neow_bonus":"RANDOM_COMMON_RELIC","is_daily":false,"chose_seed":false,"campfire_upgraded":1,"win_rate":0.0,"timestamp":1613650296,"path_taken":["R","M","?","?","?","$","T","M","E","M","R","?","R","E","M","BOSS"],"items_purchased_type":["Card"],"build_version":"2020-12-22","purchased_purges":0,"victory":false,"max_hp_per_floor":[70,70,70,70,70,70,70,70,70,70,70,70,70,70,70,70,70,70],"relic_stats":{"counters":[9,35],"MealTicket":0,"Art of War":[0],"obtain_stats":[{"downfall:HeartBlessingRed":11,"MealTicket":7,"Omamori":0,"Art of War":14,"hexamod:SpiritBrand":0,"Old Coin":9},{"downfall:HeartBlessingRed":6,"MealTicket":3,"Omamori":0,"Art of War":7,"hexamod:SpiritBrand":0,"Old Coin":5},{"downfall:HeartBlessingRed":22,"MealTicket":11,"Omamori":0,"Art of War":28,"hexamod:SpiritBrand":0,"Old Coin":20}]},"card_choices":[{"not_picked":["hexamod:GhostLash","hexamod:FourthSeal"],"picked":"hexamod:ThirdSeal","floor":2},{"not_picked":["hexamod:SoulSteal","hexamod:PowerFromBeyond"],"picked":"hexamod:SpectralAdrenaline","floor":3},{"not_picked":["hexamod:ThermalTransfer","hexamod:FlamesFromBeyond"],"picked":"hexamod:FastForward","floor":3},{"not_picked":["hexamod:GhostLash","hexamod:SpectersWail"],"picked":"hexamod:FourthSeal","floor":6},{"not_picked":["hexamod:Again","hexamod:BurningTouch","hexamod:HauntingEcho"],"picked":"SKIP","floor":6},{"not_picked":["hexamod:EmpoweredFlame","hexamod:SwordOfDarkness"],"picked":"hexamod:Hexaguard","floor":8},{"not_picked":["hexamod:ChargedBarrage","hexamod:RecurringNightmare","hexamod:NightmareGuise"],"picked":"SKIP","floor":8},{"not_picked":["hexamod:GhostShield","hexamod:FlamesFromBeyond"],"picked":"hexamod:Haunt","floor":9},{"not_picked":["hexamod:NecessarySacrifice","hexamod:ShieldOfDarkness","hexamod:BacktrackSmack"],"picked":"SKIP","floor":9},{"not_picked":["hexamod:HauntingEcho","hexamod:HeatCrush"],"picked":"hexamod:EtherealExpedition","floor":10},{"not_picked":["hexamod:BurningTouch","hexamod:SpectersWail","hexamod:NightmareGuise"],"picked":"SKIP","floor":10},{"not_picked":["hexamod:Toasty","hexamod:SuperheatedStrike","hexamod:HauntingEcho"],"picked":"SKIP","floor":14},{"not_picked":["hexamod:CatchUp","hexamod:GhostOfSpirePast","hexamod:Hexaguard"],"picked":"SKIP","floor":14},{"not_picked":["hexamod:HauntingEcho","hexamod:PhantomFireball"],"picked":"hexamod:AdvancingGuard","floor":15},{"not_picked":["hexamod:InspiringFlames","hexamod:SpectersWail","hexamod:HeatMetal"],"picked":"SKIP","floor":15}],"player_experience":589591,"relics_obtained":[{"floor":7,"key":"MealTicket"},{"floor":9,"key":"Old Coin"},{"floor":14,"key":"Art of War"}],"event_choices":[{"damage_healed":0,"gold_gain":0,"player_choice":"Fled","damage_taken":12,"max_hp_gain":0,"max_hp_loss":0,"event_name":"Scrap Ooze","floor":12,"gold_loss":0}],"is_beta":false,"boss_relics":[],"items_purged_floors":[],"is_endless":false,"potions_floor_spawned":[9,14],"killed_by":"WA_ARCHETYPE_RETAIN","ascension_level":1}}