{"host":"89iuq2p5kwriuwfq","time":1613648821,"event":{"mods":["BaseMod","Curses Come First","Minty Spire (QoL Compilation)","Permanent Neow","StSLib"],"gold_per_floor":[115,190,204,204,222,222,251,264,264,23,51,51,69,107,107,197,197,220,220,7,7,23,64,27,27,27,43,81,101,101,101],"floor_reached":30,"language":"ENG","playtime":1314,"items_purged":[],"score":475,"play_id":"bb4dd7cc-c6f8-41ef-85a7-41d8dd084118","local_time":"20210218114701","is_ascension_mode":true,"campfire_choices":[{"data":"Rip and Tear","floor":6,"key":"SMITH"},{"data":"Go for the Eyes","floor":15,"key":"SMITH"},{"data":"Aggregate","floor":25,"key":"SMITH"}],"circlet_count":0,"master_deck":["AscendersBane","Sweeping Beam","Rip and Tear+1","Cold Snap","Go for the Eyes+1","Ball Lightning+1","Glacier","All For One+1","Auto Shields","Aggregate+1","Gash+1","Steam","Barrage+1","Beam Cell+1","Meteor Strike+1","Buffer","Compile Driver+1","Recycle","Heatsinks","Storm","All For One+1","Reboot","Loop","Go for the Eyes+1","Fusion+1"],"relics":["Cracked Core","War Paint","Du-Vu Doll","Pear","Singing Bowl","Eternal Feather","Molten Egg 2","Golden Idol","Darkstone Periapt","Nloth\u0027s Gift","Runic Capacitor","Art of War","Matryoshka","Toxic Egg 2"],"acts_visited":["Exordium","TheCity"],"potions_floor_usage":[8,23,28,28,29],"damage_taken":[{"damage":0,"enemies":"Jaw Worm","floor":1,"turns":3},{"damage":0,"enemies":"2 Louse","floor":3,"turns":4},{"damage":8,"enemies":"Small Slimes","floor":5,"turns":3},{"damage":22,"enemies":"Gremlin Nob","floor":7,"turns":4},{"damage":5,"enemies":"Exordium Thugs","floor":8,"turns":3},{"damage":6,"enemies":"Lagavulin","floor":11,"turns":6},{"damage":1,"enemies":"Blue Slaver","floor":13,"turns":2},{"damage":12,"enemies":"Gremlin Nob","floor":14,"turns":3},{"damage":14,"enemies":"Hexaghost","floor":16,"turns":10},{"damage":8,"enemies":"Spheric Guardian","floor":18,"turns":3},{"damage":19,"enemies":"2 Thieves","floor":22,"turns":4},{"damage":13,"enemies":"Book of Stabbing","floor":23,"turns":4},{"damage":2,"enemies":"Snecko","floor":27,"turns":3},{"damage":18,"enemies":"Slavers","floor":28,"turns":2},{"damage":18,"enemies":"Snake Plant","floor":29,"turns":4},{"damage":4,"enemies":"Gremlin Leader","floor":30,"turns":1}],"seed_played":"4791228780256782343","potions_obtained":[{"floor":3,"key":"LiquidBronze"},{"floor":7,"key":"Fruit Juice"},{"floor":8,"key":"EssenceOfSteel"},{"floor":23,"key":"AttackPotion"},{"floor":28,"key":"AttackPotion"}],"is_trial":false,"path_per_floor":["M","?","M","?","M","R","E","M","T","$","E","?","M","E","R","B",null,"M","?","$","?","M","E","$","R","T","M","E","M","E"],"character_chosen":"DEFECT","items_purchased":["Eternal Feather","Runic Capacitor","Recycle","Loop"],"campfire_rested":0,"item_purchase_floors":[10,20,20,24],"current_hp_per_floor":[68,57,57,54,46,46,34,34,34,34,28,28,27,17,26,12,67,59,59,59,59,40,27,27,39,39,37,19,3,0,0],"gold":101,"neow_bonus":"RANDOM_COMMON_RELIC","is_daily":false,"chose_seed":false,"campfire_upgraded":3,"win_rate":0.0,"timestamp":1613648821,"path_taken":["M","?","M","?","M","R","E","M","T","$","E","?","M","E","R","BOSS","M","?","?","?","M","E","$","R","T","M","E","M","E"],"items_purchased_type":["Relic","Relic","Card","Card"],"build_version":"2020-12-22","purchased_purges":0,"victory":false,"max_hp_per_floor":[75,75,75,75,75,75,85,90,90,90,90,83,83,85,85,85,85,85,85,85,85,85,85,85,85,85,85,85,87,87,87],"card_choices":[{"not_picked":["Turbo","Go for the Eyes","Rebound"],"picked":"SKIP","floor":1},{"not_picked":["Leap","Hello World"],"picked":"Sweeping Beam","floor":3},{"not_picked":["Sweeping Beam","Recycle"],"picked":"Rip and Tear","floor":5},{"not_picked":["Rebound","Double Energy"],"picked":"Cold Snap","floor":7},{"not_picked":["Blizzard","Sweeping Beam"],"picked":"Go for the Eyes","floor":8},{"not_picked":["Seek","Static Discharge"],"picked":"Ball Lightning+1","floor":11},{"not_picked":["Blizzard+1","Leap"],"picked":"Glacier","floor":13},{"not_picked":["Steam","Stack","Recycle"],"picked":"Singing Bowl","floor":14},{"not_picked":["Biased Cognition","Fission"],"picked":"All For One+1","floor":16},{"not_picked":["Rebound+1","Loop"],"picked":"Compile Driver+1","floor":18},{"not_picked":["Cold Snap+1","Chaos"],"picked":"All For One+1","floor":22},{"not_picked":["Melter+1","BootSequence"],"picked":"Reboot","floor":23},{"not_picked":["Coolheaded+1","BootSequence"],"picked":"Go for the Eyes+1","floor":27},{"not_picked":["Electrodynamics","Steam+1"],"picked":"Fusion+1","floor":28},{"not_picked":["Chill+1","Conserve Battery+1","Redo+1"],"picked":"Singing Bowl","floor":29}],"player_experience":714405,"relics_obtained":[{"floor":7,"key":"Pear"},{"floor":9,"key":"Singing Bowl"},{"floor":11,"key":"Molten Egg 2"},{"floor":14,"key":"Darkstone Periapt"},{"floor":23,"key":"Art of War"},{"floor":26,"key":"Matryoshka"},{"floor":28,"key":"Toxic Egg 2"}],"event_choices":[{"damage_healed":0,"gold_gain":75,"player_choice":"Gather Gold","damage_taken":11,"max_hp_gain":0,"max_hp_loss":0,"event_name":"World of Goop","floor":2,"gold_loss":0},{"damage_healed":0,"gold_gain":0,"player_choice":"Success","damage_taken":3,"relics_obtained":["Du-Vu Doll"],"max_hp_gain":0,"max_hp_loss":0,"event_name":"Scrap Ooze","floor":4,"gold_loss":0},{"damage_healed":0,"gold_gain":0,"player_choice":"Lose Max HP","damage_taken":0,"relics_obtained":["Golden Idol"],"max_hp_gain":0,"max_hp_loss":7,"event_name":"Golden Idol","floor":12,"gold_loss":0},{"damage_healed":0,"gold_gain":0,"player_choice":"Traded Relic","damage_taken":0,"relics_obtained":["Nloth\u0027s Gift"],"max_hp_gain":0,"max_hp_loss":0,"event_name":"N\u0027loth","floor":19,"relics_lost":["Pandora\u0027s Box"],"gold_loss":0},{"damage_healed":0,"gold_gain":0,"cards_transformed":["Dualcast","Zap"],"player_choice":"Became Test Subject","damage_taken":0,"max_hp_gain":0,"max_hp_loss":0,"event_name":"Drug Dealer","floor":21,"gold_loss":0,"cards_obtained":["Heatsinks","Storm"]}],"is_beta":false,"boss_relics":[{"not_picked":["Philosopher\u0027s Stone","Sozu"],"picked":"Pandora\u0027s Box"}],"items_purged_floors":[],"is_endless":false,"potions_floor_spawned":[3,7,8,13,18,23,28],"killed_by":"Gremlin Leader","ascension_level":13}}