{"host":"s924z949m5wc23z2","time":1613643386,"event":{"mods":["100% Spire Juice","ATMod(∞¢Ë™Mod)","Act Like it!","Arknights","Ascension Reborn","BaseMod","Colored Map","Colored Powertips","Conspire","Downfall","Infinite Spire","Lobotomy","LobotomyExtend","Luminous","Marisa£®ÏF”Í°°ƒß¿Ì…≥£©","Minty Spire (QoL Compilation)","Reimu£®≤©¿ˆ¡È√Œ£©","Reliquary","Replay The Spire","StSLib","WarShipGirlsR/’ΩΩ¢…Ÿ≈ÆR mod","Youmu£®ªÍ∆«—˝√Œ£©","Yuyuko","noobMod"],"gold_per_floor":[111,129,129,41,51,78,78,7,80,80,96,96,96,96,126,136,136,232,232,246,336,336],"floor_reached":21,"language":"ZHS","playtime":1781,"items_purged":[],"score":326,"play_id":"ccb864eb-6289-4ada-bedd-2335df8a753a","local_time":"20210218191626","is_ascension_mode":true,"campfire_choices":[{"data":"AT_WarpDrive","floor":7,"key":"SMITH"},{"data":"Tools of the Trade","floor":14,"key":"SMITH"},{"data":"AT_ArcaneSupremacy","floor":17,"key":"SMITH"}],"circlet_count":0,"master_deck":["Strike_G","Strike_G","Strike_G","Strike_G","Strike_G","Defend_G","Defend_G","Defend_G","Defend_G","Defend_G","Survivor","Neutralize","AT_WarpDrive+1","SpiderBud","Tools of the Trade+1","Wellcheers","Blade Dance","Backstab","Backflip","MHz","Toxin Wave","Accuracy","AT_ArcaneSupremacy+1","Caltrops+1","Murderer","ReplayTheSpireMod:Shiv Toss","Blade Dance","Envenom+1","CurseOfTheBell","Scarecrow","Blur","Swift Strike","Flash of Steel","AT_Homeward","Dramatic Entrance","AT_Homeward","ReplayTheSpireMod:Private Reserves"],"relics":["Ring of the Snake","AT_ATBox","ice","CogitoBucket","RabbitCall","LetterFromLob","reliquary:Aerogel","reliquary:Spinner","Frozen Egg 2","HornCleat","ResearcherNote","Calling Bell","ReplayTheSpireMod:Lightbulb","Counterbalance"],"acts_visited":["Exordium","TheCity"],"potions_floor_usage":[18,18,18],"damage_taken":[{"damage":12,"enemies":"Jaw Worm","floor":1,"turns":8},{"damage":7,"enemies":"ats:Genji","floor":2,"turns":4},{"damage":1,"enemies":"Cultist","floor":5,"turns":3},{"damage":125,"enemies":"Gremlin Nob","floor":6,"turns":8},{"damage":0,"enemies":"2 Fungi Beasts","floor":11,"turns":1},{"damage":0,"enemies":"Replay:BlueRogue","floor":15,"turns":1},{"damage":5,"enemies":"conspire:2 RoseBushes","floor":16,"turns":3},{"damage":0,"enemies":"Hexaghost","floor":18,"turns":2},{"damage":0,"enemies":"Shell Parasite","floor":20,"turns":2}],"seed_played":"813174607881303701","potions_obtained":[{"floor":1,"key":"FearPotion"},{"floor":2,"key":"ColorlessPotion"},{"floor":11,"key":"Slimebound:ThreeZeroPotion"},{"floor":15,"key":"CunningPotion"},{"floor":20,"key":"GrandPatriotsElixir:ReiMu"}],"is_trial":false,"path_per_floor":["M","M","?","$","M","E","R","$","T","?","M","PTL","PTL","R","E","M","R","B",null,"M","?"],"character_chosen":"THE_SILENT","items_purchased":["Backstab","Backflip","AT_ArcaneSupremacy"],"campfire_rested":0,"item_purchase_floors":[4,4,8],"current_hp_per_floor":[58,51,51,51,53,72,72,72,72,72,72,72,72,72,72,76,76,76,76,76,19,19],"gold":336,"neow_bonus":"","is_daily":false,"chose_seed":false,"campfire_upgraded":3,"win_rate":0.0,"timestamp":1613643386,"path_taken":["M","M","?","?","M","E","R","$","T","?","M","PTL","PTL","R","E","M","R","BOSS","M","?"],"items_purchased_type":["Card","Card","Card"],"build_version":"2020-12-22","purchased_purges":0,"victory":false,"max_hp_per_floor":[70,70,70,70,70,72,72,72,72,72,72,72,72,72,72,76,76,76,76,76,76,76],"card_choices":[{"not_picked":["OSAHOGD","Bloodbath"],"picked":"SpiderBud","floor":1},{"not_picked":["AT_WindRun","Deadly Poison"],"picked":"Tools of the Trade","floor":1},{"not_picked":["PunishingBird","VoidDream"],"picked":"Wellcheers","floor":2},{"not_picked":["Prepared","Dagger Spray"],"picked":"Blade Dance","floor":2},{"not_picked":["MeatLantern","BigBird","Laetitia"],"picked":"Singing Bowl","floor":5},{"not_picked":["Mercenary","CrumblingArmor"],"picked":"MHz","floor":5},{"not_picked":["Sucker Punch","Draining Mist"],"picked":"Toxin Wave","floor":5},{"not_picked":["OldLady","VoidDream","CrumblingArmor"],"picked":"Singing Bowl","floor":6},{"not_picked":["Calculated Gamble","Bane"],"picked":"Accuracy","floor":6},{"not_picked":["WhitesApple","SnowQueen","Scorched"],"picked":"Singing Bowl","floor":11},{"not_picked":["Dagger Spray","Masterful Stab"],"picked":"Caltrops+1","floor":11},{"not_picked":["BeautyBeast","FairyFestival","VoidDream"],"picked":"Singing Bowl","floor":15},{"not_picked":["FairyFestival","OldLady"],"picked":"Murderer","floor":15},{"not_picked":["Quick Slash","Prepared"],"picked":"ReplayTheSpireMod:Shiv Toss","floor":15},{"not_picked":["Mercenary","MeatLantern","OldLady"],"picked":"Singing Bowl","floor":16},{"not_picked":["PiercingWail","Skewer"],"picked":"Blade Dance","floor":16},{"not_picked":["QueenOfHatred","WallGazer","Rudolta"],"picked":"Singing Bowl","floor":18},{"not_picked":["Malaise","Poison Darts"],"picked":"Envenom+1","floor":18},{"not_picked":["PunishingBird","MeatLantern","Variant"],"picked":"Singing Bowl","floor":20},{"not_picked":["ShyLook","PunishingBird"],"picked":"Scarecrow","floor":20},{"not_picked":["Deadly Poison","Draining Mist+1"],"picked":"Blur","floor":20}],"player_experience":320452,"relics_obtained":[{"floor":1,"key":"LetterFromLob"},{"floor":6,"key":"reliquary:Spinner"},{"floor":9,"key":"Frozen Egg 2"},{"floor":15,"key":"HornCleat"},{"floor":19,"key":"ReplayTheSpireMod:Lightbulb"},{"floor":19,"key":"Counterbalance"}],"event_choices":[{"damage_healed":0,"gold_gain":0,"player_choice":"Gave Potion","damage_taken":0,"relics_obtained":["reliquary:Aerogel"],"max_hp_gain":0,"max_hp_loss":0,"event_name":"WeMeetAgain","floor":3,"gold_loss":0},{"damage_healed":0,"gold_gain":0,"player_choice":"Disagree","damage_taken":0,"max_hp_gain":0,"max_hp_loss":0,"event_name":"conspire:LoneGhost","floor":10,"gold_loss":0}],"is_beta":false,"boss_relics":[{"not_picked":["Sozu","Replay:Wanted Poster"],"picked":"Calling Bell"}],"items_purged_floors":[],"is_endless":false,"potions_floor_spawned":[1,2,11,15,16,20],"ascension_level":1}}