{"host":"p9fmk1zxjhqthrxg","time":1613616680,"event":{"mods":["BaseMod","Bestiary","Colored Map","Colored Powertips","Highlight Path","Minty Spire (QoL Compilation)","Random Character Button","Rare Cards Sparkle"],"gold_per_floor":[113,113,129,180,132,170,170,194,220,239,257,257,282,282,282],"floor_reached":14,"language":"ENG","playtime":502,"items_purged":[],"score":92,"play_id":"5c48c752-0d34-4b03-a539-dddb6553f52a","local_time":"20210217205120","is_ascension_mode":false,"campfire_choices":[{"floor":7,"key":"REST"}],"circlet_count":0,"master_deck":["Strike_B","Strike_B","Strike_B","Strike_B","Defend_B","Defend_B","Defend_B","Defend_B","Zap","Dualcast","Violence","Beam Cell","Streamline","Ball Lightning","Hello World","Turbo","Sweeping Beam","Regret","BootSequence"],"relics":["Cracked Core","Golden Idol","Boot","Orichalcum","Molten Egg 2"],"acts_visited":["Exordium"],"potions_floor_usage":[14],"damage_taken":[{"damage":5,"enemies":"Small Slimes","floor":1,"turns":3},{"damage":0,"enemies":"2 Louse","floor":3,"turns":1},{"damage":35,"enemies":"3 Sentries","floor":6,"turns":7},{"damage":1,"enemies":"Jaw Worm","floor":8,"turns":2},{"damage":6,"enemies":"3 Louse","floor":10,"turns":3},{"damage":7,"enemies":"Exordium Wildlife","floor":11,"turns":4},{"damage":0,"enemies":"Looter","floor":13,"turns":1},{"damage":29,"enemies":"Gremlin Nob","floor":14,"turns":3}],"seed_played":"8971074342762051600","potions_obtained":[{"floor":3,"key":"Swift Potion"},{"floor":6,"key":"Energy Potion"},{"floor":8,"key":"BlessingOfTheForge"}],"is_trial":false,"path_per_floor":["M","?","M","?","?","E","R","M","T","M","M","?","M","E"],"character_chosen":"DEFECT","items_purchased":[],"campfire_rested":1,"item_purchase_floors":[],"current_hp_per_floor":[49,49,49,49,49,14,34,33,33,27,20,20,20,0,0],"gold":282,"neow_bonus":"RANDOM_COLORLESS_2","is_daily":false,"chose_seed":false,"campfire_upgraded":0,"win_rate":0.0,"timestamp":1613616680,"path_taken":["M","?","M","?","?","E","R","M","T","?","M","?","M","E"],"items_purchased_type":[],"build_version":"2020-12-22","purchased_purges":0,"victory":false,"max_hp_per_floor":[75,69,69,69,69,69,69,69,69,69,69,69,69,69,69],"card_choices":[{"not_picked":["Master of Strategy","Sadistic Nature"],"picked":"Violence","floor":0},{"not_picked":["Double Energy","Aggregate"],"picked":"Beam Cell","floor":1},{"not_picked":["Melter","Double Energy"],"picked":"Streamline","floor":3},{"not_picked":["Conserve Battery","Redo"],"picked":"Ball Lightning","floor":6},{"not_picked":["Aggregate","Force Field"],"picked":"Hello World","floor":8},{"not_picked":["Coolheaded","Thunder Strike"],"picked":"Turbo","floor":10},{"not_picked":["Storm","Barrage"],"picked":"Sweeping Beam","floor":11},{"not_picked":["Ball Lightning+1","Redo"],"picked":"BootSequence","floor":13}],"player_experience":129823,"relics_obtained":[{"floor":6,"key":"Boot"},{"floor":9,"key":"Orichalcum"}],"event_choices":[{"damage_healed":0,"gold_gain":0,"player_choice":"Lose Max HP","damage_taken":0,"relics_obtained":["Golden Idol"],"max_hp_gain":0,"max_hp_loss":6,"event_name":"Golden Idol","floor":2,"gold_loss":0},{"damage_healed":0,"gold_gain":51,"player_choice":"Gained Gold","damage_taken":0,"max_hp_gain":0,"max_hp_loss":0,"event_name":"Golden Wing","floor":4,"gold_loss":0},{"damage_healed":0,"gold_gain":0,"player_choice":"Left Gold","damage_taken":0,"max_hp_gain":0,"max_hp_loss":0,"event_name":"World of Goop","floor":5,"gold_loss":48},{"damage_healed":0,"gold_gain":0,"player_choice":"Box","damage_taken":0,"relics_obtained":["Molten Egg 2"],"max_hp_gain":0,"max_hp_loss":0,"event_name":"Big Fish","floor":12,"gold_loss":0,"cards_obtained":["Regret"]}],"is_beta":false,"boss_relics":[],"items_purged_floors":[],"is_endless":false,"potions_floor_spawned":[3,6,8,13],"killed_by":"Gremlin Nob","ascension_level":0}}