{"host":"q0qnzbgdx8oqogg9","time":1613616110,"event":{"mods":["BaseMod","Minty Spire (QoL Compilation)","StSLib"],"gold_per_floor":[110,110,128,148,148,148,173,183,183,201,201,351,40,57,57,131,131,146,157,157,157,82,110,134,134,134,152,167,181,214,48,48,122,122,122],"floor_reached":34,"language":"ENG","playtime":1271,"items_purged":["Doubt"],"score":841,"play_id":"3820ae2f-6190-4ee5-b3a6-1f5024541b4e","local_time":"20210217214150","is_ascension_mode":true,"campfire_choices":[{"data":"Beam Cell","floor":6.0,"key":"SMITH"},{"data":"Defragment","floor":11.0,"key":"SMITH"},{"floor":15.0,"key":"REST"},{"data":"Capacitor","floor":25.0,"key":"SMITH"},{"data":"Loop","floor":32.0,"key":"SMITH"}],"circlet_count":0,"master_deck":["AscendersBane","Strike_B","Strike_B","Strike_B","Defend_B","Defend_B","Defend_B","Defend_B","Zap","Dualcast","Beam Cell+1","Rainbow+1","Leap","Compile Driver","Glacier","Defragment+1","Leap","Loop+1","Buffer","Coolheaded","Capacitor+1","Redo+1","Glacier","Multi-Cast"],"relics":["Cracked Core","NeowsBlessing","Symbiotic Virus","Cables","Runic Capacitor","Velvet Choker","Ornamental Fan","Eternal Feather","Pear","Lee\u0027s Waffle"],"acts_visited":["Exordium","TheCity"],"potions_floor_usage":[],"damage_taken":[{"damage":0.0,"enemies":"Small Slimes","floor":1.0,"turns":1.0},{"damage":0.0,"enemies":"Cultist","floor":3.0,"turns":1.0},{"damage":0.0,"enemies":"Jaw Worm","floor":4.0,"turns":1.0},{"damage":17.0,"enemies":"3 Sentries","floor":7.0,"turns":9.0},{"damage":0.0,"enemies":"2 Fungi Beasts","floor":8.0,"turns":3.0},{"damage":15.0,"enemies":"Exordium Wildlife","floor":10.0,"turns":4.0},{"damage":3.0,"enemies":"Looter","floor":14.0,"turns":3.0},{"damage":0.0,"enemies":"Slime Boss","floor":16.0,"turns":8.0},{"damage":0.0,"enemies":"Spheric Guardian","floor":18.0,"turns":3.0},{"damage":3.0,"enemies":"Shell Parasite","floor":19.0,"turns":5.0},{"damage":6.0,"enemies":"Book of Stabbing","floor":23.0,"turns":6.0},{"damage":7.0,"enemies":"Shelled Parasite and Fungi","floor":27.0,"turns":5.0},{"damage":13.0,"enemies":"Snake Plant","floor":28.0,"turns":5.0},{"damage":0.0,"enemies":"Cultist and Chosen","floor":29.0,"turns":7.0},{"damage":17.0,"enemies":"Slavers","floor":30.0,"turns":9.0},{"damage":16.0,"enemies":"Collector","floor":33.0,"turns":15.0}],"seed_played":"-3823769995087353034","potions_obtained":[{"floor":1.0,"key":"LiquidBronze"},{"floor":10.0,"key":"Energy Potion"},{"floor":19.0,"key":"LiquidMemories"},{"floor":28.0,"key":"SpeedPotion"},{"floor":29.0,"key":"Swift Potion"}],"is_trial":false,"path_per_floor":["M","?","M","M","?","R","E","M","T","M","R","?","$","M","R","B",null,"M","M","?","?","?","E","T","R","T","M","M","M","E","$","R","B",null],"character_chosen":"DEFECT","items_purchased":["Runic Capacitor","Loop","Lee\u0027s Waffle"],"campfire_rested":1,"item_purchase_floors":[13,13,31],"current_hp_per_floor":[64,64,64,64,64,64,47,47,47,32,32,32,32,29,50,50,66,66,63,63,63,63,57,57,57,57,50,37,37,30,88,88,72,72,72],"gold":122,"neow_bonus":"THREE_ENEMY_KILL","is_daily":false,"chose_seed":false,"campfire_upgraded":4,"win_rate":0.0,"timestamp":1613616110,"path_taken":["M","?","M","?","?","R","E","M","T","M","R","?","$","M","R","BOSS","M","M","?","?","?","E","?","R","T","M","M","M","E","$","R","BOSS"],"items_purchased_type":["Relic","Card","Relic"],"build_version":"2020-12-22","purchased_purges":1,"victory":false,"max_hp_per_floor":[71,71,71,71,71,71,71,71,71,71,71,71,71,71,71,71,71,71,71,71,71,71,71,71,71,71,71,71,71,81,88,88,88,88,88],"card_choices":[{"not_picked":["Undo","Go for the Eyes"],"picked":"Beam Cell","floor":1.0},{"not_picked":["Hologram","Barrage"],"picked":"Leap","floor":3.0},{"not_picked":["Rebound","Echo Form"],"picked":"Compile Driver","floor":4.0},{"not_picked":["BootSequence","Doom and Gloom"],"picked":"Glacier","floor":7.0},{"not_picked":["Glacier","Sweeping Beam"],"picked":"Defragment","floor":8.0},{"not_picked":["Compile Driver","Barrage"],"picked":"Leap","floor":10.0},{"not_picked":["Compile Driver","Tempest","Barrage"],"picked":"SKIP","floor":14.0},{"not_picked":["Rainbow","Hyperbeam"],"picked":"Buffer","floor":16.0},{"not_picked":["Sweeping Beam","Chaos"],"picked":"Coolheaded","floor":18.0},{"not_picked":["Redo","Scrape","Aggregate"],"picked":"SKIP","floor":19.0},{"not_picked":["Coolheaded","Beam Cell+1","Go for the Eyes"],"picked":"SKIP","floor":23.0},{"not_picked":["BootSequence","Hologram","Turbo"],"picked":"SKIP","floor":27.0},{"not_picked":["Hello World","Chaos"],"picked":"Redo+1","floor":28.0},{"not_picked":["Conserve Battery","Coolheaded"],"picked":"Glacier","floor":29.0},{"not_picked":["Steam","Beam Cell","Hyperbeam"],"picked":"SKIP","floor":30.0},{"not_picked":["Thunder Strike","Hyperbeam"],"picked":"Multi-Cast","floor":33.0}],"player_experience":376257,"relics_obtained":[{"floor":7.0,"key":"Symbiotic Virus"},{"floor":9.0,"key":"Cables"},{"floor":23.0,"key":"Ornamental Fan"},{"floor":26.0,"key":"Eternal Feather"},{"floor":30.0,"key":"Pear"}],"event_choices":[{"damage_healed":0.0,"max_hp_gain":0.0,"max_hp_loss":0.0,"gold_gain":0.0,"event_name":"Match and Keep!","player_choice":"1 cards matched","floor":2.0,"gold_loss":0.0,"damage_taken":0.0,"cards_obtained":["Rainbow"]},{"damage_healed":0.0,"max_hp_gain":0.0,"max_hp_loss":0.0,"gold_gain":0.0,"event_name":"Living Wall","player_choice":"Grow","floor":5.0,"gold_loss":0.0,"damage_taken":0.0,"cards_upgraded":["Rainbow"]},{"damage_healed":0.0,"max_hp_gain":0.0,"max_hp_loss":0.0,"gold_gain":150.0,"event_name":"Liars Game","player_choice":"AGREE","floor":12.0,"gold_loss":0.0,"damage_taken":0.0,"cards_obtained":["Doubt"]},{"damage_healed":0.0,"max_hp_gain":0.0,"max_hp_loss":0.0,"gold_gain":0.0,"event_name":"Ghosts","player_choice":"Ignored","floor":20.0,"gold_loss":0.0,"damage_taken":0.0},{"damage_healed":0.0,"max_hp_gain":0.0,"max_hp_loss":0.0,"gold_gain":0.0,"event_name":"The Library","player_choice":"Read","floor":21.0,"gold_loss":0.0,"damage_taken":0.0,"cards_obtained":["Capacitor"]},{"cards_removed":["Strike_B"],"damage_healed":0.0,"max_hp_gain":0.0,"max_hp_loss":0.0,"gold_gain":0.0,"event_name":"Beggar","player_choice":"Gave Gold","floor":22.0,"gold_loss":75.0,"damage_taken":0.0}],"is_beta":false,"boss_relics":[{"not_picked":["Philosopher\u0027s Stone","Snecko Eye"],"picked":"Velvet Choker"}],"items_purged_floors":[13],"is_endless":false,"potions_floor_spawned":[1,10,14,19,23,28,29],"ascension_level":16}}