{"host":"agl6880ykeaxaurv","time":1613687181,"event":{"mods":["AchievementEnabler","BaseMod","Colored Map","Colored Powertips","Downfall","Hermit","Highlight Path","Infinite Spire","Minty Spire (QoL Compilation)","Robot Space Explorer","Shop Mod","StSLib","The Cursed","The Disciple","The Runesmith","The Servant 0.9.4"],"gold_per_floor":[110,125,125,75,6,6,35,35,115,7,39,59,79,109,109,210,210,230,249,249,249,263,263,263],"floor_reached":23,"language":"ENG","playtime":1648,"items_purged":[],"score":234,"play_id":"0c3f63ba-b0d9-44f6-80a1-8a29a0f13e45","local_time":"20210218222621","is_ascension_mode":false,"campfire_choices":[{"floor":6,"key":"RECALL"},{"data":"RobotSpaceExplorer:IronShell","floor":15,"key":"SMITH"}],"circlet_count":0,"master_deck":["RobotSpaceExplorer:Scan","RobotSpaceExplorer:MiniLasers","RobotSpaceExplorer:ImprovisedAttack","RobotSpaceExplorer:LuckyStrike","RobotSpaceExplorer:StarDust","RobotSpaceExplorer:FranticSearch","RobotSpaceExplorer:PowerCollector","RobotSpaceExplorer:StarLightning","RobotSpaceExplorer:IronShell+1","RobotSpaceExplorer:Autoloader","RobotSpaceExplorer:Fix","RobotSpaceExplorer:FranticSearch+1","RobotSpaceExplorer:Blaster","RobotSpaceExplorer:Blaster","RobotSpaceExplorer:GearShield+1","RobotSpaceExplorer:BigMissile","RobotSpaceExplorer:IronShell+1","RobotSpaceExplorer:Ammunition+1","RobotSpaceExplorer:PowerGlove","RobotSpaceExplorer:FreezeRay","RobotSpaceExplorer:ScrapMissile+1","RobotSpaceExplorer:MiniDrones+1","RobotSpaceExplorer:Reload+1","infinitespire:FutureSight+1","RobotSpaceExplorer:SwiftStep+1"],"relics":["Runesmith:BrokenRuby","NeowsBlessing","infinitespire:Cubic Diamond","Boot","infinitespire:Lychee Nut","Toxic Egg 2","Pandora\u0027s Box"],"acts_visited":["Exordium","TheCity"],"potions_floor_usage":[16,16,22],"damage_taken":[{"damage":0,"enemies":"2 Louse","floor":1,"turns":1},{"damage":0,"enemies":"Jaw Worm","floor":2,"turns":1},{"damage":0,"enemies":"Lagavulin","floor":7,"turns":1},{"damage":23,"enemies":"Gremlin Nob","floor":11,"turns":5},{"damage":3,"enemies":"Small Slimes","floor":12,"turns":4},{"damage":15,"enemies":"3 Louse","floor":13,"turns":4},{"damage":35,"enemies":"Lagavulin","floor":14,"turns":7},{"damage":18,"enemies":"The Guardian","floor":16,"turns":8},{"damage":2,"enemies":"Chosen","floor":18,"turns":4},{"damage":10,"enemies":"Shell Parasite","floor":19,"turns":5},{"damage":1,"enemies":"Shelled Parasite and Fungi","floor":22,"turns":5},{"damage":52,"enemies":"Nightmare","floor":23,"turns":8}],"seed_played":"4824397290620654514","potions_obtained":[{"floor":1,"key":"SkillPotion"},{"floor":11,"key":"Fire Potion"},{"floor":12,"key":"FearPotion"},{"floor":16,"key":"SkillPotion"},{"floor":18,"key":"RobotSpaceExplorer:PlasmaFlask"},{"floor":22,"key":"RobotSpaceExplorer:RecyclePotion"}],"is_trial":false,"path_per_floor":["M","M","?","?","$","R","E","$","T","$","E","M","M","E","R","B",null,"M","M","?","?","M","NM"],"character_chosen":"RobotSpaceExplorer","items_purchased":["RobotSpaceExplorer:StarDust","RobotSpaceExplorer:PowerCollector","RobotSpaceExplorer:StarLightning"],"campfire_rested":0,"item_purchase_floors":[5,10,10],"current_hp_per_floor":[75,75,75,75,75,75,75,75,75,75,52,54,42,17,17,9,56,54,46,46,32,41,0,0],"gold":263,"neow_bonus":"THREE_ENEMY_KILL","is_daily":false,"chose_seed":false,"campfire_upgraded":1,"win_rate":0.0,"timestamp":1613687181,"path_taken":["M","M","?","?","?","R","E","?","T","$","E","?","M","E","R","BOSS","M","M","?","?","M","NM"],"items_purchased_type":["Card","Card","Card"],"build_version":"2020-12-22","purchased_purges":0,"victory":false,"max_hp_per_floor":[75,75,75,75,75,75,75,75,75,75,56,56,56,56,56,56,56,56,56,56,56,56,56,56],"card_choices":[{"not_picked":["RobotSpaceExplorer:ScrapMissile","RobotSpaceExplorer:SurgingShield"],"picked":"RobotSpaceExplorer:ImprovisedAttack","floor":1},{"not_picked":["RobotSpaceExplorer:GlueShot","RobotSpaceExplorer:Probe"],"picked":"RobotSpaceExplorer:LuckyStrike","floor":2},{"not_picked":["RobotSpaceExplorer:PlasmaMissile","RobotSpaceExplorer:JunkDive"],"picked":"RobotSpaceExplorer:FranticSearch","floor":7},{"not_picked":["RobotSpaceExplorer:MiniDrones","RobotSpaceExplorer:MakeshiftVolley"],"picked":"RobotSpaceExplorer:IronShell","floor":11},{"not_picked":["RobotSpaceExplorer:Blitz","RobotSpaceExplorer:SurgingShield"],"picked":"RobotSpaceExplorer:Autoloader","floor":12},{"not_picked":["RobotSpaceExplorer:DoubleFind","RobotSpaceExplorer:ScrapMissile"],"picked":"RobotSpaceExplorer:Fix","floor":13},{"not_picked":["RobotSpaceExplorer:LaserBurst","RobotSpaceExplorer:GlueSpray+1"],"picked":"RobotSpaceExplorer:FranticSearch+1","floor":14},{"not_picked":["RobotSpaceExplorer:Autoloader","RobotSpaceExplorer:Arsenal+1"],"picked":"RobotSpaceExplorer:Blaster","floor":16},{"not_picked":["RobotSpaceExplorer:FranticSearch+1","RobotSpaceExplorer:FrostMissile+1"],"picked":"RobotSpaceExplorer:ScrapMissile+1","floor":18},{"not_picked":["RobotSpaceExplorer:SurgingShield+1","RobotSpaceExplorer:FreezeRay"],"picked":"RobotSpaceExplorer:MiniDrones+1","floor":19},{"not_picked":["infinitespire:Punishment","infinitespire:FinalStrike"],"picked":"infinitespire:FutureSight","floor":21},{"not_picked":["RobotSpaceExplorer:Pulsar+1","RobotSpaceExplorer:Blitz"],"picked":"RobotSpaceExplorer:SwiftStep+1","floor":22}],"player_experience":289397,"relics_obtained":[{"floor":7,"key":"Boot"},{"floor":11,"key":"infinitespire:Lychee Nut"},{"floor":14,"key":"Toxic Egg 2"}],"event_choices":[{"cards_removed":["RobotSpaceExplorer:Strike"],"damage_healed":0,"gold_gain":0,"player_choice":"Card Removal","damage_taken":0,"max_hp_gain":0,"max_hp_loss":0,"event_name":"The Cleric","floor":4,"gold_loss":50},{"damage_healed":0,"gold_gain":0,"player_choice":"Read","damage_taken":0,"max_hp_gain":0,"max_hp_loss":0,"event_name":"The Library","floor":20,"gold_loss":0,"cards_obtained":["RobotSpaceExplorer:Reload"]}],"is_beta":false,"boss_relics":[{"not_picked":["SacredBark","Snecko Eye"],"picked":"Pandora\u0027s Box"}],"items_purged_floors":[],"is_endless":false,"potions_floor_spawned":[1,11,12,14,16,18,22],"killed_by":"Nightmare","ascension_level":0}}