{"host":"p0hktren06injwdf","time":1613635236,"event":{"mods":["AchievementEnabler","BaseMod","Colored Map","DeckTracker","Minty Spire (QoL Compilation)","Permanent Neow","StSLib","SuperFastMode"],"gold_per_floor":[118,129,129,15,26,59,77,77,77,77,95,108,28,45,45,117,117,132,132,151,151,171,171,197,197,197,197,207,34,52,62,62,136,136,156,171,171,71,84,84,118,129,153,153,173,173,186,218,218,218,218],"floor_reached":50,"language":"KOR","playtime":885,"items_purged":["Defend_P","Strike_P"],"score":1206,"play_id":"ede5f673-8142-41af-9c4f-f4bc5800f69b","local_time":"20210218170036","is_ascension_mode":true,"campfire_choices":[{"floor":8.0,"key":"REST"},{"data":"Eruption","floor":10.0,"key":"SMITH"},{"data":"WheelKick","floor":15.0,"key":"SMITH"},{"floor":23,"key":"REST"},{"floor":27,"key":"REST"},{"data":"Tantrum","floor":32,"key":"SMITH"},{"floor":40,"key":"RECALL"},{"floor":44,"key":"REST"},{"data":"Halt","floor":46,"key":"SMITH"},{"data":"Wallop","floor":49,"key":"SMITH"}],"circlet_count":0,"master_deck":["AscendersBane","Strike_P","Defend_P","Defend_P","Eruption+1","Vigilance","BowlingBash","Tantrum+1","WheelKick+1","Adaptation+1","Scrawl+1","Wallop+1","InnerPeace","Halt+1"],"relics":["PureWater","CultistMask","Shuriken","StrikeDummy","Busted Crown","Bottled Flame","Ornamental Fan","TheAbacus","SacredBark","Bronze Scales","Regal Pillow","Pantograph"],"acts_visited":["Exordium","TheCity","TheBeyond"],"potions_floor_usage":[24,48,50,50],"damage_taken":[{"damage":14.0,"enemies":"Jaw Worm","floor":1.0,"turns":4.0},{"damage":0.0,"enemies":"Cultist","floor":2.0,"turns":2.0},{"damage":0.0,"enemies":"Small Slimes","floor":5.0,"turns":2.0},{"damage":27.0,"enemies":"Lagavulin","floor":6.0,"turns":5.0},{"damage":13.0,"enemies":"Gremlin Gang","floor":7.0,"turns":3.0},{"damage":0.0,"enemies":"Large Slime","floor":11.0,"turns":2.0},{"damage":0.0,"enemies":"Red Slaver","floor":12.0,"turns":1.0},{"damage":0.0,"enemies":"2 Fungi Beasts","floor":14.0,"turns":1.0},{"damage":0.0,"enemies":"Slime Boss","floor":16.0,"turns":3.0},{"damage":0.0,"enemies":"3 Byrds","floor":18.0,"turns":2.0},{"damage":0,"enemies":"Spheric Guardian","floor":20,"turns":2},{"damage":34,"enemies":"Shelled Parasite and Fungi","floor":22,"turns":3},{"damage":14,"enemies":"Slavers","floor":24,"turns":2},{"damage":0,"enemies":"Snecko","floor":28,"turns":2},{"damage":0,"enemies":"Centurion and Healer","floor":30,"turns":3},{"damage":0,"enemies":"Cultist and Chosen","floor":31,"turns":2},{"damage":9,"enemies":"Automaton","floor":33,"turns":5},{"damage":0,"enemies":"Orb Walker","floor":35,"turns":1},{"damage":0,"enemies":"3 Darklings","floor":36,"turns":2},{"damage":0,"enemies":"Jaw Worm Horde","floor":39,"turns":2},{"damage":9,"enemies":"Giant Head","floor":41,"turns":3},{"damage":11,"enemies":"4 Shapes","floor":42,"turns":4},{"damage":0,"enemies":"Maw","floor":45,"turns":4},{"damage":0,"enemies":"Jaw Worm Horde","floor":47,"turns":2},{"damage":23,"enemies":"Reptomancer","floor":48,"turns":4},{"damage":64,"enemies":"Time Eater","floor":50,"turns":7}],"seed_played":"6409994776608240943","potions_obtained":[{"floor":1.0,"key":"Block Potion"},{"floor":6.0,"key":"Ancient Potion"},{"floor":11.0,"key":"Fire Potion"},{"floor":16.0,"key":"AttackPotion"},{"floor":20,"key":"LiquidMemories"},{"floor":24,"key":"AttackPotion"},{"floor":30,"key":"ColorlessPotion"},{"floor":35,"key":"StancePotion"},{"floor":48,"key":"ColorlessPotion"}],"is_trial":false,"path_per_floor":["M","M","?","$","M","E","M","R","T","R","M","M","$","M","R","B",null,"M","?","M","?","M","R","E","?","T","R","M","$","M","M","R","B",null,"M","M","T","$","M","R","E","M","T","R","M","R","M","E","R","B"],"character_chosen":"WATCHER","items_purchased":["WheelKick","Adaptation","TheAbacus"],"campfire_rested":4,"item_purchase_floors":[4,13,29],"current_hp_per_floor":[47,47,47,47,47,20,7,25,25,25,25,25,25,25,25,25,53,53,53,53,53,19,37,23,23,23,41,41,41,41,41,41,32,55,55,55,55,55,55,55,46,35,35,62,62,62,62,39,39,0,0],"gold":218,"neow_bonus":"REMOVE_TWO","is_daily":false,"chose_seed":false,"campfire_upgraded":5,"win_rate":0.0,"timestamp":1613635236,"path_taken":["M","M","?","$","M","E","M","R","T","R","M","M","$","M","R","BOSS","M","?","?","?","?","R","E","?","T","R","M","$","M","M","R","BOSS","M","M","?","$","M","R","E","M","T","R","M","R","M","E","R","BOSS"],"items_purchased_type":["Card","Card","Relic"],"build_version":"2020-12-22","purchased_purges":2,"victory":false,"max_hp_per_floor":[62,62,62,62,62,62,62,62,62,62,62,62,62,62,62,62,62,62,62,62,62,62,62,62,62,62,62,62,62,62,62,62,62,62,62,62,62,62,62,62,62,62,62,62,62,62,62,62,62,62,62],"card_choices":[{"not_picked":["ReachHeaven","CarveReality"],"picked":"BowlingBash","floor":1.0},{"not_picked":["PathToVictory","Nirvana"],"picked":"Tantrum","floor":2.0},{"not_picked":["Meditate","Collect","EmptyBody"],"picked":"SKIP","floor":5.0},{"not_picked":["WheelKick","Indignation","Collect"],"picked":"SKIP","floor":6.0},{"not_picked":["Indignation","WreathOfFlame","WheelKick"],"picked":"SKIP","floor":7.0},{"not_picked":["ThirdEye","JustLucky","Sanctity"],"picked":"SKIP","floor":11.0},{"not_picked":["JustLucky","ClearTheMind","CarveReality"],"picked":"SKIP","floor":12.0},{"not_picked":["DeceiveReality","FlyingSleeves","EmptyBody"],"picked":"SKIP","floor":14.0},{"not_picked":["ConjureBlade","Ragnarok"],"picked":"Scrawl","floor":16.0},{"not_picked":["WindmillStrike"],"picked":"SKIP","floor":18.0},{"not_picked":["Worship"],"picked":"SKIP","floor":20},{"not_picked":["ReachHeaven"],"picked":"SKIP","floor":22},{"not_picked":["SandsOfTime"],"picked":"SKIP","floor":24},{"not_picked":[],"picked":"Wallop","floor":28},{"not_picked":["FollowUp"],"picked":"SKIP","floor":30},{"not_picked":[],"picked":"InnerPeace","floor":31},{"not_picked":["CutThroughFate"],"picked":"SKIP","floor":35},{"not_picked":["Halt"],"picked":"SKIP","floor":36},{"not_picked":[],"picked":"Halt","floor":36},{"not_picked":["Consecrate"],"picked":"SKIP","floor":39},{"not_picked":["SashWhip"],"picked":"SKIP","floor":41},{"not_picked":["FlyingSleeves"],"picked":"SKIP","floor":42},{"not_picked":["Consecrate"],"picked":"SKIP","floor":45},{"not_picked":["SignatureMove"],"picked":"SKIP","floor":47},{"not_picked":["ThirdEye"],"picked":"SKIP","floor":48}],"player_experience":1085468,"relics_obtained":[{"floor":6.0,"key":"Shuriken"},{"floor":9.0,"key":"StrikeDummy"},{"floor":24,"key":"Bottled Flame"},{"floor":26,"key":"Ornamental Fan"},{"floor":37,"key":"Bronze Scales"},{"floor":41,"key":"Regal Pillow"},{"floor":48,"key":"Pantograph"}],"event_choices":[{"damage_healed":0.0,"max_hp_gain":0.0,"max_hp_loss":0.0,"gold_gain":0.0,"event_name":"FaceTrader","player_choice":"Trade","floor":3.0,"gold_loss":0.0,"damage_taken":0.0,"relics_obtained":["CultistMask"]},{"cards_removed":["Strike_P"],"damage_healed":0.0,"max_hp_gain":0.0,"max_hp_loss":0.0,"gold_gain":0.0,"event_name":"Bonfire Elementals","player_choice":"Offered Basic","floor":19.0,"gold_loss":0.0,"damage_taken":0.0},{"damage_healed":0,"gold_gain":0,"player_choice":"Forge","damage_taken":0,"max_hp_gain":0,"max_hp_loss":0,"event_name":"Accursed Blacksmith","floor":21,"gold_loss":0,"cards_upgraded":["Scrawl"]},{"damage_healed":0,"gold_gain":0,"player_choice":"Upgraded","damage_taken":0,"max_hp_gain":0,"max_hp_loss":0,"event_name":"Upgrade Shrine","floor":25,"gold_loss":0,"cards_upgraded":["Adaptation"]}],"is_beta":false,"boss_relics":[{"not_picked":["Cursed Key","Coffee Dripper"],"picked":"Busted Crown"},{"not_picked":["Runic Dome","Fusion Hammer"],"picked":"SacredBark"}],"items_purged_floors":[4,38],"is_endless":false,"potions_floor_spawned":[1,6,11,16,20,24,30,35,36,47,48],"killed_by":"Time Eater","ascension_level":20}}