{"host":"ju1b3c4x8n2jtjm7","time":1613667733,"event":{"mods":["AchievementEnabler","BaseMod","Colored Map","Colored Powertips","Highlight Path","Minty Spire (QoL Compilation)","Quick Restart","Rare Cards Sparkle","Relic Stats"],"gold_per_floor":[113,130,140,140,155,190,190,219,219,219,229,5,25,35,35,134,184,197,272,291,306,231,231,231],"floor_reached":23,"language":"ENG","playtime":1967,"items_purged":["Defend_G"],"score":297,"play_id":"ae130a2c-3202-4678-ad5e-fe6dcff63308","local_time":"20210218180213","is_ascension_mode":true,"campfire_choices":[{"floor":7.0,"key":"REST"},{"data":"Prepared","floor":10.0,"key":"SMITH"},{"data":"Calculated Gamble","floor":15.0,"key":"SMITH"}],"circlet_count":0,"master_deck":["Strike_G","Strike_G","Strike_G","Defend_G","Defend_G","Defend_G","Defend_G","Survivor+1","Neutralize","Trip","Riddle With Holes","Underhanded Strike","Prepared+1","Acrobatics","Calculated Gamble+1","Corpse Explosion","After Image","Setup","Night Terror","Dash+1","Reflex"],"relics":["Ring of the Snake","Centennial Puzzle","Eternal Feather","The Courier","Tiny House"],"acts_visited":["Exordium","TheCity"],"potions_floor_usage":[21],"damage_taken":[{"damage":0.0,"enemies":"Small Slimes","floor":1.0,"turns":4.0},{"damage":3.0,"enemies":"Jaw Worm","floor":2.0,"turns":6.0},{"damage":0.0,"enemies":"Cultist","floor":3.0,"turns":3.0},{"damage":6.0,"enemies":"Large Slime","floor":5.0,"turns":4.0},{"damage":24.0,"enemies":"Gremlin Nob","floor":6.0,"turns":4.0},{"damage":17.0,"enemies":"3 Sentries","floor":8.0,"turns":11.0},{"damage":6.0,"enemies":"Lots of Slimes","floor":11.0,"turns":6.0},{"damage":2.0,"enemies":"3 Louse","floor":13.0,"turns":2.0},{"damage":5.0,"enemies":"Red Slaver","floor":14.0,"turns":2.0},{"damage":4.0,"enemies":"Slime Boss","floor":16.0,"turns":6.0},{"damage":17.0,"enemies":"2 Thieves","floor":18.0,"turns":3.0},{"damage":2.0,"enemies":"Shell Parasite","floor":20.0,"turns":9.0},{"damage":10,"enemies":"Cultist and Chosen","floor":21,"turns":5},{"damage":33,"enemies":"Book of Stabbing","floor":23,"turns":4}],"seed_played":"2040065741202521516","potions_obtained":[{"floor":1.0,"key":"Poison Potion"},{"floor":5.0,"key":"GamblersBrew"},{"floor":8.0,"key":"Ancient Potion"},{"floor":13.0,"key":"PowerPotion"},{"floor":14.0,"key":"LiquidMemories"},{"floor":17.0,"key":"Block Potion"}],"is_trial":false,"path_per_floor":["M","M","M","?","M","E","R","E","T","R","M","$","M","M","R","B",null,"M","?","M","M","?","E"],"character_chosen":"THE_SILENT","items_purchased":["Corpse Explosion","After Image"],"campfire_rested":1,"item_purchase_floors":[12,12],"current_hp_per_floor":[63,60,60,53,47,23,44,27,27,36,30,30,28,23,32,28,65,48,41,39,29,29,0,0],"gold":231,"neow_bonus":"RANDOM_COLORLESS","is_daily":false,"chose_seed":false,"campfire_upgraded":2,"win_rate":0.0,"timestamp":1613667733,"path_taken":["M","M","M","?","M","E","R","E","T","R","M","?","?","M","R","BOSS","M","?","?","M","?","E"],"items_purchased_type":["Card","Card"],"build_version":"2020-12-22","purchased_purges":1,"victory":false,"max_hp_per_floor":[70,70,70,70,70,70,70,70,70,70,70,70,70,70,70,70,75,75,75,75,75,75,75,75],"relic_stats":{"Centennial Puzzle":[27],"counters":[14,69],"Eternal Feather":18,"obtain_stats":[{"Centennial Puzzle":6,"Tiny House":17,"Eternal Feather":8,"The Courier":9,"Ring of the Snake":0},{"Centennial Puzzle":5,"Tiny House":10,"Eternal Feather":6,"The Courier":6,"Ring of the Snake":0},{"Centennial Puzzle":21,"Tiny House":48,"Eternal Feather":32,"The Courier":32,"Ring of the Snake":0}],"Ring of the Snake":[28]},"card_choices":[{"not_picked":["Panacea","Deep Breath"],"picked":"Trip","floor":0.0},{"not_picked":["Deflect","Cloak And Dagger"],"picked":"Riddle With Holes","floor":1.0},{"not_picked":["Backflip","Heel Hook"],"picked":"Underhanded Strike","floor":2.0},{"not_picked":["Slice","Flying Knee","Escape Plan"],"picked":"SKIP","floor":3.0},{"not_picked":["PiercingWail","Cloak And Dagger"],"picked":"Prepared","floor":5.0},{"not_picked":["Deadly Poison","Catalyst","Bane"],"picked":"SKIP","floor":6.0},{"not_picked":["Noxious Fumes","Endless Agony"],"picked":"Acrobatics","floor":8.0},{"not_picked":["Blur","Deflect"],"picked":"Calculated Gamble","floor":11.0},{"not_picked":["Poisoned Stab","Flying Knee","Catalyst"],"picked":"SKIP","floor":13.0},{"not_picked":["Malaise","Flying Knee"],"picked":"Setup","floor":14.0},{"not_picked":["Bullet Time","Grand Finale"],"picked":"Night Terror","floor":16.0},{"not_picked":["Backflip","Deadly Poison","All Out Attack"],"picked":"SKIP","floor":18.0},{"not_picked":["Backflip","Backstab"],"picked":"Dash+1","floor":20.0},{"not_picked":["Blade Dance","Sucker Punch"],"picked":"Reflex","floor":21}],"player_experience":385597,"relics_obtained":[{"floor":6.0,"key":"Centennial Puzzle"},{"floor":8.0,"key":"Eternal Feather"},{"floor":9.0,"key":"The Courier"}],"event_choices":[{"cards_removed":["Strike_G"],"damage_healed":0.0,"max_hp_gain":0.0,"max_hp_loss":0.0,"gold_gain":0.0,"event_name":"Golden Wing","player_choice":"Card Removal","floor":4.0,"gold_loss":0.0,"damage_taken":7.0},{"damage_healed":0.0,"max_hp_gain":0.0,"max_hp_loss":0.0,"gold_gain":75.0,"event_name":"FaceTrader","player_choice":"Touch","floor":19.0,"gold_loss":0.0,"damage_taken":7.0},{"cards_removed":["Strike_G"],"damage_healed":0,"gold_gain":0,"player_choice":"Gave Gold","damage_taken":0,"max_hp_gain":0,"max_hp_loss":0,"event_name":"Beggar","floor":22,"gold_loss":75}],"is_beta":false,"boss_relics":[{"not_picked":["Runic Dome","SacredBark"],"picked":"Tiny House"}],"items_purged_floors":[12],"is_endless":false,"potions_floor_spawned":[1,5,8,13,14],"killed_by":"Book of Stabbing","ascension_level":9}}