{"host":"29uuqgkzqd703i93","time":1613658954,"event":{"mods":["BaseMod","Colored Powertips","Minty Spire (QoL Compilation)"],"gold_per_floor":[112,187,187,187,207,207,243,243,243,286,310,325,343,343,343,471,471,490,490,490,562,585,585,629,629,629,667,680,704,738,763,763,882,945,965,965,989,1002,453,453,497,517,569,581,593,619,73,73,73,73],"floor_reached":51,"language":"ENG","playtime":3479,"items_purged":["Strike_G"],"score":820,"play_id":"b2c3449f-0088-46fb-8c00-04e1733ff98c","local_time":"20210218153554","is_ascension_mode":false,"campfire_choices":[{"data":"Cloak And Dagger","floor":6.0,"key":"SMITH"},{"data":"Neutralize","floor":8.0,"key":"SMITH"},{"floor":15.0,"key":"REST"},{"data":"After Image","floor":23,"key":"SMITH"},{"floor":25,"key":"REST"},{"floor":32,"key":"REST"},{"data":"Envenom","floor":40,"key":"SMITH"},{"floor":44,"key":"REST"},{"data":"Accuracy","floor":49,"key":"SMITH"}],"circlet_count":0,"master_deck":["Strike_G","Strike_G","Defend_G","Defend_G","Defend_G","Defend_G","Survivor","Neutralize+1","Cloak And Dagger+1","Injury","Deflect","Outmaneuver","Accuracy+1","Blade Dance","Backflip","After Image+1","Parasite","Die Die Die","Quick Slash+1","Sucker Punch","Underhanded Strike","PiercingWail","Blade Dance+1","Prepared","Well Laid Plans+1","All Out Attack","Prepared","Blade Dance","Envenom+1","Terror","PiercingWail+1","Acrobatics","Distraction+1","Dark Shackles","Footwork","Die Die Die","Corpse Explosion","Backstab","Accuracy","Infinite Blades","Magnetism","Madness","Madness"],"relics":["Ring of the Snake","NeowsBlessing","Golden Idol","InkBottle","Ornamental Fan","Snake Skull","Black Star","Mercury Hourglass","HornCleat","Mummified Hand","Bottled Tornado","Bottled Flame","Ginger","MealTicket","Shuriken","Tiny House","TwistedFunnel","Pocketwatch","Pantograph","MawBank","Pen Nib","Ancient Tea Set"],"acts_visited":["Exordium","TheCity","TheBeyond"],"potions_floor_usage":[30,38,42,50,50,50,50,50],"damage_taken":[{"damage":0.0,"enemies":"2 Louse","floor":1.0,"turns":1.0},{"damage":0.0,"enemies":"Jaw Worm","floor":5.0,"turns":1.0},{"damage":0.0,"enemies":"3 Sentries","floor":7.0,"turns":2.0},{"damage":57.0,"enemies":"Gremlin Nob","floor":10.0,"turns":7.0},{"damage":0.0,"enemies":"Small Slimes","floor":11.0,"turns":3.0},{"damage":1.0,"enemies":"Looter","floor":12.0,"turns":3.0},{"damage":0.0,"enemies":"Blue Slaver","floor":13.0,"turns":4.0},{"damage":28.0,"enemies":"Slime Boss","floor":16.0,"turns":18.0},{"damage":1,"enemies":"Spheric Guardian","floor":18,"turns":5},{"damage":20,"enemies":"3 Byrds","floor":22,"turns":4},{"damage":17,"enemies":"Gremlin Leader","floor":24,"turns":10},{"damage":10,"enemies":"Slavers","floor":27,"turns":5},{"damage":11,"enemies":"Cultist and Chosen","floor":28,"turns":5},{"damage":0,"enemies":"Snecko","floor":29,"turns":4},{"damage":0,"enemies":"Gremlin Leader","floor":30,"turns":5},{"damage":1,"enemies":"Chosen and Byrds","floor":31,"turns":6},{"damage":9,"enemies":"Collector","floor":33,"turns":7},{"damage":27,"enemies":"3 Shapes","floor":35,"turns":4},{"damage":0,"enemies":"Orb Walker","floor":37,"turns":3},{"damage":0,"enemies":"Transient","floor":38,"turns":5},{"damage":14,"enemies":"Giant Head","floor":41,"turns":7},{"damage":0,"enemies":"3 Darklings","floor":42,"turns":2},{"damage":0,"enemies":"Jaw Worm Horde","floor":46,"turns":3},{"damage":35,"enemies":"Awakened One","floor":50,"turns":10}],"seed_played":"7911649652862036462","potions_obtained":[{"floor":7.0,"key":"Swift Potion"},{"floor":10.0,"key":"EssenceOfSteel"},{"floor":12.0,"key":"Swift Potion"},{"floor":16.0,"key":"SmokeBomb"},{"floor":27,"key":"EntropicBrew"},{"floor":29,"key":"PowerPotion"},{"floor":33,"key":"Ancient Potion"},{"floor":34,"key":"CunningPotion"},{"floor":38,"key":"SkillPotion"},{"floor":41,"key":"Energy Potion"}],"is_trial":false,"path_per_floor":["M","?","?","?","M","R","E","R","T","E","M","M","M","?","R","B",null,"M","?","?","T","M","R","E","R","T","E","M","M","E","M","R","B",null,"M","?","M","M","$","R","E","M","T","R","?","M","$","?","R","B",null],"character_chosen":"THE_SILENT","items_purchased":["TwistedFunnel","Dark Shackles","Footwork","Die Die Die","Infinite Blades","Magnetism","Pen Nib","Ancient Tea Set"],"campfire_rested":4,"item_purchase_floors":[39,39,39,39,47,47,47,47],"current_hp_per_floor":[70,59,59,59,59,59,59,59,59,2,2,1,1,18,39,11,70,69,69,69,69,49,49,32,53,53,43,32,32,32,31,52,43,75,48,48,48,48,63,63,49,49,49,71,71,71,75,66,66,40],"gold":73,"neow_bonus":"THREE_ENEMY_KILL","is_daily":false,"chose_seed":false,"campfire_upgraded":5,"win_rate":0.0,"timestamp":1613658954,"path_taken":["M","?","?","?","M","R","E","R","T","E","M","?","M","?","R","BOSS","M","?","?","?","?","R","E","R","T","E","M","M","E","M","R","BOSS","M","?","M","M","$","R","E","?","T","R","?","M","?","?","R","BOSS"],"items_purchased_type":["Relic","Card","Card","Card","Card","Card","Relic","Relic"],"build_version":"2020-12-22","purchased_purges":1,"victory":true,"max_hp_per_floor":[70,70,70,70,70,70,70,70,70,70,70,70,70,70,70,70,70,70,70,70,70,70,70,70,70,70,70,70,70,70,70,70,70,75,75,75,75,75,75,75,75,75,75,75,75,75,75,75,75,75],"card_choices":[{"not_picked":["Acrobatics","Masterful Stab"],"picked":"Cloak And Dagger","floor":1.0},{"not_picked":["Acrobatics","Bane"],"picked":"Deflect","floor":5.0},{"not_picked":["Endless Agony","Slice"],"picked":"Outmaneuver","floor":7.0},{"not_picked":["Slice","Backstab"],"picked":"Accuracy","floor":10.0},{"not_picked":["Calculated Gamble","Quick Slash"],"picked":"Blade Dance","floor":11.0},{"not_picked":["Concentrate","Masterful Stab"],"picked":"Backflip","floor":12.0},{"not_picked":["Deflect","Prepared"],"picked":"After Image","floor":13.0},{"not_picked":["Grand Finale","Glass Knife"],"picked":"Die Die Die","floor":16.0},{"not_picked":["Tactician","Reflex"],"picked":"Quick Slash+1","floor":18},{"not_picked":["Deadly Poison","Underhanded Strike"],"picked":"PiercingWail","floor":22},{"not_picked":["Sucker Punch","Expertise"],"picked":"Blade Dance+1","floor":24},{"not_picked":["After Image","Expertise"],"picked":"Prepared","floor":27},{"not_picked":["Escape Plan","Backflip"],"picked":"Well Laid Plans","floor":28},{"not_picked":["Sucker Punch","Dagger Spray+1"],"picked":"All Out Attack","floor":29},{"not_picked":["Masterful Stab","Tactician"],"picked":"Prepared","floor":30},{"not_picked":["Bane","Prepared+1"],"picked":"Blade Dance","floor":31},{"not_picked":["Phantasmal Killer","Malaise"],"picked":"Envenom","floor":33},{"not_picked":["Acrobatics","Choke"],"picked":"Terror","floor":34},{"not_picked":["Poisoned Stab+1","Bane+1"],"picked":"PiercingWail+1","floor":35},{"not_picked":["Bane","Outmaneuver"],"picked":"Acrobatics","floor":37},{"not_picked":["Calculated Gamble","Dodge and Roll+1"],"picked":"Distraction+1","floor":38},{"not_picked":["Dagger Spray","Predator"],"picked":"Corpse Explosion","floor":41},{"not_picked":["Prepared","Sucker Punch+1"],"picked":"Backstab","floor":42},{"not_picked":["Reflex+1","Terror+1"],"picked":"Accuracy","floor":46}],"player_experience":117284,"relics_obtained":[{"floor":7.0,"key":"InkBottle"},{"floor":9.0,"key":"Ornamental Fan"},{"floor":10.0,"key":"Snake Skull"},{"floor":21,"key":"Mercury Hourglass"},{"floor":24,"key":"HornCleat"},{"floor":24,"key":"Mummified Hand"},{"floor":26,"key":"Bottled Tornado"},{"floor":27,"key":"Bottled Flame"},{"floor":27,"key":"Ginger"},{"floor":30,"key":"MealTicket"},{"floor":30,"key":"Shuriken"},{"floor":41,"key":"Pocketwatch"},{"floor":41,"key":"Pantograph"},{"floor":43,"key":"MawBank"}],"event_choices":[{"damage_healed":0.0,"max_hp_gain":0.0,"max_hp_loss":0.0,"gold_gain":75.0,"event_name":"World of Goop","player_choice":"Gather Gold","floor":2.0,"gold_loss":0.0,"damage_taken":11.0},{"damage_healed":0.0,"max_hp_gain":0.0,"max_hp_loss":0.0,"gold_gain":0.0,"event_name":"Golden Idol","player_choice":"Take Wound","floor":3.0,"gold_loss":0.0,"damage_taken":0.0,"relics_obtained":["Golden Idol"],"cards_obtained":["Injury"]},{"damage_healed":0.0,"max_hp_gain":0.0,"max_hp_loss":0.0,"gold_gain":0.0,"event_name":"Shining Light","player_choice":"Ignored","floor":4.0,"gold_loss":0.0,"damage_taken":0.0},{"damage_healed":17.0,"max_hp_gain":0.0,"max_hp_loss":0.0,"gold_gain":0.0,"event_name":"Mushrooms","player_choice":"Healed and dodged fight","floor":14.0,"gold_loss":0.0,"damage_taken":0.0,"cards_obtained":["Parasite"]},{"damage_healed":0,"gold_gain":0,"player_choice":"Ignored","damage_taken":0,"max_hp_gain":0,"max_hp_loss":0,"event_name":"Ghosts","floor":19,"gold_loss":0},{"damage_healed":0,"gold_gain":0,"cards_transformed":["Strike_G","Strike_G"],"player_choice":"Became Test Subject","damage_taken":0,"max_hp_gain":0,"max_hp_loss":0,"event_name":"Drug Dealer","floor":20,"gold_loss":0,"cards_obtained":["Sucker Punch","Underhanded Strike"]},{"damage_healed":0,"gold_gain":0,"player_choice":"Bought 0 Potions","damage_taken":0,"max_hp_gain":0,"max_hp_loss":0,"event_name":"The Woman in Blue","floor":36,"gold_loss":0},{"cards_removed":["Defend_G"],"damage_healed":0,"gold_gain":0,"player_choice":"Removed Skill","damage_taken":0,"max_hp_gain":0,"max_hp_loss":0,"event_name":"Falling","floor":45,"gold_loss":0},{"damage_healed":0,"gold_gain":0,"player_choice":"Embrace Madness","damage_taken":9,"max_hp_gain":0,"max_hp_loss":0,"event_name":"Winding Halls","floor":48,"gold_loss":0,"cards_obtained":["Madness","Madness"]}],"is_beta":false,"boss_relics":[{"not_picked":["Philosopher\u0027s Stone","Runic Pyramid"],"picked":"Black Star"},{"not_picked":["Ring of the Serpent","SacredBark"],"picked":"Tiny House"}],"items_purged_floors":[39],"is_endless":false,"potions_floor_spawned":[7,10,12,16,18,27,29,33,35,38,41],"ascension_level":0}}