{"host":"5pruifpvrxoc6ior","time":1613606683,"event":{"mods":["AchievementEnabler","Aspiration","BaseMod","Colored Map","Colored Powertips","Downfall","Googly Eyes","Hermit","Hubris","Jorbs\u0027s Wanderer Trilogy","Marisa????????","Minty Spire (QoL Compilation)","Quick Restart","Remilia??????","Replay The Spire","StSLib","SuperFastMode","The Bug Knight","The Cursed","The Disciple","The Hierophant","The Jungle","The Necromancer","The Servant 0.9.4"],"gold_per_floor":[110,110,129,129,129,154,173,205,231,258,2,2,16,16,16,115,115,129,129,141,141,141,141,176,204,204,218,218],"floor_reached":27,"language":"ENG","playtime":1271,"items_purged":[],"score":315,"play_id":"100ea46e-c96a-464c-8016-f18001a1be72","local_time":"20210217190443","is_ascension_mode":true,"campfire_choices":[{"data":"Summon_Death_Knight","floor":12,"key":"SMITH"},{"data":"Bone_Wall","floor":15,"key":"SMITH"},{"data":"Negative_Energy_Arrows","floor":23,"key":"SMITH"}],"circlet_count":0,"master_deck":["Strike_W","Strike_W","Strike_W","Strike_W","Defend_W","Defend_W","Defend_W","Defend_W","Negative_Energy_Arrows+1","Bone_Wall+1","Spectral_Armor","Injury","Death_Coil+1","Negative_Energy_Burst+1","Summon_Death_Knight+1","Blood_Curse+1","Grasp_Heart+1","Negative_Energy_Sphere+1","Bone_Spikes+1","Bone_Armor","Negative_Energy_Shield"],"relics":["Vampire_Amulet","NeowsBlessing","Molten Egg 2","HollowMod:LifeEnderRelic","hubris:Metronome","aspiration:StickyExplosives_weak","Simple Rune","Mercury Hourglass","Pantograph","Replay:Fungal Core","theJungle:SneckoAutograph","theJungle:WildPear","Replay:Bandana","Bottled Lightning"],"acts_visited":["Exordium","Exordium"],"potions_floor_usage":[8,8,16,24,27,27,27],"damage_taken":[{"damage":0,"enemies":"Cultist","floor":1,"turns":1},{"damage":0,"enemies":"Small Slimes","floor":3,"turns":1},{"damage":0,"enemies":"Gremlin Nob","floor":6,"turns":1},{"damage":0,"enemies":"2 Louse","floor":7,"turns":3},{"damage":18,"enemies":"Lagavulin","floor":8,"turns":5},{"damage":10,"enemies":"3 Sentries","floor":10,"turns":6},{"damage":18,"enemies":"Large Slime","floor":13,"turns":4},{"damage":26,"enemies":"Fading Forest","floor":16,"turns":11},{"damage":13,"enemies":"Shell Parasite","floor":18,"turns":6},{"damage":15,"enemies":"theJungle:5_Spyders","floor":20,"turns":8},{"damage":12,"enemies":"theJungle:Cassacara","floor":24,"turns":5},{"damage":5,"enemies":"theJungle:SlimyTreeVines","floor":25,"turns":4},{"damage":71,"enemies":"theJungle:2_Phrogs","floor":27,"turns":5}],"seed_played":"-5444192603601382687","potions_obtained":[{"floor":1,"key":"SteroidPotion"},{"floor":7,"key":"FearPotion"},{"floor":8,"key":"AttackPotion"},{"floor":20,"key":"EssenceOfSteel"},{"floor":25,"key":"LiquidBronze"}],"is_trial":false,"path_per_floor":["M","?","M","?","?","E","M","E","T","E","$","R","M","$","R","B",null,"M","?","M","?","?","R","E","M","T","E"],"character_chosen":"NECROMANCER","items_purchased":["Pantograph"],"campfire_rested":0,"item_purchase_floors":[11],"current_hp_per_floor":[75,75,75,75,63,65,69,53,53,49,49,49,35,35,35,48,75,64,64,59,69,59,59,57,59,59,0,0],"gold":218,"neow_bonus":"THREE_ENEMY_KILL","is_daily":false,"chose_seed":false,"campfire_upgraded":3,"win_rate":0.0,"timestamp":1613606683,"path_taken":["M","?","?","?","?","E","M","E","T","E","$","R","M","$","R","BOSS","M","?","M","?","?","R","E","M","T","E"],"items_purchased_type":["Relic"],"build_version":"2020-12-22","purchased_purges":0,"victory":false,"max_hp_per_floor":[75,75,75,75,75,75,75,75,75,75,75,75,75,75,75,75,75,75,75,75,85,85,85,85,85,85,85,85],"card_choices":[{"not_picked":["Negative_Energy_Burst","Slay_Living"],"picked":"Spectral_Armor","floor":1},{"not_picked":["Negative_Energy_Mist","Bone_Spikes","Scare"],"picked":"SKIP","floor":3},{"not_picked":["Siphon_Strength","Chill_Blood"],"picked":"Death_Coil+1","floor":6},{"not_picked":["Bone_Spikes+1","Shackles_Of_Pain"],"picked":"Negative_Energy_Burst+1","floor":7},{"not_picked":["Toxic_Smoke_Screen","Skeleton_Dragon"],"picked":"Summon_Death_Knight","floor":8},{"not_picked":["Plague_Bolt+1","Negative_Energy_Mist"],"picked":"Blood_Curse+1","floor":10},{"not_picked":["Consume_Illness","Pandemic","Bone_Shift"],"picked":"SKIP","floor":13},{"not_picked":["Reap_The_Weak+1","Skeleton_Dragon"],"picked":"Grasp_Heart+1","floor":16},{"not_picked":["Uncharnel","Stop_Heart+1"],"picked":"Negative_Energy_Sphere+1","floor":18},{"not_picked":["Negative_Energy_Mist","Bone_Bullets+1"],"picked":"Bone_Spikes+1","floor":20},{"not_picked":["Death_Coil+1","Finger_Of_Death+1"],"picked":"Bone_Armor","floor":24},{"not_picked":["Necromantic_Selection","Life_Tap"],"picked":"Negative_Energy_Shield","floor":25}],"player_experience":33816,"relics_obtained":[{"floor":6,"key":"hubris:Metronome"},{"floor":8,"key":"aspiration:StickyExplosives_weak"},{"floor":9,"key":"Simple Rune"},{"floor":10,"key":"Mercury Hourglass"},{"floor":24,"key":"Replay:Bandana"},{"floor":26,"key":"Bottled Lightning"}],"event_choices":[{"damage_healed":0,"gold_gain":0,"player_choice":"Success","damage_taken":12,"relics_obtained":["HollowMod:LifeEnderRelic"],"max_hp_gain":0,"max_hp_loss":0,"event_name":"Scrap Ooze","floor":5,"gold_loss":0}],"is_beta":false,"boss_relics":[{"not_picked":["Painkiller Herb","Empty Cage"],"picked":"Replay:Fungal Core"}],"items_purged_floors":[],"is_endless":false,"potions_floor_spawned":[1,7,8,16,18,20,25],"killed_by":"theJungle:2_Phrogs","ascension_level":3}}