{"host":"u2qrfxkm3wve0vp3","time":1613658564,"event":{"mods":["AchievementEnabler","BaseMod","Downfall","Minty Spire (QoL Compilation)","Quick Restart","Shop Mod","StSLib","The Cursed","The Marked"],"gold_per_floor":[115,115,115,129,147,147,172,183,183,208,208,208,133,144,144,244,244,261,176,191,91,101,134,134,100,123,135,60,77,105,121,121,225,225,245,263,263,273,68,68,68,68,68,31,31,46,75,92,92,92,92,92,40,66,66,66],"floor_reached":55,"language":"ZHS","playtime":2380,"items_purged":["theMarked:Strike","theMarked:Strike","theMarked:Strike"],"score":772,"play_id":"ad65cff3-33a8-405d-9534-28a1f611cbc1","local_time":"20210218222924","is_ascension_mode":false,"campfire_choices":[{"data":"theMarked:BindingBlade","floor":6,"key":"SMITH"},{"floor":11,"key":"REST"},{"data":"theMarked:BanishingStrike","floor":15,"key":"SMITH"},{"data":"theMarked:Panic","floor":24,"key":"SMITH"},{"data":"theMarked:Heritage","floor":32,"key":"SMITH"},{"data":"theMarked:ParalyzingBlade","floor":40,"key":"SMITH"},{"floor":42,"key":"RECALL"},{"data":"theMarked:EmpowerWeapon","floor":49,"key":"SMITH"},{"data":"theMarked:Determination","floor":52,"key":"SMITH"}],"circlet_count":0,"master_deck":["theMarked:Strike","theMarked:Defend","theMarked:Defend","theMarked:Defend","theMarked:Defend","theMarked:SoldierOfQuellstein+1","theMarked:BindingBlade+1","theMarked:BindingBlade+1","theMarked:BanishingStrike+1","theMarked:Levitate","theMarked:EnhanceMovement+1","theMarked:Levitate","theMarked:Panic+1","theMarked:Heritage+1","theMarked:Determination+1","theMarked:FavorableWinds","Purity","theMarked:SwordAndMagic+1","theMarked:ParalyzingBlade+1","theMarked:Seal","theMarked:EmpowerWeapon+1"],"relics":["theMarked:ArtifactOfAir","Mango","Mummified Hand","Coffee Dripper","Ancient Tea Set","Shuriken","Oddly Smooth Stone","Ice Cream","Cursed Key","StrikeDummy","Toy Ornithopter"],"acts_visited":["Exordium","TheCity","TheBeyond","TheEnding"],"potions_floor_usage":[7,10,16,23,23,33,50,50,54,55],"damage_taken":[{"damage":0,"enemies":"Small Slimes","floor":1,"turns":3},{"damage":0,"enemies":"2 Louse","floor":4,"turns":2},{"damage":1,"enemies":"Jaw Worm","floor":5,"turns":4},{"damage":27,"enemies":"Gremlin Nob","floor":7,"turns":4},{"damage":5,"enemies":"2 Fungi Beasts","floor":8,"turns":3},{"damage":33,"enemies":"3 Sentries","floor":10,"turns":9},{"damage":18,"enemies":"Lots of Slimes","floor":14,"turns":4},{"damage":34,"enemies":"The Guardian","floor":16,"turns":8},{"damage":6,"enemies":"3 Byrds","floor":18,"turns":5},{"damage":2,"enemies":"Shell Parasite","floor":20,"turns":3},{"damage":16,"enemies":"Snake Plant","floor":22,"turns":2},{"damage":14,"enemies":"Gremlin Leader","floor":23,"turns":4},{"damage":0,"enemies":"Shelled Parasite and Fungi","floor":27,"turns":2},{"damage":0,"enemies":"Centurion and Healer","floor":29,"turns":3},{"damage":0,"enemies":"Book of Stabbing","floor":30,"turns":3},{"damage":0,"enemies":"Cultist and Chosen","floor":31,"turns":4},{"damage":21,"enemies":"Automaton","floor":33,"turns":9},{"damage":0,"enemies":"Orb Walker","floor":35,"turns":2},{"damage":0,"enemies":"3 Shapes","floor":36,"turns":3},{"damage":1,"enemies":"Maw","floor":38,"turns":5},{"damage":0,"enemies":"Spire Growth","floor":46,"turns":4},{"damage":53,"enemies":"Nemesis","floor":47,"turns":7},{"damage":0,"enemies":"Transient","floor":48,"turns":5},{"damage":0,"enemies":"Time Eater","floor":50,"turns":4},{"damage":5,"enemies":"Shield and Spear","floor":54,"turns":6},{"damage":77,"enemies":"The Heart","floor":55,"turns":5}],"seed_played":"7109934123663075767","potions_obtained":[{"floor":4,"key":"GamblersBrew"},{"floor":7,"key":"EssenceOfSteel"},{"floor":10,"key":"bronze:BurnAndBuffPotion"},{"floor":14,"key":"FairyPotion"},{"floor":18,"key":"bronze:BurnAndBuffPotion"},{"floor":20,"key":"SteroidPotion"},{"floor":22,"key":"SpeedPotion"},{"floor":30,"key":"DuplicationPotion"},{"floor":31,"key":"theMarked:SummonPotion"},{"floor":35,"key":"Dexterity Potion"},{"floor":47,"key":"Weak Potion"}],"is_trial":false,"path_per_floor":["M","?","?","M","M","R","E","M","T","E","R","?","$","M","R","B",null,"M","?","M","$","M","E","R","$","T","M","?","M","E","M","R","B",null,"M","M","?","M","$","R","?","R","T","$","?","M","E","M","R","B",null,"R","$","E","B"],"character_chosen":"THE_DEFAULT","items_purchased":["theMarked:Heritage","theMarked:ParalyzingBlade","theMarked:Seal","SkillPotion"],"campfire_rested":1,"item_purchase_floors":[25,39,44,53],"current_hp_per_floor":[65,65,65,65,64,64,51,46,46,13,36,36,36,18,18,12,79,73,73,71,71,55,41,41,41,41,41,41,41,41,41,41,20,79,79,79,79,78,78,78,75,75,75,75,68,68,15,15,15,15,75,75,75,70,0,0],"gold":66,"neow_bonus":"THREE_RARE_CARDS","is_daily":false,"chose_seed":false,"campfire_upgraded":7,"win_rate":0.0,"timestamp":1613658564,"path_taken":["M","?","?","?","M","R","E","M","T","E","R","?","$","?","R","BOSS","M","?","M","$","M","E","R","$","T","M","?","M","E","?","R","BOSS","M","M","?","M","$","R","?","R","T","?","?","M","E","M","R","BOSS","R","$","E","BOSS"],"items_purchased_type":["Card","Card","Card","Potion"],"build_version":"2020-12-22","purchased_purges":3,"victory":false,"max_hp_per_floor":[65,65,65,65,65,65,79,79,79,79,79,79,79,79,79,79,79,79,79,79,79,79,79,79,79,79,79,79,79,79,79,79,79,79,79,79,79,79,79,79,75,75,75,75,75,75,75,75,75,75,75,75,75,75,75,75],"card_choices":[{"not_picked":["theMarked:Snap","theMarked:FavorableWinds"],"picked":"theMarked:BindingBlade","floor":0},{"not_picked":["theMarked:Parkour","theMarked:ElectricStrings","theMarked:RepellingDischarge"],"picked":"SKIP","floor":1},{"not_picked":["theMarked:Frustration","theMarked:Convert","theMarked:HeightenedSenses"],"picked":"SKIP","floor":4},{"not_picked":["theMarked:TwofoldDefense","theMarked:ElectricStrings","theMarked:Opportunist"],"picked":"SKIP","floor":5},{"not_picked":["theMarked:MagusForm","theMarked:Overthink"],"picked":"theMarked:BindingBlade","floor":7},{"not_picked":["theMarked:TwofoldDefense","theMarked:Improvise"],"picked":"theMarked:BanishingStrike","floor":8},{"not_picked":["theMarked:HeightenedSenses","theMarked:Aftermath","theMarked:Memento"],"picked":"SKIP","floor":10},{"not_picked":["theMarked:Memento","theMarked:WastefulAttack","theMarked:ShockingTouch"],"picked":"SKIP","floor":14},{"not_picked":["theMarked:Defy","theMarked:Abjuration"],"picked":"theMarked:Levitate","floor":16},{"not_picked":["theMarked:TwofoldDefense","theMarked:Parkour+1","theMarked:WardOff"],"picked":"SKIP","floor":18},{"not_picked":["theMarked:TakeCover","theMarked:WardOff+1"],"picked":"theMarked:EnhanceMovement+1","floor":20},{"not_picked":["theMarked:Standoff","theMarked:HeightenedSenses"],"picked":"theMarked:Levitate","floor":22},{"not_picked":["theMarked:TwofoldDefense","theMarked:Overcharge"],"picked":"theMarked:Panic","floor":23},{"not_picked":["theMarked:Convert","theMarked:ElectricStrings","theMarked:MuscleMemory"],"picked":"SKIP","floor":27},{"not_picked":["theMarked:HeightenedSenses","theMarked:PowerFlow"],"picked":"theMarked:Determination","floor":29},{"not_picked":["theMarked:Improvise","theMarked:WastefulAttack","theMarked:EmpowerWeapon+1"],"picked":"SKIP","floor":30},{"not_picked":["theMarked:WardOff","theMarked:Improvise","theMarked:ResourceFulStrike"],"picked":"SKIP","floor":31},{"not_picked":["theMarked:TurnInvisible","theMarked:DispelDoubt"],"picked":"theMarked:FavorableWinds","floor":33},{"not_picked":["theMarked:ContemptForTheProud","theMarked:Standoff","theMarked:RepellingDischarge+1"],"picked":"SKIP","floor":35},{"not_picked":["theMarked:Static+1","theMarked:KeepCalmAndFight","theMarked:Frustration"],"picked":"SKIP","floor":36},{"not_picked":["PanicButton","Dramatic Entrance"],"picked":"Purity","floor":37},{"not_picked":["theMarked:EnhanceMovement+1","theMarked:ChainLightning+1"],"picked":"theMarked:SwordAndMagic+1","floor":38},{"not_picked":["theMarked:TheMission","theMarked:TwofoldDefense","theMarked:HeightenedSenses"],"picked":"SKIP","floor":46},{"not_picked":["theMarked:Abjuration","theMarked:Aftermath"],"picked":"theMarked:EmpowerWeapon","floor":47},{"not_picked":["theMarked:Memento","theMarked:MuscleMemory+1","theMarked:EnhanceMovement+1"],"picked":"SKIP","floor":48},{"not_picked":["theMarked:KeepCalmAndFight","theMarked:SwordAndMagic+1","theMarked:TakeCover+1"],"picked":"SKIP","floor":54}],"player_experience":325730,"relics_obtained":[{"floor":7,"key":"Mango"},{"floor":10,"key":"Mummified Hand"},{"floor":23,"key":"Shuriken"},{"floor":26,"key":"Oddly Smooth Stone"},{"floor":30,"key":"Ice Cream"},{"floor":47,"key":"StrikeDummy"},{"floor":54,"key":"Toy Ornithopter"}],"event_choices":[{"damage_healed":0,"gold_gain":0,"player_choice":"Ignored","damage_taken":0,"max_hp_gain":0,"max_hp_loss":0,"event_name":"Liars Game","floor":2,"gold_loss":0},{"damage_healed":0,"gold_gain":0,"player_choice":"Grow","damage_taken":0,"max_hp_gain":0,"max_hp_loss":0,"event_name":"Living Wall","floor":3,"gold_loss":0,"cards_upgraded":["theMarked:SoldierOfQuellstein"]},{"damage_healed":0,"gold_gain":0,"player_choice":"Forge","damage_taken":0,"max_hp_gain":0,"max_hp_loss":0,"event_name":"Accursed Blacksmith","floor":12,"gold_loss":0,"cards_upgraded":["theMarked:BindingBlade"]},{"damage_healed":0,"gold_gain":0,"player_choice":"Obtained Relic","damage_taken":0,"relics_obtained":["Ancient Tea Set"],"max_hp_gain":0,"max_hp_loss":0,"event_name":"Addict","floor":19,"gold_loss":85},{"cards_removed":["theMarked:Strike"],"damage_healed":0,"gold_gain":0,"player_choice":"Gave Gold","damage_taken":0,"max_hp_gain":0,"max_hp_loss":0,"event_name":"Beggar","floor":28,"gold_loss":75},{"damage_healed":0,"gold_gain":0,"player_choice":"Memory 1","damage_taken":0,"max_hp_gain":0,"max_hp_loss":0,"event_name":"SensoryStone","floor":37,"gold_loss":0},{"damage_healed":0,"gold_gain":0,"player_choice":"Max HP","damage_taken":0,"max_hp_gain":0,"max_hp_loss":4,"event_name":"Winding Halls","floor":41,"gold_loss":0},{"damage_healed":0,"gold_gain":0,"player_choice":"Damaged","damage_taken":7,"max_hp_gain":0,"max_hp_loss":0,"event_name":"Wheel of Change","floor":45,"gold_loss":0}],"is_beta":false,"boss_relics":[{"not_picked":["theMarked:Eyepatch","Runic Dome"],"picked":"Coffee Dripper"},{"not_picked":["Black Star","Pandora\u0027s Box"],"picked":"Cursed Key"}],"items_purged_floors":[13,21,39],"is_endless":false,"potions_floor_spawned":[4,7,10,14,18,20,22,30,31,35,36,47],"killed_by":"The Heart","ascension_level":0}}