{"host":"dslyow1zalefsrv0","time":1613623133,"event":{"mods":["2.2 Compatiblity","Act Like it!","BaseMod","Better Match","Better Sensory Stone","BetterRewards","Colored Powertips","Googly Eyes","Hallownest","Hermit","Jorbs\u0027s Wanderer Trilogy","Minty Spire (QoL Compilation)","Potionbrewer","Quick Restart","Rare Cards Sparkle","Replay The Spire","Shop Mod","StSLib","The Bladedancer","The Bug Knight","The Hierophant","The Necromancer","The Servant 0.9.4","The Wild Card"],"gold_per_floor":[113,131,131,4,54,54,123,150,150,200,200,213,263,274,274,369,369,389,407,457,457],"floor_reached":20,"language":"ENG","playtime":1260,"items_purged":[],"score":174,"play_id":"3326571e-7dc5-463e-af88-6448df6414b9","local_time":"20210217223853","is_ascension_mode":false,"campfire_choices":[{"data":"hermit:Maintenance","floor":6,"key":"SMITH"},{"floor":11,"key":"REST"},{"data":"hermit:Combo","floor":15,"key":"SMITH"}],"circlet_count":0,"master_deck":["hermit:Strike_Hermit","hermit:Strike_Hermit","hermit:Strike_Hermit","hermit:Strike_Hermit","hermit:Defend_Hermit+1","hermit:Defend_Hermit","hermit:Defend_Hermit+1","hermit:Defend_Hermit+1","hermit:Snapshot","hermit:Covet","hermit:Maintenance+1","hermit:Combo+1","hermit:Snipe+1","hermit:Quickdraw","hermit:Enervate+1","hermit:Dive","hermit:Ricochet","hermit:DeadOrAlive+1","hermit:Malice+1"],"relics":["hermit:ClaspedLocket","NeowsBlessing","SsserpentHead","Orichalcum","War Paint","Golden Egg"],"acts_visited":["Exordium","TheCity"],"potions_floor_usage":[8,16,20],"damage_taken":[{"damage":0,"enemies":"2 Louse","floor":1,"turns":1},{"damage":0,"enemies":"Cultist","floor":2,"turns":1},{"damage":0,"enemies":"Small Slimes","floor":7,"turns":1},{"damage":16,"enemies":"Lagavulin","floor":8,"turns":8},{"damage":0,"enemies":"Exordium Wildlife","floor":12,"turns":2},{"damage":1,"enemies":"Large Slime","floor":14,"turns":6},{"damage":21,"enemies":"Hexaghost","floor":16,"turns":8},{"damage":10,"enemies":"Spheric Guardian","floor":18,"turns":6},{"damage":35,"enemies":"3 Byrds","floor":19,"turns":8},{"damage":33,"enemies":"Shelled Parasite and Fungi","floor":20,"turns":5}],"seed_played":"-4017918201559651869","potions_obtained":[{"floor":1,"key":"SkillPotion"},{"floor":2,"key":"hermit:BlackBile"},{"floor":14,"key":"DuplicationPotion"},{"floor":19,"key":"hermit:Tonic"}],"is_trial":false,"path_per_floor":["M","M","?","$","?","R","M","E","T","?","R","M","?","M","R","B",null,"M","M","M"],"character_chosen":"HERMIT","items_purchased":["hermit:Snipe+1","Orichalcum"],"campfire_rested":1,"item_purchase_floors":[4,4],"current_hp_per_floor":[75,75,75,75,75,75,75,59,59,44,66,66,66,65,65,44,75,65,30,0,0],"gold":457,"neow_bonus":"THREE_ENEMY_KILL","is_daily":false,"chose_seed":false,"campfire_upgraded":2,"win_rate":0.0,"timestamp":1613623133,"path_taken":["M","M","?","?","?","R","?","E","T","?","R","M","?","M","R","BOSS","M","M","?"],"items_purchased_type":["Card","Relic"],"build_version":"2020-12-22","purchased_purges":0,"victory":false,"max_hp_per_floor":[75,75,75,75,75,75,75,75,75,75,75,75,75,75,75,75,75,75,75,75,75],"card_choices":[{"not_picked":["hermit:Brawl","hermit:LoneWolf"],"picked":"hermit:Maintenance","floor":1},{"not_picked":["hermit:NoHoldsBarred","hermit:SprayPray"],"picked":"hermit:Combo","floor":2},{"not_picked":["hermit:Spite","hermit:CalledShot"],"picked":"hermit:Quickdraw","floor":7},{"not_picked":["hermit:Shortfuse","hermit:Misfire"],"picked":"hermit:Enervate","floor":8},{"not_picked":["hermit:WideOpen","hermit:SprayPray"],"picked":"hermit:TrackingShot","floor":12},{"not_picked":["hermit:TakeAim","hermit:CalledShot"],"picked":"hermit:Ricochet","floor":14},{"not_picked":["hermit:FinalCanter","hermit:RoundhouseKick"],"picked":"hermit:DeadOrAlive","floor":16},{"not_picked":["hermit:CalledShot","hermit:HoleUp","hermit:LowProfile"],"picked":"SKIP","floor":18},{"not_picked":["hermit:BigShot","hermit:Snipe"],"picked":"hermit:Malice+1","floor":19}],"player_experience":107321,"relics_obtained":[{"floor":8,"key":"War Paint"},{"floor":9,"key":"Golden Egg"}],"event_choices":[{"damage_healed":0,"gold_gain":0,"player_choice":"Trade","damage_taken":0,"relics_obtained":["SsserpentHead"],"max_hp_gain":0,"max_hp_loss":0,"event_name":"FaceTrader","floor":3,"gold_loss":0},{"damage_healed":0,"gold_gain":0,"player_choice":"Ignored","damage_taken":0,"max_hp_gain":0,"max_hp_loss":0,"event_name":"NoteForYourself","floor":5,"gold_loss":0},{"damage_healed":0,"gold_gain":0,"player_choice":"Entered Light","damage_taken":15,"max_hp_gain":0,"max_hp_loss":0,"event_name":"Shining Light","floor":10,"gold_loss":0,"cards_upgraded":["hermit:Enervate","hermit:Defend_Hermit"]},{"damage_healed":0,"gold_gain":0,"cards_transformed":["hermit:TrackingShot"],"player_choice":"Transformed","damage_taken":0,"max_hp_gain":0,"max_hp_loss":0,"event_name":"Transmorgrifier","floor":13,"gold_loss":0,"cards_obtained":["hermit:Dive"]}],"is_beta":false,"boss_relics":[{"not_picked":["Painkiller Herb","Replay:Drink Me"],"picked":"hermit:ClaspedLocket"}],"items_purged_floors":[],"is_endless":false,"potions_floor_spawned":[1,2,14,19],"killed_by":"Shelled Parasite and Fungi","ascension_level":0}}