{"host":"vk2xyavtylxbvrfq","time":1613619518,"event":{"mods":["Bard","BaseMod","Bestiary","Better Altar","Better Match","Better Note","Better Sensory Stone","Better Skull","Better Vampires","Block Reminder","Bossed Relics","Colored Map","Curses Come First","Displayed Cursed Tome","Downfall","Fox Events","Hermit","Ironclad Rager","Marked Mod","Minty Spire (QoL Compilation)","Quick Restart","Rare Cards Sparkle","Relic Sorter","Reliquary","Robot Space Explorer","StSLib","The Hayseed","The Runesmith","TheSurvivalist","Unceasing Turn Reminder"],"gold_per_floor":[112,112,129,142,142,172,172,182,182,482,482,515,515,28,28,126,126,138,138,152,152,167,167,193,205,217,248,260,284,296,322,334,449,461,488,500,560,12,112,112,112,112],"floor_reached":41,"language":"ENG","playtime":1895,"items_purged":[],"score":832,"play_id":"f92673d0-8c1e-4612-8cb0-a3720073ad09","local_time":"20210217223838","is_ascension_mode":true,"campfire_choices":[{"floor":7.0,"key":"REST"},{"data":"hermit:Manifest","floor":11.0,"key":"SMITH"},{"data":"hermit:Headshot","floor":13.0,"key":"SMITH"},{"data":"Apotheosis","floor":15.0,"key":"SMITH"},{"floor":23.0,"key":"REST"},{"data":"RitualDagger","floor":25.0,"key":"SMITH"},{"data":"hermit:FlashPowder","floor":30.0,"key":"SMITH"},{"data":"hermit:Roughhouse","floor":32.0,"key":"SMITH"},{"floor":40.0,"key":"REST"}],"circlet_count":0,"master_deck":["hermit:Strike_Hermit","hermit:Strike_Hermit","hermit:Strike_Hermit","hermit:Strike_Hermit","hermit:Defend_Hermit","hermit:Defend_Hermit","hermit:Defend_Hermit","hermit:Defend_Hermit","hermit:Snapshot","hermit:Covet","hermit:HoleUp","hermit:FlashPowder+1","hermit:Snipe","hermit:Headshot+1","hermit:Gestalt","hermit:Manifest+1","hermit:TakeAim","Apotheosis+1","hermit:Roughhouse+1","hermit:FlashPowder+1","hermit:FlashPowder+1","hermit:Quickdraw","RitualDagger+1","hermit:LowProfile+1","hermit:Headshot","hermit:FlashPowder+1","hermit:Quickdraw","hermit:BigShot+1","hermit:Adapt","hermit:Virtue","hermit:BigShot","Bandage Up","downfall:Haunted","downfall:Haunted","Shame","hermit:Roughhouse","TheSimpletonMod:Gnats","downfall:Icky"],"relics":["hermit:Momento","NeowsBlessing","FossilizedHelix","TungstenRod","Old Coin","Boot","reliquary:WeakTea","Medical Kit","SlaversCollar","MawBank","hermit:Spyglass","Busted Crown","Unceasing Top","reliquary:FingerTrap","reliquary:RosewoodLute","reliquary:Spinner","Darkstone Periapt"],"acts_visited":["Exordium","TheCity","TheBeyond"],"potions_floor_usage":[],"damage_taken":[{"damage":0.0,"enemies":"Jaw Worm","floor":1.0,"turns":1.0},{"damage":0.0,"enemies":"Cultist","floor":3.0,"turns":1.0},{"damage":0.0,"enemies":"2 Louse","floor":4.0,"turns":1.0},{"damage":33.0,"enemies":"3 Sentries","floor":6.0,"turns":10.0},{"damage":0.0,"enemies":"Looter","floor":8.0,"turns":2.0},{"damage":0.0,"enemies":"Gremlin Nob","floor":12.0,"turns":6.0},{"damage":35.0,"enemies":"Hexaghost","floor":16.0,"turns":15.0},{"damage":4.0,"enemies":"Chosen","floor":18.0,"turns":8.0},{"damage":0.0,"enemies":"3 Byrds","floor":20.0,"turns":10.0},{"damage":7.0,"enemies":"Snake Plant","floor":22.0,"turns":4.0},{"damage":0.0,"enemies":"Book of Stabbing","floor":24.0,"turns":11.0},{"damage":0.0,"enemies":"Centurion and Healer","floor":27.0,"turns":6.0},{"damage":0.0,"enemies":"Sentry and Sphere","floor":29.0,"turns":9.0},{"damage":2.0,"enemies":"Chosen and Byrds","floor":31.0,"turns":10.0},{"damage":50.0,"enemies":"Automaton","floor":33.0,"turns":14.0},{"damage":0.0,"enemies":"3 Darklings","floor":35.0,"turns":9.0},{"damage":34.0,"enemies":"2 Orb Walkers","floor":37.0,"turns":7.0},{"damage":114,"enemies":"Giant Head","floor":41,"turns":11}],"seed_played":"-7676257886582317821","potions_obtained":[{"floor":6.0,"key":"Regen Potion"},{"floor":12.0,"key":"DuplicationPotion"},{"floor":16.0,"key":"BlessingOfTheForge"},{"floor":20.0,"key":"Block Potion"},{"floor":27.0,"key":"champ:CounterPotion"},{"floor":33.0,"key":"Strength Potion"},{"floor":35.0,"key":"Ancient Potion"}],"is_trial":false,"path_per_floor":["M","?","M","M","?","E","R","M","T","?","R","E","R","$","R","B",null,"M","?","M","?","M","R","E","R","T","M","$","M","R","M","R","B",null,"M","?","?","$","?","R","E"],"character_chosen":"HERMIT","items_purchased":["Apotheosis","reliquary:WeakTea","Medical Kit","reliquary:FingerTrap","reliquary:RosewoodLute","reliquary:Spinner","hermit:BigShot","Bandage Up"],"campfire_rested":3,"item_purchase_floors":[14,14,14,38,38,38,38,38],"current_hp_per_floor":[68,68,68,68,73,40,64,64,64,62,62,76,76,76,76,41,70,66,66,66,61,54,78,78,78,78,78,78,78,78,76,76,26,67,67,67,33,33,68,102,0,0],"gold":112,"neow_bonus":"THREE_ENEMY_KILL","is_daily":false,"chose_seed":false,"campfire_upgraded":6,"win_rate":0.0,"timestamp":1613619518,"path_taken":["M","?","?","M","?","E","R","M","T","?","R","E","R","$","R","BOSS","M","?","?","?","M","R","E","R","T","M","?","M","R","M","R","BOSS","M","?","?","$","?","R","E"],"items_purchased_type":["Card","Relic","Relic","Relic","Relic","Relic","Card","Card"],"build_version":"2020-12-22","purchased_purges":0,"victory":false,"max_hp_per_floor":[75,75,75,75,80,80,80,80,80,80,80,80,80,80,80,80,80,80,80,80,80,80,80,80,80,80,80,80,80,80,80,80,80,80,80,80,80,80,115,115,115,115],"card_choices":[{"not_picked":["hermit:Feint","hermit:SprayPray"],"picked":"hermit:HoleUp","floor":1.0},{"not_picked":["hermit:SprayPray","hermit:Manifest"],"picked":"hermit:Snipe","floor":3.0},{"not_picked":["hermit:ItchyTrigger","hermit:Shortfuse"],"picked":"hermit:Headshot","floor":4.0},{"not_picked":["hermit:BodyArmor","hermit:BigShot"],"picked":"hermit:Gestalt","floor":6.0},{"not_picked":["hermit:SprayPray","hermit:Midnight"],"picked":"hermit:Manifest","floor":8.0},{"not_picked":["hermit:Roulette","hermit:Maintenance"],"picked":"hermit:TakeAim","floor":12.0},{"not_picked":["hermit:FatalDesire","hermit:Gambit"],"picked":"hermit:Roughhouse","floor":16.0},{"not_picked":["hermit:BigShot","hermit:BodyArmor+1"],"picked":"hermit:FlashPowder+1","floor":18.0},{"not_picked":["hermit:Scavenge","hermit:CursedWeapon"],"picked":"hermit:Quickdraw","floor":20.0},{"not_picked":["hermit:Shortfuse","hermit:Desperado"],"picked":"hermit:LowProfile+1","floor":22.0},{"not_picked":["hermit:ItchyTrigger","hermit:Misfire"],"picked":"hermit:Headshot","floor":24.0},{"not_picked":["hermit:Manifest+1","hermit:NoHoldsBarred"],"picked":"hermit:FlashPowder","floor":27.0},{"not_picked":["hermit:NoHoldsBarred","hermit:Feint"],"picked":"hermit:Quickdraw","floor":29.0},{"not_picked":["hermit:DeadMansHand","hermit:Quickdraw"],"picked":"hermit:BigShot+1","floor":31.0},{"not_picked":["hermit:Magnum","hermit:DeadOrAlive"],"picked":"hermit:Adapt","floor":33.0},{"not_picked":["hermit:BodyArmor"],"picked":"SKIP","floor":35.0},{"not_picked":[],"picked":"hermit:Virtue","floor":37.0}],"player_experience":1415808,"relics_obtained":[{"floor":6.0,"key":"FossilizedHelix"},{"floor":9.0,"key":"TungstenRod"},{"floor":12.0,"key":"Boot"},{"floor":24.0,"key":"MawBank"},{"floor":26.0,"key":"hermit:Spyglass"},{"floor":37.0,"key":"Unceasing Top"}],"event_choices":[{"damage_healed":0.0,"max_hp_gain":0.0,"max_hp_loss":0.0,"gold_gain":0.0,"event_name":"betterNote:BetterNote","player_choice":"Take","floor":2.0,"gold_loss":0.0,"damage_taken":0.0,"cards_obtained":["hermit:FlashPowder"]},{"damage_healed":0.0,"max_hp_gain":5.0,"max_hp_loss":0.0,"gold_gain":0.0,"event_name":"Big Fish","player_choice":"Donut","floor":5.0,"gold_loss":0.0,"damage_taken":0.0},{"damage_healed":0.0,"max_hp_gain":0.0,"max_hp_loss":0.0,"gold_gain":0.0,"event_name":"Scrap Ooze","player_choice":"Success","floor":10.0,"gold_loss":0.0,"damage_taken":3.0,"relics_obtained":["Old Coin"]},{"damage_healed":0.0,"max_hp_gain":0.0,"max_hp_loss":0.0,"gold_gain":0.0,"event_name":"Duplicator","player_choice":"Copied","floor":19.0,"gold_loss":0.0,"damage_taken":0.0,"cards_obtained":["hermit:FlashPowder"]},{"damage_healed":0.0,"max_hp_gain":0.0,"max_hp_loss":0.0,"gold_gain":0.0,"event_name":"Nest","player_choice":"Joined the Cult","floor":21.0,"gold_loss":0.0,"damage_taken":6.0,"cards_obtained":["RitualDagger"]},{"damage_healed":0.0,"max_hp_gain":0.0,"max_hp_loss":0.0,"gold_gain":0.0,"event_name":"Mysterious Sphere","player_choice":"Fight","floor":37.0,"gold_loss":0.0,"damage_taken":0.0}],"is_beta":false,"boss_relics":[{"not_picked":["Black Star","reliquary:Ember"],"picked":"SlaversCollar"},{"not_picked":["Sozu","reliquary:RedPaperclip"],"picked":"Busted Crown"}],"items_purged_floors":[],"is_endless":false,"potions_floor_spawned":[6,12,16,20,27,33,35],"killed_by":"Giant Head","ascension_level":6}}