{"host":"zxkjcgzis4pm3za5","time":1613619854,"event":{"mods":["2.2 Compatiblity","AchievementEnabler","BaseMod","Colored Map","Colored Powertips","Minty Spire (QoL Compilation)","Quick Restart","Random Character Button","Relic Filter Mod","Relic Sorter","Relic Stats","StSLib"],"gold_per_floor":[111,111,128,17,36,36,51,86,86,104,116,116,131,160,160,160,160],"floor_reached":16,"language":"ENG","playtime":447,"items_purged":["Strike_B"],"score":228,"play_id":"e83c1ece-9c63-4601-8cb7-d932dfeff1dd","local_time":"20210218091414","is_ascension_mode":true,"campfire_choices":[{"data":"Streamline","floor":6.0,"key":"SMITH"},{"data":"Sweeping Beam","floor":12.0,"key":"SMITH"},{"data":"Defragment","floor":15.0,"key":"SMITH"}],"circlet_count":0,"master_deck":["AscendersBane","Strike_B","Strike_B","Strike_B","Defend_B","Defend_B","Defend_B","Zap","Dualcast","Gash","Streamline+1","Lockon","Conserve Battery","Gash","Sweeping Beam+1","Gash","Seek","Defragment+1"],"relics":["Cracked Core","NeowsBlessing","Tiny Chest","Emotion Chip"],"acts_visited":["Exordium"],"potions_floor_usage":[16],"damage_taken":[{"damage":0.0,"enemies":"Jaw Worm","floor":1.0,"turns":1.0},{"damage":0.0,"enemies":"Cultist","floor":3.0,"turns":1.0},{"damage":0.0,"enemies":"2 Louse","floor":5.0,"turns":1.0},{"damage":0.0,"enemies":"Exordium Wildlife","floor":7.0,"turns":5.0},{"damage":23.0,"enemies":"Lagavulin","floor":8.0,"turns":6.0},{"damage":0.0,"enemies":"Red Slaver","floor":10.0,"turns":1.0},{"damage":0.0,"enemies":"2 Fungi Beasts","floor":11.0,"turns":2.0},{"damage":12.0,"enemies":"Exordium Thugs","floor":13.0,"turns":2.0},{"damage":15.0,"enemies":"3 Sentries","floor":14.0,"turns":5.0},{"damage":18,"enemies":"Slime Boss","floor":16,"turns":4}],"seed_played":"-1963425563115573122","potions_obtained":[{"floor":3.0,"key":"CultistPotion"},{"floor":8.0,"key":"Fire Potion"},{"floor":10.0,"key":"LiquidMemories"},{"floor":11.0,"key":"SneckoOil"},{"floor":14.0,"key":"FearPotion"}],"is_trial":false,"path_per_floor":["M","?","M","$","M","R","M","E","T","M","M","R","M","E","R","B"],"character_chosen":"DEFECT","items_purchased":["Lockon"],"campfire_rested":0,"item_purchase_floors":[4],"current_hp_per_floor":[64,64,64,64,64,64,64,41,41,41,41,41,29,14,14,0,0],"gold":160,"neow_bonus":"THREE_ENEMY_KILL","is_daily":false,"chose_seed":false,"campfire_upgraded":3,"win_rate":0.0,"timestamp":1613619854,"path_taken":["M","?","?","$","?","R","M","E","T","M","M","R","?","E","R","BOSS"],"items_purchased_type":["Card"],"build_version":"2020-12-22","purchased_purges":1,"victory":false,"max_hp_per_floor":[71,71,71,71,71,71,71,71,71,71,71,71,71,71,71,71,71],"relic_stats":{"Emotion Chip":[0,0,0,0,0],"counters":[10,28],"Tiny Chest":0,"obtain_stats":[{"Emotion Chip":14,"NeowsBlessing":0,"Tiny Chest":8,"Cracked Core":0},{"Emotion Chip":9,"NeowsBlessing":0,"Tiny Chest":5,"Cracked Core":0},{"Emotion Chip":24,"NeowsBlessing":0,"Tiny Chest":14,"Cracked Core":0}]},"card_choices":[{"not_picked":["Turbo","Redo"],"picked":"Gash","floor":1.0},{"not_picked":["Beam Cell","Consume"],"picked":"Streamline","floor":3.0},{"not_picked":["Heatsinks","Chill"],"picked":"Conserve Battery","floor":5.0},{"not_picked":["Rip and Tear","Capacitor"],"picked":"Gash","floor":7.0},{"not_picked":["Sunder","Streamline","Redo"],"picked":"SKIP","floor":8.0},{"not_picked":["Conserve Battery","Self Repair"],"picked":"Sweeping Beam","floor":10.0},{"not_picked":["Cold Snap","Hologram"],"picked":"Gash","floor":11.0},{"not_picked":["Steam Power","Ball Lightning"],"picked":"Seek","floor":13.0},{"not_picked":["Sunder","Ball Lightning"],"picked":"Defragment","floor":14.0}],"player_experience":389889,"relics_obtained":[{"floor":8.0,"key":"Tiny Chest"},{"floor":14.0,"key":"Emotion Chip"}],"event_choices":[{"cards_removed":["Defend_B"],"damage_healed":0.0,"max_hp_gain":0.0,"max_hp_loss":0.0,"gold_gain":0.0,"event_name":"Bonfire Elementals","player_choice":"Offered Basic","floor":2.0,"gold_loss":0.0,"damage_taken":0.0}],"is_beta":false,"boss_relics":[],"items_purged_floors":[4],"is_endless":false,"potions_floor_spawned":[3,8,10,11,14],"killed_by":"Slime Boss","ascension_level":20}}