{"host":"ffqn1azj9urswy62","time":1613664365,"event":{"mods":["BaseMod","Better Third Choice","Conspire","Googly Eyes","Hubris","Minty Spire (QoL Compilation)","Replay The Spire","StSLib","Wandering Minibosses","slay the spire mod where everything is the same but ironclad has a cowboy hat"],"gold_per_floor":[115,65,82,7,20,53,53,53,53,53,53,72,99,113,113,13,13,112,112,132,72,72,272,76,76,76,94,94,94,94,54,69,69,69,69,69],"floor_reached":35,"language":"ENG","playtime":1251,"items_purged":["Strike_R","Defend_R","Defend_R"],"score":316,"play_id":"f9fadbfd-18fb-473c-8341-45effbe59228","local_time":"20210218110605","is_ascension_mode":true,"campfire_choices":[{"data":"Uppercut","floor":7,"key":"SMITH"},{"data":"ReplayTheSpireMod:LeadingStrike","floor":17,"key":"SMITH"},{"data":"Metallicize","floor":25,"key":"SMITH"},{"data":"Metallicize","floor":26,"key":"SMITH"},{"data":"Shrug It Off","floor":29,"key":"SMITH"},{"data":"Demon Form","floor":34,"key":"SMITH"}],"circlet_count":0,"master_deck":["Strike_R","Bash","Uppercut+1","hubris:ReadiedAction+1","Run Through","Bloodletting","Shrug It Off+1","Metallicize+1","ReplayTheSpireMod:LeadingStrike+1","conspire:Purge+1","Power Through+1","Metallicize+1","Pommel Strike+1","Decay","Demon Form+1"],"relics":["Burning Blood","NeowsBlessing","WingedGreaves","Lantern","Darkstone Periapt","Mercury Hourglass","hubris:VirtuousBlindfold","Boot","MutagenicStrength"],"acts_visited":["Exordium","TheCity"],"potions_floor_usage":[6,18,18,35],"damage_taken":[{"damage":0,"enemies":"Jaw Worm","floor":1,"turns":1},{"damage":0,"enemies":"Small Slimes","floor":3,"turns":1},{"damage":0,"enemies":"Cultist","floor":5,"turns":1},{"damage":23,"enemies":"Gremlin Nob","floor":6,"turns":4},{"damage":12,"enemies":"Exordium Thugs","floor":12,"turns":4},{"damage":32,"enemies":"3 Sentries","floor":13,"turns":10},{"damage":15,"enemies":"2 Fungi Beasts","floor":14,"turns":5},{"damage":9,"enemies":"Hexaghost","floor":18,"turns":11},{"damage":27,"enemies":"Spheric Guardian","floor":20,"turns":4},{"damage":10,"enemies":"3 Byrds","floor":27,"turns":6},{"damage":9,"enemies":"Cultist and Chosen","floor":31,"turns":6},{"damage":27,"enemies":"Snake Plant","floor":32,"turns":5},{"damage":43,"enemies":"Automaton","floor":35,"turns":4}],"seed_played":"-5610092207342303126","potions_obtained":[{"floor":1,"key":"Dexterity Potion"},{"floor":3,"key":"Languid Potion"},{"floor":13,"key":"LiquidMemories"},{"floor":18,"key":"SteroidPotion"},{"floor":20,"key":"HeartOfIron"}],"is_trial":false,"path_per_floor":["M","?","M","$","M","E","R","PTL","PTL","?","T","M","E","M","T","$","R","B",null,"M","?","?","?","$","R","R","M","T","R","?","M","M","?","R","B"],"character_chosen":"IRONCLAD","items_purchased":["Metallicize"],"campfire_rested":0,"item_purchase_floors":[24],"current_hp_per_floor":[80,80,80,80,80,63,63,63,63,63,63,57,31,22,22,22,22,19,80,59,59,59,59,59,59,59,55,55,55,61,58,37,37,37,0,0],"gold":69,"neow_bonus":"THREE_ENEMY_KILL","is_daily":false,"chose_seed":false,"campfire_upgraded":6,"win_rate":0.0,"timestamp":1613664365,"path_taken":["M","?","M","$","M","E","R","PTL","PTL","?","T","M","E","?","?","$","R","BOSS","M","?","?","?","$","R","R","?","T","R","?","M","?","?","R","BOSS"],"items_purchased_type":["Card"],"build_version":"2020-12-22","purchased_purges":3,"victory":false,"max_hp_per_floor":[80,80,80,80,80,80,80,80,80,80,80,80,80,80,80,80,80,80,80,80,80,80,80,80,80,80,80,80,80,86,86,86,86,86,86,86],"card_choices":[{"not_picked":["Body Slam","conspire:ExplosiveBarrier"],"picked":"Uppercut","floor":1},{"not_picked":["Sentinel","Wild Strike"],"picked":"hubris:ReadiedAction","floor":3},{"not_picked":["Hemokinesis","Ghostly Armor"],"picked":"Run Through","floor":5},{"not_picked":["Wild Strike","Second Wind"],"picked":"Bloodletting","floor":6},{"not_picked":["Dark Embrace","hubris:CleavingFinish"],"picked":"Shrug It Off","floor":12},{"not_picked":["Clothesline","Ghostly Armor"],"picked":"Metallicize","floor":13},{"not_picked":["Twin Strike","Dropkick"],"picked":"ReplayTheSpireMod:LeadingStrike","floor":14},{"not_picked":["Demon Form","Eclipse"],"picked":"conspire:Purge","floor":18},{"not_picked":["Sword Boomerang+1","Anger+1"],"picked":"Power Through+1","floor":20},{"not_picked":["Sword Boomerang","Shrug It Off"],"picked":"Pommel Strike+1","floor":27},{"not_picked":["Run Through","Clothesline","ReplayReversal+1"],"picked":"SKIP","floor":31},{"not_picked":["hubris:CleavingFinish","Havoc"],"picked":"Demon Form","floor":32}],"player_experience":694472,"relics_obtained":[{"floor":6,"key":"WingedGreaves"},{"floor":11,"key":"Lantern"},{"floor":13,"key":"Darkstone Periapt"},{"floor":15,"key":"Mercury Hourglass"}],"event_choices":[{"cards_removed":["Strike_R"],"damage_healed":0,"gold_gain":0,"player_choice":"Card Removal","damage_taken":0,"max_hp_gain":0,"max_hp_loss":0,"event_name":"The Cleric","floor":2,"gold_loss":50},{"damage_healed":0,"gold_gain":0,"player_choice":"Upgraded","damage_taken":0,"max_hp_gain":0,"max_hp_loss":0,"event_name":"Upgrade Shrine","floor":10,"gold_loss":0,"cards_upgraded":["hubris:ReadiedAction"]},{"damage_healed":0,"gold_gain":250,"player_choice":"Bet on Owner","damage_taken":0,"max_hp_gain":0,"max_hp_loss":0,"event_name":"The Joust","floor":23,"gold_loss":50},{"damage_healed":0,"gold_gain":0,"player_choice":"Inject Mutagens","damage_taken":0,"relics_obtained":["MutagenicStrength"],"max_hp_gain":0,"max_hp_loss":0,"event_name":"Drug Dealer","floor":33,"gold_loss":0}],"is_beta":false,"boss_relics":[{"not_picked":["Velvet Choker","conspire:RoyalGoblet"],"picked":"hubris:VirtuousBlindfold"}],"items_purged_floors":[4,16,24],"is_endless":false,"potions_floor_spawned":[1,3,13,18,20],"killed_by":"Automaton","ascension_level":4}}