{"host":"igi9xpgoc000gxf5","time":1613687654,"event":{"mods":["BaseMod","Colored Powertips","Downfall","Googly Eyes","Minty Spire (QoL Compilation)","StSLib"],"gold_per_floor":[99,99,115,10,310,310,336,436,448,448,448,474,474,492,508,607,607,607,624,624,642,642,642,642,742,38,52,62,62,72,72,85,85,85,85],"floor_reached":33,"language":"ENG","playtime":2644,"items_purged":["downfall:Icky"],"score":270,"play_id":"a8538a6e-d452-4869-8d7d-46cd7e47204e","local_time":"20210218233414","is_ascension_mode":false,"campfire_choices":[{"data":"sneckomod:Unknown","floor":1,"key":"SMITH"},{"data":"sneckomod:SerpentMind","floor":10,"key":"SMITH"},{"floor":13,"key":"REST"},{"data":"sneckomod:UnknownRareAttack","floor":18,"key":"SMITH"},{"floor":29,"key":"REST"}],"circlet_count":0,"master_deck":["sneckomod:Strike","sneckomod:Strike","sneckomod:Strike","sneckomod:Defend","sneckomod:Defend","sneckomod:Defend","sneckomod:TailWhip","sneckomod:SnekBite","sneckomod:Unknown+1","sneckomod:Unknown","sneckomod:UnknownCommonSkill","sneckomod:UnendingSupply+1","sneckomod:UnknownUncommonSkill","downfall:Icky","Quick Slash","sneckomod:SerpentMind+1","sneckomod:SnekBeam","sneckomod:UnknownUncommonAttack","sneckomod:UnknownCommonSkill","sneckomod:IronFang","sneckomod:SoulCleanse","CurseOfTheBell","sneckomod:UnknownDraw+1","sneckomod:Unknown1Cost+1","Die Die Die+1","sneckomod:Unknown1Cost+1","sneckomod:UnknownRareAttack","expansioncontent:StudyTheSpire","sneckomod:UnknownStrike","sneckomod:DefensiveFlair+1","sneckomod:Unknown0Cost+1","sneckomod:SerpentIdol+1","sneckomod:UnknownStrength+1"],"relics":["sneckomod:SneckoSoul","Thread and Needle","Smiling Mask","Singing Bowl","Calling Bell","Toxic Egg 2","FossilizedHelix","downfall:RedIOU","Dream Catcher","Strawberry","Regal Pillow"],"acts_visited":["Exordium","TheCity"],"potions_floor_usage":[12,21,21,27,28,33],"damage_taken":[{"damage":0,"enemies":"Jaw Worm","floor":3,"turns":5},{"damage":0,"enemies":"downfall:FleeingMerchant","floor":4,"turns":4},{"damage":5,"enemies":"2 Louse","floor":9,"turns":3},{"damage":20,"enemies":"Gremlin Nob","floor":12,"turns":5},{"damage":8,"enemies":"Cultist","floor":14,"turns":4},{"damage":0,"enemies":"downfall:LooterAlt","floor":15,"turns":3},{"damage":43,"enemies":"SI_SHIV_ARCHETYPE","floor":16,"turns":19},{"damage":18,"enemies":"Chosen","floor":19,"turns":7},{"damage":25,"enemies":"3 Byrds","floor":21,"turns":7},{"damage":6,"enemies":"downfall:FleeingMerchant","floor":26,"turns":4},{"damage":42,"enemies":"Centurion and Healer","floor":27,"turns":6},{"damage":20,"enemies":"Snake Plant","floor":28,"turns":2},{"damage":11,"enemies":"Snecko","floor":30,"turns":4},{"damage":42,"enemies":"Centurion and Healer","floor":32,"turns":7},{"damage":17,"enemies":"DF_ARCHETYPE_CLAW","floor":33,"turns":3}],"seed_played":"9171154324158365811","potions_obtained":[{"floor":3,"key":"AttackPotion"},{"floor":14,"key":"Block Potion"},{"floor":16,"key":"Block Potion"},{"floor":19,"key":"Regen Potion"},{"floor":27,"key":"ColorlessPotion"},{"floor":32,"key":"SteroidPotion"}],"is_trial":false,"path_per_floor":["R","?","M","$","?","R","T","?","M","R","?","E","R","M","M","B",null,"R","M","?","M","?","R","T","?","$","M","M","R","M","?","M","B"],"character_chosen":"THE_SNECKO","items_purchased":["sneckomod:UnknownUncommonSkill","sneckomod:UnknownCommonAttack","Strawberry","Regal Pillow","sneckomod:UnknownRareAttack","expansioncontent:StudyTheSpire"],"campfire_rested":2,"item_purchase_floors":[4,4,26,26,26,26],"current_hp_per_floor":[99,81,81,81,81,81,81,81,76,76,76,56,85,77,77,34,99,99,81,81,66,66,66,66,66,67,40,20,66,55,55,13,0,0,0],"gold":85,"neow_bonus":"TEN_PERCENT_HP_BONUS","is_daily":false,"chose_seed":false,"campfire_upgraded":3,"win_rate":0.0,"timestamp":1613687654,"path_taken":["R","?","M","$","?","R","T","?","M","R","?","E","R","?","M","BOSS","R","M","?","M","?","R","T","?","$","M","?","R","M","?","M","BOSS"],"items_purchased_type":["Card","Card","Relic","Relic","Card","Card"],"build_version":"2020-12-22","purchased_purges":1,"victory":false,"max_hp_per_floor":[99,99,99,99,99,99,99,99,99,99,99,99,99,99,99,99,99,99,99,99,99,99,99,99,99,106,106,106,106,106,106,106,106,106,106],"card_choices":[{"not_picked":["sneckomod:UnknownX","sneckomod:DiceCrush"],"picked":"sneckomod:UnknownCommonSkill","floor":3},{"not_picked":["sneckomod:SoulRoll","sneckomod:SnakeSap"],"picked":"sneckomod:UnendingSupply","floor":4},{"not_picked":["sneckomod:IronFang","sneckomod:SoulDraw"],"picked":"sneckomod:SerpentMind","floor":9},{"not_picked":["sneckomod:ImprovisedGuard","sneckomod:SoulCleanse"],"picked":"sneckomod:SnekBeam","floor":12},{"not_picked":["sneckomod:DiceBlock","sneckomod:UnknownBlock"],"picked":"sneckomod:UnknownUncommonAttack","floor":12},{"not_picked":["sneckomod:UnknownBlock","sneckomod:WideSting"],"picked":"sneckomod:UnknownCommonSkill","floor":14},{"not_picked":["sneckomod:DiceBoulder","sneckomod:TrashToTreasure"],"picked":"sneckomod:IronFang","floor":14},{"not_picked":["sneckomod:SnakeSap","sneckomod:MasterEye"],"picked":"sneckomod:SoulCleanse","floor":15},{"not_picked":["sneckomod:Mudshield","sneckomod:UnknownRarePower"],"picked":"sneckomod:UnknownRareAttack","floor":16},{"not_picked":["sneckomod:UnknownCommonSkill+1","sneckomod:UnknownClassSLIMEBOUND+1"],"picked":"sneckomod:UnknownDraw+1","floor":19},{"not_picked":["sneckomod:DiceBlock+1","sneckomod:Rotation+1"],"picked":"sneckomod:Unknown1Cost+1","floor":21},{"not_picked":["sneckomod:DiceBlock+1","sneckomod:DiceCrush"],"picked":"sneckomod:Unknown1Cost+1","floor":26},{"not_picked":["sneckomod:UnknownVulnerable+1","sneckomod:UnknownColorless+1"],"picked":"sneckomod:UnknownStrike","floor":27},{"not_picked":["sneckomod:QuickMove+1","sneckomod:Rotation+1"],"picked":"sneckomod:DefensiveFlair+1","floor":28},{"not_picked":["sneckomod:SoulRoll+1","sneckomod:UnknownX+1"],"picked":"sneckomod:Unknown0Cost+1","floor":29},{"not_picked":["sneckomod:QuickBite","sneckomod:MixItUp+1"],"picked":"sneckomod:SerpentIdol+1","floor":30},{"not_picked":["sneckomod:UnknownStrike+1","sneckomod:TrashToTreasure+1"],"picked":"sneckomod:UnknownStrength+1","floor":32}],"player_experience":983717,"relics_obtained":[{"floor":7,"key":"Smiling Mask"},{"floor":12,"key":"Singing Bowl"},{"floor":17,"key":"Toy Ornithopter"},{"floor":17,"key":"Toxic Egg 2"},{"floor":17,"key":"FossilizedHelix"},{"floor":24,"key":"Dream Catcher"}],"event_choices":[{"damage_healed":0,"gold_gain":0,"player_choice":"Success","damage_taken":18,"relics_obtained":["Thread and Needle"],"max_hp_gain":0,"max_hp_loss":0,"event_name":"Scrap Ooze","floor":2,"gold_loss":0},{"damage_healed":0,"gold_gain":0,"player_choice":"Grow","damage_taken":0,"max_hp_gain":0,"max_hp_loss":0,"event_name":"Living Wall","floor":11,"gold_loss":0,"cards_upgraded":["sneckomod:UnendingSupply"]},{"damage_healed":0,"gold_gain":0,"player_choice":"Ignored","damage_taken":0,"max_hp_gain":0,"max_hp_loss":0,"event_name":"Ghosts","floor":20,"gold_loss":0}],"is_beta":false,"boss_relics":[{"not_picked":["Fusion Hammer","Cursed Key"],"picked":"Calling Bell"}],"items_purged_floors":[26],"is_endless":false,"potions_floor_spawned":[3,14,16,19,27,32],"killed_by":"DF_ARCHETYPE_CLAW","ascension_level":0}}