{"host":"0qulokkk26x4i6bu","time":1613664527,"event":{"mods":["BaseMod","Bestiary","Block Reminder","DeckTracker","Minty Spire (QoL Compilation)","Relic Stats"],"gold_per_floor":[112,112,112,128,143,143,179,32,32,66,86,104,129,170,170,290,290,315,315,11,25,48,48,92,92,116,159,159,175,199,199,199,329,329,353,686,736,746,756,787,787,821,873,873,833,250,250,269,269,269,269,269,16,50,50,50],"floor_reached":55,"language":"ENG","playtime":4383,"items_purged":["Strike_G","Strike_G","Strike_G","Bullet Time"],"score":966,"play_id":"0ed2ab2d-c55b-4947-9c50-63d580b1b899","local_time":"20210218080847","is_ascension_mode":true,"campfire_choices":[{"data":"Dramatic Entrance","floor":6.0,"key":"SMITH"},{"data":"Footwork","floor":15,"key":"SMITH"},{"data":"Cloak And Dagger","floor":23,"key":"SMITH"},{"data":"Blade Dance","floor":25,"key":"SMITH"},{"data":"Good Instincts","floor":28,"key":"SMITH"},{"data":"Dodge and Roll","floor":32,"key":"SMITH"},{"data":"Infinite Blades","floor":41,"key":"SMITH"},{"data":"Dodge and Roll","floor":44,"key":"SMITH"},{"data":"Dodge and Roll","floor":47,"key":"SMITH"},{"floor":49,"key":"RECALL"},{"data":"Cloak And Dagger","floor":52,"key":"SMITH"}],"circlet_count":0,"master_deck":["Strike_G","Strike_G+1","Defend_G","Defend_G","Defend_G","Defend_G","Defend_G","Survivor","Neutralize","Quick Slash","Dramatic Entrance+1","Glass Knife+1","Blade Dance","Footwork+1","Infinite Blades+1","Dagger Spray","Deflect","Riddle With Holes","Blade Dance+1","Cloak And Dagger+1","Slice","Good Instincts+1","Escape Plan+1","Deflect","Dodge and Roll+1","Dodge and Roll+1","Infinite Blades+1","Endless Agony+1","Backstab","Leg Sweep+1","Backstab","Dodge and Roll+1","Dodge and Roll+1","Cloak And Dagger+1","Footwork","Poisoned Stab","Predator+1"],"relics":["Ring of the Snake","NeowsBlessing","Kunai","Boot","Gambling Chip","Runic Pyramid","MealTicket","Dream Catcher","Whetstone","MutagenicStrength","SlaversCollar","Calipers","PreservedInsect","Toy Ornithopter","Ancient Tea Set","Medical Kit","Question Card","Orichalcum"],"acts_visited":["Exordium","TheCity","TheBeyond","TheEnding"],"potions_floor_usage":[38,50,54],"damage_taken":[{"damage":0.0,"enemies":"Jaw Worm","floor":1.0,"turns":1.0},{"damage":0.0,"enemies":"2 Louse","floor":4.0,"turns":1.0},{"damage":0.0,"enemies":"Cultist","floor":5.0,"turns":1.0},{"damage":12.0,"enemies":"3 Sentries","floor":7.0,"turns":8.0},{"damage":6,"enemies":"Gremlin Nob","floor":10,"turns":4},{"damage":0,"enemies":"Lots of Slimes","floor":11,"turns":1},{"damage":0,"enemies":"Exordium Wildlife","floor":12,"turns":1},{"damage":2,"enemies":"Looter","floor":13,"turns":2},{"damage":10,"enemies":"3 Sentries","floor":14,"turns":5},{"damage":13,"enemies":"The Guardian","floor":16,"turns":13},{"damage":13,"enemies":"Spheric Guardian","floor":18,"turns":5},{"damage":4,"enemies":"Shell Parasite","floor":21,"turns":4},{"damage":8,"enemies":"Snake Plant","floor":22,"turns":5},{"damage":8,"enemies":"Gremlin Leader","floor":24,"turns":5},{"damage":1,"enemies":"Book of Stabbing","floor":27,"turns":6},{"damage":0,"enemies":"3 Cultists","floor":29,"turns":4},{"damage":6,"enemies":"Shelled Parasite and Fungi","floor":30,"turns":4},{"damage":24,"enemies":"Champ","floor":33,"turns":17},{"damage":0,"enemies":"Orb Walker","floor":35,"turns":1},{"damage":2,"enemies":"Mind Bloom Boss Battle","floor":37,"turns":7},{"damage":6,"enemies":"3 Darklings","floor":38,"turns":7},{"damage":31,"enemies":"Jaw Worm Horde","floor":39,"turns":4},{"damage":0,"enemies":"Giant Head","floor":40,"turns":11},{"damage":18,"enemies":"Nemesis","floor":42,"turns":3},{"damage":27,"enemies":"Sphere and 2 Shapes","floor":48,"turns":6},{"damage":0,"enemies":"Donu and Deca","floor":50,"turns":20},{"damage":34,"enemies":"Shield and Spear","floor":54,"turns":20},{"damage":51,"enemies":"The Heart","floor":55,"turns":2}],"seed_played":"5920176125848670811","potions_obtained":[{"floor":7.0,"key":"Explosive Potion"},{"floor":10,"key":"Poison Potion"},{"floor":11,"key":"Poison Potion"},{"floor":14,"key":"Ancient Potion"},{"floor":38,"key":"SpeedPotion"},{"floor":45,"key":"Swift Potion"},{"floor":45,"key":"DuplicationPotion"}],"is_trial":false,"path_per_floor":["M","?","?","M","M","R","E","$","T","E","M","M","M","E","R","B",null,"M","?","$","M","M","R","E","R","T","E","R","M","M","?","R","B",null,"M","?","?","M","M","E","R","E","T","R","?","$","R","M","R","B",null,"R","$","E","B"],"character_chosen":"THE_SILENT","items_purchased":["Footwork","Blade Dance","Cloak And Dagger","Slice","Good Instincts","Medical Kit","Question Card","Dodge and Roll","Footwork","Poisoned Stab"],"campfire_rested":0,"item_purchase_floors":[8,20,20,20,20,46,46,46,53,53],"current_hp_per_floor":[70,53,53,53,53,53,41,41,41,35,35,35,33,23,23,10,70,57,62,62,58,50,50,42,42,42,41,41,41,35,35,35,11,70,70,70,68,62,31,31,31,13,13,13,13,28,28,1,1,6,70,70,70,41,0,0],"gold":50,"neow_bonus":"THREE_ENEMY_KILL","is_daily":false,"chose_seed":false,"campfire_upgraded":10,"win_rate":0.0,"timestamp":1613664527,"path_taken":["M","?","?","M","?","R","E","?","T","E","M","M","M","E","R","BOSS","M","?","$","M","M","R","E","R","T","E","R","?","M","?","R","BOSS","M","?","?","M","M","E","R","E","T","R","?","$","R","?","R","BOSS","R","$","E","BOSS"],"items_purchased_type":["Card","Card","Card","Card","Card","Relic","Relic","Card","Card","Card"],"build_version":"2020-12-22","purchased_purges":4,"victory":false,"max_hp_per_floor":[70,70,70,70,70,70,70,70,70,70,70,70,70,70,70,70,70,70,70,70,70,70,70,70,70,70,70,70,70,70,70,70,70,70,70,70,70,70,70,70,70,70,70,70,70,70,70,70,70,70,70,70,70,70,70,70],"relic_stats":{"counters":[28,168],"PreservedInsect":115,"Whetstone":["Glass Knife","Strike_G"],"Orichalcum":[0],"Boot":[641],"Medical Kit":[5],"Question Card":2,"Dream Catcher":0,"Gambling Chip":[33],"MealTicket":15,"Kunai":[179],"obtain_stats":[{"Calipers":37,"NeowsBlessing":0,"Golden Idol":2,"PreservedInsect":40,"Whetstone":27,"Orichalcum":54,"Boot":10,"Ancient Tea Set":43,"Medical Kit":46,"Question Card":46,"SlaversCollar":34,"Dream Catcher":26,"Gambling Chip":14,"MutagenicStrength":31,"MealTicket":24,"Kunai":7,"Toy Ornithopter":42,"Ring of the Snake":0,"Runic Pyramid":17},{"Calipers":20,"NeowsBlessing":0,"Golden Idol":1,"PreservedInsect":23,"Whetstone":15,"Orichalcum":27,"Boot":5,"Ancient Tea Set":24,"Medical Kit":24,"Question Card":24,"SlaversCollar":18,"Dream Catcher":14,"Gambling Chip":9,"MutagenicStrength":17,"MealTicket":14,"Kunai":4,"Toy Ornithopter":24,"Ring of the Snake":0,"Runic Pyramid":10},{"Calipers":95,"NeowsBlessing":0,"Golden Idol":1,"PreservedInsect":117,"Whetstone":62,"Orichalcum":166,"Boot":15,"Ancient Tea Set":120,"Medical Kit":120,"Question Card":120,"SlaversCollar":87,"Dream Catcher":56,"Gambling Chip":24,"MutagenicStrength":70,"MealTicket":56,"Kunai":11,"Toy Ornithopter":120,"Ring of the Snake":0,"Runic Pyramid":37}],"Toy Ornithopter":10,"Ring of the Snake":[56]},"card_choices":[{"not_picked":["Dagger Spray","Escape Plan"],"picked":"Quick Slash","floor":1.0},{"not_picked":["Finisher","Slice"],"picked":"Blade Dance","floor":4.0},{"not_picked":["Flying Knee","Prepared"],"picked":"Acrobatics","floor":5.0},{"not_picked":["Bane","Expertise","Eviscerate"],"picked":"SKIP","floor":7.0},{"not_picked":["Underhanded Strike","All Out Attack","Outmaneuver"],"picked":"SKIP","floor":10},{"not_picked":["Backflip","Prepared"],"picked":"Infinite Blades","floor":11},{"not_picked":["Eviscerate","Bouncing Flask","All Out Attack"],"picked":"SKIP","floor":12},{"not_picked":["Tools of the Trade","Dagger Throw"],"picked":"Dagger Spray","floor":13},{"not_picked":["Deadly Poison","Poisoned Stab"],"picked":"Deflect","floor":14},{"not_picked":["Sucker Punch","Outmaneuver"],"picked":"Riddle With Holes","floor":18},{"not_picked":["PiercingWail+1","Quick Slash"],"picked":"Escape Plan+1","floor":21},{"not_picked":["Outmaneuver+1","Flying Knee+1"],"picked":"Bullet Time","floor":22},{"not_picked":["Unload","Finisher"],"picked":"Deflect","floor":24},{"not_picked":["Predator","Blade Dance"],"picked":"Dodge and Roll","floor":27},{"not_picked":["Prepared","Quick Slash"],"picked":"Dodge and Roll","floor":29},{"not_picked":["PiercingWail","Dagger Spray","Distraction+1"],"picked":"SKIP","floor":30},{"not_picked":["Choke","Dodge and Roll"],"picked":"Infinite Blades+1","floor":35},{"not_picked":["Dodge and Roll","Quick Slash+1"],"picked":"Endless Agony+1","floor":37},{"not_picked":["Endless Agony+1","Bane+1"],"picked":"Backstab","floor":38},{"not_picked":["Acrobatics+1","Endless Agony"],"picked":"Leg Sweep+1","floor":39},{"not_picked":["Underhanded Strike+1","Acrobatics+1"],"picked":"Backstab","floor":40},{"not_picked":["Terror","Dagger Spray+1"],"picked":"Dodge and Roll+1","floor":42},{"not_picked":["Reflex+1","Die Die Die","All Out Attack+1"],"picked":"Cloak And Dagger","floor":48},{"not_picked":["Calculated Gamble","Quick Slash","Poisoned Stab"],"picked":"Predator+1","floor":54}],"player_experience":66907,"relics_obtained":[{"floor":7.0,"key":"Kunai"},{"floor":10,"key":"Boot"},{"floor":14,"key":"Gambling Chip"},{"floor":24,"key":"MealTicket"},{"floor":26,"key":"Dream Catcher"},{"floor":27,"key":"Whetstone"},{"floor":37,"key":"Calipers"},{"floor":40,"key":"PreservedInsect"},{"floor":42,"key":"Toy Ornithopter"},{"floor":43,"key":"Ancient Tea Set"},{"floor":54,"key":"Orichalcum"}],"event_choices":[{"damage_healed":0.0,"max_hp_gain":0.0,"max_hp_loss":0.0,"gold_gain":0.0,"event_name":"Golden Idol","player_choice":"Take Damage","floor":2.0,"gold_loss":0.0,"damage_taken":17.0,"relics_obtained":["Golden Idol"]},{"damage_healed":0.0,"max_hp_gain":0.0,"max_hp_loss":0.0,"gold_gain":0.0,"event_name":"Match and Keep!","player_choice":"2 cards matched","floor":3.0,"gold_loss":0.0,"damage_taken":0.0,"cards_obtained":["Dramatic Entrance","Glass Knife"]},{"cards_removed":["Acrobatics"],"damage_healed":5,"gold_gain":0,"player_choice":"Offered Common","damage_taken":0,"max_hp_gain":0,"max_hp_loss":0,"event_name":"Bonfire Elementals","floor":19,"gold_loss":0},{"cards_removed":["Acrobatics"],"damage_healed":5,"gold_gain":0,"player_choice":"Offered Special","damage_taken":0,"max_hp_gain":0,"max_hp_loss":0,"event_name":"Bonfire Elementals","floor":19,"gold_loss":0},{"damage_healed":0,"gold_gain":0,"player_choice":"Inject Mutagens","damage_taken":0,"relics_obtained":["MutagenicStrength"],"max_hp_gain":0,"max_hp_loss":0,"event_name":"Drug Dealer","floor":31,"gold_loss":0},{"damage_healed":0,"gold_gain":333,"player_choice":"Gave Idol","damage_taken":0,"max_hp_gain":0,"max_hp_loss":0,"event_name":"The Moai Head","floor":36,"relics_lost":["Golden Idol"],"gold_loss":0},{"damage_healed":0,"gold_gain":0,"player_choice":"Fight","damage_taken":0,"max_hp_gain":0,"max_hp_loss":0,"event_name":"MindBloom","floor":37,"gold_loss":0},{"damage_healed":0,"gold_gain":0,"player_choice":"Bought 3 Potions","damage_taken":0,"max_hp_gain":0,"max_hp_loss":0,"event_name":"The Woman in Blue","floor":45,"gold_loss":0}],"is_beta":false,"boss_relics":[{"not_picked":["Coffee Dripper","Astrolabe"],"picked":"Runic Pyramid"},{"not_picked":["SacredBark","Snecko Eye"],"picked":"SlaversCollar"}],"items_purged_floors":[8,20,46,53],"is_endless":false,"potions_floor_spawned":[7,10,11,14,22,27,30,38,48],"killed_by":"The Heart","ascension_level":2}}