{"host":"9rqk712yu6s3287p","time":1613661741,"event":{"mods":["ATMod(°¢èªMod)","Act Like it!","BaseMod","CapriCore","Chen","Gensokyo","Googly Eyes","Marisa£¨ìFÓê¡¡Ä§ÀíÉ³£©","Minty Spire (QoL Compilation)","MostiFishMod","Onozuka Komachi Mod","Reimu£¨²©ÀöÁéÃÎ£©","Remilia_Scarlet Moed£¨ÀÙÃ×ÀòÑÇ¡¤Ë¹¿¨À×ÌØ£©3.3.5","Remilia£¨ÀÙÃ×ÀòÑÇ£©","RumiaBox-Â¶Ã×æ«µÄÉñÃØºÐ×Ó","StSLib","The Administrix","The Immortal","The Servant 0.9.4","Yakumo Yukari mod","Youmu£¨»êÆÇÑýÃÎ£©","Yuyuko","[IsaacMod]ÒÔÈö¼âËþ","¡¾ÒÅÎï¿¨ÅÆ¡¿REMEMod"],"gold_per_floor":[129,165,165,165,204,291,390,468,468,573,723,808,808,938,1021,1076,1303,1303,1679,1896,2011,2191,2217,2347,2347,2898,2898,3781,3781,4164,4164,5326,5326,4737,4737,5954,6243,6543,6767,6767,7015,7289,7289,7519,7619,7619,7825,7825],"floor_reached":33,"language":"ZHS","playtime":2378,"items_purged":["BloodRain","HellCatastrophe"],"score":2119,"play_id":"19fec481-d630-4f84-92d6-a8813a21b7a3","local_time":"20210218232220","daily_mods":["Shiny","Vintage","Heirloom","Time Dilation","Flight","DeadlyEvents","Elite Swarm","Lethality","Midas","Binary"],"is_ascension_mode":true,"campfire_choices":[{"floor":15.0,"key":"RECALL"},{"data":"1","floor":15.0,"key":"LIFT"},{"data":"2","floor":32.0,"key":"LIFT"}],"circlet_count":28,"master_deck":["AscendersBane","TricksterDevil+1","BatForm+1","ForecastOfChange+1","CurseOfVladTepes+1","ScarletMeister+1","QueenOfMidnight+1","BloodyHallows+1","HeartBreak+1","EquivalentExchange+1","KillingBlow+1","BloodyCatastrophe+1","ChaoticDestiny+1","BloodySeventeenLaser+1","ScarletCoffin+1","DemonKingCradle+1","TransientEternity+1","CeilingFear+1"],"relics":["Snecko Eye","Busted Crown","AT_ATBox","DaveBox","REME_ComplimentaryCards","HushsDoor","SteamSale","MostiFishMod:Haymaker","SteamSale","Oddly Smooth Stone","AT_RedTearstoneRing","SynthV:TestCard","AT_ArchangelStaff","MagicDraw1","Lee\u0027s Waffle","REME_HourglassOfDeath","Matryoshka","Pen Nib","PokeGo","ZombieArmy","GnawedLeaf","Kunai","Ornamental Fan","NineVolt","Molten Egg 2","GodSword7","D6","AT_MibuBalloonWealth","HowToJump","Tea:ReiMu","GodSword6","Bronze Scales","Shuriken","AT_BellDemon","Strawberry","ClockworkSouvenir","Art of War","Calipers","AT_GreenNoBalance","Darkstone Periapt","SynthV:TestCard","UnicornStump","CeramicFish","GodSword3","Toolbox","Question Card","CaptainsWheel","Potion Belt","HornCleat","PillsDrop","Ancient Tea Set","MagicDraw2","PreservedInsect","Smiling Mask","BookOfRevelations","Sundial","The Courier","ScarletDevilRocket","SSSystem","Centennial Puzzle","BlankCard","Regal Pillow","HandDrill","LastBattle","AT_DeathDance","Omamori","Boot","SatanicBible","Happy Flower","Mastiff:ReiMu","REME_ArchaeologicalTools","Blood Vial","REME_HandOfSuture","Toxic Egg 2","BookofShadows","AT_GuinsooRageblade","REME_PuzzleBoxRelic","RuthlessExorcism:ReiMu","Bottled Lightning","Toy Ornithopter","D4","SalivaCoin","Ccalipers","Letter Opener","Void","Dream Catcher","Vajra","White Beast Statue","SumBook","Bottled Tornado","GodSword5","AT_Manta","AnarchistCookbook","AT_LudenTempest","Pantograph","TheBean","DeathBook","BelialBook","PunchingBag","Akabeko","AT_EbonyIvory","Mummified Hand","Anchor","SharpPlug","MagicDraw3","Mastiff:ReiMu","AT_SunfireAegis","War Paint","Pear","AT_PhaseBoots","AT_ForceNature","Singing Bowl","Lantern","CrazyTorch:ReiMu","AT_ImmortalShieldbow","AT_BladeRuinedKing","MagicDraw4","TuHaoJin","MealTicket","Whetstone","Bag of Preparation","AT_ChloranthyRing","Bag of Marbles","GodSword4","DoctorsRemote","Blue Candle","Orichalcum","Nunchaku","Bottled Flame","RedBat","StrikeDummy","ImprovedEquipment","EdensBlessing","Eternal Feather","DeadEye","REME_LimitBreaker","GodSword1","Mercury Hourglass","AT_TimeSand","Girya","Gremlin Horn","AT_BellowingDragoncrestRing","Meat on the Bone","Frozen Egg 2","InkBottle","AT_SilvercatRing","TheBible","DianDianMeat","Ice Cream","SentryEyes","REME_IWantAll","GuppysPaw","GuppysTail","OriginationStaff","DaCapo","Turnip","AT_GoldPhoenixTree","PureWhite:ReiMu","Unceasing Top","ThornShield","BionicSphere","DianPoetry","FossilizedHelix","MoneyPower","FairyMaid","Prayer Wheel","StoneCalendar","CombinedTypeHook","Mango","Ginger","Incense Burner","Shovel","AT_Kusabimaru","SecretRecord","Pocketwatch","Leech","Torii","AT_RabadonDeathcap","HollowDreamFlower","ChaoDraw","Gungnir","MoreBug","GuppysHead","Gambling Chip","AT_TheCollector","YumHeart","Du-Vu Doll","ArrowTower","Lizard Tail","Thread and Needle","PlanX","Bird Faced Urn","TungstenRod","TypeBBloodRedTea","Circlet","MostiFishMod:AdaptiveDefenses","BloodDonationBag","MagicMushroom","BirthdayGift-Icosahedron","Habit","MetatronsCube","BrkXgEgg","TheBattery"],"acts_visited":["Exordium","Gensokyo:Gensokyoest"],"potions_floor_usage":[],"damage_taken":[{"damage":0.0,"enemies":"Small Slimes","floor":1.0,"turns":4.0},{"damage":3.0,"enemies":"Jaw Worm","floor":2.0,"turns":3.0},{"damage":0.0,"enemies":"Cultist","floor":5.0,"turns":1.0},{"damage":0.0,"enemies":"Gremlin Nob","floor":6.0,"turns":3.0},{"damage":0.0,"enemies":"Lagavulin","floor":7.0,"turns":3.0},{"damage":0.0,"enemies":"Gremlin Nob","floor":8.0,"turns":2.0},{"damage":29.0,"enemies":"Lagavulin","floor":10.0,"turns":4.0},{"damage":6.0,"enemies":"3 Sentries","floor":11.0,"turns":5.0},{"damage":10.0,"enemies":"Looter","floor":12.0,"turns":3.0},{"damage":8.0,"enemies":"Lagavulin","floor":14.0,"turns":3.0},{"damage":0.0,"enemies":"2 Louse","floor":1.0,"turns":1.0},{"damage":0.0,"enemies":"Cultist","floor":2.0,"turns":2.0},{"damage":0.0,"enemies":"Small Slimes","floor":3.0,"turns":3.0},{"damage":0.0,"enemies":"2 Fungi Beasts","floor":5.0,"turns":2.0},{"damage":0.0,"enemies":"Gremlin Nob","floor":6.0,"turns":2.0},{"damage":0.0,"enemies":"Lagavulin","floor":7.0,"turns":2.0},{"damage":0.0,"enemies":"3 Sentries","floor":8.0,"turns":3.0},{"damage":0.0,"enemies":"Gremlin Nob","floor":10.0,"turns":2.0},{"damage":0.0,"enemies":"3 Sentries","floor":12.0,"turns":1.0},{"damage":0.0,"enemies":"Hiden Room Battle","floor":14.0,"turns":1.0},{"damage":0.0,"enemies":"Slime Boss","floor":16.0,"turns":1.0},{"damage":0.0,"enemies":"Gensokyo:3_Bats","floor":18.0,"turns":1.0},{"damage":0.0,"enemies":"Gensokyo:3_Boulders","floor":22.0,"turns":1.0},{"damage":0.0,"enemies":"Gensokyo:Kasen","floor":23.0,"turns":1.0},{"damage":0.0,"enemies":"Gensokyo:Doremy","floor":25.0,"turns":1.0},{"damage":0.0,"enemies":"Gensokyo:Marisa","floor":27.0,"turns":1.0},{"damage":0.0,"enemies":"Gensokyo:Kasen","floor":28.0,"turns":1.0},{"damage":0.0,"enemies":"Gensokyo:Marisa","floor":30.0,"turns":1.0},{"damage":0.0,"enemies":"Gensokyo:AtlasGolem","floor":31.0,"turns":1.0},{"damage":0,"enemies":"Gensokyo:Scarlet_Devils","floor":33,"turns":3}],"seed_played":"-2163762526014869269","potions_obtained":[{"floor":1.0,"key":"Strength Potion"},{"floor":2.0,"key":"LiquidMemories"},{"floor":5.0,"key":"LiquidMemories"},{"floor":11.0,"key":"SteroidPotion"},{"floor":12.0,"key":"GamblersBrew"},{"floor":2.0,"key":"REME_GoldPotion"},{"floor":2.0,"key":"SteroidPotion"},{"floor":5.0,"key":"LiquidBronze"},{"floor":5.0,"key":"Fire Potion"},{"floor":6.0,"key":"Block Potion"},{"floor":7.0,"key":"LiquidMemories"},{"floor":7.0,"key":"Ancient Potion"},{"floor":8.0,"key":"Explosive Potion"},{"floor":10.0,"key":"SpeedPotion"},{"floor":14.0,"key":"Block Potion"},{"floor":16.0,"key":"LiquidMemories"},{"floor":22.0,"key":"Swift Potion"}],"is_trial":true,"path_per_floor":["M","M","$","$","M","E","E","E","T","E","E","M","$","E","R","M","M","M","$","M","E","E","E","T","E","$","E","$","?","R","B",null,"M","?","COS","$","M","E","?","E","T","E","E","?","E","M","R","B"],"character_chosen":"REMILIA","items_purchased":["Lee\u0027s Waffle","REME_HourglassOfDeath","SneckoOil","Matryoshka","Pen Nib","Strawberry","ClockworkSouvenir","Art of War","Toolbox","BlankCard","Regal Pillow","HandDrill","LastBattle","AT_DeathDance","Omamori","Boot","SatanicBible","Happy Flower","Mastiff:ReiMu","REME_ArchaeologicalTools","Blood Vial","REME_HandOfSuture","Toxic Egg 2","BookofShadows","AT_GuinsooRageblade","REME_PuzzleBoxRelic","RuthlessExorcism:ReiMu","Bottled Lightning","Toy Ornithopter","D4","SalivaCoin","Ccalipers","Letter Opener","Void","Dream Catcher","Vajra","White Beast Statue","SumBook","Bottled Tornado","GodSword5","AT_Manta","AnarchistCookbook","AT_LudenTempest","Pantograph","TheBean","DeathBook","BelialBook","PunchingBag","Akabeko","AT_EbonyIvory","Mummified Hand","Anchor","SharpPlug","MagicDraw3","Diplopia","AT_SunfireAegis","War Paint","Pear","AT_SpeedBoots","AT_ForceNature","Singing Bowl","Lantern","CrazyTorch:ReiMu","AT_ImmortalShieldbow","AT_BladeRuinedKing","MagicDraw4","TuHaoJin","MealTicket","Whetstone","Bag of Preparation","AT_ChloranthyRing","Bag of Marbles","GodSword4","DoctorsRemote","Blue Candle","Orichalcum","Nunchaku","Bottled Flame","RedBat","StrikeDummy","ImprovedEquipment","EdensBlessing","Eternal Feather","DeadEye","REME_LimitBreaker","GodSword1","Mercury Hourglass","AT_TimeSand","Girya","Gremlin Horn","AT_BellowingDragoncrestRing","Meat on the Bone","Frozen Egg 2","InkBottle","AT_SilvercatRing","TheBible","DianDianMeat","Ice Cream","SentryEyes","REME_IWantAll","GuppysPaw","GuppysTail","OriginationStaff","DaCapo","Turnip","AT_GoldPhoenixTree","PureWhite:ReiMu","Unceasing Top","ThornShield","BionicSphere","DianPoetry","FossilizedHelix","MoneyPower","FairyMaid","Prayer Wheel","StoneCalendar","CombinedTypeHook","Mango","Ginger","Incense Burner","Shovel","AT_Kusabimaru","SecretRecord","Pocketwatch","Leech","Torii","AT_RabadonDeathcap","HollowDreamFlower","ChaoDraw","Gungnir","MoreBug","GuppysHead","Gambling Chip","AT_TheCollector","YumHeart","Du-Vu Doll","ArrowTower","Lizard Tail","Thread and Needle","PlanX","Bird Faced Urn","TungstenRod","Damocles","TypeBBloodRedTea","Circlet","Circlet","Circlet","Circlet","Circlet","Circlet","Circlet","Circlet","Circlet","Circlet","Circlet","MostiFishMod:AdaptiveDefenses","TheBattery"],"campfire_rested":0,"item_purchase_floors":[3,3,3,4,4,13,13,13,4,11,11,11,11,11,11,11,11,11,11,11,11,11,11,11,11,11,11,11,11,11,11,11,11,11,11,11,11,11,11,11,11,11,11,11,11,11,11,11,11,11,11,11,11,11,11,11,11,11,11,11,11,11,11,11,11,11,11,11,11,11,11,11,11,11,11,11,11,11,11,11,11,11,11,11,11,11,11,11,11,11,11,11,11,11,11,11,11,11,11,11,11,11,11,11,11,11,11,11,11,11,11,11,11,11,11,11,11,11,11,11,11,11,11,11,11,11,11,11,11,11,11,11,11,11,11,11,11,11,11,11,11,11,11,11,11,11,11,11,11,11,11,11,11,11,11,13,21],"current_hp_per_floor":[63,60,77,77,77,77,77,77,77,60,58,52,59,54,42,42,15,15,1,25,42,43,43,43,78,0,18,14,25,80,146,79,79,79,97,63,104,104,133,133,155,183,183,203,209,209,209,209],"gold":7825,"neow_bonus":"","is_daily":false,"chose_seed":false,"campfire_upgraded":0,"win_rate":0.0,"timestamp":1613661740,"path_taken":["M","M","$","$","M","E","E","E","T","E","E","M","$","E","R","M","M","M","$","M","E","E","E","T","E","$","E","$","?","R","BOSS","M","?","COS","$","?","E","?","E","T","E","?","?","?","M","R","BOSS"],"items_purchased_type":["Relic","Relic","Potion","Relic","Relic","Relic","Relic","Relic","Relic","Relic","Relic","Relic","Relic","Relic","Relic","Relic","Relic","Relic","Relic","Relic","Relic","Relic","Relic","Relic","Relic","Relic","Relic","Relic","Relic","Relic","Relic","Relic","Relic","Card","Relic","Relic","Relic","Relic","Relic","Relic","Relic","Relic","Relic","Relic","Relic","Relic","Relic","Relic","Relic","Relic","Relic","Relic","Relic","Relic","Relic","Relic","Relic","Relic","Relic","Relic","Relic","Relic","Relic","Relic","Relic","Relic","Relic","Relic","Relic","Relic","Relic","Relic","Relic","Relic","Relic","Relic","Relic","Relic","Relic","Relic","Relic","Relic","Relic","Relic","Relic","Relic","Relic","Relic","Relic","Relic","Relic","Relic","Relic","Relic","Relic","Relic","Relic","Relic","Relic","Relic","Relic","Relic","Relic","Relic","Relic","Relic","Relic","Relic","Relic","Relic","Relic","Relic","Relic","Relic","Relic","Relic","Relic","Relic","Relic","Relic","Relic","Relic","Relic","Relic","Relic","Relic","Relic","Relic","Relic","Relic","Relic","Relic","Relic","Relic","Relic","Relic","Relic","Relic","Relic","Relic","Relic","Relic","Relic","Relic","Undefined","Undefined","Undefined","Undefined","Undefined","Undefined","Undefined","Undefined","Undefined","Undefined","Undefined","Relic","Relic"],"build_version":"2020-12-22","purchased_purges":2,"victory":false,"max_hp_per_floor":[70,70,77,77,77,77,77,77,77,77,77,77,84,84,84,84,84,84,84,84,84,84,84,84,113,130,130,142,142,144,151,156,156,156,156,166,173,173,183,183,185,197,197,204,209,209,209,209],"card_choices":[{"not_picked":["BatForm","ForecastOfChange"],"picked":"SKIP","floor":6.0},{"not_picked":["EquivalentExchange","ScarletCoffin"],"picked":"SKIP","floor":7.0},{"not_picked":["CurseOfVladTepes","EquivalentExchange"],"picked":"SKIP","floor":8.0},{"not_picked":["ChaoticDestiny","ForecastOfChange+1"],"picked":"SKIP","floor":10.0},{"not_picked":["BloodRain","KillingBlow+1"],"picked":"SKIP","floor":11.0},{"not_picked":["CeilingFear","EquivalentExchange"],"picked":"SKIP","floor":14.0},{"not_picked":["TricksterDevil","TransientEternity","QueenOfMidnight","BloodySeventeenLaser+1","ChaoticDestiny"],"picked":"SKIP","floor":6.0},{"not_picked":["EquivalentExchange","BloodyCatastrophe","BatForm","ScarletCoffin+1","CurseOfVladTepes"],"picked":"SKIP","floor":7.0},{"not_picked":["BloodyHallows","DemonKingCradle","BatForm","HeartBreak+1","HellCatastrophe+1"],"picked":"SKIP","floor":8.0},{"not_picked":["BloodRain","CeilingFear","BloodyHallows","TricksterDevil","BatForm"],"picked":"SKIP","floor":10.0},{"not_picked":["DemonKingCradle+1","EquivalentExchange+1","KillingBlow+1","BatForm+1","CeilingFear+1"],"picked":"Singing Bowl","floor":12.0},{"not_picked":["ScarletImprint+1","Stigmanizer+1","NightLord+1","UnstableMagic+1","NightDance+1"],"picked":"Singing Bowl","floor":14.0},{"not_picked":["DemonKingCradle+1","BatForm+1","BloodyHallows+1","ChaoticDestiny+1","KillingBlow+1"],"picked":"Singing Bowl","floor":16.0},{"not_picked":["BloodyCatastrophe+1","TricksterDevil+1","HeartBreak+1","QueenOfMidnight+1","CurseOfVladTepes+1"],"picked":"Singing Bowl","floor":23.0},{"not_picked":["HeartBreak+1","BloodyHallows+1","CeilingFear+1","BloodRain+1","TricksterDevil+1"],"picked":"Singing Bowl","floor":25.0},{"not_picked":["ChaoticDestiny+1","ForecastOfChange+1","BloodyHallows+1","ScarletCoffin+1","ScarletMeister+1"],"picked":"Singing Bowl","floor":27.0},{"not_picked":["TransientEternity+1","KillingBlow+1","HellCatastrophe+1","BloodyHallows+1","ScarletCoffin+1"],"picked":"Singing Bowl","floor":28.0},{"not_picked":["ScarletMeister+1","QueenOfMidnight+1","EquivalentExchange+1","BatForm+1","TricksterDevil+1"],"picked":"Singing Bowl","floor":30.0}],"player_experience":556233,"relics_obtained":[{"floor":1.0,"key":"Oddly Smooth Stone"},{"floor":1.0,"key":"ForgetMeNow"},{"floor":1.0,"key":"AT_RedTearstoneRing"},{"floor":1.0,"key":"SynthV:TestCard"},{"floor":2.0,"key":"AT_ArchangelStaff"},{"floor":2.0,"key":"MagicDraw1"},{"floor":5.0,"key":"PokeGo"},{"floor":5.0,"key":"ZombieArmy"},{"floor":6.0,"key":"GnawedLeaf"},{"floor":7.0,"key":"Kunai"},{"floor":7.0,"key":"Ornamental Fan"},{"floor":8.0,"key":"NineVolt"},{"floor":8.0,"key":"Molten Egg 2"},{"floor":9.0,"key":"GodSword7"},{"floor":9.0,"key":"D6"},{"floor":10.0,"key":"AT_MibuBalloonWealth"},{"floor":10.0,"key":"HowToJump"},{"floor":11.0,"key":"Tea:ReiMu"},{"floor":11.0,"key":"GodSword6"},{"floor":11.0,"key":"Bronze Scales"},{"floor":12.0,"key":"Shuriken"},{"floor":12.0,"key":"AT_BellDemon"},{"floor":14.0,"key":"Calipers"},{"floor":14.0,"key":"AT_SilverBalance"},{"floor":1.0,"key":"Darkstone Periapt"},{"floor":1.0,"key":"SynthV:TestCard"},{"floor":2.0,"key":"UnicornStump"},{"floor":2.0,"key":"CeramicFish"},{"floor":3.0,"key":"GodSword3"},{"floor":3.0,"key":"BloodDonationMachine"},{"floor":5.0,"key":"Question Card"},{"floor":5.0,"key":"CaptainsWheel"},{"floor":5.0,"key":"Potion Belt"},{"floor":6.0,"key":"HornCleat"},{"floor":6.0,"key":"PillsDrop"},{"floor":7.0,"key":"Ancient Tea Set"},{"floor":7.0,"key":"MagicDraw2"},{"floor":8.0,"key":"PreservedInsect"},{"floor":8.0,"key":"Smiling Mask"},{"floor":8.0,"key":"BookOfRevelations"},{"floor":8.0,"key":"Sundial"},{"floor":9.0,"key":"The Courier"},{"floor":9.0,"key":"ScarletDevilRocket"},{"floor":10.0,"key":"SSSystem"},{"floor":10.0,"key":"Centennial Puzzle"},{"floor":12.0,"key":"Circlet"},{"floor":12.0,"key":"Circlet"},{"floor":12.0,"key":"Circlet"},{"floor":14.0,"key":"Circlet"},{"floor":14.0,"key":"Circlet"},{"floor":14.0,"key":"Circlet"},{"floor":18.0,"key":"Circlet"},{"floor":22.0,"key":"Circlet"},{"floor":22.0,"key":"Circlet"},{"floor":23.0,"key":"Circlet"},{"floor":25.0,"key":"Circlet"},{"floor":27.0,"key":"Circlet"},{"floor":28.0,"key":"Circlet"},{"floor":28.0,"key":"Circlet"},{"floor":30.0,"key":"Circlet"},{"floor":31.0,"key":"Circlet"}],"event_choices":[{"damage_healed":0.0,"max_hp_gain":0.0,"max_hp_loss":0.0,"gold_gain":0.0,"event_name":"HidenRoomEvent","player_choice":"Fight","floor":14.0,"gold_loss":0.0,"damage_taken":0.0}],"is_beta":false,"boss_relics":[{"not_picked":["REME_DemonsWealth","Velvet Choker"],"picked":"MagicMushroom"},{"not_picked":[]}],"items_purged_floors":[3,4],"is_endless":false,"potions_floor_spawned":[5,7,8,12,2,3,7,12,14,16,18,22,23,25,27,28,30,31],"killed_by":"Gensokyo:Scarlet_Devils","ascension_level":20}}