{"host":"m6rwrrl4vtok99e8","time":1613619405,"event":{"mods":["ATMod(??Mod)","Act Like it!","Arknights","Aspiration","BaseMod","Colored Powertips","Downfall","GungeonMod","Koishi","KomeijiMod","Lobotomy","Marisa????????","Minty Spire (QoL Compilation)","Quick Restart","Reliquary","Remilia??????","Replay The Spire","Spicy Shops","StSLib","The Bug Knight","The Hierophant","The Servant 0.9.4","Waifu the Spire","WarShipGirlsR/????R mod"],"gold_per_floor":[119,119,224,234,6,6,24,24,24,24,39,39,57,75,75,173,173,183,183,183,108,122,133,133,133],"floor_reached":24,"language":"ZHS","playtime":995,"items_purged":["Koishi:BasicStrike"],"score":188,"play_id":"3410eee6-9a50-4fb9-8371-698412ac7ad4","local_time":"20210218113645","is_ascension_mode":false,"campfire_choices":[{"data":"Koishi:HauntingSlash","floor":6.0,"key":"SMITH"},{"data":"Koishi:Provoke","floor":10.0,"key":"SMITH"},{"data":"Koishi:BasicDefend","floor":12.0,"key":"SMITH"},{"data":"Koishi:BasicStrike","floor":15.0,"key":"PURGE"}],"circlet_count":1,"master_deck":["Koishi:BasicDefend","Koishi:BasicDefend","Koishi:BasicDefend+1","Koishi:Provoke+1","Koishi:HauntingSlash+1","Koishi:Catatonia","Koishi:JumpScare","Koishi:FidgetySnatcher","Koishi:Ego","Slimebound:Tackle+1","Slimebound:Tackle+1","Slimebound:Tackle+1"],"relics":["Koishi:ImaginaryFriend","AT_ATBox","Circlet","DemoMod:WeirdEgg","ThirstyCross","Vajra","Busted Crown"],"acts_visited":["Exordium","TheCity"],"potions_floor_usage":[16,16],"damage_taken":[{"damage":0.0,"enemies":"ats:Genji","floor":1.0,"turns":5.0},{"damage":0.0,"enemies":"Cultist","floor":4.0,"turns":3.0},{"damage":0.0,"enemies":"2 Louse","floor":7.0,"turns":1.0},{"damage":0.0,"enemies":"Large Slime","floor":11.0,"turns":5.0},{"damage":0.0,"enemies":"Looter","floor":13.0,"turns":2.0},{"damage":0.0,"enemies":"Exordium Wildlife","floor":14.0,"turns":2.0},{"damage":5,"enemies":"Slime Boss","floor":16,"turns":12},{"damage":8,"enemies":"Shell Parasite","floor":18,"turns":5},{"damage":7,"enemies":"Chosen","floor":22,"turns":4},{"damage":31,"enemies":"Shelled Parasite and Fungi","floor":23,"turns":5},{"damage":18,"enemies":"Gremlin Leader","floor":24,"turns":6}],"seed_played":"72163104854996600","potions_obtained":[{"floor":7.0,"key":"Fire Potion"},{"floor":11.0,"key":"FearPotion"},{"floor":13.0,"key":"SkillPotion"},{"floor":14.0,"key":"Elixir"}],"is_trial":false,"path_per_floor":["M","?","?","M","$","R","M","?","T","R","M","R","M","M","R","B",null,"M","?","?","?","M","M","E"],"character_chosen":"KOISHI","items_purchased":["Vajra"],"campfire_rested":0,"item_purchase_floors":[5],"current_hp_per_floor":[60,60,45,46,46,46,48,60,60,60,60,60,60,60,60,55,60,60,60,60,60,59,31,13,13],"gold":133,"neow_bonus":"RANDOM_COMMON_RELIC","is_daily":false,"chose_seed":false,"campfire_upgraded":3,"win_rate":0.0,"timestamp":1613619405,"path_taken":["M","?","?","?","$","R","M","?","T","R","M","R","M","M","R","BOSS","M","?","?","?","M","M","E"],"items_purchased_type":["Relic"],"build_version":"2020-12-22","purchased_purges":1,"victory":false,"max_hp_per_floor":[60,60,60,60,60,60,60,60,60,60,60,60,60,60,60,60,60,60,60,60,60,60,60,60,60],"card_choices":[{"not_picked":["Koishi:SpiritedAway","Koishi:EmbersOfLove"],"picked":"Koishi:Catatonia","floor":1.0},{"not_picked":["Koishi:SubconsciousSweep","Koishi:SilentAndRestless"],"picked":"Koishi:JumpScare","floor":4.0},{"not_picked":["Koishi:ReflexRadar","Koishi:FleetingPhantom","Koishi:Prune"],"picked":"SKIP","floor":7.0},{"not_picked":["Koishi:Jaunt","Koishi:EmbryosDream"],"picked":"Koishi:FidgetySnatcher","floor":11.0},{"not_picked":["Koishi:StingingMind","Koishi:Whimsy","Koishi:CatchAndRose"],"picked":"SKIP","floor":13.0},{"not_picked":["Koishi:FleetingPhantom","Koishi:ReleaseOfTheId","Koishi:RorschachInDanmaku"],"picked":"SKIP","floor":14.0},{"not_picked":["Koishi:SuperEgo","Koishi:ConfinedInnocent"],"picked":"Koishi:Ego","floor":16},{"not_picked":["Koishi:HeartfeltFancy"],"picked":"SKIP","floor":18},{"not_picked":["Koishi:SpiritedAway+1"],"picked":"SKIP","floor":22},{"not_picked":["Koishi:DNAsFlaw"],"picked":"SKIP","floor":23}],"player_experience":34988,"relics_obtained":[],"event_choices":[{"cards_removed":["Koishi:BasicDefend"],"damage_healed":0,"gold_gain":0,"player_choice":"Gave Gold","damage_taken":0,"max_hp_gain":0,"max_hp_loss":0,"event_name":"Beggar","floor":21,"gold_loss":75}],"is_beta":false,"boss_relics":[{"not_picked":["AT_TrinityForce","Runic Dome"],"picked":"Busted Crown"}],"items_purged_floors":[5],"is_endless":false,"potions_floor_spawned":[7,11,13,14],"killed_by":"Gremlin Leader","ascension_level":0}}