{"host":"qxeepl7ydvsgmfdb","time":1613618902,"event":{"mods":["AchievementEnabler","BaseMod","Colored Powertips","Minty Spire (QoL Compilation)","Quick Restart","slay the spire mod where everything is the same but ironclad has a cowboy hat"],"gold_per_floor":[112,112,112,130,130,163,175,208,208,237,237,237,312,323,323,428,478,498,498,512,54,54,54,72,72,99,99,99,99,99,99,99,199,199,210,210,210],"floor_reached":36,"language":"ENG","playtime":1123,"items_purged":[],"score":501,"play_id":"0cb489bc-6f07-4f13-bd3b-7d29d84ee27c","local_time":"20210217222822","is_ascension_mode":true,"campfire_choices":[{"floor":12,"key":"REST"},{"floor":15,"key":"DIG"},{"floor":23,"key":"REST"},{"floor":25,"key":"REST"},{"floor":27,"key":"DIG"},{"floor":30,"key":"DIG"},{"floor":32,"key":"DIG"}],"circlet_count":0,"master_deck":["Strike_B","Strike_B","Strike_B","Strike_B","Defend_B","Defend_B","Defend_B","Defend_B+1","Zap+1","Dualcast","Ball Lightning","Ball Lightning","Coolheaded","Redo","Conserve Battery","Cold Snap+1","White Noise"],"relics":["Cracked Core","NeowsBlessing","Pantograph","Shovel","Ornamental Fan","Orichalcum","CaptainsWheel","Ancient Tea Set","Incense Burner","Tiny House","Juzu Bracelet","Lizard Tail","PreservedInsect","Centennial Puzzle","Blood Vial","Boot","Sundial","Busted Crown"],"acts_visited":["Exordium","TheCity","TheBeyond"],"potions_floor_usage":[8,10,24,33,33,33],"damage_taken":[{"damage":0,"enemies":"2 Louse","floor":1,"turns":1},{"damage":0,"enemies":"Jaw Worm","floor":4,"turns":1},{"damage":0,"enemies":"Lagavulin","floor":6,"turns":1},{"damage":3,"enemies":"Cultist","floor":7,"turns":3},{"damage":30,"enemies":"Gremlin Nob","floor":8,"turns":4},{"damage":18,"enemies":"Lagavulin","floor":10,"turns":5},{"damage":0,"enemies":"Exordium Wildlife","floor":14,"turns":3},{"damage":30,"enemies":"The Guardian","floor":16,"turns":10},{"damage":6,"enemies":"3 Byrds","floor":18,"turns":5},{"damage":23,"enemies":"2 Thieves","floor":20,"turns":4},{"damage":44,"enemies":"Shelled Parasite and Fungi","floor":24,"turns":8},{"damage":91,"enemies":"Collector","floor":33,"turns":12},{"damage":21,"enemies":"3 Shapes","floor":35,"turns":4},{"damage":53,"enemies":"3 Darklings","floor":36,"turns":8}],"seed_played":"1544659518212433494","potions_obtained":[{"floor":4,"key":"SkillPotion"},{"floor":6,"key":"Regen Potion"},{"floor":8,"key":"AttackPotion"},{"floor":17,"key":"EssenceOfSteel"},{"floor":18,"key":"PotionOfCapacity"},{"floor":24,"key":"EssenceOfDarkness"}],"is_trial":false,"path_per_floor":["M","?","?","M","?","E","M","E","T","E","?","R","?","M","R","B",null,"M","?","M","$","?","R","M","R","T","R","?","$","R","?","R","B",null,"M","M"],"character_chosen":"DEFECT","items_purchased":["Juzu Bracelet","Lizard Tail"],"campfire_rested":3,"item_purchase_floors":[21,21],"current_hp_per_floor":[75,75,75,75,72,72,69,39,39,21,21,43,32,32,32,27,68,62,46,23,23,23,47,18,42,42,42,42,42,42,42,42,40,70,51,0,0],"gold":210,"neow_bonus":"THREE_ENEMY_KILL","is_daily":false,"chose_seed":false,"campfire_upgraded":0,"win_rate":0.0,"timestamp":1613618902,"path_taken":["M","?","?","?","?","E","M","E","T","E","?","R","?","M","R","BOSS","M","?","M","$","?","R","M","R","T","R","?","?","R","?","R","BOSS","M","M"],"items_purchased_type":["Relic","Relic"],"build_version":"2020-12-22","purchased_purges":0,"victory":false,"max_hp_per_floor":[75,75,75,75,75,75,75,75,75,75,75,75,75,75,75,75,80,80,80,80,80,80,80,80,80,80,80,80,80,80,80,80,80,80,80,80,80],"card_choices":[{"not_picked":["Steam","Turbo","Tempest"],"picked":"SKIP","floor":1},{"not_picked":["Rip and Tear","Fusion","Reinforced Body"],"picked":"SKIP","floor":4},{"not_picked":["Cold Snap","Leap"],"picked":"Ball Lightning","floor":6},{"not_picked":["Stack","Loop"],"picked":"Ball Lightning","floor":7},{"not_picked":["Rebound","Amplify","Stack"],"picked":"SKIP","floor":8},{"not_picked":["Tempest","Go for the Eyes"],"picked":"Coolheaded","floor":10},{"not_picked":["Conserve Battery","Force Field"],"picked":"Redo","floor":14},{"not_picked":["Streamline","Leap"],"picked":"Conserve Battery","floor":17},{"not_picked":["Go for the Eyes","Steam Power","Tempest"],"picked":"SKIP","floor":18},{"not_picked":["Beam Cell","FTL"],"picked":"Cold Snap+1","floor":20},{"not_picked":["Sunder","Leap+1"],"picked":"White Noise","floor":24},{"not_picked":["Barrage"],"picked":"SKIP","floor":35}],"player_experience":166238,"relics_obtained":[{"floor":6,"key":"Ornamental Fan"},{"floor":8,"key":"Orichalcum"},{"floor":9,"key":"CaptainsWheel"},{"floor":10,"key":"Ancient Tea Set"},{"floor":15,"key":"Incense Burner"},{"floor":26,"key":"Centennial Puzzle"},{"floor":27,"key":"Blood Vial"},{"floor":30,"key":"Boot"},{"floor":32,"key":"Sundial"}],"event_choices":[{"damage_healed":0,"gold_gain":0,"player_choice":"Box","damage_taken":0,"relics_obtained":["Pantograph"],"max_hp_gain":0,"max_hp_loss":0,"event_name":"Big Fish","floor":2,"gold_loss":0,"cards_obtained":["Regret"]},{"damage_healed":0,"gold_gain":0,"player_choice":"Upgraded","damage_taken":0,"max_hp_gain":0,"max_hp_loss":0,"event_name":"Upgrade Shrine","floor":3,"gold_loss":0,"cards_upgraded":["Zap"]},{"damage_healed":0,"gold_gain":0,"player_choice":"Success","damage_taken":3,"relics_obtained":["Shovel"],"max_hp_gain":0,"max_hp_loss":0,"event_name":"Scrap Ooze","floor":5,"gold_loss":0},{"cards_removed":["Regret"],"damage_healed":0,"gold_gain":0,"player_choice":"Forget","damage_taken":0,"max_hp_gain":0,"max_hp_loss":0,"event_name":"Living Wall","floor":11,"gold_loss":0},{"damage_healed":0,"gold_gain":75,"player_choice":"Gather Gold","damage_taken":11,"max_hp_gain":0,"max_hp_loss":0,"event_name":"World of Goop","floor":13,"gold_loss":0},{"damage_healed":0,"gold_gain":0,"player_choice":"Obtained Book","damage_taken":16,"max_hp_gain":0,"max_hp_loss":0,"event_name":"Cursed Tome","floor":19,"gold_loss":0},{"damage_healed":0,"gold_gain":0,"player_choice":"Opened","damage_taken":0,"relics_obtained":["PreservedInsect"],"max_hp_gain":0,"max_hp_loss":0,"event_name":"The Mausoleum","floor":22,"gold_loss":0,"cards_obtained":["Writhe"]},{"cards_removed":["Writhe"],"damage_healed":0,"gold_gain":0,"player_choice":"Purged","damage_taken":0,"max_hp_gain":0,"max_hp_loss":0,"event_name":"Purifier","floor":28,"gold_loss":0},{"damage_healed":0,"gold_gain":0,"player_choice":"Ignored","damage_taken":0,"max_hp_gain":0,"max_hp_loss":0,"event_name":"Ghosts","floor":31,"gold_loss":0}],"is_beta":false,"boss_relics":[{"not_picked":["Philosopher\u0027s Stone","Cursed Key"],"picked":"Tiny House"},{"not_picked":["Empty Cage","Astrolabe"],"picked":"Busted Crown"}],"items_purged_floors":[],"is_endless":false,"potions_floor_spawned":[4,6,8,18,24],"killed_by":"3 Darklings","ascension_level":5}}