{"host":"wshey5htrz8rni6u","time":1613636131,"event":{"mods":["2.2 Compatiblity","BaseMod","Block Reminder","Colored Map","Colored Powertips","Current Relic Mod","Curses Come First","Dark Map","Key Reminder","Keyboard Shortcuts","Minty Spire (QoL Compilation)","Potion Indicator Mod","Quick Restart","Random Character Button","Relic Sorter","Relic Stats","StSLib","SuperFastMode","Unceasing Turn Reminder","UnlockEverythingMod","Weighted Paths"],"gold_per_floor":[111,2,14,189,139,139,167,184,184,184,213,229,229,229,85,85,190,190,201,213,213,213,227,227,259,259,328,328,328,328],"floor_reached":29,"language":"ENG","playtime":6035,"items_purged":["Strike_G"],"score":370,"play_id":"a8d67eef-a3b6-4884-baff-28e91b702833","local_time":"20210218001531","is_ascension_mode":true,"campfire_choices":[{"data":"Neutralize","floor":6.0,"key":"SMITH"},{"floor":16.0,"key":"REST"},{"data":"Catalyst","floor":24,"key":"SMITH"},{"data":"Footwork","floor":26,"key":"SMITH"},{"data":"Corpse Explosion","floor":28,"key":"SMITH"}],"circlet_count":0,"master_deck":["Strike_G","Defend_G","Defend_G","Defend_G","Defend_G","Defend_G","Survivor","Neutralize+1","Footwork+1","Corpse Explosion","Dagger Spray","Footwork","Predator","Glass Knife","Backflip","Bane","Cloak And Dagger","Decay","Catalyst+1","Corpse Explosion+1","Backflip","Outmaneuver","Predator","Storm of Steel","Backflip","Escape Plan","Footwork","Doppelganger"],"relics":["Ring of the Snake","Paper Crane","Lantern","Blue Candle","Unceasing Top","Orrery","Runic Pyramid","Oddly Smooth Stone","Kunai"],"acts_visited":["Exordium","TheCity"],"potions_floor_usage":[25],"damage_taken":[{"damage":0.0,"enemies":"Cultist","floor":1.0,"turns":5.0},{"damage":2.0,"enemies":"Small Slimes","floor":3.0,"turns":4.0},{"damage":21.0,"enemies":"Lagavulin","floor":7.0,"turns":8.0},{"damage":0.0,"enemies":"2 Louse","floor":8.0,"turns":2.0},{"damage":13.0,"enemies":"Gremlin Nob","floor":11.0,"turns":4.0},{"damage":0.0,"enemies":"Large Slime","floor":12.0,"turns":5.0},{"damage":10.0,"enemies":"The Guardian","floor":17.0,"turns":13.0},{"damage":1,"enemies":"3 Byrds","floor":19,"turns":3},{"damage":18,"enemies":"Spheric Guardian","floor":20,"turns":7},{"damage":0,"enemies":"Centurion and Healer","floor":23,"turns":4},{"damage":8,"enemies":"Book of Stabbing","floor":25,"turns":10},{"damage":47,"enemies":"Gremlin Leader","floor":29,"turns":5}],"seed_played":"8182046240651165416","potions_obtained":[{"floor":3.0,"key":"LiquidMemories"},{"floor":7.0,"key":"GhostInAJar"},{"floor":12.0,"key":"Strength Potion"},{"floor":19,"key":"FearPotion"},{"floor":23,"key":"CultistPotion"}],"is_trial":false,"path_per_floor":["M","$","M","?","?","R","E","M","T","?","E","M","M","?","$","R","B",null,"M","M","?","?","M","R","E","R","T","R","E"],"character_chosen":"THE_SILENT","items_purchased":["Footwork","Orrery"],"campfire_rested":1,"item_purchase_floors":[2,15],"current_hp_per_floor":[63,63,61,61,61,61,40,40,40,22,9,9,9,9,9,27,17,52,51,33,54,54,54,54,46,46,46,46,0,0],"gold":328,"neow_bonus":"TRANSFORM_TWO_CARDS","is_daily":false,"chose_seed":false,"campfire_upgraded":4,"win_rate":0.0,"timestamp":1613636131,"path_taken":["M","$","M","?","?","R","E","M","T","?","E","M","M","?","$","R","BOSS","M","?","?","?","M","R","E","R","T","R","E"],"items_purchased_type":["Card","Relic"],"build_version":"2020-12-13","purchased_purges":1,"victory":false,"max_hp_per_floor":[63,63,63,63,63,63,63,63,63,63,63,63,63,63,63,63,63,63,63,63,63,63,63,63,63,63,63,63,63,63],"relic_stats":{"counters":[12,70],"Blue Candle":[5],"Kunai":[3],"obtain_stats":[{"Lantern":9,"Blue Candle":10,"Orrery":15,"Oddly Smooth Stone":25,"Kunai":27,"Paper Crane":7,"Unceasing Top":11,"Ring of the Snake":0,"Runic Pyramid":18},{"Lantern":4,"Blue Candle":4,"Orrery":6,"Oddly Smooth Stone":11,"Kunai":11,"Paper Crane":3,"Unceasing Top":5,"Ring of the Snake":0,"Runic Pyramid":7},{"Lantern":19,"Blue Candle":19,"Orrery":28,"Oddly Smooth Stone":65,"Kunai":65,"Paper Crane":17,"Unceasing Top":23,"Ring of the Snake":0,"Runic Pyramid":41}],"Unceasing Top":[11],"Ring of the Snake":[24]},"card_choices":[{"not_picked":["Blade Dance","Dodge and Roll"],"picked":"Dagger Spray","floor":1.0},{"not_picked":["Distraction","Poisoned Stab"],"picked":"Predator","floor":3.0},{"not_picked":["Accuracy","Acrobatics"],"picked":"Glass Knife","floor":7.0},{"not_picked":["Blade Dance","Outmaneuver"],"picked":"Backflip","floor":8.0},{"not_picked":["Setup","Riddle With Holes"],"picked":"Bane","floor":11.0},{"not_picked":["Dodge and Roll","Outmaneuver"],"picked":"Cloak And Dagger","floor":12.0},{"not_picked":["Cloak And Dagger","Dagger Throw"],"picked":"Catalyst","floor":15.0},{"not_picked":["Slice","Deadly Poison"],"picked":"Corpse Explosion","floor":15.0},{"not_picked":["Deadly Poison","Bane"],"picked":"Backflip","floor":15.0},{"not_picked":["Flying Knee","Backstab"],"picked":"Outmaneuver","floor":15.0},{"not_picked":["Endless Agony","Infinite Blades"],"picked":"Predator","floor":15.0},{"not_picked":["Corpse Explosion","Doppelganger"],"picked":"Storm of Steel","floor":17.0},{"not_picked":["Sucker Punch","Reflex"],"picked":"Backflip","floor":19},{"not_picked":["Underhanded Strike","Deadly Poison"],"picked":"Escape Plan","floor":20},{"not_picked":["Backflip","Prepared"],"picked":"Footwork","floor":23},{"not_picked":["Underhanded Strike","Well Laid Plans"],"picked":"Doppelganger","floor":25}],"player_experience":96898,"relics_obtained":[{"floor":7.0,"key":"Paper Crane"},{"floor":9.0,"key":"Lantern"},{"floor":11.0,"key":"Unceasing Top"},{"floor":25,"key":"Oddly Smooth Stone"},{"floor":27,"key":"Kunai"}],"event_choices":[{"damage_healed":0.0,"max_hp_gain":0.0,"max_hp_loss":0.0,"gold_gain":175.0,"event_name":"Liars Game","player_choice":"AGREE","floor":4.0,"gold_loss":0.0,"damage_taken":0.0,"cards_obtained":["Doubt"]},{"cards_removed":["Doubt"],"damage_healed":0.0,"max_hp_gain":0.0,"max_hp_loss":0.0,"gold_gain":0.0,"event_name":"The Cleric","player_choice":"Card Removal","floor":5.0,"gold_loss":50.0,"damage_taken":0.0},{"damage_healed":0.0,"max_hp_gain":0.0,"max_hp_loss":0.0,"gold_gain":0.0,"event_name":"Scrap Ooze","player_choice":"Success","floor":10.0,"gold_loss":0.0,"damage_taken":18.0,"relics_obtained":["Blue Candle"]},{"damage_healed":0.0,"max_hp_gain":0.0,"max_hp_loss":0.0,"gold_gain":0.0,"event_name":"Wheel of Change","player_choice":"Cursed","floor":14.0,"gold_loss":0.0,"damage_taken":0.0,"cards_obtained":["Decay"]},{"damage_healed":21,"gold_gain":0,"player_choice":"Heal","damage_taken":0,"max_hp_gain":0,"max_hp_loss":0,"event_name":"The Library","floor":21,"gold_loss":0},{"cards_removed":["Strike_G"],"damage_healed":0,"gold_gain":0,"player_choice":"Elegance","damage_taken":0,"max_hp_gain":0,"max_hp_loss":0,"event_name":"Back to Basics","floor":22,"gold_loss":0}],"is_beta":false,"boss_relics":[{"not_picked":["HoveringKite","Sozu"],"picked":"Runic Pyramid"}],"items_purged_floors":[2],"is_endless":false,"potions_floor_spawned":[3,7,12,19,23],"killed_by":"Gremlin Leader","ascension_level":7}}