{"host":"pc7bizyp7423q6r6","time":1613621970,"event":{"mods":["BaseMod","Better Note","Block Reminder","Emptier Cage","Minty Spire (QoL Compilation)","Rare Cards Sparkle","Relic Stats","StSLib"],"gold_per_floor":[113,113,133,143,29,29,29,29,99,119,99,116,116,130,130,130,130],"floor_reached":16,"language":"ENG","playtime":307,"items_purged":[],"score":184,"play_id":"ee03b383-ef2a-493d-8573-53ee7f98d1d0","local_time":"20210217221930","is_ascension_mode":true,"campfire_choices":[{"data":"Infernal Blade","floor":6.0,"key":"SMITH"},{"data":"Ghostly Armor","floor":8.0,"key":"SMITH"},{"data":"Shockwave","floor":13.0,"key":"SMITH"},{"data":"Evolve","floor":15.0,"key":"SMITH"}],"circlet_count":0,"master_deck":["AscendersBane","Strike_R","Strike_R","Strike_R","Strike_R","Strike_R","Defend_R","Defend_R","Defend_R","Defend_R","Bash","Headbutt","Infernal Blade+1","Evolve+1","Ghostly Armor+1","Shockwave+1","Exhume","Ghostly Armor"],"relics":["Burning Blood","NeowsBlessing","The Courier"],"acts_visited":["Exordium"],"potions_floor_usage":[16],"damage_taken":[{"damage":0.0,"enemies":"Small Slimes","floor":1.0,"turns":1.0},{"damage":0.0,"enemies":"Cultist","floor":3.0,"turns":1.0},{"damage":0.0,"enemies":"Jaw Worm","floor":4.0,"turns":1.0},{"damage":15.0,"enemies":"Gremlin Gang","floor":10.0,"turns":8.0},{"damage":13.0,"enemies":"Blue Slaver","floor":12.0,"turns":3.0},{"damage":10.0,"enemies":"Red Slaver","floor":14.0,"turns":3.0},{"damage":28,"enemies":"Slime Boss","floor":16,"turns":5}],"seed_played":"-4642197135916581806","potions_obtained":[{"floor":3.0,"key":"SmokeBomb"},{"floor":10.0,"key":"Regen Potion"},{"floor":11.0,"key":"EssenceOfSteel"}],"is_trial":false,"path_per_floor":["M","?","M","M","$","R","$","R","T","M","?","M","R","M","R","B"],"character_chosen":"IRONCLAD","items_purchased":["Evolve","Ghostly Armor"],"campfire_rested":0,"item_purchase_floors":[5,5],"current_hp_per_floor":[74,74,75,75,75,75,75,75,75,66,66,59,59,55,55,41,41],"gold":130,"neow_bonus":"THREE_ENEMY_KILL","is_daily":false,"chose_seed":false,"campfire_upgraded":4,"win_rate":0.0,"timestamp":1613621970,"path_taken":["M","?","M","?","$","R","$","R","T","M","?","?","R","M","R","BOSS"],"items_purchased_type":["Card","Card"],"build_version":"2020-12-22","purchased_purges":0,"victory":false,"max_hp_per_floor":[75,75,75,75,75,75,75,75,75,75,75,75,75,75,75,75,75],"relic_stats":{"counters":[7,22],"obtain_stats":[{"NeowsBlessing":0,"The Courier":9,"Burning Blood":0},{"NeowsBlessing":0,"The Courier":3,"Burning Blood":0},{"NeowsBlessing":0,"The Courier":3,"Burning Blood":0}],"Burning Blood":25},"card_choices":[{"not_picked":["Anger","Iron Wave"],"picked":"Headbutt","floor":1.0},{"not_picked":["Havoc","Anger"],"picked":"Infernal Blade","floor":3.0},{"not_picked":["Sword Boomerang","Second Wind","Wild Strike"],"picked":"SKIP","floor":4.0},{"not_picked":["Dark Embrace","Cleave"],"picked":"Shockwave","floor":10.0},{"not_picked":["Thunderclap","Shrug It Off"],"picked":"Exhume","floor":12.0},{"not_picked":["Havoc","Anger"],"picked":"Ghostly Armor","floor":14.0}],"player_experience":1680614,"relics_obtained":[{"floor":9.0,"key":"The Courier"}],"event_choices":[{"damage_healed":0.0,"max_hp_gain":0.0,"max_hp_loss":0.0,"gold_gain":0.0,"event_name":"Match and Keep!","player_choice":"0 cards matched","floor":2.0,"gold_loss":0.0,"damage_taken":0.0,"cards_obtained":[]},{"damage_healed":0.0,"max_hp_gain":0.0,"max_hp_loss":0.0,"gold_gain":0.0,"event_name":"The Woman in Blue","player_choice":"Bought 1 Potion","floor":11.0,"gold_loss":0.0,"damage_taken":0.0}],"is_beta":false,"boss_relics":[],"items_purged_floors":[],"is_endless":false,"potions_floor_spawned":[3,10,12],"killed_by":"Slime Boss","ascension_level":20}}