{"host":"4xlu242lhh766u2u","time":1613640749,"event":{"mods":["AchievementEnabler","BaseMod","BetterRewards","Colored Map","Colored Powertips","Downfall","Minty Spire (QoL Compilation)","Replay The Spire","Shop Mod","StSLib","everything is the same but u backflip on backflip"],"gold_per_floor":[109,126,126,137,153,153,184,184,184,213,213,246,246,246,246,343,343,361,361,361,380,137,137,137,169,244,244,270,304,304,337,337,435,435,453,464,19,35,35,35,35,35],"floor_reached":41,"language":"ENG","playtime":2569,"items_purged":[],"score":751,"play_id":"8eafff44-ddc4-4af1-86df-b5ddd01f6c70","local_time":"20210218103229","is_ascension_mode":true,"campfire_choices":[{"data":"ReplayTheSpireMod:Limb From Limb","floor":6,"key":"SMITH"},{"data":"Bash","floor":8,"key":"SMITH"},{"data":"Heavy Blade","floor":11,"key":"SMITH"},{"data":"Intimidate","floor":15,"key":"SMITH"},{"data":"RitualDagger","floor":24,"key":"SMITH"},{"data":"Immolate","floor":27,"key":"SMITH"},{"floor":32,"key":"REST"},{"data":"Madness","floor":40,"key":"SMITH"}],"circlet_count":0,"master_deck":["Strike_R","Strike_R+1","Strike_R","Strike_R+1","Strike_R","Defend_R","Defend_R","Defend_R","Defend_R","Bash+1","Cleave+1","ReplayTheSpireMod:Limb From Limb+1","Flex","Replay:Undeath\u0027s Touch","Heavy Blade+1","Intimidate+1","Second Wind+1","Immolate+1","RitualDagger+1","Hallucinations","Clash+1","Enlightenment","Spot Weakness+1","Massacre","Sword Boomerang+1","Thunderclap+1","Replay:Many Hands","Clothesline+1","ReplayTheSpireMod:LeadingStrike+1","Dropkick+1","Madness+1","Madness"],"relics":["Burning Blood","Chemical X","WingedGreaves","Strawberry","Replay:Mystery Machine","Garlic","Torii","Pondfish Scales","SlaversCollar","ReplayTheSpireMod:Ring of Exchange","Lantern","Blue Doll","Pen Nib","Darkstone Periapt","Bag of Preparation","Oddly Smooth Stone","Juzu Bracelet","Velvet Choker","Simple Rune","Ginger"],"acts_visited":["Exordium","TheCity","TheBeyond"],"potions_floor_usage":[10,28,29,33,33,41],"damage_taken":[{"damage":2,"enemies":"Small Slimes","floor":1,"turns":4},{"damage":3,"enemies":"2 Louse","floor":2,"turns":3},{"damage":2,"enemies":"Jaw Worm","floor":4,"turns":3},{"damage":18,"enemies":"Exordium Wildlife","floor":5,"turns":4},{"damage":26,"enemies":"Lagavulin","floor":7,"turns":4},{"damage":4,"enemies":"Gremlin Nob","floor":10,"turns":3},{"damage":18,"enemies":"Lagavulin","floor":12,"turns":4},{"damage":0,"enemies":"Slime Boss","floor":16,"turns":5},{"damage":23,"enemies":"Shell Parasite","floor":18,"turns":5},{"damage":16,"enemies":"3 Byrds","floor":21,"turns":7},{"damage":6,"enemies":"Gremlin Leader","floor":25,"turns":5},{"damage":15,"enemies":"Book of Stabbing","floor":28,"turns":4},{"damage":42,"enemies":"Slavers","floor":29,"turns":5},{"damage":13,"enemies":"Gremlin Leader","floor":31,"turns":3},{"damage":57,"enemies":"Automaton","floor":33,"turns":9},{"damage":26,"enemies":"3 Darklings","floor":35,"turns":5},{"damage":2,"enemies":"Orb Walker","floor":36,"turns":3},{"damage":30,"enemies":"4 Shapes","floor":38,"turns":2},{"damage":59,"enemies":"Nemesis","floor":41,"turns":4}],"seed_played":"-7588869797087318484","potions_obtained":[{"floor":1,"key":"Regen Potion"},{"floor":5,"key":"Elixir"},{"floor":16,"key":"champ:CounterPotion"},{"floor":25,"key":"PowerPotion"},{"floor":28,"key":"ColorlessPotion"},{"floor":31,"key":"LiquidMemories"},{"floor":35,"key":"Doom Potion"},{"floor":38,"key":"AttackPotion"}],"is_trial":false,"path_per_floor":["M","M","?","M","M","R","E","R","T","E","R","E","?","?","R","B",null,"M","?","?","M","$","?","R","E","T","R","E","E","?","E","R","B",null,"M","M","$","M","?","R","E"],"character_chosen":"IRONCLAD","items_purchased":["Chemical X","Sword Boomerang","Strawberry","Lantern","Enlightenment","Simple Rune","Ginger"],"campfire_rested":1,"item_purchase_floors":[0,0,0,22,22,37,37],"current_hp_per_floor":[83,86,86,87,75,75,55,55,55,66,66,54,54,59,59,65,92,75,69,69,59,59,59,59,59,59,59,50,14,44,37,64,13,92,72,76,76,52,40,40,0,0],"gold":35,"neow_bonus":"","is_daily":false,"chose_seed":false,"campfire_upgraded":7,"win_rate":0.0,"timestamp":1613640749,"path_taken":["M","M","?","M","M","R","E","R","T","E","R","E","?","?","R","BOSS","M","?","?","M","$","?","R","E","T","R","E","E","?","E","R","BOSS","M","M","$","M","?","R","E"],"items_purchased_type":["Relic","Card","Relic","Relic","Card","Relic","Relic"],"build_version":"2020-12-22","purchased_purges":0,"victory":false,"max_hp_per_floor":[87,87,87,87,87,87,87,87,87,87,87,87,87,92,92,92,92,92,92,92,92,92,92,92,92,92,92,92,92,92,92,92,92,92,92,92,92,92,92,92,92,92],"card_choices":[{"not_picked":["Twin Strike","Warcry","True Grit"],"picked":"SKIP","floor":1},{"not_picked":["ReplayTheSpireMod:LeadingStrike","Twin Strike"],"picked":"Cleave","floor":2},{"not_picked":["Feel No Pain","Perfected Strike"],"picked":"ReplayTheSpireMod:Limb From Limb","floor":4},{"not_picked":["Twin Strike","Run Through"],"picked":"Flex","floor":5},{"not_picked":["Run Through","Hemogenesis"],"picked":"Replay:Undeath\u0027s Touch","floor":7},{"not_picked":["Run Through","ReplayTheSpireMod:Muscle Training"],"picked":"Heavy Blade","floor":10},{"not_picked":["Sever Soul","Rupture"],"picked":"Intimidate","floor":12},{"not_picked":["Juggernaut","Bludgeon"],"picked":"Immolate","floor":16},{"not_picked":["Power Through","ReplayTheSpireMod:Strike From Hell","Abandon"],"picked":"SKIP","floor":18},{"not_picked":["Fire Breathing","Rampage"],"picked":"Clash+1","floor":21},{"not_picked":["Rampage","Body Slam"],"picked":"Spot Weakness+1","floor":25},{"not_picked":["ReplayReversal","Bloodletting"],"picked":"Massacre","floor":28},{"not_picked":["Blood for Blood","Replay:Undeath\u0027s Touch"],"picked":"Sword Boomerang+1","floor":29},{"not_picked":["ReplayTheSpireMod:Limb From Limb","Brutality"],"picked":"Thunderclap+1","floor":31},{"not_picked":["Offering","Berserk"],"picked":"Replay:Many Hands","floor":33},{"not_picked":["Cleave","True Grit+1"],"picked":"Clothesline+1","floor":35},{"not_picked":["Body Slam+1","Pommel Strike"],"picked":"ReplayTheSpireMod:LeadingStrike+1","floor":36},{"not_picked":["Bludgeon","Flex+1"],"picked":"Dropkick+1","floor":38}],"player_experience":33086,"relics_obtained":[{"floor":7,"key":"Replay:Mystery Machine"},{"floor":9,"key":"Garlic"},{"floor":10,"key":"Torii"},{"floor":12,"key":"Pondfish Scales"},{"floor":20,"key":"ReplayTheSpireMod:Ring of Exchange"},{"floor":25,"key":"Pen Nib"},{"floor":26,"key":"Darkstone Periapt"},{"floor":28,"key":"Bag of Preparation"},{"floor":29,"key":"Oddly Smooth Stone"},{"floor":31,"key":"Juzu Bracelet"}],"event_choices":[{"damage_healed":0,"gold_gain":0,"player_choice":"Donut","damage_taken":0,"max_hp_gain":5,"max_hp_loss":0,"event_name":"Big Fish","floor":14,"gold_loss":0},{"damage_healed":0,"gold_gain":0,"player_choice":"Joined the Cult","damage_taken":6,"max_hp_gain":0,"max_hp_loss":0,"event_name":"Nest","floor":19,"gold_loss":0,"cards_obtained":["RitualDagger"]},{"damage_healed":30,"gold_gain":0,"player_choice":"Heal","damage_taken":0,"max_hp_gain":0,"max_hp_loss":0,"event_name":"The Library","floor":30,"gold_loss":0},{"damage_healed":0,"gold_gain":0,"player_choice":"Embrace Madness","damage_taken":12,"max_hp_gain":0,"max_hp_loss":0,"event_name":"Winding Halls","floor":39,"gold_loss":0,"cards_obtained":["Madness","Madness"]}],"is_beta":false,"boss_relics":[{"not_picked":["SacredBark","Mark of Pain"],"picked":"SlaversCollar"},{"not_picked":["Runic Pyramid","Cauldron"],"picked":"Velvet Choker"}],"items_purged_floors":[],"is_endless":false,"potions_floor_spawned":[1,5,16,25,28,31,35,38],"killed_by":"Nemesis","ascension_level":2}}