{"host":"c5j8t0wyh2hvx9ju","time":1613648051,"event":{"mods":["Act Like it!","Astrologer","BaseMod","BetterRewards","Gensokyo","Minty Spire (QoL Compilation)","Prisma Mod","StSLib"],"gold_per_floor":[116,126,126,140,140,140,166,181,181,192,192,226,226,241,241,241,241],"floor_reached":16,"language":"JPN","playtime":966,"items_purged":[],"score":244,"play_id":"99c130b3-b340-4e67-800f-6b1c2a14c5f5","local_time":"20210218203411","is_ascension_mode":true,"campfire_choices":[{"data":"Armaments","floor":6.0,"key":"SMITH"},{"data":"Clothesline","floor":13.0,"key":"SMITH"},{"data":"Shrug It Off","floor":15,"key":"SMITH"}],"circlet_count":0,"master_deck":["Strike_R","Strike_R","Strike_R","Strike_R","Strike_R","Defend_R","Defend_R","Defend_R","Defend_R","Bash","Pommel Strike","Armaments+1","Pommel Strike","Clothesline+1","Shrug It Off+1","Flame Barrier","Immolate"],"relics":["Burning Blood","Art of War","Mango","Bird Faced Urn","Golden Idol","Prayer Wheel"],"acts_visited":["Exordium"],"potions_floor_usage":[14,14,16,16],"damage_taken":[{"damage":8.0,"enemies":"Small Slimes","floor":1.0,"turns":4.0},{"damage":1.0,"enemies":"Cultist","floor":2.0,"turns":3.0},{"damage":8.0,"enemies":"Jaw Worm","floor":4.0,"turns":5.0},{"damage":10.0,"enemies":"Lagavulin","floor":7.0,"turns":9.0},{"damage":16.0,"enemies":"Large Slime","floor":8.0,"turns":8.0},{"damage":0.0,"enemies":"Exordium Wildlife","floor":10.0,"turns":3.0},{"damage":20.0,"enemies":"3 Sentries","floor":12.0,"turns":9.0},{"damage":5,"enemies":"Lots of Slimes","floor":14,"turns":3},{"damage":43,"enemies":"Hexaghost","floor":16,"turns":14}],"seed_played":"-2742618572466435492","potions_obtained":[{"floor":1.0,"key":"HeartOfIron"},{"floor":3.0,"key":"EntropicBrew"},{"floor":3.0,"key":"HeartOfIron"},{"floor":3.0,"key":"LiquidMemories"},{"floor":8.0,"key":"Fire Potion"}],"is_trial":false,"path_per_floor":["M","M","?","M","?","R","E","M","T","M","?","E","R","M","R","B"],"character_chosen":"IRONCLAD","items_purchased":["Art of War"],"campfire_rested":0,"item_purchase_floors":[0],"current_hp_per_floor":[65,70,70,68,73,73,83,73,73,79,55,41,41,42,42,0,0],"gold":241,"neow_bonus":"","is_daily":false,"chose_seed":false,"campfire_upgraded":3,"win_rate":0.0,"timestamp":1613648051,"path_taken":["M","M","?","?","?","R","E","M","T","M","?","E","R","M","R","BOSS"],"items_purchased_type":["Relic"],"build_version":"2020-12-22","purchased_purges":0,"victory":false,"max_hp_per_floor":[80,80,80,80,85,85,99,99,99,99,99,99,99,99,99,99,99],"card_choices":[{"not_picked":["Cleave","Headbutt"],"picked":"Pommel Strike","floor":1.0},{"not_picked":["Warcry","Sword Boomerang"],"picked":"Armaments","floor":2.0},{"not_picked":["Fire Breathing","Havoc"],"picked":"Pommel Strike","floor":4.0},{"not_picked":["Shockwave","Combust"],"picked":"Clothesline","floor":7.0},{"not_picked":["Searing Blow","Blood for Blood"],"picked":"Shrug It Off","floor":8.0},{"not_picked":["Cleave","Twin Strike"],"picked":"Flame Barrier","floor":10.0},{"not_picked":["Flex","Pommel Strike"],"picked":"Immolate","floor":12.0},{"not_picked":["Infernal Blade","Armaments","Perfected Strike"],"picked":"SKIP","floor":14},{"not_picked":["Iron Wave","Armaments","Pummel"],"picked":"SKIP","floor":14}],"player_experience":898626,"relics_obtained":[{"floor":7.0,"key":"Mango"},{"floor":9.0,"key":"Bird Faced Urn"},{"floor":12.0,"key":"Prayer Wheel"}],"event_choices":[{"damage_healed":0.0,"max_hp_gain":0.0,"max_hp_loss":0.0,"gold_gain":0.0,"event_name":"Lab","player_choice":"Got Potions","floor":3.0,"gold_loss":0.0,"damage_taken":0.0},{"damage_healed":0.0,"max_hp_gain":5.0,"max_hp_loss":0.0,"gold_gain":0.0,"event_name":"Big Fish","player_choice":"Donut","floor":5.0,"gold_loss":0.0,"damage_taken":0.0},{"damage_healed":0.0,"max_hp_gain":0.0,"max_hp_loss":0.0,"gold_gain":0.0,"event_name":"Golden Idol","player_choice":"Take Damage","floor":11.0,"gold_loss":0.0,"damage_taken":24.0,"relics_obtained":["Golden Idol"]}],"is_beta":false,"boss_relics":[],"items_purged_floors":[],"is_endless":false,"potions_floor_spawned":[1,8],"killed_by":"Hexaghost","ascension_level":7}}