{"host":"ihsge0lre3slh6sc","time":1613646364,"event":{"mods":["Act Like it!","Arknights","BaseMod","CapriCore","Highlight Path","Lobotomy","LobotomyExtend","Minty Spire (QoL Compilation)","MostiFishMod","Quick Restart","Shop Mod","StSLib","TestMod","The Immortal","Waifu the Spire","WarShipGirlsR/战舰少女R mod","[IsaacMod]以撒尖塔","【遗物卡牌】REMEMod","篝火指南"],"gold_per_floor":[112,112,112,61,71,71,102,102,102,114,145,70,103,153,153,251,251,270,284,209,225,244,271,25,58,58,58,78,104,104,104,104],"floor_reached":31,"language":"ZHS","playtime":2161,"items_purged":["ats:Strike G","ats:Strike V"],"score":564,"play_id":"eeedf1b2-31a8-4f08-ae60-592c072ce5de","local_time":"20210218190604","is_ascension_mode":true,"campfire_choices":[{"data":"testmod-EternalityOfKhronos","floor":6.0,"key":"SMITH"},{"data":"ats:Sword Rain","floor":15.0,"key":"SMITH"},{"data":"BloodyBrimstone","floor":30,"key":"SMITH"}],"circlet_count":0,"master_deck":["ats:Strike C","ats:Armor Crushing Shot","ats:Defend","ats:Defend","ats:Defend","ats:Defend","ats:Emotion Absorption+1","MostiFishMod:SephirahHod+1","BloodyBrimstone+1","testmod-EternalityOfKhronos+1","Wellcheers","ats:Flexible Camouflage+1","ats:Mental Burst+1","Scorched","Murderer","ats:Sword Rain+1","ats:Red Shift+1","FieryBird","QueenOfHatred","BlackSwan","FairyFestival","CrumblingArmor","Writhe"],"relics":["ats:Sanity","HushsDoor","testmod-TestBox","DaveBox","REME_ComplimentaryCards","MostiFishMod:Hod","testmod-Recursion","GuppysPaw","CogitoBucket","RabbitCall","SynthV:TestCard","LetterFromLob","Heaven_r","ats:Originium","MealTicket","ats:Hidden Killer","Du-Vu Doll","testmod-Justice","Toy Ornithopter","testmod-CardMagician","BehaviorAdjustment","Torii","Technique","Bag of Marbles","testmod-BlackFramedGlasses","Vajra","ResearcherNote"],"acts_visited":["Exordium","TheCity"],"potions_floor_usage":[],"damage_taken":[{"damage":0.0,"enemies":"Jaw Worm","floor":1.0,"turns":2.0},{"damage":0.0,"enemies":"Jaw Worm","floor":2.0,"turns":2.0},{"damage":0.0,"enemies":"ats:Genji","floor":5.0,"turns":2.0},{"damage":0.0,"enemies":"3 Sentries","floor":7.0,"turns":2.0},{"damage":0.0,"enemies":"Cultist","floor":10.0,"turns":2.0},{"damage":0.0,"enemies":"Lagavulin","floor":11.0,"turns":2.0},{"damage":0.0,"enemies":"3 Sentries","floor":13.0,"turns":1.0},{"damage":0.0,"enemies":"Hiden Room Battle","floor":14.0,"turns":2.0},{"damage":8.0,"enemies":"The Guardian","floor":16.0,"turns":3.0},{"damage":0.0,"enemies":"Spheric Guardian","floor":18.0,"turns":2.0},{"damage":0.0,"enemies":"Shell Parasite","floor":19.0,"turns":1.0},{"damage":0.0,"enemies":"Centurion and Healer","floor":21.0,"turns":2.0},{"damage":0.0,"enemies":"Cultist and Chosen","floor":22.0,"turns":3.0},{"damage":0.0,"enemies":"Slavers","floor":23.0,"turns":1.0},{"damage":18.0,"enemies":"Gremlin Leader","floor":25.0,"turns":2.0},{"damage":1.0,"enemies":"Snecko","floor":28.0,"turns":1.0},{"damage":41.0,"enemies":"Book of Stabbing","floor":29.0,"turns":4.0},{"damage":19,"enemies":"Shelled Parasite and Fungi","floor":31,"turns":1}],"seed_played":"1329217069747897831","potions_obtained":[{"floor":1.0,"key":"Block Potion"},{"floor":11.0,"key":"Dexterity Potion"},{"floor":13.0,"key":"AttackPotion"},{"floor":22.0,"key":"FearPotion"},{"floor":23.0,"key":"testmod-SpacePotion"},{"floor":25.0,"key":"Regen Potion"},{"floor":28.0,"key":"Strength Potion"}],"is_trial":false,"path_per_floor":["M","?","?","$","M","R","E","?","T","M","E","R","E","?","R","B",null,"M","M","?","M","M","E","R","E","T","?","M","E","R","M"],"character_chosen":"DOCTOR_CLASS","items_purchased":["ats:Flexible Camouflage","Technique"],"campfire_rested":0,"item_purchase_floors":[4,24],"current_hp_per_floor":[72,57,42,42,45,45,48,48,48,54,57,57,57,60,60,55,59,60,60,60,60,60,57,57,45,45,45,46,15,15,0,0],"gold":104,"neow_bonus":"","is_daily":false,"chose_seed":false,"campfire_upgraded":3,"win_rate":0.0,"timestamp":1613646364,"path_taken":["M","?","?","$","?","R","E","?","T","M","E","R","E","?","R","BOSS","M","M","?","M","M","E","R","E","T","?","M","E","R","M"],"items_purchased_type":["Card","Relic"],"build_version":"2020-12-22","purchased_purges":2,"victory":false,"max_hp_per_floor":[72,69,69,69,69,69,69,69,69,69,66,66,63,60,60,60,60,60,60,60,60,60,57,57,57,57,57,57,57,57,57,57],"card_choices":[{"not_picked":[],"picked":"BloodyBrimstone","floor":0.0},{"not_picked":["BlackSwan","OSAHOGD"],"picked":"Wellcheers","floor":1.0},{"not_picked":["ats:Counter Healing Mode","ats:Rapid Magazine","ats:Curse Doll"],"picked":"SKIP","floor":1.0},{"not_picked":["ats:Revitalization","ats:Cat Scratch","ats:Overload","ats:Collapsing Strike"],"picked":"ats:Mental Burst","floor":5.0},{"not_picked":["HeroicMonk","UniverseFragment"],"picked":"Scorched","floor":5.0},{"not_picked":["ShyLook","OSAHOGD"],"picked":"QueenOfHatred","floor":7.0},{"not_picked":["ats:Hammer On","ats:Counter Healing Mode","ats:Blood Oath","ats:Magnetic Hammer","ats:Flexible Camouflage"],"picked":"SKIP","floor":7.0},{"not_picked":["ats:Guard Mode","ats:Hammer On","ats:Serious Mode","ats:Cat Scratch"],"picked":"Bomb","floor":10.0},{"not_picked":["VoidDream","RedShoes"],"picked":"DespairKnight","floor":10.0},{"not_picked":["ats:Explosion Area Strengthen","ats:Hammer On","ats:Curse Doll","ats:Rapid Magazine","ats:Guard Mode"],"picked":"SKIP","floor":11.0},{"not_picked":["SpiderBud","Yin"],"picked":"Murderer","floor":13.0},{"not_picked":["ats:Charging Defense","ats:Assault Order","ats:Guard Mode","ats:Hook Shot"],"picked":"ats:Sword Rain","floor":13.0},{"not_picked":["ats:Poison Spread","ats:Ignite","ats:Leaping Hammer","ats:Flexible Camouflage","ats:Powerful Strike"],"picked":"SKIP","floor":14.0},{"not_picked":["ats:Absolute Focus","ats:Guard Mode","ats:Very Hot Blade","ats:Cat Scratch+1"],"picked":"ats:Red Shift+1","floor":18.0},{"not_picked":["Funeral","Bloodbath"],"picked":"FieryBird","floor":19.0},{"not_picked":["ats:Overload+1","ats:Beaten Up","ats:Red Shift","ats:Cat Scratch","ats:Neurotoxin+1"],"picked":"SKIP","floor":19.0},{"not_picked":["FairyFestival","VoidDream"],"picked":"QueenOfHatred","floor":21.0},{"not_picked":["ats:Directed Diagnosis+1","ats:Counter Healing Mode+1","ats:Poison Spread","ats:Soul Absorption","ats:Magnetic Hammer"],"picked":"SKIP","floor":21.0},{"not_picked":["MHz","SpiderBud"],"picked":"BlackSwan","floor":22.0},{"not_picked":["ats:Soul Absorption","ats:Poison Spread","ats:Burning Ground","ats:LN2 Cannon","ats:Song Of Battle"],"picked":"SKIP","floor":22.0},{"not_picked":["MeltingLove","LittlePrince"],"picked":"FairyFestival","floor":23.0},{"not_picked":["ats:Leaping Hammer+1","ats:Sunburst","ats:Poison Spread","ats:Flexible Camouflage+1","ats:Shell Defense"],"picked":"SKIP","floor":23.0},{"not_picked":["Woodsman","Mercenary"],"picked":"CrumblingArmor","floor":25.0},{"not_picked":["ats:Guard Mode+1","ats:Consecutive Shot Auto","ats:Red Shift","ats:Ignite+1","ats:Cat Scratch"],"picked":"SKIP","floor":25.0},{"not_picked":["ats:Part Time Job+1","ats:Assault Order","ats:Durian","ats:Closed Bolt Burst Fire+1","ats:LN2 Cannon"],"picked":"SKIP","floor":28.0},{"not_picked":["ats:Thermite Blade","ats:LN2 Cannon+1","ats:Closed Bolt Burst Fire","ats:Guard Mode","ats:Revitalization+1"],"picked":"SKIP","floor":29.0}],"player_experience":736037,"relics_obtained":[{"floor":1.0,"key":"SynthV:TestCard"},{"floor":1.0,"key":"LetterFromLob"},{"floor":7.0,"key":"ats:Originium"},{"floor":7.0,"key":"MealTicket"},{"floor":8.0,"key":"ats:Hidden Killer"},{"floor":11.0,"key":"ats:Originium"},{"floor":11.0,"key":"Du-Vu Doll"},{"floor":13.0,"key":"ats:Originium"},{"floor":14.0,"key":"testmod-Justice"},{"floor":14.0,"key":"Toy Ornithopter"},{"floor":23.0,"key":"ats:Originium"},{"floor":23.0,"key":"Torii"},{"floor":25.0,"key":"Bag of Marbles"},{"floor":26.0,"key":"testmod-BlackFramedGlasses"}],"event_choices":[{"damage_healed":0.0,"max_hp_gain":0.0,"max_hp_loss":0.0,"gold_gain":0.0,"event_name":"Wheel of Change","player_choice":"Relic","floor":8.0,"gold_loss":0.0,"damage_taken":0.0},{"damage_healed":0.0,"max_hp_gain":0.0,"max_hp_loss":0.0,"gold_gain":0.0,"event_name":"HidenRoomEvent","player_choice":"Fight","floor":14.0,"gold_loss":0.0,"damage_taken":0.0},{"cards_removed":["ats:Strike S"],"damage_healed":0.0,"max_hp_gain":0.0,"max_hp_loss":0.0,"gold_gain":0.0,"event_name":"Beggar","player_choice":"Gave Gold","floor":20.0,"gold_loss":75.0,"damage_taken":0.0},{"damage_healed":0.0,"max_hp_gain":0.0,"max_hp_loss":0.0,"gold_gain":0.0,"event_name":"The Mausoleum","player_choice":"Opened","floor":27.0,"gold_loss":0.0,"damage_taken":0.0,"relics_obtained":["Vajra"],"cards_obtained":["Writhe"]}],"is_beta":false,"boss_relics":[{"not_picked":["Philosopher\u0027s Stone","testmod-GoldenSoul"],"picked":"testmod-CardMagician"},{"not_picked":[]}],"items_purged_floors":[12,24],"is_endless":false,"potions_floor_spawned":[1,11,13,14,16,22,23,25,28,29],"killed_by":"Shelled Parasite and Fungi","ascension_level":5}}