{"host":"qljq6nt1bltq73k9","time":1613622223,"event":{"mods":["BaseMod","Colored Map","Colored Powertips","Downfall","Minty Spire (QoL Compilation)","Quick Restart","Replay The Spire","StSLib","[IsaacMod]ÒÔÈö¼âËþ"],"gold_per_floor":[99999,99999,99045,99064,98218,98248,98298,98298,98372,98372,97042,97059,97071,97088,97088,97188,97188,97205,97205,95842,95861,94615,94645,94664,94664,94664,94689,94699,92953,92953,92953,92953,93056,93056,93069,93069,92443,92493,92508,92508,92542,92594,92619,92633,92633,92633,92162,92172,92172,92172,92172,92172,91745,91774,91774,91774,91774],"floor_reached":55,"language":"ZHS","playtime":2408,"items_purged":["bronze:Strike","bronze:Strike","bronze:Strike","bronze:Defend","bronze:Defend","bronze:Defend","bronze:Defend","Trip"],"score":931,"play_id":"206b2eb3-0ed3-4d06-b119-4b94237272a8","local_time":"20210218122343","is_ascension_mode":false,"campfire_choices":[{"floor":10.0,"key":"RECALL"},{"floor":15.0,"key":"DIG"},{"floor":25.0,"key":"DIG"},{"floor":30.0,"key":"DIG"},{"floor":32.0,"key":"DIG"},{"floor":40.0,"key":"DIG"},{"floor":46.0,"key":"DIG"},{"floor":49.0,"key":"DIG"},{"floor":52.0,"key":"DIG"}],"circlet_count":0,"master_deck":["bronze:Replicate+1","bronze:Goto","bronze:ChosenStrike+1","bronze:Repulsor","Sadistic Nature","bronze:Backtrace","ReplayTheSpireMod:Brewmster","Replay:Bootleg Shield Generator","bronze:Repair","bronze:ItsAFeature","bronze:HyperBeam+1","bronze:Optimize","bronze:Repulsor","bronze:MaxOutput","bronze:HardenedForm","Apotheosis","bronze:Mutator","bronze:ClassDefault","bronze:Repair","bronze:DelayedSlice","bronze:CleanCode","bronze:AlphaBuild+1","bronze:WhirlingStrike","bronze:Optimize","Magnetism","Panacea","bronze:FineTuning","bronze:MaxOutput","bronze:ForceShield","Panacea","bronze:Flail","bronze:Optimize+1","bronze:AlphaBuild","bronze:ChosenStrike","bronze:Optimize","bronze:Repair","bronze:OilSpill","bronze:Format","bronze:OilSpill+1","bronze:Mutator","bronze:ChosenStrike+1","bronze:Repulsor"],"relics":["bronze:PlatinumCore","HushsDoor","Chaos","Bag of Marbles","Frozen Eye","ReplayTheSpireMod:ShopPack","Blue Candle","Orrery","Shovel","TungstenRod","PillsDrop","Bird Faced Urn","SatanicBible","Peace Pipe","Mango","JudasShadow","Whetstone","BloodDonationMachine","Pondfish Scales","Pen Nib","Leech","Calipers","Void","GuppysPaw","bronze:ProtectiveGoggles","Thread and Needle","TuHaoJin","bronze:BottledCode","Replay:Arrowhead","Oddly Smooth Stone","Membership Card","Mirror","NineLifeCat","Replay:Bottled Snecko","Leech","HowToJump","Ancient Tea Set","ChewingGum","Garlic","UnicornStump","Lantern","hexamod:Sixitude","Habit","Sundial","CaptainsWheel","ReplayTheSpireMod:TigerMarble","Busted Crown"],"acts_visited":["Exordium","TheCity","TheBeyond","TheEnding"],"potions_floor_usage":[55,55,55,55,55,55,55],"damage_taken":[{"damage":5.0,"enemies":"Jaw Worm","floor":1.0,"turns":4.0},{"damage":0.0,"enemies":"Cultist","floor":4.0,"turns":2.0},{"damage":32.0,"enemies":"Gremlin Nob","floor":6.0,"turns":5.0},{"damage":28.0,"enemies":"Hiden Room Battle","floor":7.0,"turns":4.0},{"damage":1.0,"enemies":"Small Slimes","floor":12.0,"turns":4.0},{"damage":13.0,"enemies":"Exordium Thugs","floor":13.0,"turns":4.0},{"damage":5.0,"enemies":"3 Louse","floor":14.0,"turns":3.0},{"damage":0.0,"enemies":"Hexaghost","floor":16.0,"turns":7.0},{"damage":0.0,"enemies":"Chosen","floor":18.0,"turns":1.0},{"damage":0.0,"enemies":"Shell Parasite","floor":21.0,"turns":1.0},{"damage":0.0,"enemies":"Slavers","floor":23.0,"turns":2.0},{"damage":12.0,"enemies":"Snake Plant","floor":24.0,"turns":3.0},{"damage":0.0,"enemies":"Book of Stabbing","floor":27.0,"turns":1.0},{"damage":13.0,"enemies":"3 Cultists","floor":28.0,"turns":4.0},{"damage":6.0,"enemies":"Champ","floor":33.0,"turns":9.0},{"damage":0.0,"enemies":"Orb Walker","floor":35.0,"turns":1.0},{"damage":0.0,"enemies":"Mind Bloom Boss Battle","floor":38.0,"turns":4.0},{"damage":0.0,"enemies":"3 Shapes","floor":39.0,"turns":1.0},{"damage":6.0,"enemies":"Nemesis","floor":41.0,"turns":4.0},{"damage":0.0,"enemies":"Spire Growth","floor":44.0,"turns":1.0},{"damage":10.0,"enemies":"4 Shapes","floor":48.0,"turns":2.0},{"damage":0.0,"enemies":"Time Eater","floor":50.0,"turns":4.0},{"damage":21.0,"enemies":"Shield and Spear","floor":54.0,"turns":6.0},{"damage":0,"enemies":"LittleHush","floor":55,"turns":23}],"seed_played":"-602083403038257786","potions_obtained":[{"floor":6.0,"key":"FairyPotion"},{"floor":7.0,"key":"Block Potion"},{"floor":13.0,"key":"DuplicationPotion"},{"floor":16.0,"key":"Venom Potion"},{"floor":28.0,"key":"Dexterity Potion"},{"floor":33.0,"key":"bronze:FreeFunctionsPotion"}],"is_trial":false,"path_per_floor":["M","?","$","M","$","E","?","?","T","R","$","M","M","M","R","B",null,"M","?","$","M","$","E","M","R","T","E","M","$","R","?","R_BF","B",null,"M","?","$","?","M","R","E","?","T","M","?","R","$","M","R","B",null,"R","$","E","B"],"character_chosen":"THE_AUTOMATON","items_purchased":["Bag of Marbles","Frozen Eye","bronze:Repulsor","Sadistic Nature","bronze:FreeFunctionsPotion","Milkshake","Fire Potion","bronze:Backtrace","ReplayTheSpireMod:ShopPack","Blue Candle","TheBible","bronze:ItsAFeature","Orrery","Apotheosis","Bird Faced Urn","SatanicBible","Peace Pipe","bronze:Mutator","EntropicBrew","bronze:AlphaBuild","JudasShadow","Whetstone","BloodDonationMachine","bronze:Optimize","Magnetism","Panacea","Pondfish Scales","ChaosCard","Pen Nib","Diplopia","bronze:Fortify","bronze:MaxOutput","bronze:ProtectiveGoggles","Thread and Needle","Panacea","bronze:Flail","Tiny House","Membership Card","Mirror","NineLifeCat","bronze:Optimize","UnicornStump","Lantern","Fruit Juice","bronze:Mutator","AttackPotion","Sundial","CaptainsWheel","ReplayTheSpireMod:TigerMarble","EntropicBrew","Strength Potion"],"campfire_rested":0,"item_purchase_floors":[3,3,3,3,3,3,3,3,3,5,5,5,5,11,11,11,11,11,11,17,20,20,20,20,20,20,22,22,22,22,22,22,29,29,29,29,29,37,37,37,37,47,47,47,47,47,53,53,53,53,53],"current_hp_per_floor":[72,72,72,72,72,50,32,32,32,32,32,44,48,66,80,86,82,82,67,67,67,67,67,74,74,74,74,77,82,82,82,82,85,85,85,85,22,22,22,22,22,18,18,18,18,18,23,26,26,27,27,27,27,27,27,27,27],"gold":91774,"neow_bonus":"TEN_PERCENT_HP_BONUS","is_daily":false,"chose_seed":false,"campfire_upgraded":0,"win_rate":0.0,"timestamp":1613622223,"path_taken":["M","?","$","?","$","E","?","?","T","R","$","?","M","M","R","BOSS","M","?","$","M","?","E","M","R","T","E","M","$","R","?","R_BF","BOSS","M","?","$","?","M","R","E","?","T","M","?","R","$","M","R","BOSS","R","$","E","BOSS"],"items_purchased_type":["Relic","Relic","Card","Card","Potion","Potion","Potion","Card","Relic","Relic","Relic","Card","Relic","Card","Relic","Relic","Relic","Card","Potion","Card","Relic","Relic","Relic","Card","Card","Card","Relic","Card","Relic","Relic","Card","Card","Relic","Relic","Card","Card","Relic","Relic","Relic","Relic","Card","Relic","Relic","Potion","Card","Potion","Relic","Relic","Relic","Potion","Potion"],"build_version":"2020-12-22","purchased_purges":8,"victory":false,"max_hp_per_floor":[77,77,77,77,77,77,77,77,77,77,77,72,72,72,86,86,82,82,87,87,87,87,87,87,87,87,87,90,95,95,85,85,85,85,85,85,22,22,22,22,22,22,22,22,22,22,27,27,27,27,27,27,27,27,27,27,27],"card_choices":[{"not_picked":[],"picked":"Bomb","floor":0.0},{"not_picked":["bronze:DelayedSlice","bronze:Branch"],"picked":"bronze:ChosenStrike","floor":1.0},{"not_picked":["Sadistic Nature","Transmutation"],"picked":"ReplayTheSpireMod:Brewmster","floor":3.0},{"not_picked":["Swift Strike","BloodyBrimstone"],"picked":"Trip","floor":3.0},{"not_picked":["Metamorphosis","Replay:BasicMightCard"],"picked":"Replay:Bootleg Shield Generator","floor":3.0},{"not_picked":["bronze:Deprecate","bronze:WildBeam"],"picked":"bronze:Repair","floor":4.0},{"not_picked":["bronze:Deprecate","bronze:CutThrough"],"picked":"bronze:HyperBeam","floor":5.0},{"not_picked":["bronze:ForceShield","bronze:BugBarrage"],"picked":"bronze:Optimize","floor":5.0},{"not_picked":["bronze:BugBarrage","bronze:CutThrough"],"picked":"bronze:Repulsor","floor":5.0},{"not_picked":["bronze:ClassDefault","bronze:Optimize"],"picked":"bronze:MaxOutput","floor":5.0},{"not_picked":["bronze:OilSpill","bronze:FindAndReplace"],"picked":"bronze:HardenedForm","floor":6.0},{"not_picked":["bronze:Backtrace","bronze:Branch"],"picked":"bronze:ClassDefault","floor":12.0},{"not_picked":["bronze:Branch","bronze:Overload"],"picked":"bronze:Repair","floor":13.0},{"not_picked":["bronze:BuggyMess","bronze:OilSpill"],"picked":"bronze:DelayedSlice","floor":14.0},{"not_picked":["bronze:Format","bronze:Assembly"],"picked":"bronze:CleanCode","floor":16.0},{"not_picked":["bronze:Return","bronze:Turbo"],"picked":"bronze:WhirlingStrike","floor":18.0},{"not_picked":["bronze:Frontload","bronze:BuggyMess"],"picked":"bronze:FineTuning","floor":21.0},{"not_picked":["bronze:Turbo","bronze:FollowUp","bronze:DigitalCarnage"],"picked":"SKIP","floor":23.0},{"not_picked":["bronze:Overheat","bronze:DelayedGuard","bronze:Backtrace"],"picked":"SKIP","floor":24.0},{"not_picked":["bronze:BuggyMess","bronze:Allocate"],"picked":"bronze:ForceShield","floor":27.0},{"not_picked":["bronze:Deprecate","bronze:BugBarrage","bronze:Branch"],"picked":"SKIP","floor":28.0},{"not_picked":["bronze:BugBarrage","bronze:Invalidate+1"],"picked":"bronze:Optimize+1","floor":29.0},{"not_picked":["bronze:Break","bronze:FindAndReplace"],"picked":"bronze:AlphaBuild","floor":33.0},{"not_picked":["bronze:FineTuning","bronze:OilSpill+1"],"picked":"bronze:ChosenStrike","floor":35.0},{"not_picked":["bronze:CutThrough+1","bronze:Fortify"],"picked":"bronze:Repair","floor":38.0},{"not_picked":["bronze:Format","bronze:Repulsor"],"picked":"bronze:OilSpill","floor":39.0},{"not_picked":["bronze:BugBarrage","bronze:DigitalCarnage+1"],"picked":"bronze:Format","floor":41.0},{"not_picked":["bronze:Invalidate","bronze:DelayedSlice"],"picked":"bronze:OilSpill+1","floor":44.0},{"not_picked":["bronze:BitShift+1","bronze:DelayedGuard+1"],"picked":"bronze:ChosenStrike+1","floor":48.0},{"not_picked":["bronze:OilSpill","bronze:Overheat+1"],"picked":"bronze:Repulsor","floor":54.0}],"player_experience":495362,"relics_obtained":[{"floor":6.0,"key":"Shovel"},{"floor":7.0,"key":"TungstenRod"},{"floor":7.0,"key":"PillsDrop"},{"floor":15.0,"key":"Mango"},{"floor":23.0,"key":"Leech"},{"floor":25.0,"key":"Calipers"},{"floor":26.0,"key":"Void"},{"floor":27.0,"key":"GuppysPaw"},{"floor":30.0,"key":"TuHaoJin"},{"floor":32.0,"key":"Replay:Arrowhead"},{"floor":38.0,"key":"Replay:Bottled Snecko"},{"floor":40.0,"key":"Leech"},{"floor":41.0,"key":"HowToJump"},{"floor":42.0,"key":"Ancient Tea Set"},{"floor":43.0,"key":"ChewingGum"},{"floor":46.0,"key":"Garlic"},{"floor":49.0,"key":"hexamod:Sixitude"},{"floor":52.0,"key":"Habit"},{"floor":54.0,"key":"Busted Crown"}],"event_choices":[{"damage_healed":0.0,"max_hp_gain":0.0,"max_hp_loss":0.0,"gold_gain":0.0,"event_name":"Upgrade Shrine","player_choice":"Upgraded","floor":2.0,"gold_loss":0.0,"damage_taken":0.0,"cards_upgraded":["bronze:ChosenStrike"]},{"damage_healed":0.0,"max_hp_gain":0.0,"max_hp_loss":0.0,"gold_gain":0.0,"event_name":"HidenRoomEvent","player_choice":"Fight","floor":7.0,"gold_loss":0.0,"damage_taken":0.0},{"cards_removed":["bronze:Strike"],"damage_healed":0.0,"max_hp_gain":0.0,"max_hp_loss":0.0,"gold_gain":0.0,"event_name":"Purifier","player_choice":"Purged","floor":8.0,"gold_loss":0.0,"damage_taken":0.0},{"damage_healed":0.0,"max_hp_gain":5.0,"max_hp_loss":0.0,"gold_gain":0.0,"event_name":"Forgotten Altar","player_choice":"Shed Blood","floor":19.0,"gold_loss":0.0,"damage_taken":21.0},{"damage_healed":0.0,"max_hp_gain":0.0,"max_hp_loss":0.0,"gold_gain":0.0,"event_name":"Match and Keep!","player_choice":"0 cards matched","floor":36.0,"gold_loss":0.0,"damage_taken":0.0,"cards_obtained":[]},{"damage_healed":0.0,"max_hp_gain":0.0,"max_hp_loss":0.0,"gold_gain":0.0,"event_name":"MindBloom","player_choice":"Fight","floor":38.0,"gold_loss":0.0,"damage_taken":0.0},{"cards_removed":["bronze:Fortify"],"damage_healed":0.0,"max_hp_gain":0.0,"max_hp_loss":0.0,"gold_gain":0.0,"event_name":"Falling","player_choice":"Removed Attack","floor":45.0,"gold_loss":0.0,"damage_taken":0.0}],"is_beta":false,"boss_relics":[{"not_picked":["Replay:Bottled Steam","bronze:CableSpool"],"picked":"bronze:PlatinumCore"},{"not_picked":[]},{"not_picked":["StrikeDummy","SteamSale"],"picked":"Oddly Smooth Stone"},{"not_picked":[]}],"items_purged_floors":[3,5,11,20,22,29,37,47],"is_endless":false,"potions_floor_spawned":[6,7,13,16,18,24,28,33,38,41,48,54],"killed_by":"LittleHush","ascension_level":0}}