{"host":"gyvm9iplrwbfzexe","time":1613612866,"event":{"mods":["BaseMod","Minty Spire (QoL Compilation)","StSLib"],"gold_per_floor":[113,113,131,206,217,247,247,247,247],"floor_reached":8,"language":"ENG","playtime":262,"items_purged":[],"score":67,"play_id":"aa20a77a-2e74-4f32-b52b-0374804fef98","local_time":"20210217194746","is_ascension_mode":true,"campfire_choices":[{"data":"After Image","floor":7,"key":"SMITH"}],"circlet_count":0,"master_deck":["Strike_G","Strike_G","Strike_G","Strike_G","Strike_G","Defend_G","Defend_G","Defend_G","Defend_G","Defend_G","Survivor","Neutralize","Underhanded Strike","Prepared","Terror","Flying Knee","After Image+1"],"relics":["Ring of the Snake","NeowsBlessing","Mummified Hand"],"acts_visited":["Exordium"],"potions_floor_usage":[6,8],"damage_taken":[{"damage":0,"enemies":"Jaw Worm","floor":1,"turns":1},{"damage":0,"enemies":"Cultist","floor":3,"turns":1},{"damage":0,"enemies":"Small Slimes","floor":5,"turns":1},{"damage":37,"enemies":"Gremlin Nob","floor":6,"turns":4},{"damage":22,"enemies":"3 Sentries","floor":8,"turns":7}],"seed_played":"4772549823411483604","potions_obtained":[{"floor":1,"key":"AttackPotion"},{"floor":5,"key":"GamblersBrew"},{"floor":6,"key":"Poison Potion"}],"is_trial":false,"path_per_floor":["M","?","M","?","M","E","R","E"],"character_chosen":"THE_SILENT","items_purchased":[],"campfire_rested":0,"item_purchase_floors":[],"current_hp_per_floor":[70,70,70,59,59,22,22,0,0],"gold":247,"neow_bonus":"THREE_ENEMY_KILL","is_daily":false,"chose_seed":false,"campfire_upgraded":1,"win_rate":0.0,"timestamp":1613612866,"path_taken":["M","?","?","?","M","E","R","E"],"items_purchased_type":[],"build_version":"2020-12-22","purchased_purges":0,"victory":false,"max_hp_per_floor":[70,70,70,70,70,70,70,70,70],"card_choices":[{"not_picked":["Setup","Terror"],"picked":"Underhanded Strike","floor":1},{"not_picked":["Quick Slash","Flying Knee"],"picked":"Terror","floor":3},{"not_picked":["Quick Slash","Backflip"],"picked":"Flying Knee","floor":5},{"not_picked":["Flechettes","Catalyst"],"picked":"After Image","floor":6}],"player_experience":56973,"relics_obtained":[{"floor":6,"key":"Mummified Hand"}],"event_choices":[{"damage_healed":0,"gold_gain":0,"player_choice":"1 cards matched","damage_taken":0,"max_hp_gain":0,"max_hp_loss":0,"event_name":"Match and Keep!","floor":2,"gold_loss":0,"cards_obtained":["Prepared"]},{"damage_healed":0,"gold_gain":75,"player_choice":"Gather Gold","damage_taken":11,"max_hp_gain":0,"max_hp_loss":0,"event_name":"World of Goop","floor":4,"gold_loss":0}],"is_beta":false,"boss_relics":[],"items_purged_floors":[],"is_endless":false,"potions_floor_spawned":[1,5,6],"killed_by":"3 Sentries","ascension_level":4}}