{"host":"c83fcgyuu74iknko","time":1613619522,"event":{"mods":["BaseMod","BetterRewards","Colored Map","Colored Powertips","Minty Spire (QoL Compilation)","Quick Restart","StSLib","The Animator","The Senshi"],"gold_per_floor":[114,114,126,51,63,63,95,95,145,155,155,182,246,262,262,362,362,380,380,400,224,236,236,247,247,247],"floor_reached":25,"language":"ENG","playtime":1098,"items_purged":["Strike_B","Strike_B"],"score":213,"play_id":"3a494fe0-b49d-44e9-bba1-29d590ed7711","local_time":"20210217193842","is_ascension_mode":false,"campfire_choices":[{"data":"Zap","floor":6,"key":"SMITH"},{"data":"Stack","floor":8,"key":"SMITH"},{"floor":11,"key":"REST"},{"data":"Hello World","floor":15,"key":"SMITH"},{"data":"Creative AI","floor":23,"key":"SMITH"}],"circlet_count":0,"master_deck":["Strike_B+1","Strike_B+1","Defend_B","Defend_B","Defend_B","Defend_B","Zap+1","Dualcast","Rip and Tear","Conserve Battery","Melter","Stack+1","Hello World+1","Gash","Heatsinks","Creative AI+1","animator:Strike_Konosuba","Conserve Battery","Storm","Hello World"],"relics":["Cracked Core","NeowsBlessing","Whetstone","Potion Belt","Mummified Hand","Oddly Smooth Stone","Sozu"],"acts_visited":["Exordium","TheCity"],"potions_floor_usage":[12,13,18,18],"damage_taken":[{"damage":0,"enemies":"2 Louse","floor":1,"turns":1},{"damage":0,"enemies":"Jaw Worm","floor":3,"turns":1},{"damage":0,"enemies":"Cultist","floor":5,"turns":1},{"damage":19,"enemies":"Lagavulin","floor":7,"turns":5},{"damage":26,"enemies":"Gremlin Gang","floor":10,"turns":5},{"damage":20,"enemies":"3 Sentries","floor":12,"turns":8},{"damage":4,"enemies":"Gremlin Nob","floor":13,"turns":3},{"damage":3,"enemies":"Exordium Thugs","floor":14,"turns":5},{"damage":2,"enemies":"The Guardian","floor":16,"turns":12},{"damage":5,"enemies":"2 Thieves","floor":18,"turns":4},{"damage":10,"enemies":"Spheric Guardian","floor":20,"turns":4},{"damage":12,"enemies":"Centurion and Healer","floor":22,"turns":6},{"damage":42,"enemies":"Chosen and Byrds","floor":24,"turns":6},{"damage":9,"enemies":"Book of Stabbing","floor":25,"turns":1}],"seed_played":"-5071242329991108078","potions_obtained":[{"floor":5,"key":"FearPotion"},{"floor":10,"key":"EssenceOfSteel"},{"floor":13,"key":"Weak Potion"},{"floor":14,"key":"EntropicBrew"}],"is_trial":false,"path_per_floor":["M","?","M","$","M","R","E","R","T","M","R","E","?","M","R","B",null,"M","?","M","$","M","R","M","E"],"character_chosen":"DEFECT","items_purchased":["Storm"],"campfire_rested":1,"item_purchase_floors":[21],"current_hp_per_floor":[75,75,75,75,75,75,56,56,56,30,52,32,28,25,25,23,75,70,70,60,60,48,48,6,0,0],"gold":247,"neow_bonus":"THREE_ENEMY_KILL","is_daily":false,"chose_seed":false,"campfire_upgraded":4,"win_rate":0.0,"timestamp":1613619522,"path_taken":["M","?","M","$","M","R","E","R","T","M","R","E","?","M","R","BOSS","M","?","M","$","M","R","?","E"],"items_purchased_type":["Card"],"build_version":"2020-12-22","purchased_purges":2,"victory":false,"max_hp_per_floor":[75,75,75,75,75,75,75,75,75,75,75,75,75,75,75,75,75,75,75,75,75,75,75,75,75,75],"card_choices":[{"not_picked":["Redo","Steam"],"picked":"Rip and Tear","floor":1},{"not_picked":["Barrage","Hologram"],"picked":"Conserve Battery","floor":3},{"not_picked":["Turbo","Rebound"],"picked":"Melter","floor":5},{"not_picked":["Hologram","Conserve Battery"],"picked":"Stack","floor":7},{"not_picked":["Cold Snap","Static Discharge"],"picked":"Hello World","floor":10},{"not_picked":["Hologram","Go for the Eyes"],"picked":"Gash","floor":12},{"not_picked":["Consume","Hologram"],"picked":"Sweeping Beam","floor":13},{"not_picked":["Conserve Battery","Streamline"],"picked":"Heatsinks","floor":14},{"not_picked":["Machine Learning","Biased Cognition"],"picked":"Creative AI","floor":16},{"not_picked":["Sweeping Beam","Beam Cell+1","Coolheaded"],"picked":"SKIP","floor":18},{"not_picked":["Go for the Eyes+1","Hologram"],"picked":"Conserve Battery","floor":20},{"not_picked":["Reboot","Go for the Eyes+1","Reprogram"],"picked":"SKIP","floor":22},{"not_picked":["Beam Cell","Cold Snap"],"picked":"Hello World","floor":24}],"player_experience":266726,"relics_obtained":[{"floor":7,"key":"Whetstone"},{"floor":9,"key":"Potion Belt"},{"floor":12,"key":"Mummified Hand"},{"floor":13,"key":"Oddly Smooth Stone"}],"event_choices":[{"damage_healed":0,"gold_gain":0,"player_choice":"Ignored","damage_taken":0,"max_hp_gain":0,"max_hp_loss":0,"event_name":"Liars Game","floor":2,"gold_loss":0},{"damage_healed":0,"gold_gain":0,"player_choice":"Searched \u00271\u0027 times","damage_taken":0,"max_hp_gain":0,"max_hp_loss":0,"event_name":"Dead Adventurer","floor":13,"gold_loss":0},{"cards_removed":["Sweeping Beam"],"damage_healed":0,"gold_gain":0,"player_choice":"Took Card","damage_taken":0,"max_hp_gain":0,"max_hp_loss":0,"event_name":"NoteForYourself","floor":19,"gold_loss":0,"cards_obtained":["animator:Strike_Konosuba"]}],"is_beta":false,"boss_relics":[{"not_picked":["SlaversCollar","Tiny House"],"picked":"Sozu"}],"items_purged_floors":[4,21],"is_endless":false,"potions_floor_spawned":[5,10,13,14,20,24],"killed_by":"Book of Stabbing","ascension_level":0}}