{"host":"lg2j834m1ujxvni0","time":1613625700,"event":{"mods":["AchievementEnabler","BaseMod","Beaked The Cultist","Better Vampires","BetterRewards","Colored Map","Colored Powertips","Conspire","Downfall","Glutton Mod","Googly Eyes","Gremlin Mod","Hermit","Highlight Path","Hubris","Infinite Spire","Marisa????????","Mimic Mod","Minty Spire (QoL Compilation)","Quick Restart","Replay The Spire","Shade Mod","Shop Mod","StSLib","The Bladedancer","The Bug Knight","The Construct","The Cursed","The Death Knight","The Disciple","The Druid","The Elementalist","The Forsaken","The Hayseed","The Hierophant","The IronCluck","The Judge","The Jungle","The Mystic","The Necromancer","The Runesmith","The Servant 0.9.4","The Spell Scribe","The Witch"],"gold_per_floor":[99,99,118,138,152,168,168,180,192,212,242,269,280,43,80,80,80,80],"floor_reached":16,"language":"ENG","playtime":2969,"items_purged":[],"score":108,"play_id":"584fedb3-8562-4fc2-8aa8-a81ff5815d30","local_time":"20210218002140","is_ascension_mode":false,"campfire_choices":[{"floor":1,"key":"RECALL"}],"circlet_count":0,"master_deck":["champ:Strike","champ:Strike","champ:Strike","champ:Defend","champ:Defend","champ:Defend","champ:Defend","champ:Execute","champ:Taunt","champ:ShieldWall","champ:BringItOn","champ:BerserkersShout","champ:EnGarde","champ:CalledShot","champ:Parry","champ:DefensiveShout","champ:DefensiveShout","champ:RisingSlash","champ:FaceSlap","champ:FlashCut","champ:IronFortress","champ:DeathBlow","champ:Shatter","champ:CalledShot","champ:IronFortress"],"relics":["champ:ChampionCrown","Shuriken","conspire:DecoderRing","hubris:DeckOfHolding"],"acts_visited":["Exordium"],"potions_floor_usage":[9,11,12,15,16],"damage_taken":[{"damage":14,"enemies":"conspire:RoseBush","floor":3,"turns":3},{"damage":28,"enemies":"infinitespire:Voidling","floor":4,"turns":4},{"damage":10,"enemies":"Cultist","floor":5,"turns":3},{"damage":25,"enemies":"Blue Slaver","floor":6,"turns":4},{"damage":21,"enemies":"downfall:LooterAlt","floor":8,"turns":4},{"damage":37,"enemies":"Red Slaver","floor":9,"turns":6},{"damage":25,"enemies":"3 Louse","floor":10,"turns":4},{"damage":23,"enemies":"Gremlin Nob","floor":11,"turns":3},{"damage":47,"enemies":"conspire:MimicChest","floor":12,"turns":6},{"damage":25,"enemies":"Blue Slaver","floor":13,"turns":4},{"damage":25,"enemies":"downfall:FleeingMerchant","floor":14,"turns":4},{"damage":26,"enemies":"Lots of Slimes","floor":15,"turns":4},{"damage":23,"enemies":"DF_ARCHETYPE_STREAMLINE","floor":16,"turns":3}],"seed_played":"-4723137969785857502","potions_obtained":[{"floor":4,"key":"Fire Potion"},{"floor":6,"key":"Swift Potion"},{"floor":9,"key":"Venom Potion"},{"floor":13,"key":"ColorlessPotion"},{"floor":15,"key":"sneckomod:MuddlingPotion"}],"is_trial":false,"path_per_floor":["R_BF","?","M","M","M","M","T","M","M","M","E","?","M","$","M","B"],"character_chosen":"THE_CHAMP","items_purchased":["champ:IronFortress","champ:DeathBlow","champ:Shatter","champ:CalledShot"],"campfire_rested":0,"item_purchase_floors":[14,14,14,14],"current_hp_per_floor":[99,99,95,94,94,89,89,83,76,71,48,28,28,28,12,0,0,0],"gold":80,"neow_bonus":"TEN_PERCENT_HP_BONUS","is_daily":false,"chose_seed":false,"campfire_upgraded":0,"win_rate":0.0,"timestamp":1613625700,"path_taken":["R_BF","?","?","M","?","M","T","?","?","M","E","?","M","$","M","BOSS"],"items_purchased_type":["Card","Card","Card","Card"],"build_version":"2020-12-22","purchased_purges":0,"victory":false,"max_hp_per_floor":[99,99,99,99,99,99,99,99,99,99,99,99,99,99,99,99,99,99],"card_choices":[{"not_picked":["champ:AdrenalArmor","champ:Circumvent"],"picked":"champ:ShieldWall","floor":3},{"not_picked":["champ:BladeFlurry","champ:AdrenalArmor"],"picked":"champ:BringItOn","floor":4},{"not_picked":["champ:Duel","champ:TornadoPunch"],"picked":"champ:BerserkersShout","floor":5},{"not_picked":["champ:LastStand","champ:PreciseThrust"],"picked":"champ:EnGarde","floor":6},{"not_picked":["champ:CrownThrow","champ:SkillfulDodge"],"picked":"champ:CalledShot","floor":8},{"not_picked":["champ:TornadoPunch","champ:Duel"],"picked":"champ:Parry","floor":9},{"not_picked":["champ:CrookedStrike","champ:Circumvent"],"picked":"champ:DefensiveShout","floor":10},{"not_picked":["champ:CrownThrow","champ:AdrenalArmor"],"picked":"champ:DefensiveShout","floor":11},{"not_picked":["champ:SteelEdge","champ:DefensiveShout"],"picked":"champ:RisingSlash","floor":12},{"not_picked":["champ:Shatter","champ:TornadoPunch"],"picked":"champ:FaceSlap","floor":13},{"not_picked":["champ:PreciseThrust","champ:Shatter"],"picked":"champ:FlashCut","floor":14},{"not_picked":["champ:HeartStrike","champ:Circumvent"],"picked":"champ:IronFortress","floor":15}],"player_experience":189777,"relics_obtained":[{"floor":7,"key":"Shuriken"},{"floor":11,"key":"conspire:DecoderRing"},{"floor":12,"key":"hubris:DeckOfHolding"}],"event_choices":[{"cards_removed":["champ:Strike"],"damage_healed":0,"gold_gain":0,"player_choice":"Offered Basic","damage_taken":0,"max_hp_gain":0,"max_hp_loss":0,"event_name":"Bonfire Elementals","floor":2,"gold_loss":0}],"is_beta":false,"boss_relics":[],"items_purged_floors":[],"is_endless":false,"potions_floor_spawned":[4,6,9,13,15],"killed_by":"DF_ARCHETYPE_STREAMLINE","ascension_level":0}}