{"host":"kg61lsvem4dxoat8","time":1613635819,"event":{"mods":["AchievementEnabler","BaseMod","Better Altar","Better Match","Better Sensory Stone","Better Skull","Block Reminder","Highlight Path","Minty Spire (QoL Compilation)","Quick Restart","Rare Cards Sparkle","Relic Sorter","Relic Stats","StSLib","Synergy Search","slay the spire mod where everything is the same but ironclad has a cowboy hat"],"gold_per_floor":[118,137,7,107,125,155,155,169,169,69,85,7,21,33,33,110,110,123,133,133,133],"floor_reached":20,"language":"ENG","playtime":678,"items_purged":["Strike_G","Strike_G"],"score":356,"play_id":"f4e4a35b-ebfe-4f41-a9d1-f592ecd406a3","local_time":"20210218161019","is_ascension_mode":true,"campfire_choices":[{"data":"Blade Dance","floor":7,"key":"SMITH"},{"data":"Blade Dance","floor":15,"key":"SMITH"}],"circlet_count":0,"master_deck":["AscendersBane","Strike_G","Strike_G","Strike_G","Defend_G","Defend_G","Defend_G","Defend_G","Defend_G","Survivor","Neutralize","Deadly Poison","Cloak And Dagger","Blade Dance+1","Acrobatics","Infinite Blades+1","Blade Dance+1","Footwork+1","Envenom+1"],"relics":["Ring of the Snake","NeowsBlessing","Frozen Egg 2","Ornamental Fan","Fusion Hammer"],"acts_visited":["Exordium","TheCity"],"potions_floor_usage":[6,16,16],"damage_taken":[{"damage":0,"enemies":"Cultist","floor":1,"turns":1},{"damage":0,"enemies":"2 Louse","floor":2,"turns":1},{"damage":0,"enemies":"Small Slimes","floor":5,"turns":1},{"damage":25,"enemies":"Gremlin Nob","floor":6,"turns":4},{"damage":0,"enemies":"2 Fungi Beasts","floor":8,"turns":4},{"damage":0,"enemies":"Exordium Thugs","floor":11,"turns":4},{"damage":15,"enemies":"Red Slaver","floor":13,"turns":4},{"damage":8,"enemies":"Exordium Wildlife","floor":14,"turns":4},{"damage":13,"enemies":"Slime Boss","floor":16,"turns":12},{"damage":0,"enemies":"3 Byrds","floor":18,"turns":3},{"damage":16,"enemies":"Spheric Guardian","floor":19,"turns":6},{"damage":39,"enemies":"Cultist and Chosen","floor":20,"turns":5}],"seed_played":"8849702563247030821","potions_obtained":[{"floor":2,"key":"SkillPotion"},{"floor":6,"key":"SmokeBomb"},{"floor":8,"key":"Regen Potion"},{"floor":14,"key":"Fire Potion"},{"floor":18,"key":"Energy Potion"}],"is_trial":false,"path_per_floor":["M","M","$","?","M","E","R","M","T","$","M","$","M","M","R","B",null,"M","M","M"],"character_chosen":"THE_SILENT","items_purchased":["Cloak And Dagger","Infinite Blades+1"],"campfire_rested":0,"item_purchase_floors":[3,12],"current_hp_per_floor":[59,59,59,59,59,34,34,34,34,34,34,34,19,11,11,13,53,53,37,0,0],"gold":133,"neow_bonus":"THREE_ENEMY_KILL","is_daily":false,"chose_seed":false,"campfire_upgraded":2,"win_rate":0.0,"timestamp":1613635819,"path_taken":["M","?","?","?","M","E","R","M","T","$","?","?","M","M","R","BOSS","M","M","M"],"items_purchased_type":["Card","Card"],"build_version":"2020-12-22","purchased_purges":2,"victory":false,"max_hp_per_floor":[66,66,66,66,66,66,66,66,66,66,66,66,66,66,66,66,66,66,66,66,66],"relic_stats":{"counters":[12,49],"Ornamental Fan":[152],"obtain_stats":[{"NeowsBlessing":0,"Ornamental Fan":9,"Fusion Hammer":17,"Frozen Egg 2":6,"Ring of the Snake":0},{"NeowsBlessing":0,"Ornamental Fan":5,"Fusion Hammer":9,"Frozen Egg 2":4,"Ring of the Snake":0},{"NeowsBlessing":0,"Ornamental Fan":11,"Fusion Hammer":35,"Frozen Egg 2":7,"Ring of the Snake":0}],"Ring of the Snake":[24]},"card_choices":[{"not_picked":["Sucker Punch","Terror"],"picked":"Deadly Poison","floor":1},{"not_picked":["Concentrate","Dagger Throw","Finisher"],"picked":"SKIP","floor":2},{"not_picked":["Eviscerate","Dash"],"picked":"Blade Dance","floor":5},{"not_picked":["Slice","Bouncing Flask","Concentrate"],"picked":"SKIP","floor":6},{"not_picked":["Tactician","Backflip"],"picked":"Acrobatics","floor":8},{"not_picked":["Sucker Punch","Deflect","Slice"],"picked":"SKIP","floor":11},{"not_picked":["Acrobatics","Skewer"],"picked":"Blade Dance","floor":13},{"not_picked":["Cloak And Dagger","Dagger Spray"],"picked":"Footwork+1","floor":14},{"not_picked":["Bullet Time","After Image+1"],"picked":"Envenom+1","floor":16},{"not_picked":["Prepared","Calculated Gamble","Quick Slash"],"picked":"SKIP","floor":18},{"not_picked":["Underhanded Strike+1","Caltrops+1","Outmaneuver"],"picked":"SKIP","floor":19}],"player_experience":1555987,"relics_obtained":[{"floor":6,"key":"Frozen Egg 2"},{"floor":9,"key":"Ornamental Fan"}],"event_choices":[{"damage_healed":0,"gold_gain":100,"player_choice":"Gold","damage_taken":0,"max_hp_gain":0,"max_hp_loss":0,"event_name":"Wheel of Change","floor":4,"gold_loss":0}],"is_beta":false,"boss_relics":[{"not_picked":["Ectoplasm","Runic Pyramid"],"picked":"Fusion Hammer"}],"items_purged_floors":[3,10],"is_endless":false,"potions_floor_spawned":[2,6,8,11,14,18],"killed_by":"Cultist and Chosen","ascension_level":20}}