{"host":"whe4vf9w0yuhsr02","time":1613649283,"event":{"mods":["AchievementEnabler","Act Like it!","BaseMod","Better Altar","Better Match","Better Note","Better Sensory Stone","Better Skull","Better Third Choice","Colored Map","Dark Map","Friendly Minions","Highlight Path","Hubris","Lobotomy","LobotomyExtend","Minty Spire (QoL Compilation)","Poor People Problems","Quick Restart","Replay The Spire","Ruina","StSLib","everything is the same but u backflip on backflip"],"gold_per_floor":[360,372,372,384,16,16,46,62,62,75,100,100,100,127,127,224,224,224,241,241,241,191,291,291],"floor_reached":23,"language":"ENG","playtime":834,"items_purged":[],"score":255,"play_id":"1f384ddc-20d2-4b44-91ce-df8f993fdd87","local_time":"20210218135443","is_ascension_mode":true,"campfire_choices":[],"circlet_count":0,"master_deck":["SpecialBullet","SpecialBullet","SpecialBullet","SpecialBullet","SpecialBullet","SpecialBullet","SpecialBullet","CentralCode","SecurityCode","ControlCode","InformationCode","Pinks","Moonlight+1","OSAHOGD","GoldRush+1","BlackSwan_ego","Mimicry","Clumsy"],"relics":["CogitoBucket","LetterFromLob","Vajra","Pondfish Scales","Iron Hammer","AspirationHeart","Pen Nib","Whetstone","Sozu","hubris:64BitClover","hubris:Icosahedron","ruina:FalsePresent"],"acts_visited":["Exordium","ruina:Briah"],"potions_floor_usage":[],"damage_taken":[{"damage":6.0,"enemies":"Cultist","floor":1.0,"turns":3.0},{"damage":0.0,"enemies":"Small Slimes","floor":2.0,"turns":2.0},{"damage":0.0,"enemies":"Jaw Worm","floor":4.0,"turns":3.0},{"damage":8.0,"enemies":"Gremlin Nob","floor":7.0,"turns":3.0},{"damage":0.0,"enemies":"Large Slime","floor":8.0,"turns":3.0},{"damage":12.0,"enemies":"Lots of Slimes","floor":10.0,"turns":2.0},{"damage":0.0,"enemies":"Lagavulin","floor":11.0,"turns":4.0},{"damage":17.0,"enemies":"3 Sentries","floor":14.0,"turns":3.0},{"damage":2.0,"enemies":"Hexaghost","floor":16.0,"turns":6.0},{"damage":25.0,"enemies":"ruina:3_Bats","floor":19.0,"turns":3.0},{"damage":59,"enemies":"ruina:RoadHome","floor":23,"turns":3}],"seed_played":"3423185468405734287","potions_obtained":[{"floor":1.0,"key":"Strength Potion"},{"floor":4.0,"key":"LiquidMemories"},{"floor":10.0,"key":"Ancient Potion"},{"floor":14.0,"key":"Strength Potion"}],"is_trial":false,"path_per_floor":["M","M","?","M","$","R","E","M","T","M","E","?","R","E","R","B",null,"M","M","?","?","?","E"],"character_chosen":"Angela","items_purchased":["Pinks","Vajra","Moonlight"],"campfire_rested":0,"item_purchase_floors":[5,5,5],"current_hp_per_floor":[63,63,63,63,63,63,63,63,63,69,73,73,73,64,64,73,73,73,60,60,60,56,0,0],"gold":291,"neow_bonus":"TWO_FIFTY_GOLD","is_daily":false,"chose_seed":false,"campfire_upgraded":0,"win_rate":0.0,"timestamp":1613649283,"path_taken":["M","?","?","M","$","R","E","M","T","M","E","?","R","E","R","BOSS","M","?","?","?","?","E"],"items_purchased_type":["Card","Relic","Card"],"build_version":"2020-12-22","purchased_purges":0,"victory":false,"max_hp_per_floor":[63,63,63,63,63,63,63,63,63,73,73,73,73,73,73,73,73,73,73,73,73,68,68,68],"card_choices":[{"not_picked":["Noise","ShedSkin"],"picked":"SKIP","floor":1.0},{"not_picked":["Penitence","Tough"],"picked":"SKIP","floor":2.0},{"not_picked":["FourthMatchFlame","Beak"],"picked":"SKIP","floor":4.0},{"not_picked":["OldLady","BeautyBeast"],"picked":"OSAHOGD","floor":7.0},{"not_picked":["SwordSharpenedByTears"],"picked":"GoldRush","floor":7.0},{"not_picked":["Loneliness","Wingbeat"],"picked":"SKIP","floor":8.0},{"not_picked":["WristCuter","TheSmile"],"picked":"SKIP","floor":10.0},{"not_picked":["Amita","BlackSwan_ego"],"picked":"SKIP","floor":11.0},{"not_picked":["Amita"],"picked":"BlackSwan_ego","floor":11.0},{"not_picked":["Justitia","MagicBullet"],"picked":"SKIP","floor":14.0},{"not_picked":["SoundOfStar"],"picked":"Mimicry","floor":16.0},{"not_picked":["Loneliness+1","SomewhereSpear"],"picked":"SKIP","floor":19.0}],"player_experience":489693,"relics_obtained":[{"floor":1.0,"key":"LetterFromLob"},{"floor":7.0,"key":"Pondfish Scales"},{"floor":9.0,"key":"Iron Hammer"},{"floor":11.0,"key":"Pen Nib"},{"floor":14.0,"key":"Whetstone"}],"event_choices":[{"damage_healed":0.0,"max_hp_gain":0.0,"max_hp_loss":0.0,"gold_gain":0.0,"event_name":"Upgrade Shrine","player_choice":"Upgraded","floor":12.0,"gold_loss":0.0,"damage_taken":0.0,"cards_upgraded":["Moonlight"]}],"is_beta":false,"boss_relics":[{"not_picked":["Runic Dome","hubris:ScarierMask"],"picked":"Sozu"}],"items_purged_floors":[],"is_endless":false,"potions_floor_spawned":[1,4,10,14],"killed_by":"ruina:RoadHome","ascension_level":2}}