{"host":"126yiuos2nq86se7","time":1613631236,"event":{"mods":["2.2 Compatiblity","AchievementEnabler","Act Like it!","BaseMod","Colored Map","Colored Powertips","Friendly Minions","Hermit","Highlight Path","KomeijiMod","Minty Spire (QoL Compilation)","StSLib","SuperFastMode","The Bug Knight","The Hierophant"],"gold_per_floor":[277,47,63,75,86,86,13,13,59,21,21,46,46,46,46,143,143,162,178,188,15,34,34,53,53,53,53,53,73,101,126,126,126,126],"floor_reached":33,"language":"ENG","playtime":2468,"items_purged":["Strike_Remiria","Strike_Remiria"],"score":274,"play_id":"1af69cfb-c761-4d51-a823-1f97d351fe4d","local_time":"20210218175356","is_ascension_mode":false,"campfire_choices":[{"data":"Warpath","floor":6,"key":"SMITH"},{"data":"Absorbed","floor":11,"key":"SMITH"},{"data":"Scratch","floor":13,"key":"SMITH"},{"data":"ThePrice","floor":15,"key":"SMITH"},{"floor":23,"key":"REST"},{"floor":25,"key":"REST"},{"data":"TricksterDevil","floor":27,"key":"SMITH"},{"floor":32,"key":"REST"}],"circlet_count":0,"master_deck":["Strike_Remiria","Defend_Remirira","Defend_Remirira","Defend_Remirira","Defend_Remirira","Absorbed+1","Scratch+1","Warpath+1","BathedInBlood+1","ThePrice+1","BathedInBlood","BathedInBlood","RemiliaStalker","TricksterDevil+1","TrickFate","Impregnable","FateSonata","Paradox","Impregnable","Warpath","Paradox","BloodCollect"],"relics":["UnsealingCross","HandDrill","MealTicket","Orichalcum","CeramicFish"],"acts_visited":["Exordium","TheCity"],"potions_floor_usage":[12,12,33,33,33],"damage_taken":[{"damage":0,"enemies":"Cultist","floor":1,"turns":3},{"damage":2,"enemies":"Jaw Worm","floor":3,"turns":4},{"damage":0,"enemies":"Small Slimes","floor":4,"turns":4},{"damage":4,"enemies":"Gremlin Gang","floor":5,"turns":4},{"damage":3,"enemies":"Lagavulin","floor":12,"turns":6},{"damage":44,"enemies":"Slime Boss","floor":16,"turns":11},{"damage":16,"enemies":"Shell Parasite","floor":18,"turns":9},{"damage":22,"enemies":"Spheric Guardian","floor":19,"turns":7},{"damage":0,"enemies":"Snecko","floor":20,"turns":7},{"damage":26,"enemies":"Shelled Parasite and Fungi","floor":22,"turns":9},{"damage":39,"enemies":"Centurion and Healer","floor":24,"turns":17},{"damage":14,"enemies":"Snecko","floor":29,"turns":12},{"damage":15,"enemies":"Snake Plant","floor":30,"turns":10},{"damage":29,"enemies":"Shelled Parasite and Fungi","floor":31,"turns":9},{"damage":66,"enemies":"Collector","floor":33,"turns":5}],"seed_played":"7789632478272416673","potions_obtained":[{"floor":1,"key":"Block Potion"},{"floor":4,"key":"SkillPotion"},{"floor":19,"key":"JyouchiReiPotion"},{"floor":22,"key":"Ancient Potion"},{"floor":30,"key":"ColorlessPotion"},{"floor":31,"key":"EssenceOfSteel"}],"is_trial":false,"path_per_floor":["M","$","M","M","M","R","$","?","T","$","R","E","R","?","R","B",null,"M","M","M","$","M","R","M","R","T","R","?","M","M","M","R","B"],"character_chosen":"RemiriaScarlet","items_purchased":["HandDrill","BathedInBlood","BathedInBlood","FateSonata"],"campfire_rested":3,"item_purchase_floors":[2,7,10,21],"current_hp_per_floor":[100,100,98,98,94,94,94,87,87,100,100,97,97,97,97,53,100,84,62,62,77,51,81,42,72,72,72,72,62,47,18,48,0,0],"gold":126,"neow_bonus":"HUNDRED_GOLD","is_daily":false,"chose_seed":false,"campfire_upgraded":5,"win_rate":0.0,"timestamp":1613631236,"path_taken":["M","$","M","M","?","R","$","?","T","?","R","E","R","?","R","BOSS","M","M","?","$","M","R","M","R","T","R","?","?","?","M","R","BOSS"],"items_purchased_type":["Relic","Card","Card","Card"],"build_version":"2020-12-22","purchased_purges":2,"victory":false,"max_hp_per_floor":[100,100,100,100,100,100,100,100,100,100,100,100,100,100,100,100,100,100,100,100,100,100,100,100,100,100,100,100,100,100,100,100,100,100],"card_choices":[{"not_picked":["DemonsDinnerFork_Remiria","BloodCleaner"],"picked":"Warpath","floor":1},{"not_picked":["VampireKiss_Remiria","Exsanguinate","ServantFlier"],"picked":"SKIP","floor":3},{"not_picked":["RocketKickup","Cripple"],"picked":"BathedInBlood","floor":4},{"not_picked":["ScarletNetherworld","DamonLordCradle_Remiria"],"picked":"ThePrice","floor":5},{"not_picked":["DoubleEdge","FastHealing","BloodCleaner"],"picked":"SKIP","floor":12},{"not_picked":["FateSonata","Septette"],"picked":"RemiliaStalker","floor":16},{"not_picked":["DamonLordCradle_Remiria","BodyStrengthen"],"picked":"TricksterDevil","floor":18},{"not_picked":["ServantFlier","FastHealing+1"],"picked":"TrickFate","floor":19},{"not_picked":["StigmaNizer","BodyStrengthen"],"picked":"Impregnable","floor":20},{"not_picked":["ChainGang","CruelSlaughter"],"picked":"Paradox","floor":22},{"not_picked":["ServantFlier","BloodySuit"],"picked":"Impregnable","floor":24},{"not_picked":["BloodCleaner","Rewrite"],"picked":"Warpath","floor":29},{"not_picked":["BombardNight","Warpath"],"picked":"Paradox","floor":30},{"not_picked":["RocketKickup","StigmaNizer"],"picked":"BloodCollect","floor":31}],"player_experience":1561604,"relics_obtained":[{"floor":9,"key":"MealTicket"},{"floor":12,"key":"Orichalcum"},{"floor":26,"key":"CeramicFish"}],"event_choices":[{"cards_removed":["Strike_Remiria"],"damage_healed":0,"gold_gain":0,"player_choice":"Card Removal","damage_taken":7,"max_hp_gain":0,"max_hp_loss":0,"event_name":"Golden Wing","floor":8,"gold_loss":0},{"damage_healed":0,"gold_gain":0,"player_choice":"Upgraded","damage_taken":0,"max_hp_gain":0,"max_hp_loss":0,"event_name":"Upgrade Shrine","floor":14,"gold_loss":0,"cards_upgraded":["BathedInBlood"]},{"damage_healed":0,"gold_gain":0,"player_choice":"Ignored","damage_taken":0,"max_hp_gain":0,"max_hp_loss":0,"event_name":"N\u0027loth","floor":28,"gold_loss":0}],"is_beta":false,"boss_relics":[{"not_picked":["Black Star","Calling Bell"],"picked":"UnsealingCross"}],"items_purged_floors":[2,21],"is_endless":false,"potions_floor_spawned":[1,4,19,22,30,31],"killed_by":"Collector","ascension_level":0}}