{"host":"r3islh0l1a1ykxfu","time":1613683991,"event":{"mods":["BaseMod","Bestiary","Colored Map","Colored Powertips","Highlight Path","Minty Spire (QoL Compilation)","Relic Stats","Slay-I","StSLib","Weighted Paths"],"gold_per_floor":[110,129,142,142,142,142,167,167,191,180,180,180,196,222,222,325,325,342,356,356,374,150,150,0,0,0,30,30,30,30,44,44,44,44],"floor_reached":33,"language":"ENG","playtime":9702,"items_purged":["Strike_B"],"score":383,"play_id":"97ef7f48-2b61-41df-99df-107ca85d0c98","local_time":"20210218153311","is_ascension_mode":true,"campfire_choices":[{"data":"Zap","floor":6.0,"key":"SMITH"},{"floor":8.0,"key":"REST"},{"data":"Buffer","floor":11.0,"key":"SMITH"},{"data":"Dualcast","floor":15.0,"key":"SMITH"},{"floor":23.0,"key":"REST"},{"floor":25.0,"key":"REST"},{"floor":30.0,"key":"REST"},{"floor":32,"key":"REST"}],"circlet_count":0,"master_deck":["Strike_B+1","Defend_B","Defend_B","Zap+1","Dualcast+1","BootSequence","Cold Snap","Buffer+1","Leap","Ball Lightning","Steam","Hologram+1","Creative AI+1","Streamline+1","Gash+1","Rebound+1","Defragment","Creative AI+1","Redo+1","Scrape","Self Repair","Defragment","Redo+1"],"relics":["Philosopher\u0027s Stone","Strawberry","Omamori","Bag of Marbles","Toxic Egg 2","Astrolabe","Regal Pillow","Whetstone"],"acts_visited":["Exordium","TheCity"],"potions_floor_usage":[],"damage_taken":[{"damage":0.0,"enemies":"Small Slimes","floor":1.0,"turns":2.0},{"damage":12.0,"enemies":"Jaw Worm","floor":2.0,"turns":4.0},{"damage":0.0,"enemies":"Cultist","floor":3.0,"turns":3.0},{"damage":10.0,"enemies":"Lagavulin","floor":7.0,"turns":9.0},{"damage":8.0,"enemies":"Exordium Thugs","floor":10.0,"turns":4.0},{"damage":0.0,"enemies":"Lots of Slimes","floor":13.0,"turns":4.0},{"damage":0.0,"enemies":"Gremlin Nob","floor":14.0,"turns":4.0},{"damage":0.0,"enemies":"Slime Boss","floor":16.0,"turns":8.0},{"damage":8.0,"enemies":"Shell Parasite","floor":18.0,"turns":6.0},{"damage":30.0,"enemies":"3 Byrds","floor":19.0,"turns":5.0},{"damage":42.0,"enemies":"Snake Plant","floor":21.0,"turns":4.0},{"damage":48.0,"enemies":"Gremlin Leader","floor":27.0,"turns":7.0},{"damage":42,"enemies":"Shelled Parasite and Fungi","floor":31,"turns":5},{"damage":71,"enemies":"Collector","floor":33,"turns":5}],"seed_played":"8145160573379831531","potions_obtained":[{"floor":3.0,"key":"Swift Potion"},{"floor":7.0,"key":"Energy Potion"},{"floor":12.0,"key":"Explosive Potion"},{"floor":12.0,"key":"ColorlessPotion"},{"floor":12.0,"key":"PowerPotion"},{"floor":14.0,"key":"ColorlessPotion"},{"floor":19.0,"key":"ColorlessPotion"},{"floor":21.0,"key":"Fruit Juice"},{"floor":27.0,"key":"SteroidPotion"}],"is_trial":false,"path_per_floor":["M","M","M","?","?","R","E","R","T","M","R","?","M","E","R","B",null,"M","M","?","M","$","R","?","R","T","E","?","$","R","M","R","B"],"character_chosen":"DEFECT","items_purchased":["Scrape","Self Repair"],"campfire_rested":5,"item_purchase_floors":[22,22],"current_hp_per_floor":[75,63,63,67,67,67,57,81,81,73,73,73,73,73,73,73,82,74,44,44,7,7,33,33,59,59,18,18,18,59,17,58,0,0],"gold":44,"neow_bonus":"BOSS_RELIC","is_daily":false,"chose_seed":false,"campfire_upgraded":3,"win_rate":0.0,"timestamp":1613683991,"path_taken":["M","M","M","?","?","R","E","R","T","M","R","?","?","E","R","BOSS","BOSS","M","M","?","?","$","R","?","R","T","E","?","?","R","M","R","BOSS"],"items_purchased_type":["Card","Card"],"build_version":"2020-12-22","purchased_purges":1,"victory":false,"max_hp_per_floor":[75,75,75,82,82,82,82,82,82,82,82,82,82,82,82,82,82,82,82,82,87,87,87,87,87,87,87,87,87,87,87,87,87,87],"relic_stats":{"Regal Pillow":30,"counters":[14,70],"Astrolabe":["Creative AI","Streamline","Gash"],"Whetstone":["Strike_B","Rebound"],"obtain_stats":[{"Regal Pillow":26,"Strawberry":4,"Astrolabe":17,"Philosopher\u0027s Stone":0,"Omamori":7,"Bag of Marbles":9,"Whetstone":27,"Toxic Egg 2":14,"Cracked Core":0},{"Regal Pillow":11,"Strawberry":3,"Astrolabe":8,"Philosopher\u0027s Stone":0,"Omamori":4,"Bag of Marbles":4,"Whetstone":12,"Toxic Egg 2":7,"Cracked Core":0},{"Regal Pillow":53,"Strawberry":9,"Astrolabe":38,"Philosopher\u0027s Stone":0,"Omamori":18,"Bag of Marbles":18,"Whetstone":60,"Toxic Egg 2":30,"Cracked Core":0}]},"card_choices":[{"not_picked":["Gash","Compile Driver"],"picked":"BootSequence","floor":1.0},{"not_picked":["Glacier","Aggregate"],"picked":"Cold Snap","floor":2.0},{"not_picked":["Stack","Recycle","Turbo"],"picked":"SKIP","floor":3.0},{"not_picked":["Stack","Recycle","Turbo"],"picked":"SKIP","floor":3.0},{"not_picked":["Core Surge","Scrape"],"picked":"Leap","floor":7.0},{"not_picked":["Beam Cell","Glacier"],"picked":"Ball Lightning","floor":10.0},{"not_picked":["Scrape","Skim"],"picked":"Steam","floor":13.0},{"not_picked":["Stack+1","Consume+1"],"picked":"Hologram+1","floor":14.0},{"not_picked":["Meteor Strike","Hyperbeam"],"picked":"Creative AI","floor":16.0},{"not_picked":["Compile Driver+1","Go for the Eyes"],"picked":"Rebound","floor":18.0},{"not_picked":["Stack+1","Auto Shields+1"],"picked":"Defragment","floor":19.0},{"not_picked":["Rebound","Chaos+1"],"picked":"Redo+1","floor":21.0},{"not_picked":["Ball Lightning","Biased Cognition"],"picked":"Defragment","floor":27.0},{"not_picked":["Rebound","BootSequence+1"],"picked":"Redo+1","floor":31}],"player_experience":1314003,"relics_obtained":[{"floor":7.0,"key":"Omamori"},{"floor":9.0,"key":"Bag of Marbles"},{"floor":14.0,"key":"Toxic Egg 2"},{"floor":26.0,"key":"Regal Pillow"},{"floor":27.0,"key":"Whetstone"}],"event_choices":[{"damage_healed":0.0,"max_hp_gain":0.0,"max_hp_loss":0.0,"gold_gain":0.0,"event_name":"Scrap Ooze","player_choice":"Success","floor":4.0,"gold_loss":0.0,"damage_taken":3.0,"relics_obtained":["Strawberry"]},{"damage_healed":0.0,"max_hp_gain":0.0,"max_hp_loss":0.0,"gold_gain":0.0,"cards_transformed":["Defend_B"],"event_name":"Living Wall","player_choice":"Change","floor":5.0,"gold_loss":0.0,"damage_taken":0.0,"cards_obtained":["Buffer"]},{"damage_healed":0.0,"max_hp_gain":0.0,"max_hp_loss":0.0,"gold_gain":0.0,"event_name":"Lab","player_choice":"Got Potions","floor":12.0,"gold_loss":0.0,"damage_taken":0.0},{"damage_healed":0.0,"max_hp_gain":0.0,"max_hp_loss":0.0,"gold_gain":0.0,"event_name":"Duplicator","player_choice":"Copied","floor":20.0,"gold_loss":0.0,"damage_taken":0.0,"cards_obtained":["Creative AI"]},{"damage_healed":0.0,"max_hp_gain":0.0,"max_hp_loss":0.0,"gold_gain":0.0,"event_name":"Masked Bandits","player_choice":"Paid Fearfully","floor":24.0,"gold_loss":150.0,"damage_taken":0.0},{"cards_removed":["Creative AI"],"damage_healed":0.0,"max_hp_gain":0.0,"max_hp_loss":0.0,"gold_gain":0.0,"event_name":"Back to Basics","player_choice":"Elegance","floor":28.0,"gold_loss":0.0,"damage_taken":0.0}],"is_beta":false,"boss_relics":[{"not_picked":["Tiny House","Fusion Hammer"],"picked":"Astrolabe"}],"items_purged_floors":[22],"is_endless":false,"potions_floor_spawned":[3,7,14,19,21,27],"killed_by":"Collector","ascension_level":2}}