{"host":"aapp7ew3jk5k1bvd","time":1613637754,"event":{"mods":["AchievementEnabler","BaseMod","Colored Map","Custom Start","Keyboard Shortcuts","Minty Spire (QoL Compilation)","Permanent Neow","Quick Restart","StSLib","SuperFastMode"],"gold_per_floor":[118,136,53,66,66,66,83,83,109,109,144,158,158,169,169,268,268,253,253,270,185,204,204,204,4,4,20,20,20,39,58,58,163,163,177,227,274,274,285,315,334,354,378,388,243,254,287,155,155,155],"floor_reached":51,"language":"KOR","playtime":1630,"items_purged":["Strike_G","Strike_G","Defend_G"],"score":921,"play_id":"2075485e-ab88-4bea-ac9c-833a1fcb4e6b","local_time":"20210218174234","is_ascension_mode":true,"campfire_choices":[{"data":"Accuracy","floor":6.0,"key":"SMITH"},{"data":"Blade Dance","floor":10.0,"key":"SMITH"},{"data":"Infinite Blades","floor":13.0,"key":"SMITH"},{"data":"Escape Plan","floor":15.0,"key":"SMITH"},{"data":"Accuracy","floor":23.0,"key":"SMITH"},{"floor":32.0,"key":"REST"},{"floor":49,"key":"REST"}],"circlet_count":0,"master_deck":["Defend_G","Defend_G","Defend_G","Defend_G","Survivor+1","Neutralize","After Image+1","Cloak And Dagger","Cloak And Dagger","Blade Dance+1","Accuracy+1","Burst","Infinite Blades+1","Escape Plan+1","PiercingWail","Accuracy+1","Doppelganger","Storm of Steel","Cloak And Dagger","Corpse Explosion","Adrenaline","Blade Dance+1","Cloak And Dagger","Cloak And Dagger+1","Leg Sweep+1","Deep Breath+1","Deep Breath+1"],"relics":["Ring of the Snake","Smiling Mask","Potion Belt","HoveringKite","Bag of Preparation","Anchor","Ninja Scroll","InkBottle","WristBlade","Prayer Wheel","Peace Pipe","Toxic Egg 2","Ginger","Regal Pillow","HornCleat"],"acts_visited":["Exordium","TheCity","TheBeyond"],"potions_floor_usage":[50,50,50,50],"damage_taken":[{"damage":0.0,"enemies":"Jaw Worm","floor":1.0,"turns":5.0},{"damage":0.0,"enemies":"2 Louse","floor":2.0,"turns":2.0},{"damage":0.0,"enemies":"Cultist","floor":4.0,"turns":4.0},{"damage":0.0,"enemies":"Red Slaver","floor":7.0,"turns":3.0},{"damage":8.0,"enemies":"3 Sentries","floor":11.0,"turns":7.0},{"damage":0.0,"enemies":"Large Slime","floor":12.0,"turns":5.0},{"damage":0.0,"enemies":"Blue Slaver","floor":14.0,"turns":5.0},{"damage":10.0,"enemies":"Hexaghost","floor":16.0,"turns":9.0},{"damage":17.0,"enemies":"2 Thieves","floor":18.0,"turns":4.0},{"damage":10.0,"enemies":"Spheric Guardian","floor":20.0,"turns":4.0},{"damage":2.0,"enemies":"Centurion and Healer","floor":22.0,"turns":7.0},{"damage":4.0,"enemies":"Snake Plant","floor":27.0,"turns":3.0},{"damage":3.0,"enemies":"Shelled Parasite and Fungi","floor":30.0,"turns":4.0},{"damage":0.0,"enemies":"Centurion and Healer","floor":31.0,"turns":6.0},{"damage":0.0,"enemies":"Collector","floor":33.0,"turns":5.0},{"damage":0.0,"enemies":"Orb Walker","floor":35.0,"turns":2.0},{"damage":8.0,"enemies":"Mind Bloom Boss Battle","floor":36.0,"turns":7.0},{"damage":0.0,"enemies":"2 Orb Walkers","floor":37.0,"turns":4.0},{"damage":0.0,"enemies":"3 Darklings","floor":39.0,"turns":4.0},{"damage":15.0,"enemies":"Reptomancer","floor":40.0,"turns":3.0},{"damage":0.0,"enemies":"Sphere and 2 Shapes","floor":41.0,"turns":3.0},{"damage":12,"enemies":"Maw","floor":42,"turns":5},{"damage":0,"enemies":"Jaw Worm Horde","floor":44,"turns":3},{"damage":4,"enemies":"4 Shapes","floor":46,"turns":3},{"damage":24,"enemies":"Nemesis","floor":47,"turns":9},{"damage":15,"enemies":"Donu and Deca","floor":50,"turns":7}],"seed_played":"-3981500014706619278","potions_obtained":[{"floor":2.0,"key":"BlessingOfTheForge"},{"floor":4.0,"key":"Fruit Juice"},{"floor":12.0,"key":"Dexterity Potion"},{"floor":18.0,"key":"Strength Potion"},{"floor":27.0,"key":"LiquidBronze"},{"floor":33.0,"key":"FearPotion"},{"floor":36.0,"key":"ColorlessPotion"},{"floor":37.0,"key":"SneckoOil"},{"floor":44,"key":"Explosive Potion"},{"floor":46,"key":"EssenceOfSteel"}],"is_trial":false,"path_per_floor":["M","M","$","M","?","R","M","?","T","R","E","M","R","M","R","B",null,"M","?","M","?","M","R","?","$","T","M","?","T","M","M","R","B",null,"M","?","?","T","M","E","M","M","T","M","$","M","E","$","R","B",null],"character_chosen":"THE_SILENT","items_purchased":["Blade Dance","Accuracy","Anchor","Deep Breath+1","Deep Breath+1"],"campfire_rested":2,"item_purchase_floors":[3,3,25,45,48],"current_hp_per_floor":[70,70,70,75,60,60,60,60,60,60,52,52,52,52,52,42,75,58,58,48,48,46,46,32,32,32,28,28,28,25,25,49,49,80,80,72,72,72,72,57,57,45,45,45,45,41,17,17,56,41],"gold":155,"neow_bonus":"ONE_RANDOM_RARE_CARD","is_daily":false,"chose_seed":false,"campfire_upgraded":5,"win_rate":0.0,"timestamp":1613637754,"path_taken":["M","M","$","M","?","R","M","?","T","R","E","M","R","?","R","BOSS","M","?","M","?","M","R","?","$","T","M","?","?","M","M","R","BOSS","M","?","?","?","M","E","M","M","T","M","$","M","E","$","R","BOSS"],"items_purchased_type":["Card","Card","Relic","Card","Card"],"build_version":"2020-12-22","purchased_purges":3,"victory":true,"max_hp_per_floor":[70,70,70,75,75,75,75,75,75,75,75,75,75,75,75,75,75,75,75,75,75,75,75,80,80,80,80,80,80,80,80,80,80,80,80,80,80,80,80,80,80,80,80,80,80,80,80,80,80,80],"card_choices":[{"not_picked":["Noxious Fumes","Tactician"],"picked":"Cloak And Dagger","floor":1.0},{"not_picked":["Dagger Spray","Predator"],"picked":"Cloak And Dagger","floor":2.0},{"not_picked":["Dagger Throw","Slice","Dodge and Roll"],"picked":"SKIP","floor":4.0},{"not_picked":["Deadly Poison","Dagger Spray","Outmaneuver"],"picked":"SKIP","floor":7.0},{"not_picked":["Noxious Fumes","Bane"],"picked":"Burst","floor":11.0},{"not_picked":["Backflip","Acrobatics"],"picked":"Infinite Blades","floor":12.0},{"not_picked":["Reflex","Blade Dance"],"picked":"Escape Plan","floor":14.0},{"not_picked":["Slice","Quick Slash+1"],"picked":"PiercingWail","floor":18.0},{"not_picked":["Prepared+1","Predator","Setup+1"],"picked":"SKIP","floor":20.0},{"not_picked":["Prepared","Skewer","Concentrate"],"picked":"SKIP","floor":22.0},{"not_picked":["Sucker Punch","Expertise","Prepared"],"picked":"SKIP","floor":27.0},{"not_picked":["Venomology","PiercingWail"],"picked":"Cloak And Dagger","floor":30.0},{"not_picked":["Acrobatics+1","Reflex"],"picked":"Corpse Explosion","floor":31.0},{"not_picked":["Storm of Steel","Grand Finale"],"picked":"Adrenaline","floor":33.0},{"not_picked":["Leg Sweep+1","Riddle With Holes+1"],"picked":"Blade Dance+1","floor":35.0},{"not_picked":["Blade Dance","Quick Slash"],"picked":"Cloak And Dagger","floor":37.0},{"not_picked":["Eviscerate+1","Slice+1","Dagger Throw+1"],"picked":"SKIP","floor":39.0},{"not_picked":["Bane+1","Underhanded Strike","Prepared+1"],"picked":"SKIP","floor":39.0},{"not_picked":["Flechettes+1","Doppelganger+1","Distraction+1"],"picked":"SKIP","floor":40.0},{"not_picked":["Deadly Poison+1","Dagger Spray+1","Skewer"],"picked":"SKIP","floor":41},{"not_picked":["Catalyst+1","Backstab","Crippling Poison+1"],"picked":"SKIP","floor":41},{"not_picked":["Blade Dance+1","Well Laid Plans"],"picked":"Cloak And Dagger+1","floor":42},{"not_picked":["Blade Dance+1","Leg Sweep+1","Prepared+1"],"picked":"SKIP","floor":42},{"not_picked":["Acrobatics+1","Dodge and Roll+1"],"picked":"Leg Sweep+1","floor":44},{"not_picked":["Caltrops","Terror+1","Glass Knife"],"picked":"SKIP","floor":44},{"not_picked":["Acrobatics+1","Sucker Punch","Poisoned Stab"],"picked":"SKIP","floor":46},{"not_picked":["Dash+1","Poisoned Stab","Blade Dance+1"],"picked":"SKIP","floor":46},{"not_picked":["Flying Knee","Prepared+1","Bane"],"picked":"SKIP","floor":47}],"player_experience":1016013,"relics_obtained":[{"floor":9.0,"key":"Smiling Mask"},{"floor":11.0,"key":"Potion Belt"},{"floor":26.0,"key":"Ninja Scroll"},{"floor":29.0,"key":"InkBottle"},{"floor":36.0,"key":"Prayer Wheel"},{"floor":37.0,"key":"Peace Pipe"},{"floor":38.0,"key":"Toxic Egg 2"},{"floor":40.0,"key":"Ginger"},{"floor":43,"key":"Regal Pillow"},{"floor":47,"key":"HornCleat"}],"event_choices":[{"damage_healed":0.0,"max_hp_gain":0.0,"max_hp_loss":0.0,"gold_gain":0.0,"event_name":"Shining Light","player_choice":"Entered Light","floor":5.0,"gold_loss":0.0,"damage_taken":15.0,"cards_upgraded":["Survivor","After Image"]},{"cards_removed":["Strike_G"],"damage_healed":0.0,"max_hp_gain":0.0,"max_hp_loss":0.0,"gold_gain":0.0,"event_name":"Purifier","player_choice":"Purged","floor":8.0,"gold_loss":0.0,"damage_taken":0.0},{"damage_healed":0.0,"max_hp_gain":0.0,"max_hp_loss":0.0,"gold_gain":0.0,"event_name":"The Library","player_choice":"Read","floor":19.0,"gold_loss":0.0,"damage_taken":0.0,"cards_obtained":["Accuracy"]},{"damage_healed":0.0,"max_hp_gain":0.0,"max_hp_loss":0.0,"gold_gain":0.0,"event_name":"Addict","player_choice":"Obtained Relic","floor":21.0,"gold_loss":85.0,"damage_taken":0.0,"relics_obtained":["Bag of Preparation"]},{"damage_healed":0.0,"max_hp_gain":5.0,"max_hp_loss":0.0,"gold_gain":0.0,"event_name":"Forgotten Altar","player_choice":"Shed Blood","floor":24.0,"gold_loss":0.0,"damage_taken":19.0},{"damage_healed":0.0,"max_hp_gain":0.0,"max_hp_loss":0.0,"gold_gain":0.0,"cards_transformed":["Strike_G","Strike_G"],"event_name":"Drug Dealer","player_choice":"Became Test Subject","floor":28.0,"gold_loss":0.0,"damage_taken":0.0,"cards_obtained":["Doppelganger","Storm of Steel"]},{"damage_healed":0.0,"max_hp_gain":0.0,"max_hp_loss":0.0,"gold_gain":0.0,"event_name":"MindBloom","player_choice":"Fight","floor":36.0,"gold_loss":0.0,"damage_taken":0.0},{"damage_healed":0.0,"max_hp_gain":0.0,"max_hp_loss":0.0,"gold_gain":0.0,"event_name":"Mysterious Sphere","player_choice":"Fight","floor":37.0,"gold_loss":0.0,"damage_taken":0.0}],"is_beta":false,"boss_relics":[{"not_picked":["Ectoplasm","Snecko Eye"],"picked":"HoveringKite"},{"not_picked":["Astrolabe","Cursed Key"],"picked":"WristBlade"}],"items_purged_floors":[25,45,48],"is_endless":false,"potions_floor_spawned":[2,4,12,18,27,33,36,37,39,44,46,47],"ascension_level":3}}