{"host":"pqhwp6kmk3x070f7","time":1613635498,"event":{"mods":["Act Like it!","BaseMod","Better Altar","Better Match","Better Note","Better Sensory Stone","Better Skull","Better Third Choice","Downfall","Energized Spire","Hermit","Hubris","Infinite Spire","Minty Spire (QoL Compilation)","Reliquary","Replay The Spire","Ruina","StSLib","The Marked"],"gold_per_floor":[109,125,141,101,118,147,147,181,226,251,308,80,109,127,127,226,226,243,28,28,28,28,28,57,57,57,76,76,91,91,101,101,101,101],"floor_reached":33,"language":"ENG","playtime":3517,"items_purged":["theMarked:Strike","theMarked:Strike"],"score":307,"play_id":"76eb481e-5561-4246-be72-880e21445902","local_time":"20210218000458","is_ascension_mode":true,"campfire_choices":[{"data":"theMarked:KeepCalmAndFight","floor":7,"key":"SMITH"},{"floor":15,"key":"REST"},{"floor":23,"key":"REST"},{"floor":25,"key":"REST"},{"floor":28,"key":"REST"},{"floor":30,"key":"REST"},{"floor":32,"key":"REST"}],"circlet_count":0,"master_deck":["theMarked:Strike","theMarked:Strike","theMarked:Strike","theMarked:Defend","theMarked:Defend","theMarked:Defend","theMarked:Defend","theMarked:SoldierOfQuellstein","theMarked:BiggerThanFate","theMarked:BiggerThanFate","theMarked:KeepCalmAndFight+1","theMarked:AttractMetal","theMarked:Toughness","theMarked:ParalyzingBlade","Terror","ruina:GoldRush+1","ruina:GoldRush"],"relics":["hubris:64BitClover","Snake Skull","PrismaticShard","Replay:WaspNest","Runic Capacitor","infinitespire:Chaos","Turnip","hubris:Backtick","The Courier","ruina:Prescript","reliquary:HotPoker","infinitespire:EmpoweringShard"],"acts_visited":["Exordium","Exordium"],"potions_floor_usage":[2,6,10,18,18,24],"damage_taken":[{"damage":1,"enemies":"Cultist","floor":1,"turns":3},{"damage":0,"enemies":"Small Slimes","floor":2,"turns":4},{"damage":3,"enemies":"Jaw Worm","floor":3,"turns":4},{"damage":2,"enemies":"Blue Slaver","floor":5,"turns":4},{"damage":7,"enemies":"Gremlin Nob","floor":6,"turns":4},{"damage":16,"enemies":"Lagavulin","floor":8,"turns":5},{"damage":9,"enemies":"3 Sentries","floor":10,"turns":4},{"damage":5,"enemies":"Replay:BlueRogue","floor":13,"turns":7},{"damage":1,"enemies":"3 Louse","floor":14,"turns":2},{"damage":22,"enemies":"Slime Boss","floor":16,"turns":8},{"damage":27,"enemies":"ruina:Nosferatu","floor":18,"turns":6},{"damage":20,"enemies":"ruina:ServantOfWrath","floor":24,"turns":6},{"damage":26,"enemies":"ruina:BadWolf","floor":27,"turns":6},{"damage":54,"enemies":"ruina:KnightOfDespair","floor":29,"turns":7},{"damage":20,"enemies":"ruina:QueenOfHate","floor":31,"turns":5},{"damage":30,"enemies":"ruina:Ozma","floor":33,"turns":3}],"seed_played":"8323383452259710660","potions_obtained":[{"floor":1,"key":"AttackPotion"},{"floor":4,"key":"Elixir"},{"floor":4,"key":"ColorlessPotion"},{"floor":4,"key":"SmokeBomb"},{"floor":8,"key":"Explosive Potion"},{"floor":13,"key":"DuplicationPotion"},{"floor":16,"key":"Adrenaline Potion"},{"floor":18,"key":"Weak Potion"},{"floor":31,"key":"DistilledChaos"}],"is_trial":false,"path_per_floor":["M","M","M","?","M","E","R","E","T","E","?","$","E","M","R","B",null,"M","$","?","?","?","R","E","R","T","M","R","M","R","M","R","B"],"character_chosen":"THE_DEFAULT","items_purchased":["infinitespire:Chaos","ruina:GoldRush"],"campfire_rested":6,"item_purchase_floors":[12,19],"current_hp_per_floor":[71,71,68,68,66,59,59,43,43,34,34,34,29,28,49,27,72,45,45,45,45,45,66,46,67,67,41,62,8,29,9,30,0,0],"gold":101,"neow_bonus":"ONE_RANDOM_RARE_CARD","is_daily":false,"chose_seed":false,"campfire_upgraded":1,"win_rate":0.0,"timestamp":1613635498,"path_taken":["M","M","M","?","?","E","R","E","T","E","?","$","E","M","R","BOSS","M","$","?","?","?","R","E","R","T","M","R","M","R","M","R","BOSS"],"items_purchased_type":["Relic","Card"],"build_version":"2020-12-22","purchased_purges":2,"victory":false,"max_hp_per_floor":[72,72,72,72,72,72,72,72,72,72,72,72,72,72,72,72,72,72,72,72,72,72,72,72,72,72,72,72,72,72,72,72,72,72],"card_choices":[{"not_picked":["theMarked:TakeCover","theMarked:WastefulAttack","theMarked:Frustration"],"picked":"SKIP","floor":1},{"not_picked":["theMarked:Parkour","theMarked:HeightenedSenses","theMarked:TakeCover"],"picked":"SKIP","floor":2},{"not_picked":["theMarked:Aftermath","theMarked:WardOff","theMarked:HeightenedSenses"],"picked":"SKIP","floor":3},{"not_picked":["theMarked:Reabsorb","theMarked:TakeCover"],"picked":"theMarked:BiggerThanFate","floor":5},{"not_picked":["theMarked:WardOff","theMarked:Frustration"],"picked":"theMarked:KeepCalmAndFight","floor":6},{"not_picked":["theMarked:MuscleMemory","theMarked:GodGivenPower"],"picked":"theMarked:AttractMetal","floor":8},{"not_picked":["theMarked:Defy","theMarked:Aftermath"],"picked":"theMarked:Toughness","floor":10},{"not_picked":["Clothesline","Slimebound:ForwardTackle"],"picked":"theMarked:ParalyzingBlade","floor":13},{"not_picked":["sneckomod:Nope","sneckomod:QuickBite","FTL"],"picked":"SKIP","floor":14},{"not_picked":["champ:StanceDance","champ:BringItOn"],"picked":"Terror","floor":18},{"not_picked":["Multi-Cast","Bane","sneckomod:UnknownClassINFINITE_BLACK+1"],"picked":"SKIP","floor":24},{"not_picked":["Guardian:SentryBeam","Clash+1","Guardian:TemporalShield"],"picked":"SKIP","floor":27},{"not_picked":["champ:FlashCut","sneckomod:Unknown0Cost","Turbo"],"picked":"SKIP","floor":29},{"not_picked":["Slimebound:GrowthPunch","Slimebound:ItLooksTasty+1","bronze:WildBeam"],"picked":"SKIP","floor":31}],"player_experience":1379445,"relics_obtained":[{"floor":6,"key":"ReplayTheSpireMod:TigerMarble"},{"floor":8,"key":"infinitespire:Beetle Shell"},{"floor":9,"key":"Tiny Chest"},{"floor":10,"key":"HornCleat"},{"floor":13,"key":"Turnip"},{"floor":24,"key":"reliquary:HotPoker"},{"floor":26,"key":"infinitespire:EmpoweringShard"}],"event_choices":[{"damage_healed":0,"gold_gain":0,"player_choice":"Bought 3 Potions","damage_taken":0,"max_hp_gain":0,"max_hp_loss":0,"event_name":"The Woman in Blue","floor":4,"gold_loss":0},{"damage_healed":0,"gold_gain":57,"player_choice":"Gained Gold","damage_taken":0,"max_hp_gain":0,"max_hp_loss":0,"event_name":"Golden Wing","floor":11,"gold_loss":0}],"is_beta":false,"boss_relics":[{"not_picked":["reliquary:WritOfMandamus","Painkiller Herb"],"picked":"hubris:Backtick"}],"items_purged_floors":[12,19],"is_endless":false,"potions_floor_spawned":[1,8,13,16,18,31],"killed_by":"ruina:Ozma","ascension_level":1}}