{"host":"tubmkv2g6v9d0kjw","time":1613644335,"event":{"mods":["2.2 Compatiblity","BaseMod","Conspire","Downfall","Hubris","Minty Spire (QoL Compilation)","Relic Stats","Spire Arcade","StSLib"],"gold_per_floor":[99,99,99,99,549,122,191,219,239,239,259,303,312,340,358,358,358,358],"floor_reached":16,"language":"ENG","playtime":849,"items_purged":["downfall:Icky"],"score":108,"play_id":"5be7d517-c3fe-45b3-ba83-d12b99a37456","local_time":"20210218043215","is_ascension_mode":false,"campfire_choices":[{"data":"hexamod:Float","floor":1,"key":"SMITH"},{"data":"hexamod:NecessarySacrifice","floor":10,"key":"SMITH"}],"circlet_count":0,"master_deck":["hexamod:Strike","hexamod:Strike","hexamod:Strike","hexamod:Strike","hexamod:Defend","hexamod:Defend","hexamod:Defend","hexamod:Defend","hexamod:Sear","hexamod:Float+1","hexamod:AdvancingGuard","hexamod:HauntingEcho","hexamod:NecessarySacrifice+1","downfall:Icky","downfall:Icky","hexamod:Rewind","hexamod:EmpoweredFlame","hexamod:EmpoweredFlame","hexamod:Defend","hexamod:FirstSeal"],"relics":["hexamod:SpiritBrand","downfall:HeartsMalice","Pear","conspire:DeflatedDodgeball","conspire:Flyswatter","CeramicFish"],"acts_visited":["Exordium"],"potions_floor_usage":[16,16,16],"damage_taken":[{"damage":0,"enemies":"Small Slimes","floor":2,"turns":1},{"damage":0,"enemies":"Jaw Worm","floor":3,"turns":1},{"damage":0,"enemies":"Cultist","floor":4,"turns":1},{"damage":0,"enemies":"downfall:FleeingMerchant","floor":6,"turns":4},{"damage":30,"enemies":"3 Sentries","floor":8,"turns":8},{"damage":8,"enemies":"Large Slime","floor":9,"turns":7},{"damage":7,"enemies":"Exordium Thugs","floor":11,"turns":4},{"damage":12,"enemies":"Lagavulin","floor":12,"turns":8},{"damage":6,"enemies":"3 Louse","floor":14,"turns":4},{"damage":0,"enemies":"downfall:LooterAlt","floor":15,"turns":3},{"damage":62,"enemies":"WA_ARCHETYPE_RETAIN","floor":16,"turns":7}],"seed_played":"-479009840809173098","potions_obtained":[{"floor":8,"key":"SkillPotion"},{"floor":9,"key":"BlessingOfTheForge"},{"floor":12,"key":"Regen Potion"}],"is_trial":false,"path_per_floor":["R","M","M","M","?","$","T","E","M","R","M","E","?","M","M","B"],"character_chosen":"THE_SPIRIT","items_purchased":["Pear","hexamod:EmpoweredFlame"],"campfire_rested":0,"item_purchase_floors":[6,6],"current_hp_per_floor":[70,70,70,70,70,80,80,50,42,42,35,23,23,17,24,0,0,0],"gold":358,"neow_bonus":"THREE_ENEMY_KILL","is_daily":false,"chose_seed":false,"campfire_upgraded":2,"win_rate":0.0,"timestamp":1613644335,"path_taken":["R","M","M","M","?","$","T","E","M","R","M","E","?","M","M","BOSS"],"items_purchased_type":["Relic","Card"],"build_version":"2020-12-22","purchased_purges":1,"victory":false,"max_hp_per_floor":[70,70,70,70,70,80,80,80,80,80,80,80,80,80,80,80,80,80],"relic_stats":{"counters":[11,45],"CeramicFish":27,"obtain_stats":[{"Pear":6,"CeramicFish":12,"downfall:HeartsMalice":0,"conspire:DeflatedDodgeball":7,"hexamod:SpiritBrand":0,"conspire:Flyswatter":8},{"Pear":4,"CeramicFish":8,"downfall:HeartsMalice":0,"conspire:DeflatedDodgeball":4,"hexamod:SpiritBrand":0,"conspire:Flyswatter":5},{"Pear":4,"CeramicFish":31,"downfall:HeartsMalice":0,"conspire:DeflatedDodgeball":4,"hexamod:SpiritBrand":0,"conspire:Flyswatter":12}]},"card_choices":[{"not_picked":["hexamod:ShieldOfDarkness","hexamod:SuperheatedStrike"],"picked":"hexamod:AdvancingGuard","floor":2},{"not_picked":["hexamod:SuperheatedStrike","hexamod:BacktrackSmack"],"picked":"hexamod:HauntingEcho","floor":3},{"not_picked":["hexamod:SuperheatedStrike","hexamod:Firestarter"],"picked":"hexamod:NecessarySacrifice","floor":4},{"not_picked":["hexamod:GhostLash","hexamod:HeatMetal"],"picked":"hexamod:Rewind","floor":6},{"not_picked":["hexamod:VolcanoVisage","hexamod:ThirdSeal","hexamod:SwordOfDarkness"],"picked":"SKIP","floor":8},{"not_picked":["hexamod:ThermalTransfer","hexamod:Incineration"],"picked":"hexamod:EmpoweredFlame","floor":9},{"not_picked":["hexamod:GhostOfSpirePast","hexamod:NightmareGuise","hexamod:SpectersWail"],"picked":"SKIP","floor":11},{"not_picked":["hexamod:SpectralAdrenaline","hexamod:HeatShield"],"picked":"hexamod:HexaLevel","floor":12},{"not_picked":["hexamod:SpectersWail","hexamod:RecurringNightmare"],"picked":"hexamod:FirstSeal","floor":14},{"not_picked":["hexamod:EmpoweredFlame","hexamod:BacktrackSmack","hexamod:SoulSteal"],"picked":"SKIP","floor":15}],"player_experience":539909,"relics_obtained":[{"floor":7,"key":"conspire:DeflatedDodgeball"},{"floor":8,"key":"conspire:Flyswatter"},{"floor":12,"key":"CeramicFish"}],"event_choices":[{"cards_removed":["hexamod:HexaLevel"],"damage_healed":0,"gold_gain":0,"player_choice":"Took Card","damage_taken":0,"max_hp_gain":0,"max_hp_loss":0,"event_name":"NoteForYourself","floor":13,"gold_loss":0,"cards_obtained":["hexamod:Defend"]}],"is_beta":false,"boss_relics":[],"items_purged_floors":[6],"is_endless":false,"potions_floor_spawned":[8,9,12],"killed_by":"WA_ARCHETYPE_RETAIN","ascension_level":0}}