{"host":"h5fgmkg3q5qe8ocv","time":1613677619,"event":{"mods":["AchievementEnabler","BaseMod","Colored Map","Colored Powertips","Minty Spire (QoL Compilation)","Quick Restart"],"gold_per_floor":[112,123,136,149,54,54,88,88,114,79,100,100,114,114,114,237,237,226,226,276,300,0,0,0],"floor_reached":23,"language":"ENG","playtime":993,"items_purged":[],"score":191,"play_id":"6c027f51-1bf7-4bb5-86af-b2e2ed2d7268","local_time":"20210218204659","is_ascension_mode":false,"campfire_choices":[{"data":"Armaments","floor":6.0,"key":"SMITH"},{"data":"Armaments","floor":15.0,"key":"SMITH"}],"circlet_count":0,"master_deck":["Strike_R","Strike_R","Strike_R","Strike_R","Strike_R","Defend_R","Defend_R+1","Defend_R+1","Defend_R","Bash","Fire Breathing","Body Slam+1","Armaments+1","Armaments+1","Anger","Iron Wave","Evolve","Dark Embrace","Barricade","Writhe","Entrench"],"relics":["Burning Blood","NeowsBlessing","Regal Pillow","Golden Idol","Juzu Bracelet","SlaversCollar","War Paint"],"acts_visited":["Exordium","TheCity"],"potions_floor_usage":[],"damage_taken":[{"damage":0.0,"enemies":"Jaw Worm","floor":1.0,"turns":1.0},{"damage":0.0,"enemies":"2 Louse","floor":2.0,"turns":1.0},{"damage":0.0,"enemies":"Small Slimes","floor":3.0,"turns":1.0},{"damage":15.0,"enemies":"Red Slaver","floor":4.0,"turns":7.0},{"damage":18.0,"enemies":"Lagavulin","floor":7.0,"turns":7.0},{"damage":2.0,"enemies":"3 Louse","floor":11.0,"turns":4.0},{"damage":1.0,"enemies":"Exordium Thugs","floor":13.0,"turns":5.0},{"damage":61.0,"enemies":"The Guardian","floor":16.0,"turns":13.0},{"damage":17.0,"enemies":"2 Thieves","floor":18.0,"turns":4.0},{"damage":46.0,"enemies":"Spheric Guardian","floor":21.0,"turns":11.0},{"damage":35,"enemies":"Slavers","floor":23,"turns":3}],"seed_played":"-6370891202917900170","potions_obtained":[{"floor":2.0,"key":"Block Potion"},{"floor":4.0,"key":"SpeedPotion"},{"floor":7.0,"key":"Ancient Potion"}],"is_trial":false,"path_per_floor":["M","M","M","M","$","R","E","?","T","?","M","$","M","?","R","B",null,"M","?","?","M","?","E"],"character_chosen":"IRONCLAD","items_purchased":["Armaments","Anger"],"campfire_rested":0,"item_purchase_floors":[5,5],"current_hp_per_floor":[80,80,80,71,71,71,59,39,39,59,63,63,68,68,68,13,80,69,69,69,29,29,0,0],"gold":0,"neow_bonus":"THREE_ENEMY_KILL","is_daily":false,"chose_seed":false,"campfire_upgraded":2,"win_rate":0.0,"timestamp":1613677619,"path_taken":["M","M","M","M","$","R","E","?","T","?","M","?","M","?","R","BOSS","M","?","?","M","?","E"],"items_purchased_type":["Card","Card"],"build_version":"2020-12-22","purchased_purges":0,"victory":false,"max_hp_per_floor":[80,80,80,80,80,80,80,80,80,80,80,80,80,80,80,80,80,80,80,80,80,80,80,80],"card_choices":[{"not_picked":["Sword Boomerang","Anger"],"picked":"Fire Breathing","floor":1.0},{"not_picked":["Whirlwind","Burning Pact","Twin Strike"],"picked":"SKIP","floor":2.0},{"not_picked":["Cleave","Dual Wield"],"picked":"Body Slam","floor":3.0},{"not_picked":["Body Slam","Sword Boomerang"],"picked":"Armaments","floor":4.0},{"not_picked":["Limit Break","Spot Weakness"],"picked":"Iron Wave","floor":7.0},{"not_picked":["True Grit","Disarm"],"picked":"Evolve","floor":11.0},{"not_picked":["Battle Trance","Thunderclap"],"picked":"Dark Embrace","floor":13.0},{"not_picked":["Feed","Brutality"],"picked":"Barricade","floor":16.0},{"not_picked":["Anger","Warcry","Carnage"],"picked":"SKIP","floor":18.0},{"not_picked":["Fire Breathing+1","Pummel"],"picked":"Entrench","floor":21.0}],"player_experience":56396,"relics_obtained":[{"floor":7.0,"key":"Regal Pillow"},{"floor":9.0,"key":"Juzu Bracelet"}],"event_choices":[{"damage_healed":0.0,"max_hp_gain":0.0,"max_hp_loss":0.0,"gold_gain":0.0,"event_name":"Golden Idol","player_choice":"Take Damage","floor":8.0,"gold_loss":0.0,"damage_taken":20.0,"relics_obtained":["Golden Idol"]},{"damage_healed":20.0,"max_hp_gain":0.0,"max_hp_loss":0.0,"gold_gain":0.0,"event_name":"The Cleric","player_choice":"Healed","floor":10.0,"gold_loss":35.0,"damage_taken":0.0},{"damage_healed":0.0,"max_hp_gain":0.0,"max_hp_loss":0.0,"gold_gain":0.0,"event_name":"Living Wall","player_choice":"Grow","floor":14.0,"gold_loss":0.0,"damage_taken":0.0,"cards_upgraded":["Body Slam"]},{"damage_healed":0.0,"max_hp_gain":0.0,"max_hp_loss":0.0,"gold_gain":0.0,"event_name":"The Mausoleum","player_choice":"Opened","floor":19.0,"gold_loss":0.0,"damage_taken":0.0,"relics_obtained":["War Paint"],"cards_obtained":["Writhe"]},{"damage_healed":0.0,"max_hp_gain":0.0,"max_hp_loss":0.0,"gold_gain":100.0,"event_name":"The Joust","player_choice":"Bet on Murderer","floor":20.0,"gold_loss":50.0,"damage_taken":0.0},{"damage_healed":0,"gold_gain":0,"player_choice":"Paid Fearfully","damage_taken":0,"max_hp_gain":0,"max_hp_loss":0,"event_name":"Masked Bandits","floor":22,"gold_loss":300}],"is_beta":false,"boss_relics":[{"not_picked":["Ectoplasm","Philosopher\u0027s Stone"],"picked":"SlaversCollar"}],"items_purged_floors":[],"is_endless":false,"potions_floor_spawned":[2,4,7],"killed_by":"Slavers","ascension_level":0}}