{"host":"bg0cyinkrjnqf173","time":1613685622,"event":{"mods":["BaseMod","Colored Map","Minty Spire (QoL Compilation)","Replay The Spire","StSLib","Together in Spire"],"gold_per_floor":[115,66,141,153,172,202,202,127,127,154,171,19,19,19,19,19,19,140,140,155,80,122,141,141,141,175,193,220,245,57,88,88],"floor_reached":31,"language":"ENG","playtime":1452,"items_purged":["Parasite","Strike_R"],"score":271,"play_id":"f7cab21c-fd67-4f92-abd6-66affc9809cd","local_time":"20210218170022","is_ascension_mode":false,"campfire_choices":[{"data":"Crow Ritual","floor":13,"key":"SMITH"},{"data":"Hemokinesis","floor":17,"key":"SMITH"},{"data":"Offering","floor":25,"key":"SMITH"}],"circlet_count":0,"master_deck":["Strike_R","Strike_R","Strike_R","Defend_R","Defend_R","Defend_R","Defend_R","Bash","Crow Ritual+1","Shrug It Off","Twin Strike","Shrug It Off","Hemokinesis+1","Armaments","Offering+1","Run Through","Hallucinations","Flex+1","Whirlwind","Massacre+1","Flex+1","Replay:BasicMightCard","Immolate"],"relics":["Burning Blood","HornCleat","Juzu Bracelet","Replay:Rubber Ducky","Chemical X","Golden Idol","Sozu","ReplayTheSpireMod:CursedCoin","Toy Ornithopter","Vajra"],"acts_visited":["Exordium","TheCity"],"potions_floor_usage":[],"damage_taken":[{"damage":0,"enemies":"Jaw Worm","floor":1,"turns":1},{"damage":2,"enemies":"2 Louse","floor":4,"turns":2},{"damage":0,"enemies":"Cultist","floor":5,"turns":1},{"damage":11,"enemies":"3 Sentries","floor":6,"turns":6},{"damage":12,"enemies":"Exordium Thugs","floor":11,"turns":3},{"damage":36,"enemies":"Hexaghost","floor":18,"turns":8},{"damage":15,"enemies":"Shell Parasite","floor":20,"turns":4},{"damage":23,"enemies":"Spheric Guardian","floor":23,"turns":4},{"damage":10,"enemies":"Replay:Snechameleon","floor":26,"turns":3},{"damage":2,"enemies":"Snecko","floor":27,"turns":2},{"damage":16,"enemies":"Snake Plant","floor":29,"turns":3},{"damage":18,"enemies":"Gremlin Leader","floor":31,"turns":4}],"seed_played":"3382707794525348331","potions_obtained":[{"floor":6,"key":"Energy Potion"},{"floor":18,"key":"FearPotion"}],"is_trial":false,"path_per_floor":["M","$","?","M","M","E","?","$","T","T","M","$","R","PTL","PTL","?","R","B",null,"M","?","$","M","$","R","E","M","T","M","$","E"],"character_chosen":"IRONCLAD","items_purchased":["Shrug It Off","Chemical X","ReplayTheSpireMod:CursedCoin","Flex+1","Whirlwind","Replay:BasicMightCard"],"campfire_rested":0,"item_purchase_floors":[2,12,22,22,22,30],"current_hp_per_floor":[62,62,51,55,61,56,76,76,76,76,70,70,70,70,70,70,70,40,71,62,62,62,45,45,45,41,45,45,35,35,23,23],"gold":88,"neow_bonus":"RANDOM_COLORLESS_2","is_daily":false,"chose_seed":false,"campfire_upgraded":3,"win_rate":0.0,"timestamp":1613685622,"path_taken":["M","$","?","M","M","E","?","$","T","?","M","?","R","PTL","PTL","?","R","BOSS","M","?","$","M","$","R","E","M","T","M","$","E"],"items_purchased_type":["Card","Relic","Relic","Card","Card","Card"],"build_version":"2020-12-22","purchased_purges":2,"victory":false,"max_hp_per_floor":[80,80,80,80,80,80,80,77,77,77,77,77,77,77,77,71,71,71,71,71,71,71,71,71,71,71,71,71,71,71,71,71],"card_choices":[{"not_picked":["Panache","Poisoned Strike"],"picked":"Crow Ritual","floor":0},{"not_picked":["Replay:Undeath\u0027s Touch","Anger","Power Through"],"picked":"SKIP","floor":1},{"not_picked":["Pummel","ReplayTheSpireMod:Strike From Hell"],"picked":"Twin Strike","floor":4},{"not_picked":["Whirlwind","Power Through"],"picked":"Shrug It Off","floor":5},{"not_picked":["Combust","Replay:Undeath\u0027s Touch"],"picked":"Hemokinesis","floor":6},{"not_picked":["Clothesline","True Grit"],"picked":"Armaments","floor":11},{"not_picked":["Limit Break","Juggernaut"],"picked":"Offering","floor":18},{"not_picked":["Sentinel","Body Slam+1"],"picked":"Run Through","floor":20},{"not_picked":["Uppercut","Evolve+1","Flex"],"picked":"SKIP","floor":23},{"not_picked":["Cleave","Spot Weakness+1"],"picked":"Massacre+1","floor":26},{"not_picked":["Twin Strike","Clash"],"picked":"Flex+1","floor":27},{"not_picked":["Life Link","Perfected Strike","Body Slam"],"picked":"SKIP","floor":29},{"not_picked":["Dropkick","Perfected Strike"],"picked":"Immolate","floor":31}],"player_experience":589210,"relics_obtained":[{"floor":6,"key":"HornCleat"},{"floor":9,"key":"Juzu Bracelet"},{"floor":10,"key":"Replay:Rubber Ducky"},{"floor":26,"key":"Toy Ornithopter"},{"floor":31,"key":"Vajra"}],"event_choices":[{"damage_healed":0,"gold_gain":75,"player_choice":"Gather Gold","damage_taken":11,"max_hp_gain":0,"max_hp_loss":0,"event_name":"World of Goop","floor":3,"gold_loss":0},{"damage_healed":20,"gold_gain":0,"player_choice":"Healed and dodged fight","damage_taken":0,"max_hp_gain":0,"max_hp_loss":0,"event_name":"Mushrooms","floor":7,"gold_loss":0,"cards_obtained":["Parasite"]},{"damage_healed":0,"gold_gain":0,"player_choice":"Lose Max HP","damage_taken":0,"relics_obtained":["Golden Idol"],"max_hp_gain":0,"max_hp_loss":6,"event_name":"Golden Idol","floor":16,"gold_loss":0},{"cards_removed":["Strike_R"],"damage_healed":0,"gold_gain":0,"player_choice":"Gave Gold","damage_taken":0,"max_hp_gain":0,"max_hp_loss":0,"event_name":"Beggar","floor":21,"gold_loss":75}],"is_beta":false,"boss_relics":[{"not_picked":["Painkiller Herb","Tiny House"],"picked":"Sozu"}],"items_purged_floors":[8,30],"is_endless":false,"potions_floor_spawned":[6,18,20,27,31],"killed_by":"Gremlin Leader","ascension_level":0}}