{"host":"nonrudiqgwgca70t","time":1613609638,"event":{"mods":["BaseMod","Hermit","MarisaÅiñ∂âJÅ@ñÇóùçπÅj","Minty Spire (QoL Compilation)","StSLib","The Cursed"],"gold_per_floor":[366,316,13,24,41,76,76,109,109,109,109,123,158,158,158,261,261,275,295,63,82,82,107,107,500,552,146,146,96,114,125,125,222,222,240,240,89,113,129,129,129,145,170,45,77,93,20,39,39,39],"floor_reached":51,"language":"ENG","playtime":7509,"items_purged":["Strike_R","Strike_R","Defend_R"],"score":809,"play_id":"50ceb740-efab-465a-8fc1-a406a05d7c58","local_time":"20210217175358","is_ascension_mode":true,"campfire_choices":[{"data":"Flex","floor":7.0,"key":"SMITH"},{"floor":11.0,"key":"REST"},{"data":"Uppercut","floor":15.0,"key":"SMITH"},{"data":"Whirlwind","floor":32,"key":"SMITH"},{"data":"Infernal Blade","floor":40,"key":"SMITH"},{"data":"Limit Break","floor":49,"key":"SMITH"}],"circlet_count":0,"master_deck":["Strike_R","Strike_R","Strike_R","Defend_R","Bash","Flex+1","Spot Weakness","Twin Strike","Shockwave+1","Uppercut+1","Pommel Strike","Wild Strike","Infernal Blade+1","Impervious","Iron Wave+1","Ghostly","Ghostly","Ghostly","Ghostly","Ghostly","Metallicize","Offering","Finesse","Whirlwind+1","Master of Strategy","Reaper","Battle Trance+1","Shrug It Off","Heavy Blade","Armaments+1","Limit Break+1"],"relics":["Burning Blood","Chemical X","Potion Belt","Boot","Pantograph","Red Skull","Eternal Feather","SacredBark","Bag of Marbles","Lantern","Mango","Art of War","Tiny Chest","Mercury Hourglass","Coffee Dripper","Omamori","PreservedInsect","Nunchaku"],"acts_visited":["Exordium","TheCity","TheBeyond"],"potions_floor_usage":[16,19,33,33,33,33,50,50,50,50,50],"damage_taken":[{"damage":0.0,"enemies":"Small Slimes","floor":1.0,"turns":3.0},{"damage":9.0,"enemies":"2 Louse","floor":4.0,"turns":3.0},{"damage":6.0,"enemies":"Cultist","floor":5.0,"turns":3.0},{"damage":36.0,"enemies":"Lagavulin","floor":6.0,"turns":6.0},{"damage":19.0,"enemies":"Gremlin Nob","floor":8.0,"turns":4.0},{"damage":27.0,"enemies":"Gremlin Gang","floor":12.0,"turns":5.0},{"damage":18.0,"enemies":"3 Sentries","floor":13.0,"turns":4.0},{"damage":6,"enemies":"Slime Boss","floor":16,"turns":6},{"damage":28,"enemies":"Shell Parasite","floor":18,"turns":4},{"damage":15,"enemies":"2 Thieves","floor":19,"turns":3},{"damage":13,"enemies":"Snecko","floor":21,"turns":4},{"damage":25,"enemies":"Book of Stabbing","floor":23,"turns":7},{"damage":1,"enemies":"Snake Plant","floor":30,"turns":3},{"damage":3,"enemies":"Cultist and Chosen","floor":31,"turns":4},{"damage":1,"enemies":"Automaton","floor":33,"turns":6},{"damage":6,"enemies":"3 Darklings","floor":35,"turns":1},{"damage":2,"enemies":"Orb Walker","floor":39,"turns":3},{"damage":6,"enemies":"Transient","floor":42,"turns":5},{"damage":17,"enemies":"Giant Head","floor":45,"turns":8},{"damage":1,"enemies":"Spire Growth","floor":46,"turns":4},{"damage":5,"enemies":"Writhing Mass","floor":48,"turns":4},{"damage":14,"enemies":"Time Eater","floor":50,"turns":7}],"seed_played":"-6848818325316596665","potions_obtained":[{"floor":6.0,"key":"ElixirPotion"},{"floor":12.0,"key":"FairyPotion"},{"floor":13.0,"key":"Strength Potion"},{"floor":16,"key":"Strength Potion"},{"floor":18,"key":"Explosive Potion"},{"floor":21,"key":"Dexterity Potion"},{"floor":30,"key":"LiquidMemories"},{"floor":33,"key":"AttackPotion"},{"floor":42,"key":"Weak Potion"},{"floor":45,"key":"ColorlessPotion"},{"floor":48,"key":"Energy Potion"}],"is_trial":false,"path_per_floor":["M","?","$","M","M","E","R","E","T","?","R","M","E","?","R","B",null,"M","M","$","M","?","E","?","$","T","$","?","?","M","M","R","B",null,"M","?","$","T","M","R","$","M","T","$","E","M","$","M","R","B",null],"character_chosen":"IRONCLAD","items_purchased":["Chemical X","Potion Belt","Bag of Marbles","EssenceOfSteel","Mango","EssenceOfSteel","Offering","Finesse","Whirlwind","Master of Strategy","Tiny Chest","Shrug It Off","LiquidMemories","Heavy Blade","Limit Break"],"campfire_rested":1,"item_purchase_floors":[3,3,20,25,25,25,25,25,27,27,27,37,37,37,47],"current_hp_per_floor":[72,72,72,69,69,39,39,26,26,26,47,26,14,14,23,48,72,50,41,41,34,34,15,15,29,29,29,29,29,34,37,50,50,50,50,47,47,47,47,47,47,47,47,47,43,47,47,47,47,39],"gold":39,"neow_bonus":"TWO_FIFTY_GOLD","is_daily":false,"chose_seed":false,"campfire_upgraded":5,"win_rate":0.0,"timestamp":1613609638,"path_taken":["M","?","$","M","M","E","R","E","T","?","R","M","E","?","R","BOSS","M","?","$","?","?","E","?","$","T","?","?","?","M","M","R","BOSS","M","?","$","?","M","R","$","M","T","?","E","M","?","M","R","BOSS"],"items_purchased_type":["Relic","Relic","Relic","Potion","Relic","Potion","Card","Card","Card","Card","Relic","Card","Potion","Card","Card"],"build_version":"2020-12-22","purchased_purges":3,"victory":true,"max_hp_per_floor":[72,72,72,72,72,72,72,72,72,72,72,72,72,72,72,72,72,72,72,72,72,36,36,36,50,50,50,50,50,50,50,50,50,50,50,47,47,47,47,47,47,47,47,47,47,47,47,47,47,47],"card_choices":[{"not_picked":["Clash","Body Slam"],"picked":"Flex","floor":1.0},{"not_picked":["Clash","Body Slam"],"picked":"Spot Weakness","floor":4.0},{"not_picked":["Flex","Clash"],"picked":"Twin Strike","floor":5.0},{"not_picked":["Hemokinesis","Demon Form"],"picked":"Shockwave","floor":6.0},{"not_picked":["Sword Boomerang","Thunderclap"],"picked":"Uppercut","floor":8.0},{"not_picked":["Armaments","Uppercut"],"picked":"Pommel Strike","floor":12.0},{"not_picked":["Anger","Brutality"],"picked":"Wild Strike","floor":13.0},{"not_picked":["Bludgeon","Brutality"],"picked":"Impervious","floor":16},{"not_picked":["Body Slam","Dual Wield+1"],"picked":"Iron Wave+1","floor":18},{"not_picked":["Headbutt","Sword Boomerang","Body Slam+1"],"picked":"SKIP","floor":19},{"not_picked":["Sword Boomerang","Wild Strike","Armaments"],"picked":"SKIP","floor":21},{"not_picked":["Dark Embrace","Clothesline"],"picked":"Metallicize","floor":23},{"not_picked":["Anger","Body Slam","Wild Strike+1"],"picked":"SKIP","floor":30},{"not_picked":["Dual Wield+1","Immolate","Headbutt"],"picked":"SKIP","floor":31},{"not_picked":["Juggernaut","Bludgeon"],"picked":"Reaper","floor":33},{"not_picked":["Armaments","Second Wind"],"picked":"Battle Trance+1","floor":35},{"not_picked":["Thunderclap+1","Cleave","Pommel Strike+1"],"picked":"SKIP","floor":39},{"not_picked":["Shrug It Off","Dual Wield+1"],"picked":"Armaments+1","floor":42},{"not_picked":["Sword Boomerang+1","Dark Embrace","Dual Wield+1"],"picked":"SKIP","floor":45},{"not_picked":["Clash+1","Body Slam","Sword Boomerang"],"picked":"SKIP","floor":46},{"not_picked":["Shockwave","Rage","True Grit"],"picked":"SKIP","floor":48}],"player_experience":177304,"relics_obtained":[{"floor":6.0,"key":"Boot"},{"floor":8.0,"key":"Pantograph"},{"floor":9.0,"key":"Red Skull"},{"floor":13.0,"key":"Eternal Feather"},{"floor":23,"key":"Lantern"},{"floor":26,"key":"Art of War"},{"floor":38,"key":"Omamori"},{"floor":43,"key":"PreservedInsect"},{"floor":45,"key":"Nunchaku"}],"event_choices":[{"cards_removed":["Defend_R"],"damage_healed":0.0,"max_hp_gain":0.0,"max_hp_loss":0.0,"gold_gain":0.0,"event_name":"The Cleric","player_choice":"Card Removal","floor":2.0,"gold_loss":50.0,"damage_taken":0.0},{"damage_healed":0.0,"max_hp_gain":0.0,"max_hp_loss":0.0,"gold_gain":0.0,"event_name":"Living Wall","player_choice":"Grow","floor":10.0,"gold_loss":0.0,"damage_taken":0.0,"cards_upgraded":["Shockwave"]},{"damage_healed":0.0,"max_hp_gain":0.0,"max_hp_loss":0.0,"gold_gain":0.0,"cards_transformed":["Defend_R"],"event_name":"Transmorgrifier","player_choice":"Transformed","floor":14.0,"gold_loss":0.0,"damage_taken":0.0,"cards_obtained":["Infernal Blade"]},{"damage_healed":0,"gold_gain":0,"player_choice":"Became a Ghost","damage_taken":0,"max_hp_gain":0,"max_hp_loss":36,"event_name":"Ghosts","floor":22,"gold_loss":0,"cards_obtained":["Ghostly","Ghostly","Ghostly","Ghostly","Ghostly"]},{"damage_healed":0,"gold_gain":0,"player_choice":"Ignored","damage_taken":0,"max_hp_gain":0,"max_hp_loss":0,"event_name":"Vampires","floor":24,"gold_loss":0},{"damage_healed":0,"gold_gain":0,"player_choice":"Opened","damage_taken":0,"relics_obtained":["Mercury Hourglass"],"max_hp_gain":0,"max_hp_loss":0,"event_name":"The Mausoleum","floor":28,"gold_loss":0},{"damage_healed":0,"gold_gain":0,"player_choice":"Bet on Murderer","damage_taken":0,"max_hp_gain":0,"max_hp_loss":0,"event_name":"The Joust","floor":29,"gold_loss":50},{"damage_healed":0,"gold_gain":0,"player_choice":"Max HP","damage_taken":0,"max_hp_gain":0,"max_hp_loss":3,"event_name":"Winding Halls","floor":36,"gold_loss":0}],"is_beta":false,"boss_relics":[{"not_picked":["Astrolabe","Runic Pyramid"],"picked":"SacredBark"},{"not_picked":["Runic Cube","Black Blood"],"picked":"Coffee Dripper"}],"items_purged_floors":[20,25,44],"is_endless":false,"potions_floor_spawned":[6,12,13,16,18,21,30,33,42,45,48],"ascension_level":2}}