{"host":"eaiphzh066bwqdh7","time":1613609974,"event":{"mods":["AchievementEnabler","Aspiration","BaseMod","Better Note","Colored Powertips","Halation","Highlight Path","Hubris","Infinite Spire","Minty Spire (QoL Compilation)","Quick Restart","Reliquary","Replay The Spire","StSLib"],"gold_per_floor":[119,131,131,148,175,175,202,202,202,215,215,235,235,251,251,347,347,367,367,367,397,397,424,441,441,441],"floor_reached":25,"language":"ENG","playtime":743,"items_purged":[],"score":265,"play_id":"2072bccc-ae5f-4507-aa25-3fbb8cb5abe5","local_time":"20210217195934","is_ascension_mode":true,"campfire_choices":[{"data":"Darkness","floor":6,"key":"SMITH"},{"data":"BootSequence","floor":8,"key":"SMITH"},{"floor":11,"key":"REST"},{"floor":13,"key":"REST"},{"floor":15,"key":"REST"}],"circlet_count":0,"master_deck":["Strike_B","Strike_B","Strike_B","Strike_B","Defend_B","Defend_B","Defend_B","Zap","Dualcast","Leap","Darkness+1","BootSequence+1","BootSequence","aspiration:Polymerization","Conserve Battery","Thunder Strike+1","FTL+1","Streamline+1","Redo+1"],"relics":["Cracked Core","NeowsBlessing","MealTicket","infinitespire:FocusingShard","Quantum Egg","Black Star","hubris:ScarierMask","Pocketwatch","Dead Branch","Bronze Scales","reliquary:BallBearing"],"acts_visited":["Exordium","TheCity"],"potions_floor_usage":[7,16,23],"damage_taken":[{"damage":0,"enemies":"Small Slimes","floor":1,"turns":1},{"damage":0,"enemies":"Jaw Worm","floor":2,"turns":1},{"damage":0,"enemies":"Cultist","floor":4,"turns":1},{"damage":8,"enemies":"Lagavulin","floor":7,"turns":5},{"damage":20,"enemies":"2 Fungi Beasts","floor":10,"turns":4},{"damage":11,"enemies":"Lots of Slimes","floor":12,"turns":4},{"damage":27,"enemies":"Exordium Thugs","floor":14,"turns":5},{"damage":42,"enemies":"Hexaghost","floor":16,"turns":10},{"damage":7,"enemies":"Chosen","floor":18,"turns":4},{"damage":12,"enemies":"Slavers","floor":23,"turns":5},{"damage":0,"enemies":"3 Byrds","floor":24,"turns":2},{"damage":28,"enemies":"Book of Stabbing","floor":25,"turns":3}],"seed_played":"2422724298022708137","potions_obtained":[{"floor":4,"key":"ColorlessPotion"},{"floor":7,"key":"FocusPotion"},{"floor":16,"key":"Cursed Concoction"}],"is_trial":false,"path_per_floor":["M","M","?","M","T","R","E","R","T","M","R","M","R","M","R","B",null,"M","AVR","?","?","?","E","M","E"],"character_chosen":"DEFECT","items_purchased":[],"campfire_rested":3,"item_purchase_floors":[],"current_hp_per_floor":[75,75,75,75,75,75,67,67,67,47,69,58,75,48,70,28,75,68,68,68,38,32,20,20,0,0],"gold":441,"neow_bonus":"THREE_ENEMY_KILL","is_daily":false,"chose_seed":false,"campfire_upgraded":2,"win_rate":0.0,"timestamp":1613609974,"path_taken":["M","M","?","M","?","R","E","R","T","M","R","M","R","M","R","BOSS","M","AVR","?","?","?","E","?","E"],"items_purchased_type":[],"build_version":"2020-12-22","purchased_purges":0,"victory":false,"max_hp_per_floor":[75,75,75,75,75,75,75,75,75,75,75,75,75,75,75,75,75,75,75,75,75,75,75,75,75,75],"card_choices":[{"not_picked":["Heatsinks","Force Field"],"picked":"Leap","floor":1},{"not_picked":["Conserve Battery","Leap"],"picked":"Darkness","floor":2},{"not_picked":["Go for the Eyes","Steam","Crystallizer"],"picked":"SKIP","floor":4},{"not_picked":["Go for the Eyes","Panic Button"],"picked":"BootSequence","floor":7},{"not_picked":["ReplayTheSpireMod:Repulse","Coolheaded"],"picked":"BootSequence","floor":10},{"not_picked":["Consume","Sunder"],"picked":"aspiration:Polymerization","floor":12},{"not_picked":["Hologram","Rebound"],"picked":"Conserve Battery","floor":14},{"not_picked":["ReplayRNGCard","Reboot"],"picked":"Thunder Strike","floor":16},{"not_picked":["Ball Lightning","aspiration:Polymerization"],"picked":"FTL+1","floor":18},{"not_picked":["Gash+1","Compile Driver"],"picked":"Streamline+1","floor":21},{"not_picked":["ReplayTheSpireMod:Repulse","Heatsinks"],"picked":"Redo+1","floor":23},{"not_picked":["Undo+1","BasicCrystalCard+1","Streamline"],"picked":"SKIP","floor":24}],"player_experience":320841,"relics_obtained":[{"floor":5,"key":"MealTicket"},{"floor":7,"key":"infinitespire:FocusingShard"},{"floor":9,"key":"Quantum Egg"},{"floor":21,"key":"Dead Branch"},{"floor":23,"key":"Bronze Scales"},{"floor":23,"key":"reliquary:BallBearing"}],"event_choices":[{"damage_healed":0,"gold_gain":0,"player_choice":"","damage_taken":6,"max_hp_gain":0,"max_hp_loss":0,"event_name":"Knowing Skull","floor":22,"potions_obtained":[],"gold_loss":0,"cards_obtained":[]}],"is_beta":false,"boss_relics":[{"not_picked":["aspiration:SecretTechniqueScroll","Calling Bell"],"picked":"Black Star"}],"items_purged_floors":[],"is_endless":false,"potions_floor_spawned":[4,7,16],"killed_by":"Book of Stabbing","ascension_level":4}}