{"host":"xsuxkwaivmtd234a","time":1613690184,"event":{"mods":["BaseMod","Bestiary","Colored Map","Filter the Spire","Minty Spire (QoL Compilation)","Relic Stats","StSLib"],"gold_per_floor":[112,112,130,205,22,22,52,52,52,52,62,92,52,70,70,170,170,180,195,212,14,24,24,24],"floor_reached":23,"language":"ENG","playtime":998,"items_purged":[],"score":314,"play_id":"2993b17f-f9ea-464a-a14e-187d707baa11","local_time":"20210218181624","is_ascension_mode":true,"campfire_choices":[{"data":"Deadly Poison","floor":6.0,"key":"SMITH"},{"data":"The Bomb","floor":8.0,"key":"SMITH"},{"floor":10.0,"key":"REST"},{"data":"Neutralize","floor":15.0,"key":"SMITH"}],"circlet_count":0,"master_deck":["Strike_G","Strike_G","Strike_G+1","Strike_G+1","Strike_G","Defend_G","Defend_G","Defend_G","Defend_G","Defend_G","Survivor","Neutralize+1","Masterful Stab","Deadly Poison+1","The Bomb+1","Storm of Steel","PiercingWail","Noxious Fumes","Leg Sweep","Night Terror","Eviscerate","Blade Dance","Footwork"],"relics":["Ring of the Snake","Calipers","Orichalcum","Kunai","HornCleat","Snecko Eye","OrangePellets"],"acts_visited":["Exordium","TheCity"],"potions_floor_usage":[22],"damage_taken":[{"damage":0.0,"enemies":"Jaw Worm","floor":1.0,"turns":4.0},{"damage":0.0,"enemies":"2 Louse","floor":3.0,"turns":2.0},{"damage":10.0,"enemies":"3 Sentries","floor":7.0,"turns":4.0},{"damage":0.0,"enemies":"Cultist","floor":11.0,"turns":2.0},{"damage":14.0,"enemies":"Gremlin Nob","floor":12.0,"turns":4.0},{"damage":2.0,"enemies":"Gremlin Gang","floor":14.0,"turns":4.0},{"damage":0.0,"enemies":"Hexaghost","floor":16.0,"turns":8.0},{"damage":4.0,"enemies":"Spheric Guardian","floor":18.0,"turns":4.0},{"damage":0.0,"enemies":"3 Byrds","floor":19.0,"turns":3.0},{"damage":28.0,"enemies":"Snake Plant","floor":20.0,"turns":4.0},{"damage":17,"enemies":"Centurion and Healer","floor":22,"turns":3},{"damage":9,"enemies":"Slavers","floor":23,"turns":1}],"seed_played":"-7127416837276533868","potions_obtained":[{"floor":3.0,"key":"CunningPotion"},{"floor":11.0,"key":"GamblersBrew"},{"floor":13.0,"key":"DuplicationPotion"},{"floor":13.0,"key":"Energy Potion"},{"floor":16.0,"key":"SteroidPotion"},{"floor":22,"key":"DuplicationPotion"}],"is_trial":false,"path_per_floor":["M","?","M","?","$","R","E","R","T","R","M","E","?","M","R","B",null,"M","M","M","$","M","E"],"character_chosen":"THE_SILENT","items_purchased":["The Bomb","OrangePellets","Blade Dance"],"campfire_rested":1,"item_purchase_floors":[5,21,21],"current_hp_per_floor":[63,50,50,39,39,39,29,29,29,47,47,33,33,31,31,31,55,51,51,23,23,6,0,0],"gold":24,"neow_bonus":"ONE_RARE_RELIC","is_daily":false,"chose_seed":false,"campfire_upgraded":3,"win_rate":0.0,"timestamp":1613690184,"path_taken":["M","?","M","?","$","R","E","R","T","R","M","E","?","?","R","BOSS","M","?","M","$","M","E"],"items_purchased_type":["Card","Relic","Card"],"build_version":"2020-12-22","purchased_purges":0,"victory":false,"max_hp_per_floor":[63,63,63,63,63,63,63,63,63,63,63,63,63,63,63,63,63,63,63,63,63,63,63,63],"relic_stats":{"OrangePellets":[0],"counters":[12,43],"Snecko Eye":[29,33,26,31],"Kunai":[12],"Orichalcum":[72],"obtain_stats":[{"OrangePellets":21,"Calipers":0,"HornCleat":12,"Snecko Eye":17,"Kunai":9,"Orichalcum":7,"Ring of the Snake":0},{"OrangePellets":10,"Calipers":0,"HornCleat":5,"Snecko Eye":7,"Kunai":3,"Orichalcum":3,"Ring of the Snake":0},{"OrangePellets":39,"Calipers":0,"HornCleat":16,"Snecko Eye":28,"Kunai":10,"Orichalcum":10,"Ring of the Snake":0}],"Ring of the Snake":[24]},"card_choices":[{"not_picked":["Dagger Throw","Underhanded Strike"],"picked":"Masterful Stab","floor":1.0},{"not_picked":["Leg Sweep","Dodge and Roll"],"picked":"Deadly Poison","floor":3.0},{"not_picked":["Slice","Flying Knee"],"picked":"Storm of Steel","floor":7.0},{"not_picked":["Choke","Masterful Stab"],"picked":"PiercingWail","floor":11.0},{"not_picked":["Quick Slash","Deadly Poison"],"picked":"Noxious Fumes","floor":12.0},{"not_picked":["Noxious Fumes","Cloak And Dagger"],"picked":"Leg Sweep","floor":14.0},{"not_picked":["Adrenaline","Bullet Time"],"picked":"Night Terror","floor":16.0},{"not_picked":["Flying Knee","Backflip","Deadly Poison"],"picked":"SKIP","floor":18.0},{"not_picked":["Reflex","Slice+1","Expertise+1"],"picked":"SKIP","floor":19.0},{"not_picked":["Noxious Fumes","Backstab+1"],"picked":"Eviscerate","floor":20},{"not_picked":["Skewer","Concentrate"],"picked":"Footwork","floor":22}],"player_experience":1299302,"relics_obtained":[{"floor":7.0,"key":"Orichalcum"},{"floor":9.0,"key":"Kunai"},{"floor":12.0,"key":"HornCleat"}],"event_choices":[{"damage_healed":0.0,"max_hp_gain":0.0,"max_hp_loss":0.0,"gold_gain":0.0,"event_name":"Shining Light","player_choice":"Entered Light","floor":2.0,"gold_loss":0.0,"damage_taken":13.0,"cards_upgraded":["Strike_G","Strike_G"]},{"damage_healed":0.0,"max_hp_gain":0.0,"max_hp_loss":0.0,"gold_gain":75.0,"event_name":"World of Goop","player_choice":"Gather Gold","floor":4.0,"gold_loss":0.0,"damage_taken":11.0},{"damage_healed":0.0,"max_hp_gain":0.0,"max_hp_loss":0.0,"gold_gain":0.0,"event_name":"The Woman in Blue","player_choice":"Bought 3 Potions","floor":13.0,"gold_loss":0.0,"damage_taken":0.0}],"is_beta":false,"boss_relics":[{"not_picked":["Coffee Dripper","Philosopher\u0027s Stone"],"picked":"Snecko Eye"}],"items_purged_floors":[],"is_endless":false,"potions_floor_spawned":[3,11,16,22],"killed_by":"Slavers","ascension_level":5}}