{"host":"Teech","time":1613676404,"event":{"mods":["AchievementEnabler","BaseMod","Colored Map","Minty Spire (QoL Compilation)","StSLib"],"gold_per_floor":[119,21,35,50,65,65,95,72,72,97,97,117,117,133,133,228,228,243,168,182,200,200,227,227,257,331,8,40,56,7,17,17,121,121,140,157,170,170,190,225,225,259,259,259,18,34,47,67,67,67],"floor_reached":51,"language":"ENG","playtime":3518,"items_purged":["Shame"],"score":966,"play_id":"c2c3be7f-37f8-42a3-bdec-e86af4d7165f","local_time":"20210218132644","is_ascension_mode":true,"campfire_choices":[{"data":"Footwork","floor":6.0,"key":"SMITH"},{"floor":13.0,"key":"REST"},{"floor":15.0,"key":"REST"},{"floor":24.0,"key":"REST"},{"floor":32.0,"key":"REST"},{"floor":49,"key":"REST"}],"circlet_count":0,"master_deck":["Strike_G+1","Strike_G+1","Strike_G+1","Strike_G+1","Defend_G+1","Defend_G+1","Defend_G+1","Defend_G+1","Defend_G+1","Survivor","Neutralize","Corpse Explosion","Choke","Noxious Fumes","Slice","Deflect","Footwork+1","Acrobatics","Bane","Crippling Poison","Sucker Punch","Venomology","Outmaneuver","Dodge and Roll+1","Endless Agony","Masterful Stab","Distraction+1","Cloak And Dagger","Footwork","Burst","Cloak And Dagger+1","Dodge and Roll","PiercingWail+1","Bullet Time","Deadly Poison","Predator","Bane+1","Backflip","Night Terror","Tools of the Trade","Poisoned Stab","Caltrops","Dagger Spray+1","Prepared+1","Parasite","Deflect"],"relics":["Ring of the Snake","Oddly Smooth Stone","Happy Flower","Paper Crane","NlothsMask","Fusion Hammer","Strawberry","Bird Faced Urn","OrangePellets","Ornamental Fan","Cursed Key","Smiling Mask","Regal Pillow","Incense Burner","Strange Spoon"],"acts_visited":["Exordium","TheCity","TheBeyond"],"potions_floor_usage":[50,50,50,50],"damage_taken":[{"damage":0.0,"enemies":"Small Slimes","floor":1.0,"turns":4.0},{"damage":6.0,"enemies":"2 Louse","floor":3.0,"turns":2.0},{"damage":0.0,"enemies":"Cultist","floor":4.0,"turns":3.0},{"damage":10.0,"enemies":"3 Louse","floor":5.0,"turns":3.0},{"damage":24.0,"enemies":"3 Sentries","floor":7.0,"turns":6.0},{"damage":4.0,"enemies":"Lagavulin","floor":10.0,"turns":8.0},{"damage":1.0,"enemies":"Exordium Wildlife","floor":12.0,"turns":2.0},{"damage":15.0,"enemies":"Gremlin Gang","floor":14.0,"turns":4.0},{"damage":19.0,"enemies":"Hexaghost","floor":16.0,"turns":9.0},{"damage":0.0,"enemies":"Chosen","floor":18.0,"turns":4.0},{"damage":0.0,"enemies":"Shell Parasite","floor":20.0,"turns":5.0},{"damage":5.0,"enemies":"Centurion and Healer","floor":21.0,"turns":5.0},{"damage":34.0,"enemies":"Slavers","floor":23.0,"turns":2.0},{"damage":3.0,"enemies":"Book of Stabbing","floor":25.0,"turns":6.0},{"damage":41.0,"enemies":"Slavers","floor":28.0,"turns":3.0},{"damage":6.0,"enemies":"Snecko","floor":29.0,"turns":7.0},{"damage":0.0,"enemies":"3 Cultists","floor":31.0,"turns":4.0},{"damage":21.0,"enemies":"Collector","floor":33.0,"turns":12.0},{"damage":2.0,"enemies":"Orb Walker","floor":35.0,"turns":3.0},{"damage":0.0,"enemies":"3 Darklings","floor":36.0,"turns":5.0},{"damage":0.0,"enemies":"Writhing Mass","floor":37.0,"turns":9.0},{"damage":0.0,"enemies":"Transient","floor":38.0,"turns":2.0},{"damage":0.0,"enemies":"Jaw Worm Horde","floor":39.0,"turns":2.0},{"damage":29.0,"enemies":"Nemesis","floor":40.0,"turns":9.0},{"damage":22.0,"enemies":"Reptomancer","floor":42.0,"turns":12.0},{"damage":0.0,"enemies":"4 Shapes","floor":46.0,"turns":6.0},{"damage":1.0,"enemies":"Sphere and 2 Shapes","floor":47.0,"turns":7.0},{"damage":20,"enemies":"Writhing Mass","floor":48,"turns":7},{"damage":50,"enemies":"Awakened One","floor":50,"turns":18}],"seed_played":"2097366625842243848","potions_obtained":[{"floor":4.0,"key":"Strength Potion"},{"floor":12.0,"key":"SmokeBomb"},{"floor":14.0,"key":"FearPotion"},{"floor":16.0,"key":"SkillPotion"},{"floor":23.0,"key":"Dexterity Potion"},{"floor":28.0,"key":"Block Potion"},{"floor":33.0,"key":"SpeedPotion"},{"floor":37.0,"key":"Strength Potion"},{"floor":40.0,"key":"Energy Potion"},{"floor":46.0,"key":"SneckoOil"},{"floor":47.0,"key":"GamblersBrew"}],"is_trial":false,"path_per_floor":["M","$","M","M","M","R","E","?","T","E","?","M","R","M","R","B",null,"M","?","M","M","?","E","R","E","T","$","E","M","$","M","R","B",null,"M","M","M","M","M","E","?","E","T","?","$","M","M","M","R","B",null],"character_chosen":"THE_SILENT","items_purchased":["Noxious Fumes","Slice","OrangePellets","Cloak And Dagger","Footwork","SpeedPotion","Dodge and Roll","Strange Spoon","Caltrops"],"campfire_rested":5,"item_purchase_floors":[2,2,27,27,27,27,30,45,45],"current_hp_per_floor":[49,49,43,43,33,33,9,9,9,5,5,4,25,10,31,12,56,56,56,56,51,51,24,47,44,44,44,9,9,9,15,38,23,64,66,72,77,77,77,53,53,39,39,39,39,58,77,65,77,33],"gold":67,"neow_bonus":"THREE_RARE_CARDS","is_daily":false,"chose_seed":false,"campfire_upgraded":1,"win_rate":0.0,"timestamp":1613676404,"path_taken":["M","$","M","M","M","R","E","?","T","E","?","M","R","?","R","BOSS","M","?","M","M","?","E","R","E","T","$","E","M","?","?","R","BOSS","M","M","M","M","M","E","?","E","T","?","$","M","M","M","R","BOSS"],"items_purchased_type":["Card","Card","Relic","Card","Card","Potion","Card","Relic","Card"],"build_version":"2020-12-18","purchased_purges":1,"victory":true,"max_hp_per_floor":[70,70,70,70,70,70,70,70,70,70,70,70,70,70,70,70,70,70,70,70,70,70,77,77,77,77,77,77,77,77,77,77,77,77,77,77,77,77,77,77,77,77,77,77,77,77,77,77,77,77],"card_choices":[{"not_picked":["Die Die Die","Venomology"],"picked":"Corpse Explosion","floor":0.0},{"not_picked":["Deflect","Reflex"],"picked":"Choke","floor":1.0},{"not_picked":["Prepared","Eviscerate"],"picked":"Deflect","floor":3.0},{"not_picked":["Deadly Poison","Cloak And Dagger"],"picked":"Footwork","floor":4.0},{"not_picked":["Underhanded Strike","Reflex"],"picked":"Acrobatics","floor":5.0},{"not_picked":["Expertise","Riddle With Holes"],"picked":"Flechettes","floor":7.0},{"not_picked":["A Thousand Cuts","Tools of the Trade"],"picked":"Bane","floor":10.0},{"not_picked":["PiercingWail","Blade Dance"],"picked":"Crippling Poison","floor":12.0},{"not_picked":["Quick Slash","All Out Attack"],"picked":"Sucker Punch","floor":14.0},{"not_picked":["Glass Knife","Storm of Steel"],"picked":"Venomology","floor":16.0},{"not_picked":["Heel Hook+1","Eviscerate"],"picked":"Outmaneuver","floor":18.0},{"not_picked":["Outmaneuver+1","Dagger Spray"],"picked":"Dodge and Roll+1","floor":20.0},{"not_picked":["Slice+1","All Out Attack+1"],"picked":"Endless Agony","floor":21.0},{"not_picked":["Expertise","Quick Slash"],"picked":"Masterful Stab","floor":23.0},{"not_picked":["Escape Plan","Quick Slash"],"picked":"Distraction+1","floor":25.0},{"not_picked":["Glass Knife","Deflect"],"picked":"Burst","floor":28.0},{"not_picked":["Deadly Poison+1","Underhanded Strike+1"],"picked":"Cloak And Dagger+1","floor":29.0},{"not_picked":["Predator","Underhanded Strike"],"picked":"PiercingWail+1","floor":31.0},{"not_picked":["Doppelganger","Tools of the Trade"],"picked":"Bullet Time","floor":33.0},{"not_picked":["Dagger Spray+1","Cloak And Dagger"],"picked":"Deadly Poison","floor":35.0},{"not_picked":["Infinite Blades","Expertise"],"picked":"Predator","floor":36.0},{"not_picked":["Underhanded Strike","Slice+1"],"picked":"Bane+1","floor":37.0},{"not_picked":["Cloak And Dagger+1","Poisoned Stab+1"],"picked":"Backflip","floor":39.0},{"not_picked":["Crippling Poison+1","Cloak And Dagger"],"picked":"Night Terror","floor":40.0},{"not_picked":["Cloak And Dagger","Dodge and Roll"],"picked":"Tools of the Trade","floor":42.0},{"not_picked":["Quick Slash","Poisoned Stab"],"picked":"Dagger Spray+1","floor":46.0},{"not_picked":["Eviscerate","Dagger Spray"],"picked":"Prepared+1","floor":47.0},{"not_picked":["Setup","Prepared"],"picked":"Deflect","floor":48}],"player_experience":435161,"relics_obtained":[{"floor":7.0,"key":"Oddly Smooth Stone"},{"floor":9.0,"key":"Happy Flower"},{"floor":10.0,"key":"Paper Crane"},{"floor":23.0,"key":"Strawberry"},{"floor":25.0,"key":"Bird Faced Urn"},{"floor":28.0,"key":"Ornamental Fan"},{"floor":40.0,"key":"Smiling Mask"},{"floor":42.0,"key":"Regal Pillow"},{"floor":43.0,"key":"Incense Burner"}],"event_choices":[{"damage_healed":0.0,"max_hp_gain":0.0,"max_hp_loss":0.0,"gold_gain":0.0,"event_name":"World of Goop","player_choice":"Left Gold","floor":8.0,"gold_loss":23.0,"damage_taken":0.0},{"damage_healed":0.0,"max_hp_gain":0.0,"max_hp_loss":0.0,"gold_gain":0.0,"event_name":"FaceTrader","player_choice":"Trade","floor":11.0,"gold_loss":0.0,"damage_taken":0.0,"relics_obtained":["NlothsMask"]},{"cards_removed":["Strike_G"],"damage_healed":0.0,"max_hp_gain":0.0,"max_hp_loss":0.0,"gold_gain":0.0,"event_name":"Beggar","player_choice":"Gave Gold","floor":19.0,"gold_loss":75.0,"damage_taken":0.0},{"damage_healed":0.0,"max_hp_gain":0.0,"max_hp_loss":0.0,"gold_gain":0.0,"event_name":"Back to Basics","player_choice":"Simplicity","floor":22.0,"gold_loss":0.0,"damage_taken":0.0,"cards_upgraded":["Strike_G","Strike_G","Strike_G","Strike_G","Defend_G","Defend_G","Defend_G","Defend_G","Defend_G"]},{"damage_healed":0.0,"max_hp_gain":0.0,"max_hp_loss":0.0,"gold_gain":0.0,"event_name":"Tomb of Lord Red Mask","player_choice":"Ignored","floor":41.0,"gold_loss":0.0,"damage_taken":0.0},{"damage_healed":0.0,"max_hp_gain":0.0,"max_hp_loss":0.0,"gold_gain":0.0,"cards_transformed":["Flechettes"],"event_name":"Transmorgrifier","player_choice":"Transformed","floor":44.0,"gold_loss":0.0,"damage_taken":0.0,"cards_obtained":["Poisoned Stab"]}],"is_beta":true,"boss_relics":[{"not_picked":["Tiny House","Calling Bell"],"picked":"Fusion Hammer"},{"not_picked":["Empty Cage","Busted Crown"],"picked":"Cursed Key"}],"items_purged_floors":[45],"is_endless":false,"potions_floor_spawned":[4,12,14,16,20,23,28,33,37,38,40,46,47],"ascension_level":5}}