{"host":"dpbezu80jg8zk7un","time":1613643529,"event":{"mods":["BaseMod","Colored Map","Colored Powertips","Custom Start","DeckTracker","Minty Spire (QoL Compilation)","Quick Restart","StSLib","SuperFastMode"],"gold_per_floor":[109,109,124,124,143,143,178,178,178,178,228,247,276,310,310,383,383,400,400,400,315,77,77,2,36,63,63,63,97,97,122,122,196,196,211,211,228,228,128,128,128],"floor_reached":40,"language":"KOR","playtime":927,"items_purged":["Strike_P","Strike_P+1"],"score":1038,"play_id":"6a99020e-206e-443a-b862-6036ceaabfd8","local_time":"20210218191849","is_ascension_mode":true,"campfire_choices":[{"data":"Eruption","floor":6.0,"key":"SMITH"},{"floor":8.0,"key":"REST"},{"data":"CrushJoints","floor":10.0,"key":"SMITH"},{"data":"Blasphemy","floor":15.0,"key":"SMITH"},{"floor":23.0,"key":"RECALL"},{"floor":27.0,"key":"REST"},{"floor":30.0,"key":"REST"},{"floor":32.0,"key":"REST"}],"circlet_count":0,"master_deck":["AscendersBane","Strike_P+1","Defend_P+1","Eruption+1","Vigilance+1","LikeWater+1","LessonLearned+1","CrushJoints+1","EmptyMind+1","Conclude+1","Blasphemy+1","DeusExMachina+1"],"relics":["PureWater","Frozen Egg 2","InkBottle","Odd Mushroom","Strawberry","Sozu","HornCleat","Toy Ornithopter","Medical Kit","Boot","War Paint","GoldenEye","Coffee Dripper"],"acts_visited":["Exordium","TheCity","TheBeyond"],"potions_floor_usage":[],"damage_taken":[{"damage":0.0,"enemies":"Small Slimes","floor":1.0,"turns":3.0},{"damage":0.0,"enemies":"Cultist","floor":3.0,"turns":2.0},{"damage":0.0,"enemies":"2 Louse","floor":5.0,"turns":2.0},{"damage":37.0,"enemies":"3 Sentries","floor":7.0,"turns":13.0},{"damage":8.0,"enemies":"Exordium Thugs","floor":12.0,"turns":3.0},{"damage":13.0,"enemies":"The Mushroom Lair","floor":13.0,"turns":3.0},{"damage":0.0,"enemies":"Gremlin Nob","floor":14.0,"turns":2.0},{"damage":0.0,"enemies":"Slime Boss","floor":16.0,"turns":3.0},{"damage":0.0,"enemies":"Chosen","floor":18.0,"turns":1.0},{"damage":22.0,"enemies":"Gremlin Leader","floor":25.0,"turns":3.0},{"damage":43.0,"enemies":"Slavers","floor":29.0,"turns":6.0},{"damage":2.0,"enemies":"Book of Stabbing","floor":31.0,"turns":4.0},{"damage":28.0,"enemies":"Champ","floor":33.0,"turns":10.0},{"damage":6,"enemies":"3 Shapes","floor":35,"turns":1},{"damage":26,"enemies":"3 Darklings","floor":37,"turns":4},{"damage":77,"enemies":"Nemesis","floor":40,"turns":3}],"seed_played":"5238409590629591228","potions_obtained":[{"floor":3.0,"key":"SmokeBomb"},{"floor":5.0,"key":"Block Potion"},{"floor":7.0,"key":"Ancient Potion"},{"floor":14.0,"key":"Ancient Potion"}],"is_trial":false,"path_per_floor":["M","?","M","?","M","R","E","R","T","R","?","M","?","E","R","B",null,"M","?","T","?","$","R","?","E","T","R","?","E","R","E","R","B",null,"M","?","M","?","$","E"],"character_chosen":"WATCHER","items_purchased":["Medical Kit"],"campfire_rested":4,"item_purchase_floors":[22],"current_hp_per_floor":[61,54,54,54,54,54,17,36,36,36,36,28,15,22,22,22,60,60,60,60,60,60,60,60,38,38,59,59,16,37,35,56,28,61,55,45,19,59,59,0,0],"gold":128,"neow_bonus":"TRANSFORM_TWO_CARDS","is_daily":false,"chose_seed":false,"campfire_upgraded":3,"win_rate":0.0,"timestamp":1613643529,"path_taken":["M","?","M","?","M","R","E","R","T","R","?","?","?","E","R","BOSS","M","?","?","?","$","R","?","E","T","R","?","E","R","E","R","BOSS","M","?","M","?","$","E"],"items_purchased_type":["Relic"],"build_version":"2020-12-22","purchased_purges":2,"victory":false,"max_hp_per_floor":[68,65,65,65,65,65,65,65,65,65,65,65,65,72,72,72,72,72,72,72,72,72,72,72,72,72,72,72,72,72,72,72,72,72,72,72,72,59,59,59,59],"card_choices":[{"not_picked":["ReachHeaven","PathToVictory","Protect"],"picked":"SKIP","floor":1.0},{"not_picked":["Evaluate","SashWhip"],"picked":"CrushJoints","floor":3.0},{"not_picked":["Consecrate","JustLucky"],"picked":"EmptyMind","floor":5.0},{"not_picked":["Wish","Indignation","SashWhip"],"picked":"SKIP","floor":7.0},{"not_picked":["EmptyBody","CrushJoints","Prostrate"],"picked":"SKIP","floor":12.0},{"not_picked":["Indignation","BattleHymn+1"],"picked":"Conclude","floor":13.0},{"not_picked":["Prostrate","FlurryOfBlows"],"picked":"Blasphemy","floor":14.0},{"not_picked":["Judgement","Wish"],"picked":"DeusExMachina","floor":16.0},{"not_picked":["Conclude","PathToVictory","Protect"],"picked":"SKIP","floor":18.0},{"not_picked":["Halt","Judgement","EmptyBody"],"picked":"SKIP","floor":25.0},{"not_picked":["PathToVictory","DeceiveReality","ClearTheMind"],"picked":"SKIP","floor":29.0},{"not_picked":["Evaluate","Tantrum","EmptyBody+1"],"picked":"SKIP","floor":31.0},{"not_picked":["Conclude","Collect","Consecrate+1"],"picked":"SKIP","floor":35},{"not_picked":["Sanctity","Prostrate+1","SandsOfTime"],"picked":"SKIP","floor":37}],"player_experience":2983959,"relics_obtained":[{"floor":7.0,"key":"Frozen Egg 2"},{"floor":9.0,"key":"InkBottle"},{"floor":13.0,"key":"Odd Mushroom"},{"floor":14.0,"key":"Strawberry"},{"floor":20.0,"key":"HornCleat"},{"floor":25.0,"key":"Boot"},{"floor":29.0,"key":"War Paint"},{"floor":31.0,"key":"GoldenEye"}],"event_choices":[{"cards_removed":["Parasite"],"damage_healed":0.0,"max_hp_gain":0.0,"max_hp_loss":0.0,"gold_gain":0.0,"event_name":"Golden Wing","player_choice":"Card Removal","floor":2.0,"gold_loss":0.0,"damage_taken":7.0},{"damage_healed":0.0,"max_hp_gain":0.0,"max_hp_loss":0.0,"gold_gain":0.0,"event_name":"Liars Game","player_choice":"Ignored","floor":4.0,"gold_loss":0.0,"damage_taken":0.0},{"damage_healed":0.0,"max_hp_gain":0.0,"max_hp_loss":0.0,"gold_gain":50.0,"event_name":"Golden Shrine","player_choice":"Pray","floor":11.0,"gold_loss":0.0,"damage_taken":0.0},{"damage_healed":0.0,"max_hp_gain":0.0,"max_hp_loss":0.0,"gold_gain":0.0,"event_name":"Mushrooms","player_choice":"Fought Mushrooms","floor":13.0,"gold_loss":0.0,"damage_taken":0.0},{"cards_removed":["Defend_P"],"damage_healed":0.0,"max_hp_gain":0.0,"max_hp_loss":0.0,"gold_gain":0.0,"event_name":"Back to Basics","player_choice":"Elegance","floor":19.0,"gold_loss":0.0,"damage_taken":0.0},{"damage_healed":0.0,"max_hp_gain":0.0,"max_hp_loss":0.0,"gold_gain":0.0,"event_name":"Addict","player_choice":"Obtained Relic","floor":21.0,"gold_loss":85.0,"damage_taken":0.0,"relics_obtained":["Toy Ornithopter"]},{"cards_removed":["Defend_P"],"damage_healed":0.0,"max_hp_gain":0.0,"max_hp_loss":0.0,"gold_gain":0.0,"event_name":"Beggar","player_choice":"Gave Gold","floor":24.0,"gold_loss":75.0,"damage_taken":0.0},{"damage_healed":0.0,"max_hp_gain":0.0,"max_hp_loss":0.0,"gold_gain":0.0,"event_name":"Ghosts","player_choice":"Ignored","floor":28.0,"gold_loss":0.0,"damage_taken":0.0},{"damage_healed":0,"gold_gain":0,"player_choice":"Memory 3","damage_taken":10,"max_hp_gain":0,"max_hp_loss":0,"event_name":"SensoryStone","floor":36,"gold_loss":0},{"damage_healed":59,"gold_gain":0,"player_choice":"Heal","damage_taken":0,"max_hp_gain":0,"max_hp_loss":13,"event_name":"The Moai Head","floor":38,"gold_loss":0}],"is_beta":false,"boss_relics":[{"not_picked":["Velvet Choker","Philosopher\u0027s Stone"],"picked":"Sozu"},{"not_picked":["SacredBark","Pandora\u0027s Box"],"picked":"Coffee Dripper"}],"items_purged_floors":[22,39],"is_endless":false,"potions_floor_spawned":[3,5,7,14,18,25,29,37],"killed_by":"Nemesis","ascension_level":20}}