{"host":"i0avyit1s6jb1siw","time":1613660892,"event":{"mods":["BaseMod","DeckTracker","Dota2Spire","Highlight Path","Minty Spire (QoL Compilation)","Quick Restart","StSLib","SuperFastMode"],"gold_per_floor":[112,112,112,136,151,151,185,210,244,244,262,278,353,71,85,85,181,181,202,202,42,61,61,104,104,138,138,162,202,218,252,252,287,287,380,380,393,418,55,30,53,96,96,140,153,153,169,95,130,130,144,144,144,144,144,44,87,87],"floor_reached":59,"language":"ENG","playtime":1759,"items_purged":["Strike_B","Strike_B"],"score":3067,"play_id":"53631d35-ff04-4f1d-8797-47cc0dd458a8","local_time":"20210218160812","is_ascension_mode":true,"campfire_choices":[{"data":"Corruption","floor":6.0,"key":"SMITH"},{"data":"After Image","floor":16.0,"key":"SMITH"},{"data":"Aggregate","floor":25.0,"key":"SMITH"},{"data":"Defragment","floor":27.0,"key":"SMITH"},{"floor":32.0,"key":"RECALL"},{"data":"Burst","floor":34.0,"key":"SMITH"},{"data":"Storm","floor":43.0,"key":"SMITH"},{"data":"Body Slam","floor":52.0,"key":"SMITH"},{"data":"Disarm","floor":55,"key":"SMITH"}],"circlet_count":0,"master_deck":["AscendersBane","Strike_B","Strike_B","Defend_B","Defend_B","Defend_B","Defend_B","Zap","Dualcast","Corruption+1","Disarm+1","Aggregate+1","Halt","Trip","Seeing Red","After Image+1","Leap","Coolheaded","Deep Breath","Burst+1","White Noise","Storm+1","PiercingWail+1","Defragment+1","Body Slam+1","Good Instincts+1","Recycle","Coolheaded","Bouncing Flask","BootSequence","White Noise"],"relics":["Bottled Tornado","Dead Branch","PrismaticShard","SlaversCollar","Golden Idol","Ancient Tea Set","Strawberry","Letter Opener","Dead Branch","Toolbox","Dota2Spire:RefresherOrb","Ginger","Dream Catcher","Vajra","Blue Candle","Torii","Nuclear Battery","Mummified Hand","Boot","Singing Bowl","White Beast Statue","Dota2Spire:ShadowBlade","Dota2Spire:DrumOfEndurance"],"acts_visited":["Exordium","TheCity","TheBeyond","TheEnding"],"potions_floor_usage":[],"damage_taken":[{"damage":0.0,"enemies":"Cultist","floor":1.0,"turns":4.0},{"damage":0.0,"enemies":"Small Slimes","floor":4.0,"turns":3.0},{"damage":5.0,"enemies":"Jaw Worm","floor":5.0,"turns":2.0},{"damage":15.0,"enemies":"Gremlin Nob","floor":7.0,"turns":4.0},{"damage":0.0,"enemies":"3 Louse","floor":8.0,"turns":3.0},{"damage":0.0,"enemies":"Lagavulin","floor":9.0,"turns":3.0},{"damage":0.0,"enemies":"Blue Slaver","floor":11.0,"turns":2.0},{"damage":13.0,"enemies":"Lots of Slimes","floor":12.0,"turns":2.0},{"damage":0.0,"enemies":"Gremlin Nob","floor":13.0,"turns":1.0},{"damage":0.0,"enemies":"Gremlin Gang","floor":15.0,"turns":2.0},{"damage":0.0,"enemies":"The Guardian","floor":17.0,"turns":3.0},{"damage":0.0,"enemies":"2 Thieves","floor":19.0,"turns":1.0},{"damage":0.0,"enemies":"Shell Parasite","floor":22.0,"turns":1.0},{"damage":0.0,"enemies":"Book of Stabbing","floor":24.0,"turns":1.0},{"damage":0.0,"enemies":"Slavers","floor":26.0,"turns":2.0},{"damage":0.0,"enemies":"Book of Stabbing","floor":29.0,"turns":1.0},{"damage":6.0,"enemies":"Shelled Parasite and Fungi","floor":30.0,"turns":2.0},{"damage":0.0,"enemies":"Slavers","floor":31.0,"turns":1.0},{"damage":0.0,"enemies":"Gremlin Leader","floor":33.0,"turns":1.0},{"damage":0.0,"enemies":"Champ","floor":35.0,"turns":4.0},{"damage":0.0,"enemies":"3 Shapes","floor":37.0,"turns":1.0},{"damage":0.0,"enemies":"3 Darklings","floor":38.0,"turns":1.0},{"damage":0.0,"enemies":"Maw","floor":41.0,"turns":1.0},{"damage":0.0,"enemies":"Reptomancer","floor":42.0,"turns":1.0},{"damage":0.0,"enemies":"Giant Head","floor":44.0,"turns":1.0},{"damage":0.0,"enemies":"Spire Growth","floor":45.0,"turns":1.0},{"damage":0.0,"enemies":"Transient","floor":47.0,"turns":1.0},{"damage":0.0,"enemies":"Reptomancer","floor":49.0,"turns":1.0},{"damage":0.0,"enemies":"Maw","floor":51.0,"turns":1.0},{"damage":0.0,"enemies":"Time Eater","floor":53.0,"turns":6.0},{"damage":0,"enemies":"Shield and Spear","floor":57,"turns":1},{"damage":0,"enemies":"The Heart","floor":58,"turns":3}],"seed_played":"-7939973698068748512","potions_obtained":[{"floor":4.0,"key":"SpeedPotion"},{"floor":7.0,"key":"Swift Potion"},{"floor":8.0,"key":"Weak Potion"},{"floor":22.0,"key":"DistilledChaos"}],"is_trial":false,"path_per_floor":["M","?","?","M","M","R","E","M","E","T","M","M","?","$","M","R","B",null,"M","?","$","M","?","E","R","E","R","T","E","M","E","R","E","R","B",null,"M","M","$","$","M","E","R","E","M","T","M","$","E","?","M","R","B",null,"R","$","E","B",null],"character_chosen":"DEFECT","items_purchased":["Toolbox","Leap","Coolheaded","Storm","Mummified Hand","Recycle","Coolheaded","BootSequence"],"campfire_rested":0,"item_purchase_floors":[14,14,14,21,39,39,40,48],"current_hp_per_floor":[64,69,69,69,64,64,49,49,56,56,56,43,43,43,43,43,43,68,68,68,68,68,68,68,68,68,68,68,68,62,62,62,62,62,62,73,73,73,73,73,73,73,73,75,77,77,79,79,79,79,81,81,81,83,83,83,85,85],"gold":87,"neow_bonus":"BOSS_RELIC","is_daily":false,"chose_seed":false,"campfire_upgraded":8,"win_rate":0.0,"timestamp":1613660892,"path_taken":["M","?","?","M","M","R","E","M","E","T","M","M","?","?","M","R","BOSS","M","?","$","M","?","E","R","E","R","T","E","M","E","R","E","R","BOSS","M","M","?","$","M","E","R","E","M","T","?","?","E","?","M","R","BOSS","R","$","E","BOSS"],"items_purchased_type":["Relic","Card","Card","Card","Relic","Card","Card","Card"],"build_version":"2020-12-22","purchased_purges":2,"victory":true,"max_hp_per_floor":[71,76,69,69,69,69,69,69,76,76,76,76,76,76,76,76,76,76,76,76,76,76,76,76,76,76,76,76,76,76,76,76,76,76,76,76,76,76,76,76,76,76,76,78,80,80,82,82,82,82,84,84,84,84,84,84,86,86],"card_choices":[{"not_picked":["FlyingSleeves","Ball Lightning"],"picked":"Disarm","floor":1.0},{"not_picked":["FlyingSleeves","Nirvana"],"picked":"Aggregate","floor":4.0},{"not_picked":["Indignation","Fire Breathing"],"picked":"Halt","floor":5.0},{"not_picked":["FollowUp","Go for the Eyes"],"picked":"Trip","floor":7.0},{"not_picked":["Metallicize","Slice","CrushJoints"],"picked":"SKIP","floor":8.0},{"not_picked":["Acrobatics","EmptyFist"],"picked":"Seeing Red","floor":9.0},{"not_picked":["CutThroughFate","BowlingBash","Barrage"],"picked":"SKIP","floor":11.0},{"not_picked":["Beam Cell","Flex","Dash"],"picked":"SKIP","floor":12.0},{"not_picked":["Perfected Strike","Dual Wield"],"picked":"After Image","floor":13.0},{"not_picked":["Consecrate","Clothesline"],"picked":"Deep Breath","floor":15.0},{"not_picked":["Secret Technique","Hyperbeam"],"picked":"Burst","floor":17.0},{"not_picked":["Forethought","Stack+1","Concentrate"],"picked":"SKIP","floor":19.0},{"not_picked":["Beam Cell","Finisher","Redo"],"picked":"SKIP","floor":22.0},{"not_picked":["Wild Strike","Hello World"],"picked":"PiercingWail+1","floor":24.0},{"not_picked":["Compile Driver","WreathOfFlame"],"picked":"Defragment","floor":26.0},{"not_picked":["Enlightenment","Streamline","Berserk"],"picked":"SKIP","floor":29.0},{"not_picked":["Heavy Blade","Cloak And Dagger"],"picked":"Body Slam","floor":30.0},{"not_picked":["Conserve Battery","TalkToTheHand"],"picked":"Good Instincts+1","floor":31.0},{"not_picked":["Hemokinesis","Slice","Dodge and Roll"],"picked":"SKIP","floor":33.0},{"not_picked":["CrushJoints+1","Flechettes","PanicButton+1"],"picked":"SKIP","floor":37.0},{"not_picked":["Tempest","Flechettes+1","Consecrate"],"picked":"SKIP","floor":38.0},{"not_picked":["Beam Cell+1","Underhanded Strike","Twin Strike"],"picked":"SKIP","floor":41.0},{"not_picked":["Spot Weakness","Sword Boomerang"],"picked":"Bouncing Flask","floor":42.0},{"not_picked":["Ball Lightning+1","Reprogram","Undo+1"],"picked":"Singing Bowl","floor":44.0},{"not_picked":["Flying Knee+1","Streamline","Evaluate"],"picked":"Singing Bowl","floor":45.0},{"not_picked":["Leg Sweep","EmptyFist","Choke"],"picked":"Singing Bowl","floor":47.0},{"not_picked":["Tactician+1","Heavy Blade"],"picked":"White Noise","floor":49.0},{"not_picked":["Tactician","Flechettes","Sentinel"],"picked":"Singing Bowl","floor":51.0},{"not_picked":["Underhanded Strike+1","Well Laid Plans","Steam"],"picked":"Singing Bowl","floor":57}],"player_experience":2458894,"relics_obtained":[{"floor":7.0,"key":"Ancient Tea Set"},{"floor":9.0,"key":"Strawberry"},{"floor":10.0,"key":"Letter Opener"},{"floor":24.0,"key":"Ginger"},{"floor":26.0,"key":"Dream Catcher"},{"floor":29.0,"key":"Vajra"},{"floor":31.0,"key":"Blue Candle"},{"floor":33.0,"key":"Torii"},{"floor":42.0,"key":"Boot"},{"floor":44.0,"key":"Singing Bowl"},{"floor":46.0,"key":"White Beast Statue"},{"floor":49.0,"key":"Dota2Spire:ShadowBlade"},{"floor":57,"key":"Dota2Spire:DrumOfEndurance"}],"event_choices":[{"damage_healed":0.0,"max_hp_gain":5.0,"max_hp_loss":0.0,"gold_gain":0.0,"event_name":"Big Fish","player_choice":"Donut","floor":2.0,"gold_loss":0.0,"damage_taken":0.0},{"damage_healed":0.0,"max_hp_gain":0.0,"max_hp_loss":7.0,"gold_gain":0.0,"event_name":"Golden Idol","player_choice":"Lose Max HP","floor":3.0,"gold_loss":0.0,"damage_taken":0.0,"relics_obtained":["Golden Idol"]},{"damage_healed":0.0,"max_hp_gain":0.0,"max_hp_loss":0.0,"gold_gain":0.0,"event_name":"Dead Adventurer","player_choice":"Searched \u00273\u0027 times","floor":13.0,"gold_loss":0.0,"damage_taken":0.0,"relics_obtained":["Dead Branch"]},{"damage_healed":0.0,"max_hp_gain":0.0,"max_hp_loss":0.0,"gold_gain":0.0,"event_name":"The Library","player_choice":"Read","floor":20.0,"gold_loss":0.0,"damage_taken":0.0,"cards_obtained":["White Noise"]},{"damage_healed":0.0,"max_hp_gain":0.0,"max_hp_loss":0.0,"gold_gain":0.0,"event_name":"Match and Keep!","player_choice":"0 cards matched","floor":23.0,"gold_loss":0.0,"damage_taken":0.0,"cards_obtained":[]},{"damage_healed":0.0,"max_hp_gain":0.0,"max_hp_loss":0.0,"gold_gain":0.0,"event_name":"Lab","player_choice":"Got Potions","floor":50.0,"gold_loss":0.0,"damage_taken":0.0}],"is_beta":false,"boss_relics":[{"not_picked":["SacredBark","Cursed Key"],"picked":"Dota2Spire:RefresherOrb"},{"not_picked":["Tiny House","Philosopher\u0027s Stone"],"picked":"Nuclear Battery"}],"items_purged_floors":[21,56],"is_endless":false,"potions_floor_spawned":[4,7,8,11,22,24,33,35,37,47,49,51,57],"ascension_level":16}}