{"host":"i09pxcjttd31eh4q","time":1613642304,"event":{"mods":["AchievementEnabler","BaseMod","Colored Map","Keyboard Shortcuts","Minty Spire (QoL Compilation)","StSLib","SuperFastMode"],"gold_per_floor":[111,126,51,71,89,89,417,433,433,433,433],"floor_reached":10,"language":"KOR","playtime":151,"items_purged":["Strike_P"],"score":140,"play_id":"867faff6-df79-4c55-8f03-3da3148ea5b0","local_time":"20210218185824","is_ascension_mode":true,"campfire_choices":[{"data":"Eruption","floor":6,"key":"SMITH"}],"circlet_count":0,"master_deck":["AscendersBane","Strike_P","Strike_P","Strike_P","Defend_P","Defend_P","Defend_P","Defend_P","Eruption+1","Vigilance","PathToVictory"],"relics":["PureWater","NeowsBlessing","Old Coin"],"acts_visited":["Exordium"],"potions_floor_usage":[7],"damage_taken":[{"damage":0,"enemies":"Cultist","floor":1,"turns":1},{"damage":0,"enemies":"2 Louse","floor":2,"turns":1},{"damage":0,"enemies":"Small Slimes","floor":4,"turns":1},{"damage":3,"enemies":"Blue Slaver","floor":5,"turns":5},{"damage":32,"enemies":"Gremlin Nob","floor":7,"turns":4},{"damage":9,"enemies":"Looter","floor":8,"turns":5},{"damage":47,"enemies":"Lagavulin","floor":10,"turns":3}],"seed_played":"-4422575990683814374","potions_obtained":[{"floor":1,"key":"Weak Potion"},{"floor":4,"key":"SpeedPotion"},{"floor":7,"key":"Strength Potion"}],"is_trial":false,"path_per_floor":["M","M","$","M","M","R","E","M","T","E"],"character_chosen":"WATCHER","items_purchased":[],"campfire_rested":0,"item_purchase_floors":[],"current_hp_per_floor":[61,61,61,61,58,58,26,17,17,0,0],"gold":433,"neow_bonus":"THREE_ENEMY_KILL","is_daily":false,"chose_seed":false,"campfire_upgraded":1,"win_rate":0.0,"timestamp":1613642304,"path_taken":["M","M","$","?","M","R","E","?","T","E"],"items_purchased_type":[],"build_version":"2020-12-22","purchased_purges":1,"victory":false,"max_hp_per_floor":[68,68,68,68,68,68,68,68,68,68,68],"card_choices":[{"not_picked":["FlyingSleeves","Protect","Swivel"],"picked":"SKIP","floor":1},{"not_picked":["ForeignInfluence","BowlingBash"],"picked":"PathToVictory","floor":2},{"not_picked":["CrushJoints","FollowUp","Nirvana"],"picked":"SKIP","floor":4},{"not_picked":["Weave","BowlingBash","FollowUp"],"picked":"SKIP","floor":5},{"not_picked":["ClearTheMind","Crescendo","Alpha"],"picked":"SKIP","floor":7},{"not_picked":["WreathOfFlame","Collect","BowlingBash"],"picked":"SKIP","floor":8}],"player_experience":924195,"relics_obtained":[{"floor":7,"key":"Old Coin"}],"event_choices":[],"is_beta":false,"boss_relics":[],"items_purged_floors":[3],"is_endless":false,"potions_floor_spawned":[1,4,7],"killed_by":"Lagavulin","ascension_level":20}}