{"host":"bgptblc1sp470rxq","time":1613628625,"event":{"mods":["BaseMod","BetterRewards","Colored Map","Downfall","Highlight Path","Minty Spire (QoL Compilation)","Quick Restart","StSLib","Waifu the Spire"],"gold_per_floor":[99,119,133,133,149,159,159,170,170,184,184,202,102,119,130,226,226,226,243,228,238,20,20,20,32,61,92,104,129,141,153,179,287,299,311,343,19,119,132,152,152,170,144,174,194,213,213,225,236,236],"floor_reached":51,"language":"ZHS","playtime":3636,"items_purged":[],"score":731,"play_id":"2a059213-a0b0-4265-b0ea-7bd403d96285","local_time":"20210218141025","is_ascension_mode":false,"campfire_choices":[{"floor":1.0,"key":"RECALL"},{"data":"Guardian:TimeBomb","floor":13.0,"key":"SMITH"},{"data":"Guardian:Planning","floor":18.0,"key":"SMITH"},{"data":"Guardian:Emergency","floor":23.0,"key":"SMITH"},{"floor":25.0,"key":"REST"},{"data":"Guardian:PrismaticBarrier","floor":30.0,"key":"SMITH"},{"data":"Guardian:SphericShield","floor":35,"key":"SMITH"},{"data":"Guardian:PrismaticBeam","floor":47,"key":"SMITH"}],"circlet_count":0,"master_deck":["Guardian:Defend_Guardian","Guardian:Defend_Guardian","Guardian:Defend_Guardian","Guardian:CurlUp+1","Guardian:TwinSlam","Guardian:ChargeCore","Guardian:Planning+1","Guardian:TemporalStrike","Guardian:Emergency+1","Guardian:TimeBomb+1","Guardian:CrystalBeam","Guardian:AncientConstruct+1","Guardian:TimeCapacitor+1","Guardian:EvasiveProtocol+1","Guardian:ShieldCharger","Guardian:Reroute","Guardian:Recover+1","Guardian:PrismaticBarrier+1","Guardian:SphericShield+1","Guardian:BodySlam","Guardian:StasisField","Guardian:ShieldCharger","Guardian:PolyBeam+1","Guardian:PrismaticBeam+1","Guardian:BronzeOrb+1","Guardian:Suspension+1","Guardian:ChargeCore+1","Guardian:TemporalShield+1"],"relics":["Empty Cage","Gambling Chip","Guardian:PickAxe","CultistMask","downfall:HeartBlessingRed","Astrolabe","Sling","MawBank","MealTicket","Coffee Dripper","OrangePellets","downfall:GremlinWheel","Torii","Sundial","Thread and Needle","War Paint"],"acts_visited":["Exordium","TheCity","TheBeyond"],"potions_floor_usage":[33,33,40,50,50,50,50,50],"damage_taken":[{"damage":1.0,"enemies":"Cultist","floor":2.0,"turns":5.0},{"damage":5.0,"enemies":"2 Louse","floor":3.0,"turns":3.0},{"damage":0.0,"enemies":"Jaw Worm","floor":5.0,"turns":5.0},{"damage":7.0,"enemies":"downfall:LooterAlt","floor":6.0,"turns":5.0},{"damage":11.0,"enemies":"Red Slaver","floor":8.0,"turns":7.0},{"damage":0.0,"enemies":"Red Slaver","floor":9.0,"turns":5.0},{"damage":6.0,"enemies":"3 Louse","floor":10.0,"turns":4.0},{"damage":4.0,"enemies":"2 Fungi Beasts","floor":12.0,"turns":4.0},{"damage":2.0,"enemies":"downfall:LooterAlt","floor":14.0,"turns":3.0},{"damage":10.0,"enemies":"Exordium Thugs","floor":15.0,"turns":3.0},{"damage":31.0,"enemies":"DF_ARCHETYPE_STREAMLINE","floor":16.0,"turns":12.0},{"damage":12.0,"enemies":"3 Byrds","floor":19.0,"turns":4.0},{"damage":0.0,"enemies":"downfall:FleeingMerchant","floor":20.0,"turns":4.0},{"damage":17.0,"enemies":"downfall:LooterAlt2","floor":21.0,"turns":4.0},{"damage":7.0,"enemies":"downfall:FleeingMerchant","floor":22.0,"turns":4.0},{"damage":4.0,"enemies":"Centurion and Healer","floor":26.0,"turns":7.0},{"damage":5.0,"enemies":"Snake Plant","floor":27.0,"turns":3.0},{"damage":1.0,"enemies":"Snecko","floor":29.0,"turns":5.0},{"damage":5.0,"enemies":"3 Cultists","floor":32.0,"turns":3.0},{"damage":36,"enemies":"WA_ARCHETYPE_CALM","floor":33,"turns":13},{"damage":16,"enemies":"Orb Walker","floor":36,"turns":4},{"damage":0,"enemies":"downfall:FleeingMerchant","floor":37,"turns":4},{"damage":5,"enemies":"downfall:FleeingMerchant","floor":38,"turns":4},{"damage":6,"enemies":"3 Shapes","floor":39,"turns":3},{"damage":10,"enemies":"Jaw Worm Horde","floor":40,"turns":4},{"damage":1,"enemies":"4 Shapes","floor":42,"turns":8},{"damage":3,"enemies":"downfall:FleeingMerchant","floor":43,"turns":3},{"damage":13,"enemies":"Giant Head","floor":44,"turns":8},{"damage":10,"enemies":"Transient","floor":45,"turns":5},{"damage":9,"enemies":"3 Darklings","floor":46,"turns":6},{"damage":0,"enemies":"Sphere and 2 Shapes","floor":48,"turns":4},{"damage":11,"enemies":"Jaw Worm Horde","floor":49,"turns":5},{"damage":11,"enemies":"SI_POISON_ARCHETYPE","floor":50,"turns":9}],"seed_played":"7275682817939943718","potions_obtained":[{"floor":5.0,"key":"Fire Potion"},{"floor":8.0,"key":"Fruit Juice"},{"floor":12.0,"key":"Fire Potion"},{"floor":19.0,"key":"EssenceOfSteel"},{"floor":21.0,"key":"Swift Potion"},{"floor":27.0,"key":"Explosive Potion"},{"floor":33,"key":"Fire Potion"},{"floor":39,"key":"SkillPotion"},{"floor":40,"key":"EntropicBrew"},{"floor":42,"key":"FearPotion"}],"is_trial":false,"path_per_floor":["R","M","M","?","M","M","T","M","?","M","?","M","R","M","M","B",null,"R","M","$","M","$","R","T","R","M","M","?","M","R","T","M","B",null,"R","M","$","?","M","M","T","M","$","E","M","M","R","M","M","B",null],"character_chosen":"GUARDIAN","items_purchased":["Guardian:Reroute","Sling","Guardian:StasisField","OrangePellets","Guardian:ShieldCharger","Guardian:PrismaticBeam","Guardian:Gem_Green","Sundial"],"campfire_rested":1,"item_purchase_floors":[22,22,37,37,37,43,43,43],"current_hp_per_floor":[80,79,74,74,74,67,67,61,61,55,55,51,51,49,39,8,85,85,73,73,56,49,49,49,74,70,65,65,64,64,64,59,23,85,85,69,84,79,73,63,63,62,74,61,51,42,42,42,31,20],"gold":236,"neow_bonus":"BOSS_RELIC","is_daily":false,"chose_seed":false,"campfire_upgraded":6,"win_rate":0.0,"timestamp":1613628625,"path_taken":["R","M","M","?","M","M","T","M","?","M","?","M","R","?","M","BOSS","R","M","$","M","$","R","T","R","M","?","?","M","R","?","M","BOSS","R","M","$","?","M","M","T","M","$","E","M","M","R","?","M","BOSS"],"items_purchased_type":["Card","Relic","Card","Relic","Card","Card","Card","Relic"],"build_version":"2020-12-22","purchased_purges":0,"victory":true,"max_hp_per_floor":[80,80,80,80,80,80,80,85,85,85,85,85,85,85,85,85,85,85,85,85,85,85,85,85,85,85,85,85,85,85,85,85,85,85,85,85,85,85,85,85,85,85,85,85,85,85,85,85,85,85],"card_choices":[{"not_picked":["Guardian:PiercingHide","Guardian:WalkerClaw"],"picked":"Guardian:Gem_Cyan","floor":2.0},{"not_picked":["Guardian:FloatingOrbs","Guardian:ShieldSpikes"],"picked":"Guardian:ChargeCore","floor":3.0},{"not_picked":["Guardian:VentSteam","Guardian:Incinerate"],"picked":"Guardian:Planning","floor":5.0},{"not_picked":["Guardian:WalkerClaw","Guardian:RollAttack","Guardian:Reroute"],"picked":"SKIP","floor":6.0},{"not_picked":["Guardian:ArmoredProtocol","Guardian:PolyBeam"],"picked":"Guardian:TemporalStrike","floor":8.0},{"not_picked":["Guardian:Gem_Fragmented","Guardian:Planning"],"picked":"Guardian:Emergency","floor":10.0},{"not_picked":["Guardian:BaubleBeam","Guardian:WalkerClaw"],"picked":"Guardian:TimeBomb","floor":12.0},{"not_picked":["Guardian:PiercingHide","Guardian:TimeCapacitor","Guardian:Suspension"],"picked":"SKIP","floor":14.0},{"not_picked":["Guardian:TemporalShield","Guardian:Reroute"],"picked":"Guardian:CrystalBeam","floor":15.0},{"not_picked":["Guardian:StasisStrike","Guardian:HyperBeam_Guardian"],"picked":"Guardian:Gem_Synthetic","floor":16.0},{"not_picked":["Guardian:GuardianWhirl","Guardian:PiercingHide","Guardian:BronzeArmor"],"picked":"SKIP","floor":19.0},{"not_picked":["Guardian:Suspension+1","Guardian:Gem_Green"],"picked":"Guardian:Gem_Crimson","floor":20.0},{"not_picked":["Guardian:Planning","Guardian:Gem_Fragmented"],"picked":"Guardian:ShieldCharger","floor":21.0},{"not_picked":["Guardian:Gem_Cyan","Guardian:Gem_Red"],"picked":"Guardian:Gem_Yellow","floor":22.0},{"not_picked":["Guardian:Gem_Green","Guardian:WalkerClaw"],"picked":"Guardian:Recover+1","floor":26.0},{"not_picked":["Guardian:Planning","Guardian:Reroute+1"],"picked":"Guardian:PrismaticBarrier","floor":27.0},{"not_picked":["Guardian:Preprogram","Guardian:Recover+1"],"picked":"Guardian:Gem_Lightblue","floor":29.0},{"not_picked":["Guardian:PiercingHide","Guardian:Gem_Cyan"],"picked":"Guardian:SphericShield","floor":32.0},{"not_picked":["Guardian:ExploitGems","Guardian:HyperBeam_Guardian"],"picked":"Guardian:Gem_Orange","floor":33},{"not_picked":["Guardian:Incinerate+1","Guardian:Suspension","Guardian:TemporalShield"],"picked":"SKIP","floor":36},{"not_picked":["Guardian:Gem_Purple","Guardian:Reroute+1"],"picked":"Guardian:BodySlam","floor":37},{"not_picked":["Guardian:Gem_Green","Guardian:BodySlam"],"picked":"Guardian:Gem_White","floor":39},{"not_picked":["Guardian:Suspension","Guardian:TemporalShield"],"picked":"Guardian:PolyBeam+1","floor":40},{"not_picked":["Guardian:PolyBeam","Guardian:TemporalShield+1","Guardian:Suspension"],"picked":"SKIP","floor":42},{"not_picked":["Guardian:TemporalShield","Guardian:Recover+1"],"picked":"Guardian:Gem_Crimson","floor":43},{"not_picked":["Guardian:ArmoredProtocol","Guardian:Clone"],"picked":"Guardian:BronzeOrb+1","floor":44},{"not_picked":["Guardian:Gem_Red","Guardian:TimeCapacitor"],"picked":"Guardian:Gem_Orange","floor":45},{"not_picked":["Guardian:Gem_Red","Guardian:Gem_Cyan"],"picked":"Guardian:Suspension","floor":46},{"not_picked":["Guardian:PrimingBeam","Guardian:Gem_Yellow"],"picked":"Guardian:ChargeCore+1","floor":48},{"not_picked":["Guardian:ExploitGems","Guardian:Planning+1"],"picked":"Guardian:TemporalShield+1","floor":49}],"player_experience":270630,"relics_obtained":[{"floor":7.0,"key":"Gambling Chip"},{"floor":24.0,"key":"MawBank"},{"floor":31.0,"key":"MealTicket"},{"floor":38,"key":"downfall:GremlinWheel"},{"floor":41,"key":"Torii"},{"floor":44,"key":"Thread and Needle"},{"floor":47,"key":"War Paint"}],"event_choices":[{"damage_healed":0.0,"max_hp_gain":0.0,"max_hp_loss":0.0,"gold_gain":0.0,"event_name":"FaceTrader","player_choice":"Trade","floor":11.0,"gold_loss":0.0,"damage_taken":0.0,"relics_obtained":["CultistMask"]},{"damage_healed":0,"gold_gain":0,"player_choice":"Relic","damage_taken":0,"max_hp_gain":0,"max_hp_loss":0,"event_name":"Wheel of Change","floor":47,"gold_loss":0}],"is_beta":false,"boss_relics":[{"not_picked":["SacredBark","Velvet Choker"],"picked":"Astrolabe"},{"not_picked":["Fusion Hammer","Snecko Eye"],"picked":"Coffee Dripper"}],"items_purged_floors":[],"is_endless":false,"potions_floor_spawned":[5,8,9,12,19,21,27,29,33,39,40,42,44,46,48,49],"ascension_level":0}}