{"host":"ry6l6fs2ordh092u","time":1613623718,"event":{"mods":["AchievementEnabler","BaseMod","BetterRewards","Gold Saver","Minty Spire (QoL Compilation)","Quick Restart","StSLib","SuperFastMode","The Jungle"],"gold_per_floor":[34,34,51,66,66,91,156,185,185,185,201,232,232,249,249,328,328,340,340,340,350,165,196,196,231,309,339,339,356,369,383,383,462,462,474,493,493,188,188,188,215,261,288,314,314,331,365,62,62,62,62,62,62,62,92,92],"floor_reached":57,"language":"ENG","playtime":1807,"items_purged":["Strike_B","Strike_B","Defend_B","Defend_B","Strike_B","Defend_B","Rip and Tear"],"score":4357,"play_id":"e0819c75-8511-464f-a30f-92e47f47563e","local_time":"20210218134838","is_ascension_mode":true,"campfire_choices":[{"data":"Genetic Algorithm","floor":13.0,"key":"SMITH"},{"data":"Consume","floor":15.0,"key":"SMITH"},{"floor":24.0,"key":"RECALL"},{"data":"Hologram","floor":28.0,"key":"SMITH"},{"data":"Coolheaded","floor":32.0,"key":"SMITH"},{"data":"Defragment","floor":40.0,"key":"SMITH"},{"data":"Heatsinks","floor":49.0,"key":"SMITH"},{"data":"Defragment","floor":53.0,"key":"SMITH"}],"circlet_count":0,"master_deck":["AscendersBane","Zap","Dualcast","Beam Cell","Coolheaded+1","Hologram+1","Consume+1","Ball Lightning","Heatsinks+1","Conserve Battery","Genetic Algorithm+1","Turbo","Coolheaded","BootSequence","Electrodynamics","Force Field+1","Deep Breath+1","Defragment","Defragment+1","Defragment","Loop","Defragment+1","Defragment","Defragment","Recycle+1"],"relics":["Cracked Core","OrangePellets","Matryoshka","Akabeko","Blood Vial","Singing Bowl","DataDisk","ClockworkSouvenir","Calipers","Bird Faced Urn","Runic Capacitor","Meat on the Bone","StrikeDummy","Eternal Feather","HornCleat","Symbiotic Virus","The Courier","Bag of Marbles","Busted Crown","theJungle:Creamberry","Toy Ornithopter","Ginger","Tiny Chest","CaptainsWheel","Black Star","Bag of Preparation","Blue Candle","Pocketwatch","Orichalcum","Molten Egg 2","Mummified Hand","Incense Burner","Turnip","Strawberry","Pen Nib","White Beast Statue"],"acts_visited":["Exordium","theJungle:Jungle","TheBeyond","TheEnding"],"potions_floor_usage":[56,56],"damage_taken":[{"damage":0.0,"enemies":"Jaw Worm","floor":1.0,"turns":1.0},{"damage":0.0,"enemies":"2 Louse","floor":3.0,"turns":1.0},{"damage":4.0,"enemies":"Small Slimes","floor":4.0,"turns":3.0},{"damage":0.0,"enemies":"3 Sentries","floor":6.0,"turns":3.0},{"damage":18.0,"enemies":"Lagavulin Event","floor":7.0,"turns":6.0},{"damage":17.0,"enemies":"Gremlin Nob","floor":8.0,"turns":4.0},{"damage":3.0,"enemies":"3 Louse","floor":11.0,"turns":3.0},{"damage":0.0,"enemies":"3 Sentries","floor":12.0,"turns":6.0},{"damage":0.0,"enemies":"Looter","floor":14.0,"turns":1.0},{"damage":0.0,"enemies":"The Guardian","floor":16.0,"turns":8.0},{"damage":2.0,"enemies":"Shell Parasite","floor":18.0,"turns":3.0},{"damage":0.0,"enemies":"theJungle:GiantWrat","floor":21.0,"turns":4.0},{"damage":0.0,"enemies":"theJungle:2_Phrogs","floor":23.0,"turns":5.0},{"damage":0.0,"enemies":"theJungle:Cassacara","floor":25.0,"turns":5.0},{"damage":0.0,"enemies":"theJungle:2_Phrogs","floor":27.0,"turns":6.0},{"damage":20.0,"enemies":"theJungle:2_Snecko_Cultists","floor":29.0,"turns":3.0},{"damage":0.0,"enemies":"Snake Plant","floor":30.0,"turns":3.0},{"damage":0.0,"enemies":"theJungle:Lyon","floor":31.0,"turns":4.0},{"damage":0.0,"enemies":"theJungle:FunGuy","floor":33.0,"turns":10.0},{"damage":2.0,"enemies":"3 Darklings","floor":35.0,"turns":3.0},{"damage":0.0,"enemies":"Orb Walker","floor":36.0,"turns":2.0},{"damage":0.0,"enemies":"Giant Head","floor":41.0,"turns":11.0},{"damage":17.0,"enemies":"2 Orb Walkers","floor":42.0,"turns":3.0},{"damage":0.0,"enemies":"Nemesis","floor":44.0,"turns":9.0},{"damage":0.0,"enemies":"Writhing Mass","floor":46.0,"turns":3.0},{"damage":0.0,"enemies":"Giant Head","floor":47.0,"turns":8.0},{"damage":0.0,"enemies":"Time Eater","floor":50.0,"turns":8.0},{"damage":0.0,"enemies":"Donu and Deca","floor":51.0,"turns":5.0},{"damage":0,"enemies":"Shield and Spear","floor":55,"turns":4},{"damage":0,"enemies":"The Heart","floor":56,"turns":8}],"seed_played":"6342187181090454541","potions_obtained":[{"floor":1.0,"key":"Explosive Potion"},{"floor":6.0,"key":"Regen Potion"},{"floor":7.0,"key":"EssenceOfSteel"},{"floor":11.0,"key":"SkillPotion"},{"floor":16.0,"key":"EssenceOfSteel"},{"floor":25.0,"key":"Ancient Potion"},{"floor":30.0,"key":"SteroidPotion"},{"floor":31.0,"key":"PotionOfCapacity"}],"is_trial":false,"path_per_floor":["M","?","M","M","?","E","?","E","T","?","M","E","R","M","R","B",null,"M","?","?","M","?","E","R","E","T","E","R","M","M","M","R","B",null,"M","M","?","$","?","R","E","?","T","E","T","M","E","$","R","B","B",null,"R","$","E","B",null],"character_chosen":"DEFECT","items_purchased":["OrangePellets","Matryoshka","Akabeko","Beam Cell","Coolheaded","Blood Vial","Hologram","Consume","Ball Lightning","Singing Bowl","DataDisk","ClockworkSouvenir","Calipers","Heatsinks","Conserve Battery","Bird Faced Urn","Genetic Algorithm","Turbo","Rip and Tear","Runic Capacitor","Coolheaded","DistilledChaos","Defragment","Defragment","Defragment","Loop","Defragment","Defragment","Defragment"],"campfire_rested":0,"item_purchase_floors":[0,0,0,0,0,0,0,0,0,0,0,0,0,0,0,0,0,0,0,0,0,0,38,38,48,48,48,48,48],"current_hp_per_floor":[26,8,24,36,36,40,42,41,41,41,54,60,69,73,82,86,87,89,74,64,72,72,78,87,95,95,101,102,86,92,98,106,108,108,110,112,106,106,106,110,112,101,101,113,113,118,127,127,127,127,127,127,127,127,127,127],"gold":92,"neow_bonus":"","is_daily":false,"chose_seed":false,"campfire_upgraded":7,"win_rate":0.0,"timestamp":1613623718,"path_taken":["M","?","M","M","?","E","?","E","T","?","M","E","R","M","R","BOSS","M","?","?","M","?","E","R","E","T","E","R","M","M","M","R","BOSS","M","M","?","$","?","R","E","?","T","E","?","?","E","?","R","BOSS","BOSS","R","$","E","BOSS"],"items_purchased_type":["Relic","Relic","Relic","Card","Card","Relic","Card","Card","Card","Relic","Relic","Relic","Relic","Card","Card","Relic","Card","Card","Card","Relic","Card","Potion","Card","Card","Card","Card","Card","Card","Card"],"build_version":"2020-12-22","purchased_purges":7,"victory":true,"max_hp_per_floor":[73,73,75,77,77,77,79,81,81,81,83,85,85,87,87,87,87,89,89,94,96,96,98,98,100,100,102,102,104,104,106,106,108,108,110,112,116,116,110,110,112,114,114,116,116,118,127,127,127,127,127,127,127,127,127,127],"card_choices":[{"not_picked":["Redo","Coolheaded","Leap"],"picked":"Singing Bowl","floor":1.0},{"not_picked":["Compile Driver","Reinforced Body","Rebound"],"picked":"Singing Bowl","floor":3.0},{"not_picked":["Lockon","Leap","Doom and Gloom"],"picked":"Singing Bowl","floor":4.0},{"not_picked":["Turbo","Buffer"],"picked":"BootSequence","floor":6.0},{"not_picked":["Redo","Coolheaded","Cold Snap"],"picked":"Singing Bowl","floor":7.0},{"not_picked":["Barrage","Skim","Redo"],"picked":"Singing Bowl","floor":8.0},{"not_picked":["Chill","Ball Lightning","Rip and Tear"],"picked":"Singing Bowl","floor":11.0},{"not_picked":["Machine Learning","Gash","Melter"],"picked":"Singing Bowl","floor":12.0},{"not_picked":["Skim","Reinforced Body","Stack"],"picked":"Singing Bowl","floor":14.0},{"not_picked":["Rainbow","Hyperbeam"],"picked":"Electrodynamics","floor":16.0},{"not_picked":["Chaos"],"picked":"Singing Bowl","floor":18.0},{"not_picked":["Redo"],"picked":"Singing Bowl","floor":21.0},{"not_picked":["Ball Lightning"],"picked":"Singing Bowl","floor":23.0},{"not_picked":["Cold Snap"],"picked":"Singing Bowl","floor":25.0},{"not_picked":["Streamline"],"picked":"Singing Bowl","floor":27.0},{"not_picked":["Barrage"],"picked":"Singing Bowl","floor":29.0},{"not_picked":[],"picked":"Force Field+1","floor":30.0},{"not_picked":["FTL+1"],"picked":"Singing Bowl","floor":31.0},{"not_picked":["Machine Learning+1"],"picked":"Singing Bowl","floor":33.0},{"not_picked":["Doom and Gloom+1"],"picked":"Singing Bowl","floor":35.0},{"not_picked":["Turbo"],"picked":"Singing Bowl","floor":36.0},{"not_picked":["Dramatic Entrance+1"],"picked":"Singing Bowl","floor":37.0},{"not_picked":[],"picked":"Deep Breath+1","floor":37.0},{"not_picked":["Secret Weapon+1"],"picked":"Singing Bowl","floor":37.0},{"not_picked":["Chaos+1"],"picked":"Singing Bowl","floor":41.0},{"not_picked":["Steam"],"picked":"Singing Bowl","floor":42.0},{"not_picked":["Stack+1"],"picked":"Singing Bowl","floor":44.0},{"not_picked":["Leap"],"picked":"Singing Bowl","floor":46.0},{"not_picked":["Redo+1"],"picked":"Singing Bowl","floor":47.0},{"not_picked":[],"picked":"Recycle+1","floor":55}],"player_experience":441242,"relics_obtained":[{"floor":6.0,"key":"StrikeDummy"},{"floor":8.0,"key":"HornCleat"},{"floor":9.0,"key":"Symbiotic Virus"},{"floor":9.0,"key":"The Courier"},{"floor":12.0,"key":"Bag of Marbles"},{"floor":23.0,"key":"Toy Ornithopter"},{"floor":25.0,"key":"Ginger"},{"floor":26.0,"key":"Tiny Chest"},{"floor":27.0,"key":"CaptainsWheel"},{"floor":41.0,"key":"Bag of Preparation"},{"floor":41.0,"key":"Blue Candle"},{"floor":42.0,"key":"Pocketwatch"},{"floor":43.0,"key":"Orichalcum"},{"floor":44.0,"key":"Molten Egg 2"},{"floor":44.0,"key":"Mummified Hand"},{"floor":45.0,"key":"Incense Burner"},{"floor":47.0,"key":"Turnip"},{"floor":47.0,"key":"Strawberry"},{"floor":55,"key":"Pen Nib"},{"floor":55,"key":"White Beast Statue"}],"event_choices":[{"damage_healed":0.0,"max_hp_gain":0.0,"max_hp_loss":0.0,"gold_gain":0.0,"event_name":"Scrap Ooze","player_choice":"Success","floor":2.0,"gold_loss":0.0,"damage_taken":18.0,"relics_obtained":["Meat on the Bone"]},{"cards_removed":["Strike_B"],"damage_healed":0.0,"max_hp_gain":0.0,"max_hp_loss":0.0,"gold_gain":0.0,"event_name":"Living Wall","player_choice":"Forget","floor":5.0,"gold_loss":0.0,"damage_taken":0.0},{"damage_healed":0.0,"max_hp_gain":0.0,"max_hp_loss":0.0,"gold_gain":0.0,"event_name":"Dead Adventurer","player_choice":"Searched \u00272\u0027 times","floor":7.0,"gold_loss":0.0,"damage_taken":0.0,"relics_obtained":["Eternal Feather"]},{"damage_healed":0.0,"max_hp_gain":0.0,"max_hp_loss":0.0,"gold_gain":0.0,"event_name":"Liars Game","player_choice":"Ignored","floor":10.0,"gold_loss":0.0,"damage_taken":0.0},{"damage_healed":0.0,"max_hp_gain":0.0,"max_hp_loss":0.0,"gold_gain":0.0,"event_name":"SensoryStone","player_choice":"Memory 3","floor":37.0,"gold_loss":0.0,"damage_taken":10.0},{"damage_healed":0.0,"max_hp_gain":0.0,"max_hp_loss":6.0,"gold_gain":0.0,"event_name":"Winding Halls","player_choice":"Max HP","floor":39.0,"gold_loss":0.0,"damage_taken":0.0},{"damage_healed":0.0,"max_hp_gain":0.0,"max_hp_loss":0.0,"gold_gain":0.0,"event_name":"Mysterious Sphere","player_choice":"Fight","floor":42.0,"gold_loss":0.0,"damage_taken":0.0}],"is_beta":false,"boss_relics":[{"not_picked":["Calling Bell","Runic Dome"],"picked":"Busted Crown"},{"not_picked":["Astrolabe","SlaversCollar"],"picked":"Black Star"}],"items_purged_floors":[0,0,0,0,0,0,38],"is_endless":false,"potions_floor_spawned":[1,6,7,11,16,25,30,31,35,42,47],"ascension_level":20}}