{"host":"zu1swnxjkaahohqc","time":1613611320,"event":{"mods":["BaseMod","Hubris","Minty Spire (QoL Compilation)","Replay The Spire","StSLib","UnlockEverythingMod"],"gold_per_floor":[113,113,288,288,213,64,94,94,94,109,124,199,199,210,210,210,210],"floor_reached":16,"language":"ENG","playtime":635,"items_purged":["Doubt","Defend_B"],"score":113,"play_id":"1a4debcf-7110-4725-ad90-12fb5c7c18bd","local_time":"20210217202200","is_ascension_mode":true,"campfire_choices":[{"data":"Redo","floor":8.0,"key":"SMITH"},{"data":"Barrage","floor":13.0,"key":"SMITH"},{"floor":15.0,"key":"REST"}],"circlet_count":0,"master_deck":["Strike_B","Strike_B","Strike_B","Strike_B","Defend_B","Defend_B","Defend_B","Dualcast","Rainbow+1","Redo+1","Compile Driver","Barrage+1"],"relics":["Cracked Core","hubris:Spice","hubris:Icosahedron","ReplayFunnel","hubris:SlimyHat"],"acts_visited":["Exordium"],"potions_floor_usage":[],"damage_taken":[{"damage":8.0,"enemies":"2 Louse","floor":1.0,"turns":2.0},{"damage":14.0,"enemies":"Lagavulin","floor":7.0,"turns":6.0},{"damage":7.0,"enemies":"Small Slimes","floor":10.0,"turns":2.0},{"damage":10.0,"enemies":"Jaw Worm","floor":11.0,"turns":2.0},{"damage":11.0,"enemies":"Large Slime","floor":14.0,"turns":3.0},{"damage":19,"enemies":"Fading Forest","floor":16,"turns":8}],"seed_played":"-1536822722504704664","potions_obtained":[{"floor":7.0,"key":"PotionOfCapacity"},{"floor":10.0,"key":"Milkshake"}],"is_trial":false,"path_per_floor":["M","?","?","?","$","$","E","R","T","M","M","?","R","M","R","B"],"character_chosen":"DEFECT","items_purchased":["Block Potion"],"campfire_rested":1,"item_purchase_floors":[6],"current_hp_per_floor":[68,68,68,68,68,68,54,54,54,47,37,26,26,15,37,26,26],"gold":210,"neow_bonus":"ONE_RARE_RELIC","is_daily":false,"chose_seed":false,"campfire_upgraded":2,"win_rate":0.0,"timestamp":1613611320,"path_taken":["M","?","?","?","?","$","E","R","T","M","M","?","R","M","R","BOSS"],"items_purchased_type":["Potion"],"build_version":"2020-12-13","purchased_purges":2,"victory":false,"max_hp_per_floor":[76,76,76,76,76,76,76,76,76,76,76,76,76,76,76,76,76],"card_choices":[{"not_picked":["Beam Cell","Reinforced Body","Ball Lightning"],"picked":"SKIP","floor":1.0},{"not_picked":["Streamline","Scrape"],"picked":"Redo","floor":7.0},{"not_picked":["ReplayTheSpireMod:System Scan","Leap"],"picked":"Compile Driver","floor":10.0},{"not_picked":["Echo Form","Beam Cell"],"picked":"Barrage","floor":11.0},{"not_picked":["Heatsinks","Coolheaded","Redo"],"picked":"SKIP","floor":14.0}],"player_experience":11127,"relics_obtained":[{"floor":7.0,"key":"ReplayFunnel"},{"floor":9.0,"key":"hubris:SlimyHat"}],"event_choices":[{"damage_healed":0.0,"max_hp_gain":0.0,"max_hp_loss":0.0,"gold_gain":175.0,"event_name":"Liars Game","player_choice":"AGREE","floor":3.0,"gold_loss":0.0,"damage_taken":0.0,"cards_obtained":["Doubt"]},{"damage_healed":0.0,"max_hp_gain":0.0,"max_hp_loss":0.0,"gold_gain":75.0,"event_name":"World of Goop","player_choice":"Gather Gold","floor":12.0,"gold_loss":0.0,"damage_taken":11.0}],"is_beta":false,"boss_relics":[],"items_purged_floors":[5,6],"is_endless":false,"potions_floor_spawned":[7,10],"killed_by":"Fading Forest","ascension_level":3}}