{"host":"g3js2eermvvpeiqn","time":1613668283,"event":{"mods":["BaseMod","DeckTracker","Downfall","Minty Spire (QoL Compilation)","Quick Restart","StSLib"],"gold_per_floor":[214,233,253,0,17,17,17,49,49,67,67,1,20,44,44,118,118,133,133,4,4,4,29,29,56,56,56,74,24,35,48,48,125,175,193,49,65,80,90,117,55,55,55,72,72,72,72,72,72,72,72,72,72,3,36,36,36],"floor_reached":56,"language":"ENG","playtime":3611,"items_purged":["Strike_B","Normality","Strike_B"],"score":1805,"play_id":"31c8605b-030d-4284-b401-db6617f0a10e","local_time":"20210218111123","is_ascension_mode":true,"campfire_choices":[{"data":"Go for the Eyes","floor":6.0,"key":"SMITH"},{"floor":11.0,"key":"REST"},{"data":"Gash","floor":15.0,"key":"SMITH"},{"floor":24.0,"key":"REST"},{"floor":27.0,"key":"REST"},{"floor":32.0,"key":"REST"},{"floor":42.0,"key":"REST"},{"floor":46.0,"key":"RECALL"},{"floor":49.0,"key":"REST"},{"data":"Defragment","floor":53.0,"key":"SMITH"}],"circlet_count":0,"master_deck":["AscendersBane","Strike_B","Strike_B","Defend_B+1","Defend_B","Defend_B","Defend_B","Zap","Dualcast","Sweeping Beam","Gash","Go for the Eyes+1","Seek","Coolheaded+1","Coolheaded+1","Genetic Algorithm+1","Gash+1","Seek+1","Hologram+1","Defragment+1","Hologram+1","Gash","Coolheaded+1","Leap+1","Glacier+1","Blizzard+1","Gash+1","Capacitor","Leap+1"],"relics":["Cracked Core","Membership Card","Vajra","Toxic Egg 2","InkBottle","Odd Mushroom","Cursed Key","Oddly Smooth Stone","Ancient Tea Set","Bag of Preparation","Tiny House","Bronze Scales","Molten Egg 2","Art of War"],"acts_visited":["Exordium","TheCity","TheBeyond","TheEnding"],"potions_floor_usage":[],"damage_taken":[{"damage":1.0,"enemies":"Cultist","floor":1.0,"turns":3.0},{"damage":0.0,"enemies":"Small Slimes","floor":2.0,"turns":2.0},{"damage":7.0,"enemies":"2 Louse","floor":3.0,"turns":2.0},{"damage":6.0,"enemies":"Looter","floor":5.0,"turns":2.0},{"damage":27.0,"enemies":"Lagavulin","floor":8.0,"turns":8.0},{"damage":3.0,"enemies":"Large Slime","floor":10.0,"turns":4.0},{"damage":0.0,"enemies":"Blue Slaver","floor":13.0,"turns":4.0},{"damage":9.0,"enemies":"The Mushroom Lair","floor":14.0,"turns":4.0},{"damage":14.0,"enemies":"The Guardian","floor":16.0,"turns":11.0},{"damage":5.0,"enemies":"2 Thieves","floor":18.0,"turns":3.0},{"damage":13.0,"enemies":"Gremlin Leader","floor":23.0,"turns":8.0},{"damage":27.0,"enemies":"Slavers","floor":25.0,"turns":10.0},{"damage":2.0,"enemies":"Shell Parasite","floor":28.0,"turns":6.0},{"damage":6.0,"enemies":"Shelled Parasite and Fungi","floor":30.0,"turns":5.0},{"damage":1.0,"enemies":"Snake Plant","floor":31.0,"turns":5.0},{"damage":47.0,"enemies":"Collector","floor":33.0,"turns":10.0},{"damage":5.0,"enemies":"3 Shapes","floor":35.0,"turns":7.0},{"damage":13.0,"enemies":"3 Darklings","floor":37.0,"turns":6.0},{"damage":2.0,"enemies":"Sphere and 2 Shapes","floor":38.0,"turns":6.0},{"damage":0.0,"enemies":"4 Shapes","floor":39.0,"turns":5.0},{"damage":17.0,"enemies":"Nemesis","floor":40.0,"turns":7.0},{"damage":4.0,"enemies":"Maw","floor":44.0,"turns":8.0},{"damage":1.0,"enemies":"Awakened One","floor":50.0,"turns":14.0},{"damage":58.0,"enemies":"Time Eater","floor":51.0,"turns":13.0},{"damage":43.0,"enemies":"Shield and Spear","floor":55.0,"turns":11.0},{"damage":27,"enemies":"The Heart","floor":56,"turns":3}],"seed_played":"-4406410546381776624","potions_obtained":[{"floor":1.0,"key":"Slimebound:ThreeZeroPotion"},{"floor":3.0,"key":"Ancient Potion"},{"floor":10.0,"key":"SpeedPotion"},{"floor":14.0,"key":"Fire Potion"},{"floor":18.0,"key":"DistilledChaos"},{"floor":25.0,"key":"Swift Potion"},{"floor":28.0,"key":"SkillPotion"},{"floor":31.0,"key":"AttackPotion"},{"floor":34.0,"key":"LiquidMemories"},{"floor":40.0,"key":"Guardian:BlockOnCardUsePotion"},{"floor":44.0,"key":"Fire Potion"}],"is_trial":false,"path_per_floor":["M","M","M","$","M","R","?","E","T","M","R","$","M","?","R","B",null,"M","?","$","?","?","E","R","E","T","R","M","$","M","M","R","B",null,"M","$","M","M","M","E","$","R","T","M","?","R","?","?","R","B","B",null,"R","$","E","B"],"character_chosen":"DEFECT","items_purchased":["Membership Card","Seek","Coolheaded+1","Hologram+1","Defragment","Oddly Smooth Stone","Bronze Scales","Glacier+1","Blizzard+1","Capacitor","SkillPotion"],"campfire_rested":6,"item_purchase_floors":[4,4,12,20,20,20,36,41,41,54,54],"current_hp_per_floor":[63,63,56,56,50,50,50,23,23,20,41,41,41,32,32,18,58,53,33,33,33,33,20,42,15,15,37,35,35,29,28,50,3,63,58,58,45,43,43,26,26,50,50,46,46,46,46,46,70,69,11,64,64,64,21,0,0],"gold":36,"neow_bonus":"HUNDRED_GOLD","is_daily":false,"chose_seed":false,"campfire_upgraded":3,"win_rate":0.0,"timestamp":1613668283,"path_taken":["M","M","M","$","M","R","?","E","T","M","R","$","?","?","R","BOSS","M","?","$","?","?","E","R","E","T","R","M","$","M","M","R","BOSS","M","$","M","M","M","E","$","R","T","M","?","R","?","?","R","BOSS","BOSS","R","$","E","BOSS"],"items_purchased_type":["Relic","Card","Card","Card","Card","Relic","Relic","Card","Card","Card","Potion"],"build_version":"2020-12-22","purchased_purges":3,"victory":false,"max_hp_per_floor":[71,71,71,71,71,71,71,71,71,71,71,71,71,71,71,71,71,71,76,76,76,76,76,76,76,76,76,76,76,76,76,76,76,81,81,81,81,81,81,81,81,81,81,81,81,81,81,81,81,81,81,81,81,81,81,81,81],"card_choices":[{"not_picked":["FTL","Force Field"],"picked":"Sweeping Beam","floor":1.0},{"not_picked":["Stack","Redo"],"picked":"Gash","floor":2.0},{"not_picked":["Steam","Cold Snap"],"picked":"Go for the Eyes","floor":3.0},{"not_picked":["Aggregate","Static Discharge","Cold Snap"],"picked":"SKIP","floor":5.0},{"not_picked":["Cold Snap","Stack+1","Static Discharge"],"picked":"SKIP","floor":8.0},{"not_picked":["Reinforced Body+1","Loop"],"picked":"Coolheaded+1","floor":10.0},{"not_picked":["Beam Cell","Conserve Battery+1"],"picked":"Genetic Algorithm+1","floor":13.0},{"not_picked":["FTL","Capacitor"],"picked":"Gash","floor":14.0},{"not_picked":["Thunder Strike","Hyperbeam"],"picked":"Seek+1","floor":16.0},{"not_picked":["Beam Cell","Ball Lightning","Compile Driver"],"picked":"SKIP","floor":18.0},{"not_picked":["Compile Driver","Lockon"],"picked":"Coolheaded+1","floor":23.0},{"not_picked":["Stack+1","Barrage","Ball Lightning+1"],"picked":"SKIP","floor":25.0},{"not_picked":["Melter","Leap+1"],"picked":"Hologram+1","floor":28.0},{"not_picked":["Static Discharge","Rebound"],"picked":"Gash","floor":30.0},{"not_picked":["Doom and Gloom","Steam Power+1","Stack+1"],"picked":"SKIP","floor":31.0},{"not_picked":["Streamline","Scrape","Redo+1"],"picked":"SKIP","floor":35.0},{"not_picked":["Stack+1","Fusion+1","Redo+1"],"picked":"SKIP","floor":37.0},{"not_picked":["Rip and Tear","Barrage+1","Turbo+1"],"picked":"SKIP","floor":38.0},{"not_picked":["Darkness+1","Turbo+1"],"picked":"Coolheaded+1","floor":39.0},{"not_picked":["Machine Learning","Chaos+1"],"picked":"Leap+1","floor":40.0},{"not_picked":["Steam+1","Go for the Eyes+1"],"picked":"Gash+1","floor":44.0},{"not_picked":["Genetic Algorithm+1","Rip and Tear+1"],"picked":"Leap+1","floor":55.0}],"player_experience":1480931,"relics_obtained":[{"floor":8.0,"key":"Toxic Egg 2"},{"floor":9.0,"key":"InkBottle"},{"floor":14.0,"key":"Odd Mushroom"},{"floor":23.0,"key":"Ancient Tea Set"},{"floor":25.0,"key":"Bag of Preparation"},{"floor":40.0,"key":"Molten Egg 2"},{"floor":55.0,"key":"Art of War"}],"event_choices":[{"damage_healed":0.0,"max_hp_gain":0.0,"max_hp_loss":0.0,"gold_gain":0.0,"event_name":"WeMeetAgain","player_choice":"Gave Potion","floor":7.0,"gold_loss":0.0,"damage_taken":0.0,"relics_obtained":["Vajra"]},{"damage_healed":0.0,"max_hp_gain":0.0,"max_hp_loss":0.0,"gold_gain":0.0,"event_name":"Mushrooms","player_choice":"Fought Mushrooms","floor":14.0,"gold_loss":0.0,"damage_taken":0.0},{"damage_healed":0.0,"max_hp_gain":5.0,"max_hp_loss":0.0,"gold_gain":0.0,"event_name":"Forgotten Altar","player_choice":"Shed Blood","floor":19.0,"gold_loss":0.0,"damage_taken":25.0},{"damage_healed":0.0,"max_hp_gain":0.0,"max_hp_loss":0.0,"gold_gain":0.0,"event_name":"The Mausoleum","player_choice":"Ignored","floor":21.0,"gold_loss":0.0,"damage_taken":0.0},{"damage_healed":0.0,"max_hp_gain":0.0,"max_hp_loss":0.0,"gold_gain":0.0,"event_name":"Vampires","player_choice":"Ignored","floor":22.0,"gold_loss":0.0,"damage_taken":0.0},{"damage_healed":0.0,"max_hp_gain":0.0,"max_hp_loss":0.0,"gold_gain":0.0,"event_name":"Mysterious Sphere","player_choice":"Ignored","floor":45.0,"gold_loss":0.0,"damage_taken":0.0},{"damage_healed":0.0,"max_hp_gain":0.0,"max_hp_loss":0.0,"gold_gain":0.0,"event_name":"Tomb of Lord Red Mask","player_choice":"Ignored","floor":47.0,"gold_loss":0.0,"damage_taken":0.0},{"cards_removed":["Coolheaded"],"damage_healed":0.0,"max_hp_gain":0.0,"max_hp_loss":0.0,"gold_gain":0.0,"event_name":"Falling","player_choice":"Removed Skill","floor":48.0,"gold_loss":0.0,"damage_taken":0.0}],"is_beta":false,"boss_relics":[{"not_picked":["Pandora\u0027s Box","Snecko Eye"],"picked":"Cursed Key"},{"not_picked":["Fusion Hammer","Runic Pyramid"],"picked":"Tiny House"}],"items_purged_floors":[12,29,36],"is_endless":false,"potions_floor_spawned":[1,3,10,14,18,25,28,31,40,44],"killed_by":"The Heart","ascension_level":20}}