{"host":"uod8ea48n93qw90p","time":1613610463,"event":{"mods":["AchievementEnabler","BaseMod","Highlight Path","Minty Spire (QoL Compilation)","Relic Stats","StSLib","ojb\u0027s Info Mod"],"gold_per_floor":[117,127,202,202,214,241,241,256,256,275,306,306,306,231,231,302,302,318,318,353,363,1,32,46,55,55,55,55],"floor_reached":27,"language":"ENG","playtime":1686,"items_purged":["Finisher"],"score":482,"play_id":"434de9ae-9df1-4692-9052-8b470edd26d4","local_time":"20210217190743","is_ascension_mode":true,"campfire_choices":[{"floor":7.0,"key":"REST"},{"data":"Skewer","floor":13.0,"key":"SMITH"},{"data":"Noxious Fumes","floor":15.0,"key":"SMITH"}],"circlet_count":0,"master_deck":["AscendersBane","Survivor","Neutralize","Skewer+1","Dash","Slice","Well Laid Plans","Noxious Fumes+1","Grand Finale","Acrobatics","Wraith Form v2","PiercingWail","Dash","Terror","Venomology","Cloak And Dagger","Venomology","Quick Slash","Backstab+1","Crippling Poison","Noxious Fumes","Backflip","Dagger Throw","Shame"],"relics":["Ring of the Snake","Bag of Marbles","Bottled Flame","Pear","Snake Skull","Pandora\u0027s Box","Red Mask","Lantern","Bottled Tornado","CeramicFish"],"acts_visited":["Exordium","TheCity"],"potions_floor_usage":[23,23,24],"damage_taken":[{"damage":2.0,"enemies":"Small Slimes","floor":1.0,"turns":5.0},{"damage":0.0,"enemies":"2 Louse","floor":2.0,"turns":2.0},{"damage":0.0,"enemies":"Cultist","floor":5.0,"turns":3.0},{"damage":38.0,"enemies":"Lagavulin","floor":6.0,"turns":7.0},{"damage":9.0,"enemies":"Exordium Wildlife","floor":8.0,"turns":7.0},{"damage":7.0,"enemies":"3 Louse","floor":10.0,"turns":2.0},{"damage":6.0,"enemies":"Gremlin Nob","floor":11.0,"turns":3.0},{"damage":7.0,"enemies":"The Guardian","floor":16.0,"turns":9.0},{"damage":4.0,"enemies":"2 Thieves","floor":18.0,"turns":2.0},{"damage":28.0,"enemies":"Masked Bandits","floor":20.0,"turns":6.0},{"damage":0.0,"enemies":"3 Byrds","floor":21.0,"turns":6.0},{"damage":22,"enemies":"Book of Stabbing","floor":23,"turns":5},{"damage":0,"enemies":"Cultist and Chosen","floor":24,"turns":5},{"damage":14,"enemies":"Slavers","floor":27,"turns":1}],"seed_played":"8073636281370349365","potions_obtained":[{"floor":1.0,"key":"SkillPotion"},{"floor":8.0,"key":"GamblersBrew"},{"floor":10.0,"key":"Swift Potion"},{"floor":18.0,"key":"ColorlessPotion"},{"floor":23,"key":"SpeedPotion"}],"is_trial":false,"path_per_floor":["M","M","?","?","M","E","R","M","T","M","E","?","R","?","R","B",null,"M","?","?","M","$","E","M","?","T","E"],"character_chosen":"THE_SILENT","items_purchased":["Crippling Poison","Lantern","Noxious Fumes"],"campfire_rested":1,"item_purchase_floors":[22,22,22],"current_hp_per_floor":[57,57,46,46,46,8,27,18,28,21,15,20,20,20,20,13,64,60,60,32,32,32,10,10,10,10,0,0],"gold":55,"neow_bonus":"RANDOM_COMMON_RELIC","is_daily":false,"chose_seed":false,"campfire_upgraded":2,"win_rate":0.0,"timestamp":1613610463,"path_taken":["M","M","?","?","M","E","R","M","T","?","E","?","R","?","R","BOSS","M","?","?","M","$","E","M","?","T","E"],"items_purchased_type":["Card","Relic","Card"],"build_version":"2020-12-22","purchased_purges":1,"victory":false,"max_hp_per_floor":[66,66,66,66,66,66,66,66,76,76,76,81,81,81,81,81,81,81,81,81,81,81,81,81,81,81,81,81],"relic_stats":{"counters":[14,63],"CeramicFish":9,"Pandora\u0027s Box":["PiercingWail","Dash","Finisher","Terror","Venomology","Cloak And Dagger","Venomology","Quick Slash"],"Snake Skull":[23],"obtain_stats":[{"Bottled Flame":6,"Lantern":22,"Pear":9,"CeramicFish":25,"Pandora\u0027s Box":17,"Snake Skull":11,"Bag of Marbles":0,"Red Mask":20,"Bottled Tornado":23,"Ring of the Snake":0},{"Bottled Flame":4,"Lantern":11,"Pear":5,"CeramicFish":13,"Pandora\u0027s Box":8,"Snake Skull":7,"Bag of Marbles":0,"Red Mask":10,"Bottled Tornado":12,"Ring of the Snake":0},{"Bottled Flame":17,"Lantern":52,"Pear":24,"CeramicFish":62,"Pandora\u0027s Box":38,"Snake Skull":29,"Bag of Marbles":0,"Red Mask":46,"Bottled Tornado":57,"Ring of the Snake":0}],"Ring of the Snake":[28]},"card_choices":[{"not_picked":["Deflect","Prepared"],"picked":"Skewer","floor":1.0},{"not_picked":["Expertise","Endless Agony"],"picked":"Dash","floor":2.0},{"not_picked":["Backflip","Eviscerate"],"picked":"Slice","floor":5.0},{"not_picked":["Dash","Slice"],"picked":"Well Laid Plans","floor":6.0},{"not_picked":["Dagger Spray","Poisoned Stab"],"picked":"Noxious Fumes","floor":8.0},{"not_picked":["Sucker Punch","Dodge and Roll"],"picked":"Grand Finale","floor":10.0},{"not_picked":["Reflex","Expertise"],"picked":"Acrobatics","floor":11.0},{"not_picked":["A Thousand Cuts","Unload"],"picked":"Wraith Form v2","floor":16.0},{"not_picked":["Eviscerate","Blade Dance","Slice+1"],"picked":"SKIP","floor":18.0},{"not_picked":["Slice","Dodge and Roll"],"picked":"Backstab+1","floor":21.0},{"not_picked":["Finisher","Dagger Throw"],"picked":"Backflip","floor":23},{"not_picked":["Eviscerate","Tactician+1"],"picked":"Dagger Throw","floor":24}],"player_experience":140237,"relics_obtained":[{"floor":6.0,"key":"Bottled Flame"},{"floor":9.0,"key":"Pear"},{"floor":11.0,"key":"Snake Skull"},{"floor":20.0,"key":"Red Mask"},{"floor":23,"key":"Bottled Tornado"}],"event_choices":[{"damage_healed":0.0,"max_hp_gain":0.0,"max_hp_loss":0.0,"gold_gain":75.0,"event_name":"World of Goop","player_choice":"Gather Gold","floor":3.0,"gold_loss":0.0,"damage_taken":11.0},{"cards_removed":["Strike_G"],"damage_healed":0.0,"max_hp_gain":0.0,"max_hp_loss":0.0,"gold_gain":0.0,"event_name":"Bonfire Elementals","player_choice":"Offered Basic","floor":4.0,"gold_loss":0.0,"damage_taken":0.0},{"damage_healed":0.0,"max_hp_gain":5.0,"max_hp_loss":0.0,"gold_gain":0.0,"event_name":"Big Fish","player_choice":"Donut","floor":12.0,"gold_loss":0.0,"damage_taken":0.0},{"cards_removed":["Strike_G"],"damage_healed":0.0,"max_hp_gain":0.0,"max_hp_loss":0.0,"gold_gain":0.0,"event_name":"The Cleric","player_choice":"Card Removal","floor":14.0,"gold_loss":75.0,"damage_taken":0.0},{"damage_healed":0.0,"max_hp_gain":0.0,"max_hp_loss":0.0,"gold_gain":0.0,"event_name":"Ghosts","player_choice":"Ignored","floor":19.0,"gold_loss":0.0,"damage_taken":0.0},{"damage_healed":0.0,"max_hp_gain":0.0,"max_hp_loss":0.0,"gold_gain":0.0,"event_name":"Masked Bandits","player_choice":"Fought Bandits","floor":20.0,"gold_loss":0.0,"damage_taken":0.0},{"damage_healed":0,"gold_gain":0,"player_choice":"Stole Relic","damage_taken":0,"relics_obtained":["CeramicFish"],"max_hp_gain":0,"max_hp_loss":0,"event_name":"Addict","floor":25,"gold_loss":0,"cards_obtained":["Shame"]}],"is_beta":false,"boss_relics":[{"not_picked":["Runic Dome","Velvet Choker"],"picked":"Pandora\u0027s Box"}],"items_purged_floors":[22],"is_endless":false,"potions_floor_spawned":[1,8,10,18,20,23],"killed_by":"Slavers","ascension_level":20}}