{"host":"x5yhywqzhy6atib3","time":1613672052,"event":{"mods":["BaseMod","Colored Map","Colored Powertips","DeckTracker","Highlight Path","Minty Spire (QoL Compilation)","Rare Cards Sparkle","Replay The Spire","StSLib"],"gold_per_floor":[118,118,131,145,164,164,339,367,367,317,337,401,38,58,58,161,161,173,173,33,33,53,88,98,98,98,98,129,145,145,165,165,265,265,282,632,632,653,20,20,51,64,64,64,100,100,134,147,147,147],"floor_reached":51,"language":"KOR","playtime":4318,"items_purged":["Doubt"],"score":1118,"play_id":"173d870a-5b74-495e-9ddd-c14c88073d51","local_time":"20210218191412","is_ascension_mode":true,"campfire_choices":[{"data":"Dagger Spray","floor":6,"key":"SMITH"},{"floor":15,"key":"REST"},{"floor":27,"key":"REST"},{"floor":30,"key":"REST"},{"data":"Acrobatics","floor":32,"key":"SMITH"},{"floor":44,"key":"REST"},{"floor":46,"key":"REST"},{"floor":49,"key":"REST"}],"circlet_count":0,"master_deck":["Strike_G","Strike_G","Strike_G","Strike_G","Defend_G","Defend_G","Defend_G","Defend_G","Defend_G","Survivor","Blade Dance","Dagger Spray+1","Dagger Throw","Blade Dance","Endless Agony","Dodge and Roll","Sucker Punch","Atom Bomb","Adrenaline","PiercingWail","Acrobatics+1","Venomology","Slice","Bullet Time","Corpse Explosion","ReplayTheSpireMod:Shiv Toss","Endless Agony","Burst","Venomology","Draining Mist+1","A Thousand Cuts","Blade Dance","Blade Dance+1","Adrenaline","Shame","Distraction+1","Endless Agony","Endless Agony","Expertise","Writhe","Venomology","Cloak And Dagger+1","Footwork+1"],"relics":["Philosopher\u0027s Stone","Sundial","Replay:Accelerometer","WristBlade","Nloth\u0027s Gift","Boot","Calipers","Pen Nib","SlaversCollar","ReplayTheSpireMod:Ring of Addiction","Potion Belt","Chameleon Ring","Ring of Greed","Golden Idol","Old Coin","Lizard Tail","ClockworkSouvenir","Pocketwatch","Kunai","Smiling Mask","Centennial Puzzle"],"acts_visited":["Exordium","TheCity","TheBeyond"],"potions_floor_usage":[16,18,23,23,28,29,29,29,31,33,33,33,38,38,41,41,42,42,42,45,45,47,47,47,48,50,50,50,50,50,50,50],"damage_taken":[{"damage":8,"enemies":"Jaw Worm","floor":1,"turns":4},{"damage":0,"enemies":"2 Louse","floor":3,"turns":3},{"damage":0,"enemies":"Small Slimes","floor":4,"turns":3},{"damage":0,"enemies":"2 Fungi Beasts","floor":5,"turns":3},{"damage":10,"enemies":"Replay:BlueRogue","floor":8,"turns":5},{"damage":4,"enemies":"Blue Slaver","floor":11,"turns":2},{"damage":14,"enemies":"3 Sentries","floor":12,"turns":5},{"damage":0,"enemies":"Large Slime","floor":14,"turns":3},{"damage":66,"enemies":"Fading Forest","floor":16,"turns":11},{"damage":0,"enemies":"3 Byrds","floor":18,"turns":3},{"damage":7,"enemies":"Shell Parasite","floor":22,"turns":2},{"damage":33,"enemies":"Gremlin Leader","floor":23,"turns":5},{"damage":0,"enemies":"3 Cultists","floor":24,"turns":2},{"damage":14,"enemies":"Book of Stabbing","floor":28,"turns":5},{"damage":3,"enemies":"Centurion and Healer","floor":29,"turns":4},{"damage":7,"enemies":"Sentry and Sphere","floor":31,"turns":4},{"damage":24,"enemies":"Pondfish","floor":33,"turns":9},{"damage":16,"enemies":"Orb Walker","floor":35,"turns":4},{"damage":16,"enemies":"3 Darklings","floor":38,"turns":2},{"damage":12,"enemies":"Reptomancer","floor":41,"turns":3},{"damage":0,"enemies":"Jaw Worm Horde","floor":42,"turns":2},{"damage":13,"enemies":"Nemesis","floor":45,"turns":3},{"damage":11,"enemies":"Reptomancer","floor":47,"turns":6},{"damage":10,"enemies":"4 Shapes","floor":48,"turns":6},{"damage":7,"enemies":"Donu and Deca","floor":50,"turns":6}],"seed_played":"8540448795968338367","potions_obtained":[{"floor":3,"key":"Cursed Concoction"},{"floor":8,"key":"Fire Potion"},{"floor":14,"key":"PowerPotion"},{"floor":24,"key":"Swift Potion"},{"floor":29,"key":"Block Potion"},{"floor":31,"key":"BlessingOfTheForge"},{"floor":36,"key":"Swift Potion"},{"floor":36,"key":"PowerPotion"},{"floor":36,"key":"Adrenaline Potion"},{"floor":40,"key":"Cursed Concoction"},{"floor":40,"key":"SkillPotion"},{"floor":41,"key":"Toxic Potion"},{"floor":42,"key":"Venom Potion"},{"floor":48,"key":"Block Potion"}],"is_trial":false,"path_per_floor":["M","?","M","M","M","R","?","E","T","?","M","?","$","M","R","B",null,"M","?","$","?","M","E","M","?","T","R","E","M","R","M","R","B",null,"M","?","?","M","$","R","E","M","T","R","E","R","E","M","R","B",null],"character_chosen":"THE_SILENT","items_purchased":["Atom Bomb","Adrenaline","PiercingWail","ReplayTheSpireMod:Shiv Toss","Endless Agony","Endless Agony","Lizard Tail","Expertise","ClockworkSouvenir"],"campfire_rested":6,"item_purchase_floors":[13,13,13,20,20,39,39,39,39],"current_hp_per_floor":[62,62,62,62,62,62,62,52,52,52,48,34,34,34,55,9,70,70,70,70,70,63,30,30,30,30,51,37,34,55,48,48,24,70,54,54,54,38,38,38,26,26,26,47,34,55,44,34,55,48],"gold":147,"neow_bonus":"BOSS_RELIC","is_daily":false,"chose_seed":false,"campfire_upgraded":2,"win_rate":0.0,"timestamp":1613672052,"path_taken":["M","?","M","M","M","R","?","E","T","?","M","?","$","M","R","BOSS","M","?","$","?","M","E","?","?","T","R","E","M","R","M","R","BOSS","M","?","?","M","$","R","E","M","T","R","E","R","E","M","R","BOSS"],"items_purchased_type":["Card","Card","Card","Card","Card","Card","Relic","Card","Relic"],"build_version":"2020-12-22","purchased_purges":1,"victory":true,"max_hp_per_floor":[70,70,70,70,70,70,70,70,70,70,70,70,70,70,70,70,70,70,70,70,70,70,70,70,70,70,70,70,70,70,70,70,70,70,70,70,70,70,70,70,70,70,70,70,70,70,70,70,70,70],"card_choices":[{"not_picked":["Backflip","Outmaneuver"],"picked":"Blade Dance","floor":1},{"not_picked":["Hidden Blade","Well Laid Plans"],"picked":"Dagger Spray","floor":3},{"not_picked":["ReplayTheSpireMod:Exploit Weakness","Deadly Poison"],"picked":"Dagger Throw","floor":4},{"not_picked":["Deadly Poison","Replay:Poison Smokescreen"],"picked":"Blade Dance","floor":5},{"not_picked":["ReplayTheSpireMod:Speed Training","Well Laid Plans"],"picked":"Endless Agony","floor":8},{"not_picked":["Bane","Deflect"],"picked":"Dodge and Roll","floor":11},{"not_picked":["Dodge and Roll","Bouncing Flask"],"picked":"Sucker Punch","floor":12},{"not_picked":["Outmaneuver","Replay:Poison Smokescreen"],"picked":"Acrobatics","floor":14},{"not_picked":["ReplayTheSpireMod:From All Sides","Night Terror"],"picked":"Venomology","floor":16},{"not_picked":["Flying Knee","Bane"],"picked":"Slice","floor":18},{"not_picked":["Leg Sweep","ReplayTheSpireMod:Exploit Weakness+1"],"picked":"Burst","floor":22},{"not_picked":["ReplayTheSpireMod:Shiv Toss","Prepared"],"picked":"Venomology","floor":23},{"not_picked":["Dagger Spray","Dagger Throw"],"picked":"Draining Mist+1","floor":24},{"not_picked":["Fluid Movement","Bouncing Flask"],"picked":"A Thousand Cuts","floor":28},{"not_picked":["Slice+1","Dodge and Roll"],"picked":"Blade Dance","floor":29},{"not_picked":["ReplayTheSpireMod:Exploit Weakness+1","Hidden Blade"],"picked":"Blade Dance+1","floor":31},{"not_picked":["Tools of the Trade","Glass Knife"],"picked":"Adrenaline","floor":33},{"not_picked":["Deadly Poison+1","Poisoned Stab","Eviscerate"],"picked":"SKIP","floor":35},{"not_picked":["Backflip","Flying Knee+1"],"picked":"Distraction+1","floor":38},{"not_picked":["Glass Knife","Dash","Tools of the Trade"],"picked":"SKIP","floor":41},{"not_picked":["Riddle With Holes","Dodge and Roll","Flying Knee"],"picked":"SKIP","floor":42},{"not_picked":["Noxious Fumes","Prepared+1"],"picked":"Venomology","floor":45},{"not_picked":["ReplayTheSpireMod:Necrosis","Acrobatics+1"],"picked":"Cloak And Dagger+1","floor":47},{"not_picked":["PiercingWail","Cloak And Dagger+1"],"picked":"Footwork+1","floor":48}],"player_experience":36551,"relics_obtained":[{"floor":8,"key":"Mummified Hand"},{"floor":9,"key":"Sundial"},{"floor":12,"key":"Replay:Accelerometer"},{"floor":23,"key":"Boot"},{"floor":26,"key":"Calipers"},{"floor":28,"key":"Pen Nib"},{"floor":36,"key":"ReplayTheSpireMod:Ring of Addiction"},{"floor":36,"key":"Potion Belt"},{"floor":36,"key":"Chameleon Ring"},{"floor":36,"key":"Ring of Greed"},{"floor":36,"key":"Golden Idol"},{"floor":36,"key":"Old Coin"},{"floor":41,"key":"Pocketwatch"},{"floor":43,"key":"Kunai"},{"floor":45,"key":"Smiling Mask"},{"floor":47,"key":"Centennial Puzzle"}],"event_choices":[{"damage_healed":0,"gold_gain":175,"player_choice":"AGREE","damage_taken":0,"max_hp_gain":0,"max_hp_loss":0,"event_name":"Liars Game","floor":7,"gold_loss":0,"cards_obtained":["Doubt"]},{"cards_removed":["Doubt"],"damage_healed":0,"gold_gain":0,"player_choice":"Card Removal","damage_taken":0,"max_hp_gain":0,"max_hp_loss":0,"event_name":"The Cleric","floor":10,"gold_loss":50},{"damage_healed":0,"gold_gain":0,"player_choice":"Searched \u00272\u0027 times","damage_taken":0,"max_hp_gain":0,"max_hp_loss":0,"event_name":"Dead Adventurer","floor":12,"gold_loss":0},{"damage_healed":0,"gold_gain":0,"cards_transformed":["Deadly Poison","Strike_G"],"player_choice":"Became Test Subject","damage_taken":0,"max_hp_gain":0,"max_hp_loss":0,"event_name":"Drug Dealer","floor":19,"gold_loss":0,"cards_obtained":["Bullet Time","Corpse Explosion"]},{"damage_healed":0,"gold_gain":0,"player_choice":"Traded Relic","damage_taken":0,"relics_obtained":["Nloth\u0027s Gift"],"max_hp_gain":0,"max_hp_loss":0,"event_name":"N\u0027loth","floor":21,"relics_lost":["Mummified Hand"],"gold_loss":0},{"damage_healed":0,"gold_gain":0,"player_choice":"Ignored","damage_taken":0,"max_hp_gain":0,"max_hp_loss":0,"event_name":"Cursed Tome","floor":25,"gold_loss":0},{"damage_healed":0,"gold_gain":0,"player_choice":"Ignored","damage_taken":0,"max_hp_gain":0,"max_hp_loss":0,"event_name":"Tomb of Lord Red Mask","floor":37,"gold_loss":0}],"is_beta":false,"boss_relics":[{"not_picked":["Empty Cage","HoveringKite"],"picked":"WristBlade"},{"not_picked":["Snecko Eye","Coffee Dripper"],"picked":"SlaversCollar"}],"items_purged_floors":[39],"is_endless":false,"potions_floor_spawned":[3,8,14,24,29,31,41,42,48],"ascension_level":2}}