{"host":"ffqn1azj9urswy62","time":1613662134,"event":{"mods":["BaseMod","Better Third Choice","Conspire","Googly Eyes","Hubris","Minty Spire (QoL Compilation)","Replay The Spire","StSLib","Wandering Minibosses","slay the spire mod where everything is the same but ironclad has a cowboy hat"],"gold_per_floor":[111,286,286,304,77,107,124,134,159,159,176,174,174,174,174],"floor_reached":14,"language":"ENG","playtime":512,"items_purged":["Doubt"],"score":190,"play_id":"45954f98-1050-475a-80c3-f7960a119207","local_time":"20210218102854","is_ascension_mode":true,"campfire_choices":[],"circlet_count":0,"master_deck":["conspire:GhostlyStrike","conspire:GhostlyStrike","conspire:GhostlyStrike","conspire:GhostlyStrike","conspire:GhostlyDefend","conspire:GhostlyDefend","conspire:GhostlyDefend","conspire:GhostlyDefend","Bash+1","Shrug It Off","Bloodletting","Thunderclap","Fire Breathing","Cleave","conspire:HitWhereItHurts","Flex"],"relics":["Burning Blood","NeowsBlessing","conspire:TreasureMap","hubris:SlimyHat"],"acts_visited":["Exordium"],"potions_floor_usage":[12,14],"damage_taken":[{"damage":0,"enemies":"Small Slimes","floor":1,"turns":1},{"damage":0,"enemies":"Jaw Worm","floor":4,"turns":1},{"damage":0,"enemies":"Replay:BlueRogue","floor":6,"turns":1},{"damage":3,"enemies":"Cultist","floor":7,"turns":3},{"damage":15,"enemies":"Looter","floor":8,"turns":3},{"damage":26,"enemies":"Large Slime","floor":11,"turns":8},{"damage":42,"enemies":"Exordium Wildlife","floor":12,"turns":7},{"damage":23,"enemies":"3 Sentries","floor":14,"turns":2}],"seed_played":"-1249942425356636505","potions_obtained":[{"floor":6,"key":"LiquidBronze"},{"floor":8,"key":"BlessingOfTheForge"}],"is_trial":false,"path_per_floor":["M","?","?","M","$","E","M","M","T","?","M","M","?","E"],"character_chosen":"IRONCLAD","items_purchased":["conspire:TreasureMap"],"campfire_rested":0,"item_purchase_floors":[5],"current_hp_per_floor":[80,80,80,80,80,80,80,71,71,71,51,15,15,0,0],"gold":174,"neow_bonus":"THREE_ENEMY_KILL","is_daily":false,"chose_seed":false,"campfire_upgraded":0,"win_rate":0.0,"timestamp":1613662134,"path_taken":["M","?","?","M","$","E","?","M","T","?","?","M","?","E"],"items_purchased_type":["Relic"],"build_version":"2020-12-22","purchased_purges":1,"victory":false,"max_hp_per_floor":[80,80,80,80,80,80,80,80,80,80,80,80,80,80,80],"card_choices":[{"not_picked":["Iron Wave","Body Slam"],"picked":"Shrug It Off","floor":1},{"not_picked":["Replay:Undeath\u0027s Touch","Armaments"],"picked":"Bloodletting","floor":4},{"not_picked":["Impervious","Replay:Undeath\u0027s Touch"],"picked":"Thunderclap","floor":6},{"not_picked":["Sword Boomerang","Clothesline"],"picked":"Fire Breathing","floor":7},{"not_picked":["Dual Wield","Anger"],"picked":"Cleave","floor":8},{"not_picked":["Twin Strike","Dual Wield"],"picked":"conspire:HitWhereItHurts","floor":11},{"not_picked":["Heavy Blade","Havoc"],"picked":"Flex","floor":12}],"player_experience":693051,"relics_obtained":[{"floor":6,"key":"hubris:SlimyHat"}],"event_choices":[{"damage_healed":0,"gold_gain":175,"player_choice":"AGREE","damage_taken":111,"max_hp_gain":0,"max_hp_loss":0,"event_name":"betterThird:BetterSerpent","floor":2,"gold_loss":0},{"damage_healed":0,"gold_gain":0,"player_choice":"Agree","damage_taken":0,"max_hp_gain":0,"max_hp_loss":0,"event_name":"conspire:LoneGhost","floor":3,"gold_loss":0},{"cards_removed":["conspire:GhostlyStrike"],"damage_healed":0,"gold_gain":0,"player_choice":"Purged","damage_taken":0,"max_hp_gain":0,"max_hp_loss":0,"event_name":"Purifier","floor":10,"gold_loss":0}],"is_beta":false,"boss_relics":[],"items_purged_floors":[5],"is_endless":false,"potions_floor_spawned":[6,8],"killed_by":"3 Sentries","ascension_level":4}}