{"host":"9rqk712yu6s3287p","time":1613628769,"event":{"mods":["ATMod(°¢èªMod)","Act Like it!","BaseMod","CapriCore","Chen","Gensokyo","Googly Eyes","Marisa£¨ìFÓê¡¡Ä§ÀíÉ³£©","Minty Spire (QoL Compilation)","MostiFishMod","Onozuka Komachi Mod","Reimu£¨²©ÀöÁéÃÎ£©","Remilia_Scarlet Moed£¨ÀÙÃ×ÀòÑÇ¡¤Ë¹¿¨À×ÌØ£©3.3.5","Remilia£¨ÀÙÃ×ÀòÑÇ£©","RumiaBox-Â¶Ã×æ«µÄÉñÃØºÐ×Ó","StSLib","The Administrix","The Immortal","The Servant 0.9.4","Yakumo Yukari mod","Youmu£¨»êÆÇÑýÃÎ£©","Yuyuko","[IsaacMod]ÒÔÈö¼âËþ","¡¾ÒÅÎï¿¨ÅÆ¡¿REMEMod"],"gold_per_floor":[153,189,219,276,324,411,498,594,662,755,839,944,1024,1198,1198,1451,1451,1530,1603,1688,1795,1890,2008,2072,2202,2214,2350,2515,2690,2871,3040,3052,3382,3394,3591,3729,3840,3916,4090,4232,4441,4556,4644,4774,4786,32,153,304,304,357,385,385,385,14,148,218],"floor_reached":57,"language":"ZHS","playtime":3627,"items_purged":["BloodRain+1"],"score":4333,"play_id":"5c9d6932-9ad2-42a8-946f-63a71a445a86","local_time":"20210218141249","daily_mods":["Shiny","Vintage","Heirloom","Time Dilation","Flight","DeadlyEvents","Elite Swarm","Lethality","Midas","Binary"],"is_ascension_mode":true,"campfire_choices":[{"floor":15.0,"key":"RECALL"},{"floor":32.0,"key":"REST"},{"floor":49,"key":"REST"},{"floor":53,"key":"REST"}],"circlet_count":0,"master_deck":["TricksterDevil+1","BatForm+1","ForecastOfChange+1","CurseOfVladTepes+1","ScarletMeister+1","QueenOfMidnight+1","BloodyHallows+1","HeartBreak+1","EquivalentExchange+1","KillingBlow+1","BloodyCatastrophe+1","ChaoticDestiny+1","BloodySeventeenLaser+1","HellCatastrophe+1","ScarletCoffin+1","DemonKingCradle+1","TransientEternity+1","CeilingFear+1","BloodyBrimstone+1"],"relics":["Snecko Eye","Busted Crown","AT_ATBox","DaveBox","REME_ComplimentaryCards","HushsDoor","MostiFishMod:AdaptiveDefenses","YumHeart","Ice Cream","TheBean","TheBible","SynthV:TestCard","Bronze Scales","Potion Belt","AT_BellowingDragoncrestRing","PureWhite:ReiMu","AT_SeraphEmbrace","Tea:ReiMu","Happy Flower","Blue Candle","TuHaoJin","Ancient Tea Set","Pen Nib","Strawberry","ImprovedEquipment","AT_SunfireAegis","ScarletDevilRocket","StrikeDummy","AT_RedTearstoneRing","Regal Pillow","Molten Egg 2","CeramicFish","AT_BladeRuinedKing","Bottled Lightning","AT_DeathDance","Boot","Pantograph","CrazyTorch:ReiMu","AT_MibuBalloonWealth","BFFS","Ornamental Fan","Whetstone","Letter Opener","MagicDraw1","SharpPlug","JellyFishMachine","GuppysCollar","Ccalipers","Art of War","Lantern","AT_BellDemon","FossilizedHelix","AT_LudenTempest","Dream Catcher","Bag of Marbles","Gambling Chip","RedBat","SalivaCoin","SatanicBible","SteamSale","BookofShadows","Anchor","REME_HandOfSuture","TungstenRod","GodSword5","Bag of Preparation","ZombieArmy","AT_GoldPhoenixTree","MawBank","HollowDreamFlower","AT_Manta","Omamori","Matryoshka","AT_ChloranthyRing","REME_ArchaeologicalTools","AT_SilvercatRing","BookOfRevelations","MealTicket","LastBattle","AT_GuinsooRageblade","AT_PhaseBoots","FairyMaid","GuppysHead","BelialBook","SecretRecord","AT_EbonyIvory","OriginationStaff","REME_LowDesire","GuppysTail","Toy Ornithopter","SSSystem","Orichalcum","Centennial Puzzle","Bird Faced Urn","PreservedInsect","White Beast Statue","Smiling Mask","HowToJump","Oddly Smooth Stone","Mummified Hand","HornCleat","The Courier","D4","AT_ImmortalShieldbow","Blood Vial","War Paint","MagicDraw4","GodSword1","Leech","RuthlessExorcism:ReiMu","AT_TimeSand","Akabeko","Question Card","Nunchaku","Kunai","DeadEye","Mastiff:ReiMu","AT_ForceNature","Eternal Feather","GodSword6","Gremlin Horn","PillsDrop","MagicDraw2","GodSword7","Toxic Egg 2","Frozen Eye","Bottled Flame","MagicDraw3","InkBottle","AnarchistCookbook","REME_LimitBreaker","Shuriken","Mercury Hourglass","Frozen Egg 2","Bottled Tornado","GnawedLeaf","DeathBook","Singing Bowl","Pear","PokeGo","Sundial","AT_RedNoBalance","Ginger","UnicornStump","Meat on the Bone","Darkstone Periapt","Calipers","Mango","Unceasing Top"],"acts_visited":["Exordium","TheCity","TheBeyond","TheEnding"],"potions_floor_usage":[47],"damage_taken":[{"damage":23.0,"enemies":"2 Louse","floor":1.0,"turns":4.0},{"damage":16.0,"enemies":"Jaw Worm","floor":2.0,"turns":1.0},{"damage":4.0,"enemies":"Cultist","floor":3.0,"turns":3.0},{"damage":17.0,"enemies":"Lots of Slimes","floor":4.0,"turns":5.0},{"damage":25.0,"enemies":"Gremlin Gang","floor":5.0,"turns":3.0},{"damage":20.0,"enemies":"Lagavulin","floor":6.0,"turns":3.0},{"damage":12.0,"enemies":"3 Sentries","floor":7.0,"turns":3.0},{"damage":8.0,"enemies":"Lagavulin","floor":8.0,"turns":3.0},{"damage":20.0,"enemies":"3 Sentries","floor":10.0,"turns":3.0},{"damage":8.0,"enemies":"Gremlin Nob","floor":11.0,"turns":2.0},{"damage":0.0,"enemies":"Lagavulin","floor":12.0,"turns":2.0},{"damage":12.0,"enemies":"2 Fungi Beasts","floor":13.0,"turns":3.0},{"damage":0.0,"enemies":"3 Sentries","floor":14.0,"turns":3.0},{"damage":0.0,"enemies":"Slime Boss","floor":16.0,"turns":1.0},{"damage":0.0,"enemies":"Chosen","floor":18.0,"turns":1.0},{"damage":2.0,"enemies":"Shell Parasite","floor":19.0,"turns":2.0},{"damage":0.0,"enemies":"Snecko","floor":20.0,"turns":2.0},{"damage":0.0,"enemies":"Shelled Parasite and Fungi","floor":21.0,"turns":3.0},{"damage":0.0,"enemies":"Centurion and Healer","floor":22.0,"turns":1.0},{"damage":0.0,"enemies":"Book of Stabbing","floor":23.0,"turns":2.0},{"damage":0.0,"enemies":"Snecko","floor":24.0,"turns":1.0},{"damage":0.0,"enemies":"REME_1_Revenger","floor":25.0,"turns":2.0},{"damage":0.0,"enemies":"Book of Stabbing","floor":27.0,"turns":1.0},{"damage":0.0,"enemies":"Gremlin Leader","floor":28.0,"turns":1.0},{"damage":0.0,"enemies":"REME_1_Revenger","floor":29.0,"turns":1.0},{"damage":0.0,"enemies":"Book of Stabbing","floor":30.0,"turns":2.0},{"damage":0.0,"enemies":"REME_1_Revenger","floor":31.0,"turns":2.0},{"damage":0.0,"enemies":"Collector","floor":33.0,"turns":3.0},{"damage":0.0,"enemies":"3 Darklings","floor":35.0,"turns":1.0},{"damage":0.0,"enemies":"3 Shapes","floor":36.0,"turns":1.0},{"damage":0.0,"enemies":"3 Shapes","floor":37.0,"turns":2.0},{"damage":0.0,"enemies":"Writhing Mass","floor":38.0,"turns":1.0},{"damage":0.0,"enemies":"Reptomancer","floor":39.0,"turns":1.0},{"damage":0.0,"enemies":"Nemesis","floor":40.0,"turns":1.0},{"damage":0.0,"enemies":"3 Darklings","floor":41.0,"turns":1.0},{"damage":0.0,"enemies":"Giant Head","floor":42.0,"turns":1.0},{"damage":0,"enemies":"Nemesis","floor":44,"turns":1},{"damage":0,"enemies":"Giant Head","floor":47,"turns":1},{"damage":0,"enemies":"4 Shapes","floor":48,"turns":1},{"damage":0,"enemies":"Donu and Deca","floor":50,"turns":1},{"damage":0,"enemies":"Time Eater","floor":51,"turns":1},{"damage":0,"enemies":"Shield and Spear","floor":55,"turns":1},{"damage":0,"enemies":"Delirium","floor":56,"turns":2}],"seed_played":"-8891193825249843272","potions_obtained":[{"floor":1.0,"key":"DistilledChaos"},{"floor":1.0,"key":"LiquidMemories"},{"floor":1.0,"key":"GrandPatriotsElixir:ReiMu"},{"floor":2.0,"key":"Fruit Juice"},{"floor":2.0,"key":"Dexterity Potion"},{"floor":3.0,"key":"DuplicationPotion"},{"floor":4.0,"key":"LiquidMemories"},{"floor":4.0,"key":"LiquidMemories"},{"floor":4.0,"key":"Swift Potion"},{"floor":4.0,"key":"Energy Potion"},{"floor":5.0,"key":"REME_GoldPotion"},{"floor":5.0,"key":"Explosive Potion"},{"floor":5.0,"key":"Strength Potion"},{"floor":6.0,"key":"GamblersBrew"},{"floor":7.0,"key":"Explosive Potion"},{"floor":8.0,"key":"Energy Potion"},{"floor":10.0,"key":"Swift Potion"},{"floor":10.0,"key":"ZuzhouPotion:ReiMu"},{"floor":11.0,"key":"DestinyDice"},{"floor":12.0,"key":"Block Potion"},{"floor":13.0,"key":"GrandPatriotsElixir:ReiMu"},{"floor":13.0,"key":"LiquidMemories"},{"floor":14.0,"key":"PanachePotion"},{"floor":18.0,"key":"GrandPatriotsElixir:ReiMu"},{"floor":19.0,"key":"GamblersBrew"},{"floor":19.0,"key":"Energy Potion"},{"floor":21.0,"key":"Weak Potion"},{"floor":22.0,"key":"SteroidPotion"},{"floor":25.0,"key":"LiquidMemories"},{"floor":27.0,"key":"SkillPotion"},{"floor":28.0,"key":"ColorlessPotion"},{"floor":28.0,"key":"Strength Potion"},{"floor":29.0,"key":"Swift Potion"},{"floor":30.0,"key":"EntropicBrew"},{"floor":31.0,"key":"REME_GoldPotion"},{"floor":31.0,"key":"Swift Potion"},{"floor":36.0,"key":"Dexterity Potion"},{"floor":36.0,"key":"Block Potion"},{"floor":38.0,"key":"Dexterity Potion"},{"floor":38.0,"key":"DistilledChaos"},{"floor":41.0,"key":"REME_GoldPotion"},{"floor":41.0,"key":"LiquidBronze"},{"floor":47,"key":"REME_GoldPotion"},{"floor":47,"key":"AttackPotion"}],"is_trial":true,"path_per_floor":["M","M","M","M","M","E","E","E","T","E","E","E","M","E","R","B",null,"M","M","M","M","M","E","M","E","T","E","E","E","E","E","R","B",null,"M","M","?","M","E","E","M","E","T","E","T","$","E","M","R","B","B",null,"R","$","E","B",null],"character_chosen":"REMILIA","items_purchased":["GuppysCollar","GuppysTail","DeadEye","Mastiff:ReiMu","AT_ForceNature","Eternal Feather","GodSword6","Gremlin Horn","PillsDrop","MagicDraw2","GodSword7","Toxic Egg 2","Frozen Eye","Bottled Flame","MagicDraw3","InkBottle","AnarchistCookbook","REME_LimitBreaker","Shuriken","Mercury Hourglass","Frozen Egg 2","Bottled Tornado","GnawedLeaf","DeathBook","Singing Bowl","Pear","PokeGo","Calipers","Mango"],"campfire_rested":3,"item_purchase_floors":[17,34,46,46,46,46,46,46,46,46,46,46,46,46,46,46,46,46,46,46,46,46,46,46,46,46,46,54,54],"current_hp_per_floor":[69,62,62,45,82,82,82,82,82,82,82,82,82,82,82,82,69,69,67,67,67,69,69,69,69,69,69,69,69,69,69,69,69,59,59,59,59,59,53,53,53,50,50,50,50,60,62,50,64,64,55,55,57,71,73,73],"gold":218,"neow_bonus":"","is_daily":false,"chose_seed":false,"campfire_upgraded":0,"win_rate":0.0,"timestamp":1613628769,"path_taken":["M","M","M","M","M","E","E","E","T","E","E","E","M","E","R","BOSS","M","M","M","M","M","E","M","E","T","E","E","E","E","E","R","BOSS","M","M","?","?","?","E","?","E","T","E","?","$","?","?","R","BOSS","BOSS","R","$","E","BOSS"],"items_purchased_type":["Relic","Relic","Relic","Relic","Relic","Relic","Relic","Relic","Relic","Relic","Relic","Relic","Relic","Relic","Relic","Relic","Relic","Relic","Relic","Relic","Relic","Relic","Relic","Relic","Relic","Relic","Relic","Relic","Relic"],"build_version":"2020-12-22","purchased_purges":1,"victory":true,"max_hp_per_floor":[70,75,75,75,82,82,82,82,82,82,82,82,82,82,82,82,69,69,69,69,69,69,69,69,69,69,69,69,69,69,69,69,69,59,59,59,59,59,53,53,53,50,50,50,50,60,62,62,64,64,55,55,57,71,73,73],"card_choices":[{"not_picked":["BloodyHallows","CeilingFear"],"picked":"SKIP","floor":6.0},{"not_picked":["BloodyHallows","CeilingFear"],"picked":"SKIP","floor":6.0},{"not_picked":["ChaoticDestiny","ScarletCoffin+1"],"picked":"SKIP","floor":7.0},{"not_picked":["BloodyHallows","ChaoticDestiny"],"picked":"SKIP","floor":8.0},{"not_picked":["BloodyHallows","KillingBlow+1"],"picked":"SKIP","floor":10.0},{"not_picked":["CeilingFear","TricksterDevil"],"picked":"SKIP","floor":11.0},{"not_picked":["HeartBreak+1","QueenOfMidnight"],"picked":"SKIP","floor":12.0},{"not_picked":["CurseOfVladTepes","BloodySeventeenLaser+1"],"picked":"SKIP","floor":14.0},{"not_picked":["ChaoticDestiny","BatForm"],"picked":"SKIP","floor":23.0},{"not_picked":["ForecastOfChange+1","BloodySeventeenLaser+1"],"picked":"SKIP","floor":25.0},{"not_picked":["ScarletMeister","ScarletCoffin+1"],"picked":"SKIP","floor":27.0},{"not_picked":["BloodyCatastrophe","ScarletMeister"],"picked":"SKIP","floor":28.0},{"not_picked":["TransientEternity","ScarletCoffin+1"],"picked":"SKIP","floor":29.0},{"not_picked":["BloodyCatastrophe","BatForm"],"picked":"SKIP","floor":30.0},{"not_picked":["EquivalentExchange","BatForm"],"picked":"SKIP","floor":31.0},{"not_picked":["BloodHunter","ReincarnationDial"],"picked":"BloodyBrimstone+1","floor":37.0},{"not_picked":["BloodRain","CeilingFear","REME_MagicPocketWatch"],"picked":"SKIP","floor":39.0},{"not_picked":["KillingBlow+1","ForecastOfChange+1","Flash of Steel+1"],"picked":"SKIP","floor":40.0},{"not_picked":["CeilingFear","CurseOfVladTepes","AT_CelerityRune+1"],"picked":"SKIP","floor":42.0},{"not_picked":["ChaoticDestiny","BatForm","REME_BodyOfCthun"],"picked":"SKIP","floor":44},{"not_picked":["TransientEternity+1","ScarletMeister+1","BloodySeventeenLaser+1","MostiFishMod:StoryBook+1"],"picked":"Singing Bowl","floor":47},{"not_picked":["BombardNight+1","BloodyMagicSquare+1","Maim+1","Bomb"],"picked":"Singing Bowl","floor":49},{"not_picked":["EternalNight+1","VampireClaw+1","BlasphemousPunishment+1","Impatience+1"],"picked":"Singing Bowl","floor":53},{"not_picked":["KillingBlow+1","HeartBreak+1","BatForm+1","Magnetism+1"],"picked":"Singing Bowl","floor":55}],"player_experience":538346,"relics_obtained":[{"floor":1.0,"key":"TheBean"},{"floor":1.0,"key":"TheBible"},{"floor":1.0,"key":"SynthV:TestCard"},{"floor":2.0,"key":"Bronze Scales"},{"floor":2.0,"key":"Potion Belt"},{"floor":3.0,"key":"AT_BellowingDragoncrestRing"},{"floor":3.0,"key":"PureWhite:ReiMu"},{"floor":4.0,"key":"AT_ArchangelStaff"},{"floor":4.0,"key":"Tea:ReiMu"},{"floor":4.0,"key":"Happy Flower"},{"floor":4.0,"key":"Blue Candle"},{"floor":4.0,"key":"TuHaoJin"},{"floor":4.0,"key":"Ancient Tea Set"},{"floor":5.0,"key":"Pen Nib"},{"floor":5.0,"key":"Strawberry"},{"floor":5.0,"key":"ImprovedEquipment"},{"floor":5.0,"key":"AT_SunfireAegis"},{"floor":5.0,"key":"ScarletDevilRocket"},{"floor":6.0,"key":"StrikeDummy"},{"floor":7.0,"key":"AT_RedTearstoneRing"},{"floor":7.0,"key":"Regal Pillow"},{"floor":7.0,"key":"Molten Egg 2"},{"floor":8.0,"key":"CeramicFish"},{"floor":8.0,"key":"AT_BladeRuinedKing"},{"floor":9.0,"key":"Bottled Lightning"},{"floor":10.0,"key":"AT_DeathDance"},{"floor":10.0,"key":"Boot"},{"floor":10.0,"key":"Pantograph"},{"floor":11.0,"key":"CrazyTorch:ReiMu"},{"floor":12.0,"key":"AT_MibuBalloonWealth"},{"floor":12.0,"key":"BFFS"},{"floor":13.0,"key":"Ornamental Fan"},{"floor":13.0,"key":"Whetstone"},{"floor":13.0,"key":"Letter Opener"},{"floor":14.0,"key":"MagicDraw1"},{"floor":14.0,"key":"SharpPlug"},{"floor":18.0,"key":"Ccalipers"},{"floor":18.0,"key":"Art of War"},{"floor":19.0,"key":"Lantern"},{"floor":19.0,"key":"AT_BellDemon"},{"floor":20.0,"key":"FossilizedHelix"},{"floor":20.0,"key":"AT_LudenTempest"},{"floor":20.0,"key":"Dream Catcher"},{"floor":21.0,"key":"Bag of Marbles"},{"floor":21.0,"key":"Gambling Chip"},{"floor":21.0,"key":"RedBat"},{"floor":21.0,"key":"SalivaCoin"},{"floor":22.0,"key":"SatanicBible"},{"floor":22.0,"key":"SteamSale"},{"floor":22.0,"key":"BookofShadows"},{"floor":22.0,"key":"Anchor"},{"floor":23.0,"key":"REME_HandOfSuture"},{"floor":23.0,"key":"TungstenRod"},{"floor":23.0,"key":"GodSword5"},{"floor":24.0,"key":"Bag of Preparation"},{"floor":24.0,"key":"ZombieArmy"},{"floor":24.0,"key":"AT_GoldPhoenixTree"},{"floor":25.0,"key":"MawBank"},{"floor":25.0,"key":"HollowDreamFlower"},{"floor":26.0,"key":"AT_Manta"},{"floor":27.0,"key":"Omamori"},{"floor":27.0,"key":"Matryoshka"},{"floor":27.0,"key":"AT_ChloranthyRing"},{"floor":28.0,"key":"REME_ArchaeologicalTools"},{"floor":28.0,"key":"AT_SilvercatRing"},{"floor":28.0,"key":"BookOfRevelations"},{"floor":29.0,"key":"MealTicket"},{"floor":29.0,"key":"LastBattle"},{"floor":29.0,"key":"AT_GuinsooRageblade"},{"floor":30.0,"key":"AT_SpeedBoots"},{"floor":30.0,"key":"FairyMaid"},{"floor":30.0,"key":"GuppysHead"},{"floor":31.0,"key":"BelialBook"},{"floor":31.0,"key":"SecretRecord"},{"floor":33.0,"key":"AT_EbonyIvory"},{"floor":33.0,"key":"OriginationStaff"},{"floor":34.0,"key":"Toy Ornithopter"},{"floor":34.0,"key":"SSSystem"},{"floor":35.0,"key":"Orichalcum"},{"floor":35.0,"key":"Centennial Puzzle"},{"floor":36.0,"key":"Bird Faced Urn"},{"floor":36.0,"key":"PreservedInsect"},{"floor":36.0,"key":"White Beast Statue"},{"floor":36.0,"key":"Smiling Mask"},{"floor":38.0,"key":"HowToJump"},{"floor":38.0,"key":"Oddly Smooth Stone"},{"floor":38.0,"key":"Mummified Hand"},{"floor":39.0,"key":"HornCleat"},{"floor":39.0,"key":"The Courier"},{"floor":40.0,"key":"D4"},{"floor":40.0,"key":"AT_ImmortalShieldbow"},{"floor":41.0,"key":"Blood Vial"},{"floor":41.0,"key":"War Paint"},{"floor":41.0,"key":"MagicDraw4"},{"floor":42.0,"key":"GodSword1"},{"floor":42.0,"key":"Leech"},{"floor":43.0,"key":"RuthlessExorcism:ReiMu"},{"floor":44,"key":"AT_TimeSand"},{"floor":44,"key":"Akabeko"},{"floor":44,"key":"Question Card"},{"floor":45,"key":"Nunchaku"},{"floor":45,"key":"Kunai"},{"floor":47,"key":"Sundial"},{"floor":47,"key":"AT_SilverBalance"},{"floor":47,"key":"Ginger"},{"floor":48,"key":"UnicornStump"},{"floor":48,"key":"Meat on the Bone"},{"floor":48,"key":"Darkstone Periapt"},{"floor":55,"key":"Unceasing Top"}],"event_choices":[],"is_beta":false,"boss_relics":[{"not_picked":["Transparent","REME_DuelDisc"],"picked":"JellyFishMachine"},{"not_picked":[]},{"not_picked":["Coffee Dripper","RhineFirstAidKit"],"picked":"REME_LowDesire"},{"not_picked":[]}],"items_purged_floors":[46],"is_endless":false,"potions_floor_spawned":[1,2,6,11,12,13,16,19,23,25,28,30,31,33,37,38,39,40,41,42,44,47,48,55],"ascension_level":20}}