{"host":"p0hktren06injwdf","time":1613633833,"event":{"mods":["AchievementEnabler","BaseMod","Colored Map","DeckTracker","Minty Spire (QoL Compilation)","Permanent Neow","StSLib","SuperFastMode"],"gold_per_floor":[118,133,58,76,76,76,92,104,104,104,129,129,142,160,160,237,237,249,249,249,5,5,5,21,49,76,76,88,107,307,46,46,118,118,129,145,20,20,20],"floor_reached":38,"language":"KOR","playtime":902,"items_purged":["Defend_G","Decay","Defend_G"],"score":792,"play_id":"03c3c3e3-a758-47e9-9a7f-0214c6097dfc","local_time":"20210218163713","is_ascension_mode":true,"campfire_choices":[{"data":"Envenom","floor":6.0,"key":"SMITH"},{"data":"Neutralize","floor":10.0,"key":"SMITH"},{"floor":12,"key":"REST"},{"floor":15,"key":"REST"},{"data":"Dash","floor":23,"key":"SMITH"},{"data":"Footwork","floor":27,"key":"SMITH"},{"floor":32,"key":"REST"}],"circlet_count":0,"master_deck":["AscendersBane","Strike_G","Strike_G","Defend_G","Defend_G","Defend_G","Survivor","Neutralize+1","Poisoned Stab","Dodge and Roll","Envenom+1","Footwork","Skewer","Dash+1","Quick Slash","Footwork+1","Unload","PiercingWail","Leg Sweep","Leg Sweep","Blur+1","Escape Plan","Malaise","Adrenaline","Dagger Spray+1","Riddle With Holes+1"],"relics":["Ring of the Snake","Snake Skull","Kunai","HornCleat","Cursed Key","Anchor","Meat on the Bone","Juzu Bracelet","Bag of Marbles","WristBlade"],"acts_visited":["Exordium","TheCity","TheBeyond"],"potions_floor_usage":[16,35],"damage_taken":[{"damage":7.0,"enemies":"Cultist","floor":1.0,"turns":4.0},{"damage":2.0,"enemies":"Jaw Worm","floor":2.0,"turns":5.0},{"damage":0.0,"enemies":"2 Louse","floor":4.0,"turns":4.0},{"damage":0.0,"enemies":"Blue Slaver","floor":7.0,"turns":4.0},{"damage":4.0,"enemies":"Looter","floor":8.0,"turns":4.0},{"damage":50,"enemies":"Gremlin Nob","floor":11,"turns":5},{"damage":4,"enemies":"Lots of Slimes","floor":13,"turns":5},{"damage":1,"enemies":"Red Slaver","floor":14,"turns":3},{"damage":1,"enemies":"The Guardian","floor":16,"turns":10},{"damage":16,"enemies":"Spheric Guardian","floor":18,"turns":4},{"damage":0,"enemies":"2 Thieves","floor":24,"turns":4},{"damage":4,"enemies":"Book of Stabbing","floor":25,"turns":7},{"damage":16,"enemies":"Cultist and Chosen","floor":28,"turns":7},{"damage":0,"enemies":"Centurion and Healer","floor":29,"turns":8},{"damage":35,"enemies":"Collector","floor":33,"turns":12},{"damage":21,"enemies":"3 Darklings","floor":35,"turns":16},{"damage":3,"enemies":"3 Shapes","floor":36,"turns":10},{"damage":39,"enemies":"Jaw Worm Horde","floor":38,"turns":5}],"seed_played":"2083185262209966067","potions_obtained":[{"floor":2.0,"key":"Fruit Juice"},{"floor":11,"key":"Strength Potion"},{"floor":13,"key":"SpeedPotion"},{"floor":16,"key":"Swift Potion"},{"floor":25,"key":"CultistPotion"}],"is_trial":false,"path_per_floor":["M","M","?","M","?","R","M","M","T","R","E","R","M","M","R","B",null,"M","?","?","$","?","R","M","E","T","R","M","M","?","$","R","B",null,"M","M","$","M"],"character_chosen":"THE_SILENT","items_purchased":["Anchor","Bag of Marbles"],"campfire_rested":3,"item_purchase_floors":[21,31],"current_hp_per_floor":[52,50,50,55,55,55,55,51,51,51,1,22,18,17,38,37,63,47,47,47,47,47,47,47,43,43,43,39,39,39,39,60,37,63,42,39,39,0,0],"gold":20,"neow_bonus":"RANDOM_COMMON_RELIC","is_daily":false,"chose_seed":false,"campfire_upgraded":4,"win_rate":0.0,"timestamp":1613633833,"path_taken":["M","?","?","M","?","R","M","M","T","R","E","R","M","M","R","BOSS","M","?","?","$","?","R","M","E","T","R","M","M","?","$","R","BOSS","M","M","$","M"],"items_purchased_type":["Relic","Relic"],"build_version":"2020-12-22","purchased_purges":3,"victory":false,"max_hp_per_floor":[66,66,66,71,71,71,71,71,71,71,71,71,71,71,71,71,71,71,71,71,71,71,71,71,71,71,71,71,71,71,71,71,71,71,71,71,71,71,71],"card_choices":[{"not_picked":["Prepared","Quick Slash"],"picked":"Poisoned Stab","floor":1.0},{"not_picked":["Backflip","Distraction"],"picked":"Dodge and Roll","floor":2.0},{"not_picked":["Heel Hook","Deflect"],"picked":"Envenom","floor":4.0},{"not_picked":["Skewer","PiercingWail"],"picked":"Footwork","floor":7.0},{"not_picked":["Accuracy","Masterful Stab"],"picked":"Skewer","floor":8.0},{"not_picked":["Dagger Spray","Bane"],"picked":"Dash","floor":11},{"not_picked":["Acrobatics","Finisher"],"picked":"Quick Slash","floor":13},{"not_picked":["Expertise","Bane"],"picked":"Footwork","floor":14},{"not_picked":["Tools of the Trade","Grand Finale"],"picked":"Unload","floor":16},{"not_picked":["Prepared","Expertise"],"picked":"PiercingWail","floor":18},{"not_picked":["Tactician","Calculated Gamble+1"],"picked":"Blur+1","floor":24},{"not_picked":["Dodge and Roll","Acrobatics"],"picked":"Escape Plan","floor":25},{"not_picked":["Dagger Throw+1","Skewer","Sucker Punch"],"picked":"SKIP","floor":28},{"not_picked":["PiercingWail","Underhanded Strike"],"picked":"Malaise","floor":29},{"not_picked":["Glass Knife","A Thousand Cuts"],"picked":"Adrenaline","floor":33},{"not_picked":["Backflip+1","Tactician"],"picked":"Dagger Spray+1","floor":35},{"not_picked":["Riddle With Holes+1","Expertise","Concentrate"],"picked":"SKIP","floor":36},{"not_picked":["Expertise","Concentrate"],"picked":"Riddle With Holes+1","floor":36}],"player_experience":1084340,"relics_obtained":[{"floor":9.0,"key":"Kunai"},{"floor":11,"key":"HornCleat"},{"floor":25,"key":"Meat on the Bone"},{"floor":26,"key":"Juzu Bracelet"}],"event_choices":[{"cards_removed":["Strike_G"],"damage_healed":0.0,"max_hp_gain":0.0,"max_hp_loss":0.0,"gold_gain":0.0,"event_name":"The Cleric","player_choice":"Card Removal","floor":3.0,"gold_loss":75.0,"damage_taken":0.0},{"damage_healed":0.0,"max_hp_gain":0.0,"max_hp_loss":0.0,"gold_gain":0.0,"event_name":"Scrap Ooze","player_choice":"Fled","floor":5.0,"gold_loss":0.0,"damage_taken":0.0},{"damage_healed":0,"gold_gain":0,"player_choice":"Ignored","damage_taken":0,"max_hp_gain":0,"max_hp_loss":0,"event_name":"The Mausoleum","floor":19,"gold_loss":0},{"damage_healed":0,"gold_gain":0,"cards_transformed":["Strike_G","Strike_G"],"player_choice":"Became Test Subject","damage_taken":0,"max_hp_gain":0,"max_hp_loss":0,"event_name":"Drug Dealer","floor":20,"gold_loss":0,"cards_obtained":["Leg Sweep","Leg Sweep"]},{"damage_healed":0,"gold_gain":0,"player_choice":"Got Potions","damage_taken":0,"max_hp_gain":0,"max_hp_loss":0,"event_name":"Lab","floor":22,"gold_loss":0},{"damage_healed":0,"gold_gain":200,"player_choice":"Gold","damage_taken":0,"max_hp_gain":0,"max_hp_loss":0,"event_name":"Wheel of Change","floor":30,"gold_loss":0}],"is_beta":false,"boss_relics":[{"not_picked":["Coffee Dripper","Snecko Eye"],"picked":"Cursed Key"},{"not_picked":["Busted Crown","Pandora\u0027s Box"],"picked":"WristBlade"}],"items_purged_floors":[21,31,37],"is_endless":false,"potions_floor_spawned":[2,11,13,14,16,25,33],"killed_by":"Jaw Worm Horde","ascension_level":20}}