{"host":"0dsi8ju7ih3zb7n8","time":1613628954,"event":{"mods":["2.2 Compatiblity","Act Like it!","Astrologer","BaseMod","Downfall","Hermit","Minty Spire (QoL Compilation)","Robot Space Explorer","Spicy Shops","StSLib","The Gatherer","The Marked"],"gold_per_floor":[399,399,416,9,9,19,42,76,105,105,105,105],"floor_reached":10,"language":"ENG","playtime":605,"items_purged":[],"score":89,"play_id":"bb812a28-6f0c-4204-a74c-bcacb366cdaf","local_time":"20210218071554","daily_mods":["SealedDeck","Heirloom","Flight"],"is_ascension_mode":false,"metric_token":785,"campfire_choices":[{"data":"Gatherer:Herbalism","floor":1,"key":"SMITH"}],"circlet_count":0,"master_deck":["Gatherer:TreeGrowth","Gatherer:Duplicator","Gatherer:TacticalStrike","Gatherer:Herbalism+1","Gatherer:DrugPower","Gatherer:QuickSynthesis","Gatherer:Snatch","Gatherer:QuickSynthesis","Gatherer:Duplicator","Gatherer:EnergyBasket","Gatherer:Liquidism","Gatherer:LuckyClover","Gatherer:Duplicator","Gatherer:SealedBomb","Gatherer:QuickSynthesis","Gatherer:QuickSynthesis"],"relics":["Gatherer:AlchemyBag","Old Coin","Chemical X","Gatherer:FlyingFruit","Tiny Chest","Odd Mushroom"],"acts_visited":["Exordium"],"potions_floor_usage":[9],"damage_taken":[{"damage":8,"enemies":"Small Slimes","floor":3,"turns":2},{"damage":15,"enemies":"downfall:FleeingMerchant","floor":4,"turns":4},{"damage":0,"enemies":"Cultist","floor":6,"turns":4},{"damage":19,"enemies":"Gremlin Nob","floor":8,"turns":4},{"damage":20,"enemies":"The Mushroom Lair","floor":9,"turns":5},{"damage":0,"enemies":"3 Sentries","floor":10,"turns":1}],"seed_played":"-1339595894231516181","potions_obtained":[{"floor":3,"key":"Energy Potion"},{"floor":8,"key":"Swift Potion"}],"is_trial":true,"path_per_floor":["R","?","M","$","?","M","T","E","?","E"],"character_chosen":"THE_GATHERER","items_purchased":["Chemical X","Gatherer:FlyingFruit"],"campfire_rested":0,"item_purchase_floors":[4,4],"current_hp_per_floor":[72,72,64,49,49,57,57,38,18,18,18,18],"gold":105,"neow_bonus":"","is_daily":false,"chose_seed":false,"campfire_upgraded":1,"win_rate":0.0,"timestamp":1613628954,"path_taken":["R","?","?","?","?","?","T","E","?","E"],"items_purchased_type":["Relic","Relic"],"build_version":"2020-12-22","purchased_purges":0,"victory":false,"max_hp_per_floor":[72,72,72,72,72,80,80,80,80,80,80,80],"card_choices":[{"not_picked":["Gatherer:FlowerShield","Gatherer:CarefulStrike"],"picked":"Gatherer:Liquidism","floor":3},{"not_picked":["Gatherer:AromaProtection","Gatherer:SmartManeuver"],"picked":"Gatherer:LuckyClover","floor":4},{"not_picked":["Gatherer:AcidicSpray","Gatherer:Convert"],"picked":"Gatherer:SealedBomb","floor":6},{"not_picked":["Gatherer:GlowingPlant","Gatherer:BambuSword"],"picked":"Gatherer:QuickSynthesis","floor":8},{"not_picked":["Gatherer:FlowerFalling","Gatherer:ScrollOfWall"],"picked":"Gatherer:QuickSynthesis","floor":9}],"player_experience":892816,"relics_obtained":[{"floor":8,"key":"Tiny Chest"},{"floor":9,"key":"Odd Mushroom"}],"event_choices":[{"damage_healed":0,"gold_gain":0,"player_choice":"Ignored","damage_taken":0,"max_hp_gain":0,"max_hp_loss":0,"event_name":"NoteForYourself","floor":2,"gold_loss":0},{"damage_healed":0,"gold_gain":0,"player_choice":"Fought Mushrooms","damage_taken":0,"max_hp_gain":0,"max_hp_loss":0,"event_name":"Mushrooms","floor":9,"gold_loss":0}],"is_beta":false,"boss_relics":[],"items_purged_floors":[],"is_endless":false,"potions_floor_spawned":[3,8],"killed_by":"3 Sentries","ascension_level":0}}