{"host":"0luxfixkkfk9wck3","time":1613679320,"event":{"mods":["BaseMod","DeckTracker","Downfall","Highlight Path","Minty Spire (QoL Compilation)","StSLib"],"gold_per_floor":[99,112,125,143,293,293,293,54,88,101,101,114,114,131,151,252,252,252,269,269,286,296,307,307,307,325,225,325,325,325,325,325,325],"floor_reached":31,"language":"ENG","playtime":71880,"items_purged":[],"score":360,"play_id":"e316993b-131a-4577-8216-00f1a38e660b","local_time":"20210218141520","is_ascension_mode":true,"campfire_choices":[{"data":"bronze:Replicate","floor":1,"key":"SMITH"},{"data":"bronze:Invalidate","floor":6,"key":"SMITH"},{"floor":11,"key":"REST"},{"floor":13,"key":"REST"},{"data":"bronze:Mutator","floor":18,"key":"SMITH"},{"floor":27,"key":"REST"}],"circlet_count":0,"master_deck":["bronze:Strike","bronze:Strike","bronze:Strike","bronze:Strike","bronze:Defend","bronze:Defend","bronze:Defend","bronze:Defend","bronze:Replicate+1","bronze:Goto","bronze:Invalidate+1","bronze:DelayedGuard","bronze:DelayedSlice","bronze:ItsAFeature","bronze:DigitalCarnage","bronze:OilSpill","bronze:OilSpill","bronze:Frontload","bronze:DarkDash","bronze:Mutator+1","bronze:Turbo+1","bronze:BuggyMess+1","bronze:Verify","bronze:MaxOutput","bronze:DecaBeam","bronze:Fortify"],"relics":["bronze:BronzeCore","Ancient Tea Set","Akabeko","Oddly Smooth Stone","Bottled Tornado","Sozu","MutagenicStrength","downfall:HeartBlessingBlue"],"acts_visited":["Exordium","TheCity"],"potions_floor_usage":[16],"damage_taken":[{"damage":1,"enemies":"Small Slimes","floor":2,"turns":3},{"damage":2,"enemies":"Jaw Worm","floor":3,"turns":4},{"damage":3,"enemies":"2 Louse","floor":4,"turns":3},{"damage":0,"enemies":"downfall:FleeingMerchant","floor":8,"turns":4},{"damage":32,"enemies":"Lagavulin","floor":9,"turns":4},{"damage":2,"enemies":"Red Slaver","floor":10,"turns":2},{"damage":2,"enemies":"Exordium Wildlife","floor":12,"turns":3},{"damage":7,"enemies":"Blue Slaver","floor":14,"turns":2},{"damage":0,"enemies":"3 Louse","floor":15,"turns":3},{"damage":34,"enemies":"DF_ARCHETYPE_STREAMLINE","floor":16,"turns":6},{"damage":9,"enemies":"3 Byrds","floor":19,"turns":5},{"damage":6,"enemies":"Chosen","floor":21,"turns":3},{"damage":0,"enemies":"3 Cultists","floor":22,"turns":6},{"damage":16,"enemies":"Snake Plant","floor":23,"turns":5},{"damage":19,"enemies":"Centurion and Healer","floor":26,"turns":5},{"damage":12,"enemies":"Centurion and Healer","floor":28,"turns":4},{"damage":55,"enemies":"Book of Stabbing","floor":31,"turns":4}],"seed_played":"-6979447425295268358","potions_obtained":[{"floor":4,"key":"sneckomod:MuddlingPotion"},{"floor":10,"key":"Energy Potion"},{"floor":15,"key":"PowerPotion"},{"floor":16,"key":"Strength Potion"}],"is_trial":false,"path_per_floor":["R","M","M","M","?","R","T","$","E","M","R","M","R","M","M","B",null,"R","M","?","M","M","M","T","?","M","R","?","?","?","E"],"character_chosen":"THE_AUTOMATON","items_purchased":["bronze:DigitalCarnage","Oddly Smooth Stone"],"campfire_rested":3,"item_purchase_floors":[8,8],"current_hp_per_floor":[63,62,60,57,57,57,57,57,25,23,44,42,63,56,56,22,58,58,49,80,74,74,58,58,58,39,76,64,64,51,0,0,0],"gold":325,"neow_bonus":"RANDOM_COMMON_RELIC","is_daily":false,"chose_seed":false,"campfire_upgraded":3,"win_rate":0.0,"timestamp":1613679320,"path_taken":["R","M","M","M","?","R","T","?","E","M","R","M","R","M","M","BOSS","R","M","?","M","M","?","T","?","M","R","?","?","?","E"],"items_purchased_type":["Card","Relic"],"build_version":"2020-12-22","purchased_purges":0,"victory":false,"max_hp_per_floor":[70,70,70,70,70,70,70,70,70,70,70,70,70,70,70,70,70,70,70,80,80,80,80,80,80,80,90,90,90,90,90,90,90],"card_choices":[{"not_picked":["bronze:Shield","bronze:Optimize"],"picked":"bronze:Invalidate","floor":2},{"not_picked":["bronze:Allocate","bronze:Iterate"],"picked":"bronze:DelayedGuard","floor":3},{"not_picked":["bronze:Iterate","bronze:Overload"],"picked":"bronze:DelayedSlice","floor":4},{"not_picked":["bronze:DelayedGuard","bronze:BugBarrage"],"picked":"bronze:ItsAFeature","floor":8},{"not_picked":["bronze:Refactor","bronze:ChildClass"],"picked":"bronze:OilSpill","floor":9},{"not_picked":["bronze:GetLatest","bronze:Repulsor"],"picked":"bronze:ThunderWave","floor":10},{"not_picked":["bronze:Flail","bronze:Allocate"],"picked":"bronze:OilSpill","floor":12},{"not_picked":["bronze:Turbo","bronze:CloningBeam"],"picked":"bronze:Frontload","floor":14},{"not_picked":["bronze:Shell","bronze:InfiniteBeams"],"picked":"bronze:DarkDash","floor":15},{"not_picked":["bronze:SpaghettiCode","bronze:TinkerersToolbox"],"picked":"bronze:Mutator","floor":16},{"not_picked":["bronze:Invalidate+1","bronze:FineTuning"],"picked":"bronze:Turbo+1","floor":19},{"not_picked":["bronze:CutThrough","bronze:WhirlingStrike"],"picked":"bronze:BuggyMess+1","floor":21},{"not_picked":["bronze:Constructor","bronze:Turbo+1"],"picked":"bronze:Verify","floor":22},{"not_picked":["bronze:Separator","bronze:WhirlingStrike","bronze:FineTuning"],"picked":"SKIP","floor":23},{"not_picked":["bronze:FollowUp","bronze:Invalidate+1"],"picked":"bronze:MaxOutput","floor":26},{"not_picked":[],"picked":"bronze:DecaBeam","floor":28}],"player_experience":11909258,"relics_obtained":[{"floor":7,"key":"Akabeko"},{"floor":9,"key":"Bottled Tornado"}],"event_choices":[{"cards_removed":["bronze:ThunderWave"],"damage_healed":21,"gold_gain":0,"player_choice":"Offered Rare","damage_taken":0,"max_hp_gain":10,"max_hp_loss":0,"event_name":"Bonfire Elementals","floor":20,"gold_loss":0},{"damage_healed":0,"gold_gain":0,"player_choice":"Inject Mutagens","damage_taken":0,"relics_obtained":["MutagenicStrength"],"max_hp_gain":0,"max_hp_loss":0,"event_name":"Drug Dealer","floor":25,"gold_loss":0}],"is_beta":false,"boss_relics":[{"not_picked":["Black Star","Runic Pyramid"],"picked":"Sozu"}],"items_purged_floors":[],"is_endless":false,"potions_floor_spawned":[4,10,15,16,23,26,28],"killed_by":"Book of Stabbing","ascension_level":8}}