{"host":"64qzurqwi0x0qgxo","time":1613648157,"event":{"mods":["ATMod(∞¢Ë™Mod)","Act Like it!","BaseMod","Colored Map","Colored Powertips","Gensokyo","Googly Eyes","Grow up Mod","GungeonMod","Hallownest","Keyboard Shortcuts","Koishi","KomeijiMod","Marisa£®ÏF”Í°°ƒß¿Ì…≥£©","Minty Spire (QoL Compilation)","MostiFishMod","Quick Restart","Rare Cards Sparkle","Reimu£®≤©¿ˆ¡È√Œ£©","Relic Stats","Remilia_Scarlet Moed£®¿Ÿ√◊¿Ú—«°§Àπø®¿◊Ãÿ£©3.3.5","Remove Card Discount Mod","Replay The Spire","StSLib","The Poker Player","noobMod"],"gold_per_floor":[110,110,110,74,125,157,157,174,174,47,79,95,95,127,139,247,-1141,-1114,-1086,-1062,-1030,-999,-962,-940,-908,-871,-829,-817,-786,-754,-742,-730,-616,-604,-578,-566,-554,-526,-499,-460,-448,-420,-408,-385,-341,-315,-274,-246,-234,-222,-210,-198,-186,-145,-133],"floor_reached":56,"language":"ZHS","playtime":2723,"items_purged":["Koishi:BasicDefend","Koishi:BasicDefend","Koishi:BasicDefend","Injury","Koishi:BasicDefend","Koishi:BasicStrike","Koishi:BasicStrike","Koishi:BasicStrike","Koishi:BasicStrike"],"score":1578,"play_id":"8c955cf2-c880-4613-af69-877c07dd49e8","local_time":"20210218193557","is_ascension_mode":false,"campfire_choices":[{"floor":7,"key":"RECALL"},{"data":"Koishi:IdleWhim","floor":13,"key":"SMITH"},{"data":"Koishi:ReflexRadar","floor":15,"key":"SMITH"},{"data":"Koishi:FadingMemory","floor":28,"key":"SMITH"},{"data":"Koishi:MassHysteria","floor":32,"key":"SMITH"},{"data":"Koishi:PerfectMindControl","floor":41,"key":"SMITH"},{"data":"Koishi:FleetingPhantom","floor":49,"key":"SMITH"},{"data":"Koishi:IdleWhim","floor":52,"key":"SMITH"}],"circlet_count":0,"master_deck":["Koishi:HauntingSlash","Koishi:SubconsciousSweep","Koishi:StingingMind","Koishi:MassHysteria","Koishi:SprinkleStarAndHeart","Koishi:IdleWhim+1","Koishi:ReflexRadar+1","Koishi:FadingMemory+1","Koishi:HeartAttack+1","Koishi:HeartAttack","Koishi:LastRemote+1","Koishi:ReflexRadar+1","Koishi:FleetingPhantom+1","Koishi:SubconsciousSweep","Koishi:SubterraneanRose","Koishi:ImGoingToCallYouNow","Koishi:PerfectMindControl+1","Koishi:IdleWhim+1","Koishi:ReleaseOfTheId+1","Koishi:ReflexRadar+1","Koishi:FleetingPhantom+1","Koishi:ReleaseOfTheId+1","Koishi:HeartAttack"],"relics":["Koishi:ImaginaryFriend","ice","DaveBox","AT_ATBox","NeowsBlessing","SynthV:TestCard","Gensokyo:Justice","Strawberry","AT_EbonyIvory","Koishi:AHoleWhereASisterShouldBe","AT_BladeRuinedKing","AT_TimeSand","MawBank","Coffee Dripper","SynthV:MejaisSoulstealer","Replay:Bottled Eggs","Art of War","Replay:Drink Me","Blue Candle","DemoMod:MonsterBlood","Pen Nib","DemoMod:GreenGuonStone","DemoMod:GlassGuonStoneRelic","AT_SunfireAegis"],"acts_visited":["Gensokyo:Gensokyo","Gensokyo:Gensokyoer","Gensokyo:Gensokyoest","TheEnding"],"potions_floor_usage":[],"damage_taken":[{"damage":0,"enemies":"Gensokyo:Gryphon","floor":1,"turns":1},{"damage":0,"enemies":"Gensokyo:Aya","floor":6,"turns":1},{"damage":0,"enemies":"Gensokyo:3_Fairies","floor":8,"turns":1},{"damage":0,"enemies":"Gensokyo:Cirno","floor":11,"turns":4},{"damage":0,"enemies":"Gensokyo:Python","floor":12,"turns":1},{"damage":0,"enemies":"Gensokyo:Mamizou","floor":14,"turns":3},{"damage":19,"enemies":"Gensokyo:Yukari","floor":16,"turns":4},{"damage":0,"enemies":"Gensokyo:CosmicMonolith","floor":18,"turns":2},{"damage":7,"enemies":"Gensokyo:AngelMirror","floor":19,"turns":2},{"damage":0,"enemies":"Gensokyo:Swordslinger","floor":20,"turns":1},{"damage":12,"enemies":"Gensokyo:Slime_Group","floor":21,"turns":2},{"damage":0,"enemies":"Gensokyo:Monolith_and_Dog","floor":22,"turns":1},{"damage":0,"enemies":"Gensokyo:Reisen","floor":23,"turns":1},{"damage":0,"enemies":"Gensokyo:Swordslinger","floor":24,"turns":1},{"damage":0,"enemies":"Gensokyo:Chomper_and_Gloop","floor":25,"turns":2},{"damage":0,"enemies":"Gensokyo:Koishi","floor":27,"turns":2},{"damage":0,"enemies":"Gensokyo:Slime_Group","floor":29,"turns":1},{"damage":0,"enemies":"Gensokyo:Monolith_and_Dog","floor":30,"turns":1},{"damage":5,"enemies":"Gensokyo:Kaguya","floor":33,"turns":4},{"damage":0,"enemies":"Gensokyo:3_Boulders","floor":35,"turns":1},{"damage":0,"enemies":"Gensokyo:AncientGuardian","floor":38,"turns":1},{"damage":0,"enemies":"Gensokyo:SeedOfUnknown","floor":39,"turns":2},{"damage":0,"enemies":"Gensokyo:Doremy","floor":40,"turns":2},{"damage":11,"enemies":"Gensokyo:Dusk_and_Dawn","floor":42,"turns":2},{"damage":0,"enemies":"Gensokyo:Rafflesia","floor":44,"turns":2},{"damage":0,"enemies":"Gensokyo:Kasen","floor":45,"turns":2},{"damage":0,"enemies":"Gensokyo:3_Boulders","floor":46,"turns":2},{"damage":0,"enemies":"Gensokyo:Doremy","floor":47,"turns":2},{"damage":0,"enemies":"Gensokyo:4_Bats","floor":48,"turns":1},{"damage":0,"enemies":"Gensokyo:Yuyuko","floor":50,"turns":3},{"damage":7,"enemies":"Shield and Spear","floor":54,"turns":2},{"damage":13,"enemies":"The Heart","floor":55,"turns":4}],"seed_played":"-962740713037621896","potions_obtained":[{"floor":1,"key":"Reflective Coating"},{"floor":8,"key":"LifebloodPotion"},{"floor":12,"key":"CalmPotion"}],"is_trial":false,"path_per_floor":["M","?","?","$","?","E","R","M","T","$","E","M","R","E","R","B",null,"M","M","M","M","M","E","M","M","T","E","R","M","M","?","R","B",null,"M","?","?","M","M","E","R","M","T","M","E","M","E","M","R","B",null,"R","$","E","B",null],"character_chosen":"KOISHI","items_purchased":["Koishi:SubconsciousSweep","Koishi:UnconsciousUprising","Koishi:SprinkleStarAndHeart"],"campfire_rested":0,"item_purchase_floors":[4,10,10],"current_hp_per_floor":[80,90,107,117,127,137,147,157,167,177,187,197,207,217,227,226,247,257,261,271,269,279,294,304,314,324,334,344,354,364,374,384,395,316,326,336,346,356,366,376,386,386,403,413,429,439,449,459,469,479,493,503,513,516,523],"gold":-121,"neow_bonus":"THREE_ENEMY_KILL","is_daily":false,"chose_seed":false,"campfire_upgraded":7,"win_rate":0.0,"timestamp":1613648157,"path_taken":["M","?","?","$","?","E","R","?","T","?","E","M","R","E","R","BOSS","M","M","M","M","?","E","M","M","T","E","R","M","M","?","R","BOSS","M","?","?","M","M","E","R","M","T","M","E","M","E","M","R","BOSS","R","$","E","BOSS"],"items_purchased_type":["Card","Card","Card"],"build_version":"2020-12-22","purchased_purges":9,"victory":true,"max_hp_per_floor":[80,90,107,117,127,137,147,157,167,177,187,197,207,217,227,237,247,257,267,277,287,297,307,317,327,337,347,357,367,377,387,397,407,316,326,336,346,356,366,376,386,396,413,423,433,443,453,463,473,483,493,503,513,523,543],"relic_stats":{"counters":[32,61],"Blue Candle":[0],"Pen Nib":[4],"Art of War":[0],"MawBank":504,"obtain_stats":[{"DemoMod:GreenGuonStone":47,"AT_ATBox":0,"DaveBox":0,"DemoMod:GlassGuonStoneRelic":1,"ice":0,"AT_TimeSand":11,"Gensokyo:Justice":2,"Frozen Eye":27,"DemoMod:MonsterBlood":43,"Strawberry":3,"Koishi:AHoleWhereASisterShouldBe":6,"Replay:Bottled Eggs":23,"Replay:Drink Me":34,"SynthV:MejaisSoulstealer":17,"NeowsBlessing":0,"Blue Candle":40,"AT_EbonyIvory":5,"AT_BladeRuinedKing":9,"Pen Nib":45,"MawBank":14,"SynthV:TestCard":1,"Coffee Dripper":17,"Art of War":27,"AT_SunfireAegis":54,"Koishi:ImaginaryFriend":0},{"DemoMod:GreenGuonStone":28,"AT_ATBox":0,"DaveBox":0,"DemoMod:GlassGuonStoneRelic":1,"ice":0,"AT_TimeSand":4,"Gensokyo:Justice":1,"Frozen Eye":15,"DemoMod:MonsterBlood":24,"Strawberry":1,"Koishi:AHoleWhereASisterShouldBe":2,"Replay:Bottled Eggs":13,"Replay:Drink Me":19,"SynthV:MejaisSoulstealer":7,"NeowsBlessing":0,"Blue Candle":23,"AT_EbonyIvory":1,"AT_BladeRuinedKing":3,"Pen Nib":26,"MawBank":6,"SynthV:TestCard":1,"Coffee Dripper":7,"Art of War":16,"AT_SunfireAegis":31,"Koishi:ImaginaryFriend":0},{"DemoMod:GreenGuonStone":51,"AT_ATBox":0,"DaveBox":0,"DemoMod:GlassGuonStoneRelic":1,"ice":0,"AT_TimeSand":7,"Gensokyo:Justice":1,"Frozen Eye":27,"DemoMod:MonsterBlood":43,"Strawberry":1,"Koishi:AHoleWhereASisterShouldBe":2,"Replay:Bottled Eggs":24,"Replay:Drink Me":35,"SynthV:MejaisSoulstealer":15,"NeowsBlessing":0,"Blue Candle":41,"AT_EbonyIvory":1,"AT_BladeRuinedKing":3,"Pen Nib":47,"MawBank":11,"SynthV:TestCard":1,"Coffee Dripper":15,"Art of War":29,"AT_SunfireAegis":57,"Koishi:ImaginaryFriend":0}]},"card_choices":[{"not_picked":["Koishi:UnansweredLove","Koishi:Jaunt"],"picked":"Koishi:BloodcurdlingScream","floor":1},{"not_picked":["Koishi:RorschachInDanmaku","Koishi:SpiritedAway","Koishi:TraumaticStroke","Koishi:ParalyzingFear"],"picked":"Koishi:SubconsciousSweep","floor":5},{"not_picked":["Koishi:RacingHeart","Koishi:HeartfeltFancy","Koishi:UnseenTerror","Koishi:SpiritedAway"],"picked":"Koishi:StingingMind","floor":5},{"not_picked":["Koishi:DreadfulBlow","Koishi:SprinkleStarAndHeart","Koishi:BloodcurdlingScream","Koishi:FleetingPhantom"],"picked":"Koishi:MassHysteria","floor":6},{"not_picked":["Koishi:EmbryosDream","Koishi:ParalyzingFear","Koishi:Untouchable","Koishi:FourthEye"],"picked":"Koishi:StingingMind","floor":8},{"not_picked":["Koishi:Whimsy","Koishi:Untouchable","Koishi:GrowingPain","Koishi:SubconsciousSweep"],"picked":"Koishi:IdleWhim","floor":11},{"not_picked":["Koishi:FleetingPhantom","Koishi:PhantomStrike","Koishi:SuperEgo","Koishi:StingingMind"],"picked":"Koishi:ReflexRadar","floor":12},{"not_picked":["Koishi:Vanish","Koishi:PhantomBarrier","Koishi:CatchAndRose","Koishi:ConfinedInnocent","Koishi:DreadfulBlow"],"picked":"SKIP","floor":14},{"not_picked":["Koishi:ImGoingToCallYouNow","Koishi:MentalBreakdown","Koishi:SuperEgo","Koishi:SilentAndRestless"],"picked":"Koishi:FadingMemory","floor":16},{"not_picked":["Koishi:PhantomStrike","Koishi:ReflexRadar+1","Koishi:Prune+1","Koishi:Jaunt+1"],"picked":"Koishi:HeartAttack+1","floor":18},{"not_picked":["Koishi:SpiritedAway","Koishi:PhilosophyOfTheDespised+1","Koishi:UnconsciousUprising","Koishi:YoukaiPolygraph"],"picked":"Koishi:HeartAttack","floor":19},{"not_picked":["Koishi:UnconsciousUprising+1","Koishi:UnansweredLove+1","Koishi:PhilosophyOfTheDespised","Koishi:BloodcurdlingScream"],"picked":"Koishi:LastRemote","floor":20},{"not_picked":["Koishi:StingingMind","Koishi:DNAsFlaw","Koishi:GhostParty","Koishi:ImGoingToCallYouNow","Koishi:PhantomBarrier"],"picked":"SKIP","floor":21},{"not_picked":["Koishi:PhantomBarrier","Koishi:Prune","Koishi:RorschachInDanmaku","Koishi:StingingMind"],"picked":"Koishi:ReflexRadar","floor":22},{"not_picked":["Koishi:JumpScare+1","Koishi:BloodcurdlingScream","Koishi:UnconsciousUrges","Koishi:GeneticsOfTheUnconscious+1"],"picked":"Koishi:MassHysteria","floor":23},{"not_picked":["Koishi:GeneticsOfTheUnconscious","Koishi:PhilosophyOfTheDespised+1","Koishi:PhantomBarrier+1","Koishi:Heartbroken"],"picked":"Koishi:ReflexRadar","floor":24},{"not_picked":["Koishi:DNAsFlaw","Koishi:BramblyRoseGarden","Koishi:BloodcurdlingScream","Koishi:JumpScare"],"picked":"Koishi:FleetingPhantom+1","floor":25},{"not_picked":["Koishi:CatchAndRose","Koishi:BloodcurdlingScream","Koishi:Prune","Koishi:DNAsFlaw"],"picked":"Koishi:SubconsciousSweep","floor":27},{"not_picked":["Koishi:Prune+1","Koishi:BramblyRoseGarden","Koishi:YoukaiPolygraph+1","Koishi:Bloodlust","Koishi:UnconsciousUprising"],"picked":"SKIP","floor":29},{"not_picked":["Koishi:SubterraneanRose","Koishi:HeartfeltFancy","Koishi:UnansweredLove","Koishi:DreadfulBlow","Koishi:FourthEye"],"picked":"SKIP","floor":30},{"not_picked":["Koishi:HeartfeltFancy","Koishi:UnansweredLove","Koishi:DreadfulBlow","Koishi:FourthEye"],"picked":"Koishi:SubterraneanRose","floor":30},{"not_picked":["Koishi:RollingInRichesHeart","Koishi:SuperEgo","Koishi:SilentAndRestless","Koishi:ImGoingToCallYouNow"],"picked":"Koishi:PerfectMindControl","floor":33},{"not_picked":["Koishi:Jaunt","Koishi:FourthEye+1","Koishi:MassHysteria","Koishi:ReflexRadar"],"picked":"Koishi:IdleWhim","floor":35},{"not_picked":["Koishi:UnconsciousUprising","Koishi:GhostParty","Koishi:EmbryosDream","Koishi:FourthEye+1","Koishi:UnseenTerror+1"],"picked":"SKIP","floor":38},{"not_picked":["Koishi:RorschachInDanmaku+1","Koishi:ReflexRadar+1","Koishi:EmbersOfLove+1","Koishi:SubterraneanRose","Koishi:MindNumbingTerror+1"],"picked":"SKIP","floor":39},{"not_picked":["Koishi:RollingInRichesHeart","Koishi:GhostParty","Koishi:Bloodlust+1","Koishi:LastRemote"],"picked":"Koishi:ReleaseOfTheId+1","floor":40},{"not_picked":["Koishi:SubterraneanRose+1","Koishi:GhostParty","Koishi:PhantomStrike+1","Koishi:JumpScare+1"],"picked":"Koishi:ReflexRadar+1","floor":42},{"not_picked":["Koishi:EmbryosDream+1","Koishi:SpiritedAway+1","Koishi:RorschachInDanmaku","Koishi:ConditionedTeleport","Koishi:DreadfulBlow"],"picked":"SKIP","floor":44},{"not_picked":["Koishi:Jaunt","Koishi:StrangeCloudFist","Koishi:Possession","Koishi:VengefulSpirit"],"picked":"Koishi:FleetingPhantom","floor":45},{"not_picked":["Koishi:EmbryosDream","Koishi:RorschachInDanmaku","Koishi:TremblingHands","Koishi:PerfectMindControl"],"picked":"Koishi:ReleaseOfTheId+1","floor":46},{"not_picked":["Koishi:CatchAndRose+1","Koishi:PhantomBarrier+1","Koishi:UnconsciousUprising+1","Koishi:Jaunt","Koishi:BloodcurdlingScream+1"],"picked":"SKIP","floor":47},{"not_picked":["Koishi:UnconsciousUprising","Koishi:ParalyzingFear+1","Koishi:RuptureMind","Koishi:EmbryosDream+1"],"picked":"Koishi:HeartAttack","floor":48},{"not_picked":["Koishi:SpiritedAway","Koishi:HeartStoppingHorror","Koishi:JumpScare+1","Koishi:FourthEye+1","Koishi:GeneticsOfTheUnconscious"],"picked":"SKIP","floor":54}],"player_experience":117874,"relics_obtained":[{"floor":1,"key":"SynthV:TestCard"},{"floor":5,"key":"AT_EbonyIvory"},{"floor":6,"key":"Koishi:AHoleWhereASisterShouldBe"},{"floor":9,"key":"AT_BladeRuinedKing"},{"floor":11,"key":"AT_TimeSand"},{"floor":14,"key":"MawBank"},{"floor":23,"key":"Replay:Bottled Eggs"},{"floor":27,"key":"Art of War"},{"floor":40,"key":"Blue Candle"},{"floor":43,"key":"DemoMod:MonsterBlood"},{"floor":45,"key":"Pen Nib"},{"floor":47,"key":"DemoMod:GreenGuonStone"},{"floor":54,"key":"AT_SunfireAegis"}],"event_choices":[],"is_beta":false,"boss_relics":[{"not_picked":["GreenFoldingFan","Kintsugi"],"picked":"Coffee Dripper"},{"not_picked":["NightmareShop","Velvet Choker"],"picked":"Replay:Drink Me"}],"items_purged_floors":[4,4,4,4,4,10,10,10,10],"is_endless":false,"potions_floor_spawned":[1,8,12,19,22,23,25,30,42,44,46,47,54],"ascension_level":0}}