{"host":"iwx63wjdqe91ab4t","time":1613611664,"event":{"mods":["AchievementEnabler","Act Like it!","Aspiration","BaseMod","BetterRewards","Downfall","Friendly Minions","Hermit","Hubris","Infinite Spire","Jorbs\u0027s Wanderer Trilogy","Marisa????????","Mimic Mod","Minty Spire (QoL Compilation)","Quick Restart","Reliquary","Replay The Spire","StSLib","The Bug Knight","The Construct","The Cursed","The Disciple","The Hierophant","The Jungle","The Necromancer","The Runesmith","The Servant 0.9.4"],"gold_per_floor":[114,114,114,114,127,127,156,156,156,174,186,214,214,242,242,347,347,359,329,340,354,354,389,406,406,406],"floor_reached":25,"language":"ENG","playtime":1504,"items_purged":["Strike_W"],"score":278,"play_id":"541a059d-efdb-4e27-a44a-9c15ea20e673","local_time":"20210217192744","is_ascension_mode":true,"campfire_choices":[{"data":"Blood_Shield","floor":6,"key":"SMITH"},{"floor":8,"key":"REST"},{"data":"Injury","floor":15,"key":"PURGE"}],"circlet_count":0,"master_deck":["Strike_W","Strike_W","Strike_W","Defend_W","Defend_W","Defend_W","Negative_Energy_Arrows","Bone_Wall","Acid_Javelin+1","Blood_Shield+1","Blood_Whip+1","Plague_Bolt+1","Shade_Step","Pandemic","Hellfire+1","Reap_The_Weak+1","Negative_Energy_Burst+1","Blood_Whip+1","infinitespire:Execution","Shackles_Of_Pain","Bone_Prison+1"],"relics":["Vampire_Amulet","Molten Egg 2","Nunchaku","Tiny Chest","Pear","hubris:MysteriousPyramids","Replay:Accelerometer","Ring of Chaos","Mummified Hand","infinitespire:EmpoweringShard"],"acts_visited":["Exordium","TheCity"],"potions_floor_usage":[7,10,12,16,18,20,20,21],"damage_taken":[{"damage":0,"enemies":"Jaw Worm","floor":1,"turns":4},{"damage":2,"enemies":"2 Louse","floor":5,"turns":3},{"damage":21,"enemies":"Replay:BlueRogue","floor":7,"turns":6},{"damage":1,"enemies":"Cultist","floor":10,"turns":4},{"damage":4,"enemies":"3 Louse","floor":11,"turns":4},{"damage":21,"enemies":"HollowMod:MossKnight","floor":12,"turns":11},{"damage":32,"enemies":"Gremlin Nob","floor":14,"turns":4},{"damage":7,"enemies":"Hexaghost","floor":16,"turns":8},{"damage":10,"enemies":"2 Thieves","floor":18,"turns":4},{"damage":10,"enemies":"Chosen and Byrds","floor":20,"turns":4},{"damage":26,"enemies":"Sentry and Sphere","floor":21,"turns":5},{"damage":30,"enemies":"Replay:Snechameleon","floor":23,"turns":5},{"damage":24,"enemies":"Snake Plant","floor":24,"turns":4},{"damage":10,"enemies":"Centurion and Healer","floor":25,"turns":1}],"seed_played":"5923136301221334231","potions_obtained":[{"floor":5,"key":"Fire Potion"},{"floor":7,"key":"ColorlessPotion"},{"floor":10,"key":"Elixir"},{"floor":12,"key":"Dexterity Potion"},{"floor":16,"key":"champ:CounterPotion"},{"floor":19,"key":"PowerPotion"},{"floor":19,"key":"CultistPotion"},{"floor":20,"key":"Explosive Potion"}],"is_trial":false,"path_per_floor":["M","?","?","?","M","R","E","R","T","M","M","E","?","E","R","B",null,"M","?","M","M","AVR","E","M","M"],"character_chosen":"NECROMANCER","items_purchased":[],"campfire_rested":1,"item_purchase_floors":[],"current_hp_per_floor":[80,80,80,80,80,80,61,80,80,80,80,71,71,41,41,36,90,83,83,77,55,55,27,5,0,0],"gold":406,"neow_bonus":"RANDOM_EVENT","is_daily":false,"chose_seed":false,"campfire_upgraded":1,"win_rate":0.0,"timestamp":1613611664,"path_taken":["M","?","?","?","?","R","E","R","T","M","M","E","?","E","R","BOSS","M","?","M","M","AVR","E","M","?"],"items_purchased_type":[],"build_version":"2020-12-22","purchased_purges":1,"victory":false,"max_hp_per_floor":[80,80,80,80,80,80,80,80,80,80,80,90,90,90,90,90,90,90,90,90,90,90,90,90,90,90],"card_choices":[{"not_picked":["Death_Knell","Epidemic"],"picked":"Acid_Javelin","floor":1},{"not_picked":["Negative_Energy_Javelin+1","Negative_Energy_Sphere+1"],"picked":"Blood_Shield","floor":5},{"not_picked":["Finger_Of_Death+1","Epidemic"],"picked":"Blood_Whip+1","floor":7},{"not_picked":["Finger_Of_Death+1","Strike_from_Beyond+1"],"picked":"Plague_Bolt+1","floor":10},{"not_picked":["Negative_Energy_Sphere+1","Blood_for_Blood"],"picked":"Shade_Step","floor":11},{"not_picked":["Bone_Prison","Finger_Of_Death+1"],"picked":"Pandemic","floor":12},{"not_picked":["Toxic_Smoke_Screen","Stop_Heart"],"picked":"Hellfire+1","floor":14},{"not_picked":["Hellfire+1","Grasp_Heart+1"],"picked":"Reap_The_Weak+1","floor":16},{"not_picked":["Death_March_Dance+1","Flesh_Made_Foul+1"],"picked":"Negative_Energy_Burst+1","floor":18},{"not_picked":["Epidemic+1","Thousand_Bone_Knives+1"],"picked":"Blood_Whip+1","floor":20},{"not_picked":["Bone_Spikes+1","Consume_Illness","Negative_Energy_Burst+1"],"picked":"SKIP","floor":21},{"not_picked":["Finger_Of_Death+1","Whirlwind_of_Bones+1"],"picked":"Shackles_Of_Pain","floor":23},{"not_picked":["Scare","Toxic_Smoke_Screen"],"picked":"Bone_Prison+1","floor":24}],"player_experience":304442,"relics_obtained":[{"floor":7,"key":"Nunchaku"},{"floor":9,"key":"Tiny Chest"},{"floor":12,"key":"Pear"},{"floor":14,"key":"Replay:Accelerometer"},{"floor":23,"key":"infinitespire:EmpoweringShard"}],"event_choices":[{"damage_healed":0,"gold_gain":0,"player_choice":"Donut","damage_taken":0,"max_hp_gain":5,"max_hp_loss":0,"event_name":"Big Fish","floor":0,"gold_loss":0},{"damage_healed":0,"gold_gain":0,"player_choice":"Upgraded","damage_taken":0,"max_hp_gain":0,"max_hp_loss":0,"event_name":"Upgrade Shrine","floor":4,"gold_loss":0,"cards_upgraded":["Acid_Javelin"]},{"damage_healed":0,"gold_gain":0,"player_choice":"Gave Potion","damage_taken":0,"relics_obtained":["hubris:MysteriousPyramids"],"max_hp_gain":0,"max_hp_loss":0,"event_name":"WeMeetAgain","floor":13,"gold_loss":0},{"damage_healed":0,"gold_gain":0,"player_choice":"Bought 2 Potions","damage_taken":0,"max_hp_gain":0,"max_hp_loss":0,"event_name":"The Woman in Blue","floor":19,"gold_loss":0}],"is_beta":false,"boss_relics":[{"not_picked":["Sozu","aspiration:WatcherSkillbook"],"picked":"Ring of Chaos"}],"items_purged_floors":[22],"is_endless":false,"potions_floor_spawned":[5,7,10,12,16,20],"killed_by":"Centurion and Healer","ascension_level":1}}