{"host":"bgptblc1sp470rxq","time":1613631729,"event":{"mods":["BaseMod","BetterRewards","Colored Map","Downfall","Highlight Path","Minty Spire (QoL Compilation)","Quick Restart","StSLib","Waifu the Spire"],"gold_per_floor":[99,113,113,124,124,124,124,139,153,181,181,193,243,253,273,369,369,369,383,483,8,21,21,21,21,121,121,28,28,43,53,64,169,169,169,181,28,45,45,45,126,136,66,66,66,66],"floor_reached":44,"language":"ZHS","playtime":2856,"items_purged":["hexamod:Strike","hexamod:CouncilsJustice"],"score":435,"play_id":"84a6c717-217d-4b7b-8f82-0c11db4fd049","local_time":"20210218150209","is_ascension_mode":false,"campfire_choices":[{"data":"hexamod:Float","floor":1.0,"key":"SMITH"},{"data":"hexamod:SearingWound","floor":18.0,"key":"SMITH"},{"data":"hexamod:FastForward","floor":23.0,"key":"SMITH"},{"data":"hexamod:SpectralAdrenaline","floor":27.0,"key":"SMITH"},{"data":"hexamod:ChargedBarrage","floor":29,"key":"SMITH"},{"floor":35,"key":"RECALL"},{"data":"hexamod:InspiringFlames","floor":40,"key":"SMITH"}],"circlet_count":0,"master_deck":["hexamod:Sear","hexamod:Float+1","hexamod:NightmareStrike","hexamod:ChargedBarrage+1","hexamod:FastForward+1","hexamod:PhantomFireball","hexamod:RadiantFlame+1","hexamod:SearingWound+1","hexamod:InspiringFlames+1","hexamod:HexaLevel+1","hexamod:TimeWarp+1","hexamod:NecessarySacrifice+1","hexamod:CatchUp+1","hexamod:SpectralAdrenaline+1","hexamod:Haunt+1","hexamod:FirstSeal","hexamod:Hexaguard+1","Ghostly+1","Ghostly+1","Ghostly+1","hexamod:CouncilsJustice","hexamod:CouncilsJustice","hexamod:AdvancingGuard+1","hexamod:BurningTouch+1","hexamod:GhostflameInferno+1","hexamod:CatchUp+1","hexamod:TurnItUp+1","hexamod:WildfireWeapon+1","hexamod:AdvancingGuard+1","Finesse+1","hexamod:Rewind+1","expansioncontent:AwakenDeath+1","hexamod:SecondSeal","hexamod:FourthSeal"],"relics":["hexamod:UnbrokenSoul","Frozen Egg 2","Mummified Hand","hexamod:MatchstickCase","Astrolabe","Toxic Egg 2","Question Card","Lizard Tail","Eternal Feather","Incense Burner","Bottled Tornado"],"acts_visited":["Exordium","TheCity","TheBeyond"],"potions_floor_usage":[32,33,44],"damage_taken":[{"damage":0.0,"enemies":"Small Slimes","floor":2.0,"turns":4.0},{"damage":0.0,"enemies":"2 Louse","floor":4.0,"turns":3.0},{"damage":0.0,"enemies":"Cultist","floor":6.0,"turns":1.0},{"damage":10.0,"enemies":"Exordium Thugs","floor":8.0,"turns":6.0},{"damage":6.0,"enemies":"3 Louse","floor":9.0,"turns":3.0},{"damage":21.0,"enemies":"Lagavulin","floor":10.0,"turns":6.0},{"damage":5.0,"enemies":"downfall:LooterAlt","floor":12.0,"turns":3.0},{"damage":0.0,"enemies":"Large Slime","floor":14.0,"turns":5.0},{"damage":7.0,"enemies":"Blue Slaver","floor":15.0,"turns":3.0},{"damage":27.0,"enemies":"WA_ARCHETYPE_RETAIN","floor":16.0,"turns":5.0},{"damage":12.0,"enemies":"Shell Parasite","floor":19.0,"turns":4.0},{"damage":5.0,"enemies":"downfall:FleeingMerchant","floor":21.0,"turns":4.0},{"damage":13.0,"enemies":"3 Byrds","floor":22.0,"turns":4.0},{"damage":24.0,"enemies":"Colosseum Nobs","floor":26.0,"turns":7.0},{"damage":5.0,"enemies":"downfall:FleeingMerchant","floor":28.0,"turns":4.0},{"damage":1,"enemies":"Centurion and Healer","floor":30,"turns":7},{"damage":20,"enemies":"Shelled Parasite and Fungi","floor":31,"turns":5},{"damage":23,"enemies":"Cultist and Chosen","floor":32,"turns":7},{"damage":32,"enemies":"SI_MIRROR_ARCHETYPE","floor":33,"turns":11},{"damage":4,"enemies":"3 Shapes","floor":36,"turns":4},{"damage":0,"enemies":"downfall:FleeingMerchant","floor":37,"turns":4},{"damage":1,"enemies":"Orb Walker","floor":38,"turns":3},{"damage":21,"enemies":"4 Shapes","floor":42,"turns":6},{"damage":25,"enemies":"Spire Growth","floor":44,"turns":4}],"seed_played":"-8595286167199676756","potions_obtained":[{"floor":2.0,"key":"DistilledChaos"},{"floor":8.0,"key":"hexamod:EctoCoolerPotion"},{"floor":9.0,"key":"LiquidMemories"},{"floor":14.0,"key":"DuplicationPotion"},{"floor":19.0,"key":"GamblersBrew"},{"floor":26.0,"key":"DistilledChaos"},{"floor":31,"key":"SteroidPotion"},{"floor":32,"key":"Fire Potion"},{"floor":36,"key":"BlessingOfTheForge"},{"floor":38,"key":"CultistPotion"}],"is_trial":false,"path_per_floor":["R","M","?","M","?","M","T","M","M","E","?","M","T","M","M","B",null,"R","M","?","$","M","R","T","?","?","R","$","R","M","M","M","B",null,"R","M","$","M","?","R","T","M","$","M"],"character_chosen":"THE_SPIRIT","items_purchased":["hexamod:FirstSeal","Toxic Egg 2","hexamod:Hexaguard+1","hexamod:GhostflameInferno+1","Incense Burner","Finesse+1","hexamod:FourthSeal"],"campfire_rested":0,"item_purchase_floors":[21,21,21,28,37,37,43],"current_hp_per_floor":[77,77,77,77,77,77,77,67,61,40,40,35,35,35,28,1,77,77,65,65,60,54,54,54,38,21,33,35,38,38,25,9,10,38,38,38,38,38,38,38,38,24,24,0,0,0],"gold":66,"neow_bonus":"TEN_PERCENT_HP_BONUS","is_daily":false,"chose_seed":false,"campfire_upgraded":6,"win_rate":0.0,"timestamp":1613631729,"path_taken":["R","M","?","M","?","M","T","M","M","E","?","?","?","M","M","BOSS","R","M","?","?","M","R","T","?","?","R","$","R","M","M","M","BOSS","R","M","$","M","?","R","T","M","$","M"],"items_purchased_type":["Card","Relic","Card","Card","Relic","Card","Card"],"build_version":"2020-12-22","purchased_purges":2,"victory":false,"max_hp_per_floor":[77,77,77,77,77,77,77,77,77,77,77,77,77,77,77,77,77,77,77,77,77,77,77,77,38,38,38,38,38,38,38,38,38,38,38,38,38,38,38,38,38,38,38,38,38,38],"card_choices":[{"not_picked":["hexamod:GhostflameBarrier","hexamod:Hexaguard"],"picked":"hexamod:NightmareStrike","floor":2.0},{"not_picked":["hexamod:AdvancingGuard","hexamod:GhostOfSpireFuture"],"picked":"hexamod:ChargedBarrage","floor":4.0},{"not_picked":["hexamod:GhostLash","hexamod:HeatMetal"],"picked":"hexamod:FastForward","floor":6.0},{"not_picked":["hexamod:ShieldOfDarkness","hexamod:NightmareGuise"],"picked":"hexamod:PhantomFireball","floor":8.0},{"not_picked":["hexamod:ShieldOfDarkness","hexamod:BurningTouch"],"picked":"hexamod:RadiantFlame+1","floor":9.0},{"not_picked":["hexamod:BurningTouch","hexamod:ThermalTransfer"],"picked":"hexamod:SearingWound","floor":10.0},{"not_picked":["hexamod:BurningTouch","hexamod:Hexaguard","hexamod:FastForward"],"picked":"SKIP","floor":12.0},{"not_picked":["hexamod:Firestarter","hexamod:SpectersWail","hexamod:GhostShield"],"picked":"SKIP","floor":14.0},{"not_picked":["hexamod:Firestarter","hexamod:SpectersWail","hexamod:GhostShield"],"picked":"SKIP","floor":14.0},{"not_picked":["hexamod:SpectralAdrenaline","hexamod:HeatMetal"],"picked":"hexamod:InspiringFlames","floor":15.0},{"not_picked":["hexamod:TurnItUp","hexamod:UnlimitedPower"],"picked":"hexamod:HexaLevel+1","floor":16.0},{"not_picked":["hexamod:RetreatToShadows","hexamod:ShieldOfDarkness"],"picked":"hexamod:SpectralAdrenaline","floor":19.0},{"not_picked":["hexamod:FastForward","hexamod:SpectersWail+1"],"picked":"hexamod:Haunt+1","floor":21.0},{"not_picked":["hexamod:ShieldOfDarkness+1","hexamod:GhostLash","hexamod:Hexaguard+1"],"picked":"SKIP","floor":22.0},{"not_picked":["hexamod:GhostLash","hexamod:DynamicBlow","hexamod:ShieldOfDarkness+1"],"picked":"hexamod:AdvancingGuard+1","floor":26.0},{"not_picked":["hexamod:SwordOfDarkness","hexamod:GhostShield+1","hexamod:NightmareStrike"],"picked":"hexamod:BurningTouch+1","floor":28},{"not_picked":["hexamod:EtherealExpedition+1","hexamod:NightmareStrike","hexamod:HeatCrush+1"],"picked":"hexamod:CatchUp+1","floor":30},{"not_picked":["hexamod:Again+1","hexamod:NecessarySacrifice+1","hexamod:HeatMetal","hexamod:Incineration"],"picked":"SKIP","floor":31},{"not_picked":["hexamod:GhostLash+1","hexamod:AdvancingGuard+1","hexamod:Rewind+1"],"picked":"hexamod:TurnItUp+1","floor":32},{"not_picked":["hexamod:VolcanoVisage+1","hexamod:HexaLevel+1","hexamod:GhostflameInferno+1"],"picked":"hexamod:WildfireWeapon+1","floor":33},{"not_picked":["hexamod:RecurringNightmare+1","hexamod:ThermalTransfer+1","hexamod:EmpoweredFlame+1"],"picked":"hexamod:AdvancingGuard+1","floor":36},{"not_picked":["hexamod:HauntingEcho","hexamod:StepThrough","hexamod:FastForward+1","hexamod:GhostLash+1"],"picked":"SKIP","floor":37},{"not_picked":["hexamod:HauntingEcho","hexamod:SwordOfDarkness+1","hexamod:ThermalTransfer"],"picked":"hexamod:Rewind+1","floor":38},{"not_picked":["expansioncontent:InvincibleStrength","expansioncontent:GuardianWhirl"],"picked":"expansioncontent:AwakenDeath","floor":39},{"not_picked":["hexamod:EtherealExpedition+1","hexamod:BurningTouch+1","hexamod:HauntingEcho+1"],"picked":"hexamod:SecondSeal","floor":42}],"player_experience":274266,"relics_obtained":[{"floor":7.0,"key":"Frozen Egg 2"},{"floor":10.0,"key":"Mummified Hand"},{"floor":13.0,"key":"hexamod:MatchstickCase"},{"floor":24.0,"key":"Question Card"},{"floor":26.0,"key":"Lizard Tail"},{"floor":26.0,"key":"Eternal Feather"},{"floor":41,"key":"Bottled Tornado"}],"event_choices":[],"is_beta":false,"boss_relics":[{"not_picked":["Velvet Choker","Runic Dome"],"picked":"Astrolabe"},{"not_picked":["Empty Cage","Philosopher\u0027s Stone"],"picked":"hexamod:UnbrokenSoul"}],"items_purged_floors":[21,37],"is_endless":false,"potions_floor_spawned":[2,8,9,12,14,15,19,26,31,32,36,38],"killed_by":"Spire Growth","ascension_level":0}}