{"host":"2rfogli5fg2xrfro","time":1613621340,"event":{"mods":["BaseMod","Colored Powertips","Downfall","Googly Eyes","Infinite Spire","Minty Spire (QoL Compilation)","Replay The Spire","StSLib","The Servant 0.9.4"],"gold_per_floor":[119,119,33,53,66,98,173,90,115,115,126,155,155,155,155,155,155],"floor_reached":16,"language":"ENG","playtime":1334,"items_purged":[],"score":108,"play_id":"7d4e3abe-3630-4799-a502-dbad99d9e82f","local_time":"20210217230900","is_ascension_mode":false,"campfire_choices":[{"floor":10,"key":"REST"},{"floor":13,"key":"REST"},{"data":"Enlightenment","floor":15,"key":"SMITH"}],"circlet_count":0,"master_deck":["Strike_R","Strike_R","Strike_R","Strike_R","Defend_R","Defend_R","Defend_R","Defend_R","Bash","Headbutt","Clothesline","Whirlwind","Shrug It Off","Perfected Strike","Run Through","Cleave","Enlightenment+1","Ghostly Armor","Carnage"],"relics":["Burning Blood","Lantern","Replay:Mystery Machine","Orichalcum","SsserpentHead"],"acts_visited":["Exordium"],"potions_floor_usage":[12],"damage_taken":[{"damage":6,"enemies":"2 Louse","floor":1,"turns":3},{"damage":8,"enemies":"Jaw Worm","floor":4,"turns":4},{"damage":3,"enemies":"Small Slimes","floor":5,"turns":3},{"damage":39,"enemies":"Lagavulin","floor":6,"turns":7},{"damage":10,"enemies":"Looter","floor":11,"turns":3},{"damage":19,"enemies":"3 Sentries","floor":12,"turns":5},{"damage":106,"enemies":"Fading Forest","floor":16,"turns":9}],"seed_played":"7094845675436633856","potions_obtained":[{"floor":5,"key":"Guardian:BlockOnCardUsePotion"},{"floor":6,"key":"Explosive Potion"},{"floor":12,"key":"sneckomod:MuddlingPotion"}],"is_trial":false,"path_per_floor":["M","?","$","M","M","E","?","$","T","R","M","E","R","?","R","B"],"character_chosen":"IRONCLAD","items_purchased":["Whirlwind","Shrug It Off","Enlightenment"],"campfire_rested":2,"item_purchase_floors":[3,3,8],"current_hp_per_floor":[80,85,85,83,85,52,41,41,41,66,62,49,74,74,74,0,0],"gold":155,"neow_bonus":"RANDOM_EVENT","is_daily":false,"chose_seed":false,"campfire_upgraded":1,"win_rate":0.0,"timestamp":1613621340,"path_taken":["M","?","$","M","M","E","?","$","T","R","M","E","R","?","R","BOSS"],"items_purchased_type":["Card","Card","Card"],"build_version":"2020-12-22","purchased_purges":0,"victory":false,"max_hp_per_floor":[80,85,85,85,85,85,85,85,85,85,85,85,85,85,85,85,85],"card_choices":[{"not_picked":["Cleave","Blood for Blood"],"picked":"Clothesline","floor":1},{"not_picked":["Shockwave","Dark Embrace"],"picked":"Perfected Strike","floor":4},{"not_picked":["ReplayTheSpireMod:Corrosion Curse","Body Slam"],"picked":"Run Through","floor":5},{"not_picked":["Shrug It Off","Body Slam"],"picked":"Cleave","floor":6},{"not_picked":["Clothesline","Replay:Undeath\u0027s Touch"],"picked":"Ghostly Armor","floor":11},{"not_picked":["Ghostly Armor","Thunderclap"],"picked":"Carnage","floor":12}],"player_experience":33692,"relics_obtained":[{"floor":6,"key":"Lantern"},{"floor":9,"key":"Replay:Mystery Machine"},{"floor":12,"key":"Orichalcum"}],"event_choices":[{"damage_healed":0,"gold_gain":0,"cards_transformed":["Strike_R"],"player_choice":"Change","damage_taken":0,"max_hp_gain":0,"max_hp_loss":0,"event_name":"Living Wall","floor":0,"gold_loss":0,"cards_obtained":["Headbutt"]},{"damage_healed":0,"gold_gain":0,"player_choice":"Donut","damage_taken":0,"max_hp_gain":5,"max_hp_loss":0,"event_name":"Big Fish","floor":2,"gold_loss":0},{"damage_healed":0,"gold_gain":75,"player_choice":"Gather Gold","damage_taken":11,"max_hp_gain":0,"max_hp_loss":0,"event_name":"World of Goop","floor":7,"gold_loss":0},{"damage_healed":0,"gold_gain":0,"player_choice":"Trade","damage_taken":0,"relics_obtained":["SsserpentHead"],"max_hp_gain":0,"max_hp_loss":0,"event_name":"FaceTrader","floor":14,"gold_loss":0}],"is_beta":false,"boss_relics":[],"items_purged_floors":[],"is_endless":false,"potions_floor_spawned":[5,6,12],"killed_by":"Fading Forest","ascension_level":0}}