{"host":"o9lehcdjc4u6j9un","time":1613644344,"event":{"mods":["Aspiration","BaseMod","Better-Laid Plans","Bossed Relics","Colored Map","Downfall","Gremlin Mod","Hermit","Marisa£®ÏF”Í°°ƒß¿Ì…≥£©","Minty Spire (QoL Compilation)","Reimu£®≤©¿ˆ¡È√Œ£©","Remilia£®¿Ÿ√◊¿Ú—«£©","StSLib","The Alterego","The Hierophant","The Jungle","The Marked","The Runesmith","The Senshi","The Servant 0.9.4","Yakumo Yukari mod","Youmu£®ªÍ∆«—˝√Œ£©","≤–¡Ù÷ÆŒÔ"],"gold_per_floor":[10,26,36,56,56,85,85,10,63,81,81,140,140,170,170,170,170],"floor_reached":16,"language":"ZHS","playtime":1653,"items_purged":["theSenshi:SailorKick"],"score":110,"play_id":"e8aa74c2-07c8-43a5-bcbe-35d43496f063","local_time":"20210218183224","is_ascension_mode":false,"campfire_choices":[{"floor":7,"key":"REST"},{"floor":11,"key":"REST"},{"data":"theSenshi:MoonPrismPowerMakeUp","floor":13,"key":"SMITH"},{"data":"theSenshi:SailorNeptuneAssists","floor":15,"key":"SMITH"}],"circlet_count":0,"master_deck":["theSenshi:SailorKick","theSenshi:SailorKick","theSenshi:SailorKick","theSenshi:SailorBlock","theSenshi:SailorBlock","theSenshi:SailorBlock","theSenshi:SailorBlock","theSenshi:RoseThrow","theSenshi:MoonPrismPowerMakeUp+1","theSenshi:TuxedoSmokingBomber","theSenshi:SailorNeptuneAssists+1","theSenshi:SchoolBag","theSenshi:NeptunesGrace","theSenshi:SteeledNerves","theSenshi:SailorChibiMoonAssists","theSenshi:TallSilhouette","theSenshi:SailorMercuryAssists","theSenshi:Sidestep","theSenshi:UranusStrength","theSenshi:SailorMercuryAssists","theSenshi:VenusGlamour","theSenshi:MercurysCunning"],"relics":["theSenshi:TransformationBroochRelic","Prayer Wheel","Oddly Smooth Stone","theSenshi:RoseRelic","theSenshi:HolyGrailRelic","Regal Pillow"],"acts_visited":["Exordium"],"potions_floor_usage":[],"damage_taken":[{"damage":2,"enemies":"Small Slimes","floor":1,"turns":3},{"damage":0,"enemies":"Cultist","floor":2,"turns":4},{"damage":3,"enemies":"Jaw Worm","floor":3,"turns":5},{"damage":17,"enemies":"Red Slaver","floor":4,"turns":5},{"damage":28,"enemies":"3 Sentries","floor":6,"turns":7},{"damage":2,"enemies":"Exordium Wildlife","floor":10,"turns":5},{"damage":7,"enemies":"3 Sentries","floor":12,"turns":12},{"damage":15,"enemies":"Gremlin Nob","floor":14,"turns":4},{"damage":24,"enemies":"Slime Boss","floor":16,"turns":7}],"seed_played":"-5256397082851528833","potions_obtained":[{"floor":2,"key":"BlessingOfTheForge"},{"floor":6,"key":"bronze:BurnAndBuffPotion"},{"floor":12,"key":"Strength Potion"}],"is_trial":false,"path_per_floor":["M","M","M","M","$","E","R","$","T","M","R","?","R","E","R","B"],"character_chosen":"THE_SENSHI","items_purchased":[],"campfire_rested":2,"item_purchase_floors":[],"current_hp_per_floor":[73,73,70,53,53,25,47,47,47,45,67,60,60,45,45,21,21],"gold":170,"neow_bonus":"ONE_RARE_RELIC","is_daily":false,"chose_seed":false,"campfire_upgraded":2,"win_rate":0.0,"timestamp":1613644344,"path_taken":["M","M","M","M","$","E","R","$","T","M","R","?","R","E","R","BOSS"],"items_purchased_type":[],"build_version":"2020-12-22","purchased_purges":1,"victory":false,"max_hp_per_floor":[75,75,75,75,75,75,75,75,75,75,75,75,75,75,75,75,75],"card_choices":[{"not_picked":["theSenshi:SailorV","theSenshi:MoonKick"],"picked":"theSenshi:TuxedoSmokingBomber","floor":1},{"not_picked":["theSenshi:Sidestep","theSenshi:YouCanTalk","theSenshi:SailorNeptuneAssists"],"picked":"SKIP","floor":1},{"not_picked":["theSenshi:Sidestep","theSenshi:YouCanTalk"],"picked":"theSenshi:SailorNeptuneAssists","floor":1},{"not_picked":["theSenshi:SailorV","theSenshi:SaturnsMystery"],"picked":"theSenshi:SchoolBag","floor":2},{"not_picked":["theSenshi:SupersonicWaves","theSenshi:LunasBite"],"picked":"theSenshi:NeptunesGrace","floor":2},{"not_picked":["theSenshi:SailorNeptuneAssists","theSenshi:EncouragingSpeech"],"picked":"theSenshi:SteeledNerves","floor":3},{"not_picked":["theSenshi:MoonHealingEscalation","theSenshi:SailorMarsAssists"],"picked":"theSenshi:SailorChibiMoonAssists","floor":3},{"not_picked":["theSenshi:MoonGorgeousMeditation","theSenshi:TuxedoSmokingBomber"],"picked":"theSenshi:TallSilhouette","floor":4},{"not_picked":["theSenshi:MoonPrincessHalation","theSenshi:Sidestep"],"picked":"theSenshi:SailorMercuryAssists","floor":4},{"not_picked":["theSenshi:SchoolBag","theSenshi:KlutzyLuck"],"picked":"theSenshi:Sidestep","floor":6},{"not_picked":["theSenshi:SailorPlanetAttack","theSenshi:SchoolBag"],"picked":"theSenshi:UranusStrength","floor":10},{"not_picked":["theSenshi:UranusStrength","theSenshi:SailorVenusAssists"],"picked":"theSenshi:SailorMercuryAssists","floor":10},{"not_picked":["theSenshi:EncouragingSpeech","theSenshi:MoonKick"],"picked":"theSenshi:VenusGlamour","floor":12},{"not_picked":["theSenshi:TallSilhouette","theSenshi:SailorMercuryAssists"],"picked":"theSenshi:MercurysCunning","floor":14}],"player_experience":329474,"relics_obtained":[{"floor":6,"key":"Oddly Smooth Stone"},{"floor":9,"key":"theSenshi:RoseRelic"},{"floor":12,"key":"theSenshi:HolyGrailRelic"},{"floor":14,"key":"Regal Pillow"}],"event_choices":[{"damage_healed":0,"gold_gain":30,"player_choice":"Searched \u00272\u0027 times","damage_taken":0,"max_hp_gain":0,"max_hp_loss":0,"event_name":"Dead Adventurer","floor":12,"gold_loss":0}],"is_beta":false,"boss_relics":[],"items_purged_floors":[8],"is_endless":false,"potions_floor_spawned":[2,6,12],"killed_by":"Slime Boss","ascension_level":0}}