{"host":"xz7n3qy1zq36rzpg","time":1613639002,"event":{"mods":["BaseMod","Colored Map","Colored Powertips","Highlight Path","Minty Spire (QoL Compilation)","Quick Restart","Shop Mod"],"gold_per_floor":[114,114,114,114,130,174,174,215,215,234,206,219,138,138,138,269,269,287,303,327,327,2,2,35,51,51,51,74,74,99,114,114,238,238,263,263,286,286,286,321,321,321,321],"floor_reached":42,"language":"ENG","playtime":1910,"items_purged":[],"score":572,"play_id":"4e43d5c5-eae6-442e-932d-47f0e44329f5","local_time":"20210218100322","is_ascension_mode":true,"campfire_choices":[{"data":"Genetic Algorithm","floor":7,"key":"SMITH"},{"floor":15,"key":"REST"},{"data":"Hello World","floor":23,"key":"SMITH"},{"data":"Gash","floor":27,"key":"SMITH"},{"floor":29,"key":"REST"},{"floor":32,"key":"REST"}],"circlet_count":0,"master_deck":["Strike_B","Strike_B","Defend_B","Defend_B+1","Defend_B","Zap+1","Dualcast","Dramatic Entrance","Gash+1","Injury","Coolheaded","Genetic Algorithm+1","Leap","Ball Lightning","Self Repair","Hello World+1","Electrodynamics","Leap","Defragment+1","Heatsinks+1","Gash+1","Ball Lightning+1","Echo Form","Reinforced Body+1","Doom and Gloom+1","Melter+1","Purity"],"relics":["Cracked Core","Golden Idol","Cables","Vajra","War Paint","Nuclear Battery","Membership Card","Shuriken","White Beast Statue","Bottled Lightning","Astrolabe","Gambling Chip","Sundial"],"acts_visited":["Exordium","TheCity","TheBeyond"],"potions_floor_usage":[5,8,8,16,16,20,24,24,30,31,33,33,40],"damage_taken":[{"damage":3,"enemies":"2 Louse","floor":1,"turns":2},{"damage":0,"enemies":"Small Slimes","floor":5,"turns":2},{"damage":24,"enemies":"Gremlin Nob","floor":6,"turns":4},{"damage":37,"enemies":"Lagavulin","floor":8,"turns":7},{"damage":0,"enemies":"Cultist","floor":10,"turns":2},{"damage":2,"enemies":"2 Fungi Beasts","floor":12,"turns":3},{"damage":9,"enemies":"Hexaghost","floor":16,"turns":10},{"damage":8,"enemies":"Spheric Guardian","floor":18,"turns":4},{"damage":11,"enemies":"3 Byrds","floor":19,"turns":2},{"damage":21,"enemies":"Shelled Parasite and Fungi","floor":20,"turns":3},{"damage":7,"enemies":"Book of Stabbing","floor":24,"turns":5},{"damage":9,"enemies":"Snecko","floor":25,"turns":5},{"damage":19,"enemies":"Snake Plant","floor":28,"turns":4},{"damage":8,"enemies":"Centurion and Healer","floor":30,"turns":3},{"damage":0,"enemies":"Sentry and Sphere","floor":31,"turns":3},{"damage":41,"enemies":"Champ","floor":33,"turns":10},{"damage":6,"enemies":"Orb Walker","floor":35,"turns":3},{"damage":29,"enemies":"3 Darklings","floor":37,"turns":4},{"damage":34,"enemies":"Reptomancer","floor":40,"turns":5},{"damage":15,"enemies":"4 Shapes","floor":42,"turns":1}],"seed_played":"6014472606436972315","potions_obtained":[{"floor":1,"key":"AttackPotion"},{"floor":5,"key":"Block Potion"},{"floor":6,"key":"ColorlessPotion"},{"floor":12,"key":"PowerPotion"},{"floor":14,"key":"LiquidBronze"},{"floor":14,"key":"DuplicationPotion"},{"floor":25,"key":"LiquidBronze"},{"floor":28,"key":"PowerPotion"},{"floor":30,"key":"SkillPotion"},{"floor":31,"key":"Dexterity Potion"},{"floor":33,"key":"FocusPotion"},{"floor":35,"key":"PotionOfCapacity"},{"floor":37,"key":"PotionOfCapacity"},{"floor":40,"key":"SkillPotion"}],"is_trial":false,"path_per_floor":["M","?","?","?","M","E","R","E","T","M","?","M","$","?","R","B",null,"M","M","M","?","$","R","E","M","T","R","M","R","M","M","R","B",null,"M","?","M","?","?","E","T","M"],"character_chosen":"DEFECT","items_purchased":["Hello World","Membership Card","Shuriken","Block Potion","SkillPotion"],"campfire_rested":3,"item_purchase_floors":[13,22,22,22,22],"current_hp_per_floor":[72,72,72,72,72,48,48,11,11,11,11,9,9,9,31,29,75,74,70,56,50,50,50,50,48,48,48,29,51,43,50,72,38,75,69,69,40,40,40,13,13,0,0],"gold":321,"neow_bonus":"RANDOM_COLORLESS","is_daily":false,"chose_seed":false,"campfire_upgraded":3,"win_rate":0.0,"timestamp":1613639002,"path_taken":["M","?","?","?","M","E","R","E","T","?","?","M","$","?","R","BOSS","M","?","M","?","?","R","E","M","T","R","M","R","?","M","R","BOSS","M","?","?","?","?","E","?","M"],"items_purchased_type":["Card","Relic","Relic","Potion","Potion"],"build_version":"2020-12-22","purchased_purges":0,"victory":false,"max_hp_per_floor":[75,75,75,75,75,75,75,75,75,75,75,75,75,75,75,75,75,75,75,75,75,75,75,75,75,75,75,75,75,75,75,75,75,75,75,75,75,75,71,71,71,71,71],"card_choices":[{"not_picked":["Finesse","Panacea"],"picked":"Dramatic Entrance","floor":0},{"not_picked":["Barrage","Hologram"],"picked":"Gash","floor":1},{"not_picked":["Sweeping Beam","Loop"],"picked":"Coolheaded","floor":5},{"not_picked":["Reinforced Body","Core Surge"],"picked":"Genetic Algorithm","floor":6},{"not_picked":["Stack","Compile Driver"],"picked":"Leap","floor":8},{"not_picked":["Hologram","Static Discharge"],"picked":"Ball Lightning","floor":10},{"not_picked":["Stack","Auto Shields"],"picked":"Self Repair","floor":12},{"not_picked":["Amplify","Rainbow"],"picked":"Electrodynamics","floor":16},{"not_picked":["Streamline","Chaos"],"picked":"Leap","floor":18},{"not_picked":["Beam Cell+1","Recycle+1"],"picked":"Defragment+1","floor":19},{"not_picked":["Leap+1","Barrage","Darkness+1"],"picked":"SKIP","floor":20},{"not_picked":["Genetic Algorithm","Fission"],"picked":"Heatsinks+1","floor":24},{"not_picked":["Turbo","Blizzard"],"picked":"Gash","floor":25},{"not_picked":["Rebound","Compile Driver+1","Tempest+1"],"picked":"SKIP","floor":28},{"not_picked":["Go for the Eyes","Capacitor"],"picked":"Ball Lightning+1","floor":30},{"not_picked":["Cold Snap","Self Repair+1","Gash"],"picked":"SKIP","floor":31},{"not_picked":["Amplify","Reboot"],"picked":"Echo Form","floor":33},{"not_picked":["Sweeping Beam+1","Conserve Battery+1","Chaos+1"],"picked":"SKIP","floor":35},{"not_picked":["Hologram","Cold Snap","Steam Power+1"],"picked":"SKIP","floor":37},{"not_picked":["Compile Driver","Buffer","Reprogram+1"],"picked":"SKIP","floor":40}],"player_experience":536632,"relics_obtained":[{"floor":6,"key":"Cables"},{"floor":8,"key":"Vajra"},{"floor":9,"key":"War Paint"},{"floor":24,"key":"White Beast Statue"},{"floor":26,"key":"Bottled Lightning"},{"floor":40,"key":"Gambling Chip"},{"floor":41,"key":"Sundial"}],"event_choices":[{"damage_healed":0,"gold_gain":0,"player_choice":"Take Wound","damage_taken":0,"relics_obtained":["Golden Idol"],"max_hp_gain":0,"max_hp_loss":0,"event_name":"Golden Idol","floor":2,"gold_loss":0,"cards_obtained":["Injury"]},{"damage_healed":0,"gold_gain":0,"player_choice":"Grow","damage_taken":0,"max_hp_gain":0,"max_hp_loss":0,"event_name":"Living Wall","floor":3,"gold_loss":0,"cards_upgraded":["Gash"]},{"damage_healed":0,"gold_gain":0,"player_choice":"Bought 0 Potions","damage_taken":0,"max_hp_gain":0,"max_hp_loss":0,"event_name":"The Woman in Blue","floor":4,"gold_loss":0},{"damage_healed":0,"gold_gain":0,"player_choice":"Left Gold","damage_taken":0,"max_hp_gain":0,"max_hp_loss":0,"event_name":"World of Goop","floor":11,"gold_loss":28},{"damage_healed":0,"gold_gain":0,"player_choice":"Got Potions","damage_taken":0,"max_hp_gain":0,"max_hp_loss":0,"event_name":"Lab","floor":14,"gold_loss":0},{"damage_healed":0,"gold_gain":0,"player_choice":"","damage_taken":6,"max_hp_gain":0,"max_hp_loss":0,"event_name":"Knowing Skull","floor":21,"potions_obtained":[],"gold_loss":0,"cards_obtained":[]},{"damage_healed":0,"gold_gain":0,"player_choice":"1 cards matched","damage_taken":0,"max_hp_gain":0,"max_hp_loss":0,"event_name":"Match and Keep!","floor":36,"gold_loss":0,"cards_obtained":["Purity"]},{"damage_healed":0,"gold_gain":0,"player_choice":"Ignored","damage_taken":0,"max_hp_gain":0,"max_hp_loss":0,"event_name":"Mysterious Sphere","floor":38,"gold_loss":0},{"damage_healed":0,"gold_gain":0,"player_choice":"Max HP","damage_taken":0,"max_hp_gain":0,"max_hp_loss":4,"event_name":"Winding Halls","floor":39,"gold_loss":0}],"is_beta":false,"boss_relics":[{"not_picked":["Runic Dome","Snecko Eye"],"picked":"Nuclear Battery"},{"not_picked":["SlaversCollar","Coffee Dripper"],"picked":"Astrolabe"}],"items_purged_floors":[],"is_endless":false,"potions_floor_spawned":[1,5,6,12,25,28,30,31,33,35,37,40],"killed_by":"4 Shapes","ascension_level":4}}