{"host":"Ringo","time":1613615563,"event":{"mods":["BaseMod","Colored Map","Conspire","Dota2Spire","Hubris","Minty Spire (QoL Compilation)","Replay The Spire","StSLib","The Construct","[IsaacMod]ÒÔÈö¼âËþ","¡¾ÒÅÎï¿¨ÅÆ¡¿REMEMod"],"gold_per_floor":[118,172,172,233,280,315,352,402,402,435,468,513,551,580,643,731,731,753,753,753,291,332,370,396,434,482,516,553,589,632,669,669,757,757,796,855,869,869,556,602,651,687,740,740,462,486,513,542,542,554,560],"floor_reached":52,"language":"ZHS","playtime":1522,"items_purged":[],"score":3835,"play_id":"b8950009-1bdd-4175-988a-4e952a826f83","local_time":"20210218103243","daily_mods":["SealedDeck","Vintage","Colorless Cards","Heirloom","Time Dilation","Flight","DeadlyEvents","Elite Swarm","Lethality","Binary"],"is_ascension_mode":true,"campfire_choices":[{"data":"Spot Weakness","floor":49,"key":"SMITH"},{"data":"Iron Wave","floor":49,"key":"SMITH"}],"circlet_count":0,"master_deck":["AscendersBane","hubris:ReadiedAction+1","Clothesline+1","Pummel+1","Pommel Strike+1","Flex+1","Replay:Undeath\u0027s Touch+1","hubris:CleavingFinish+1","Spot Weakness+1","hubris:Insight+1","Infernal Blade+1","hubris:DuctTapeCard","Thunderclap+1","Cleave","Feel No Pain+1","Metallicize+1","REME_Cut+1","Anger+1","Mayhem+1","Good Instincts","Iron Wave+1","Sword Boomerang+1"],"relics":["Burning Blood","Busted Crown","HushsDoor","REME_ComplimentaryCards","replay:Trail_Library","MoneyPower","PunchingBag","REME_ArchaeologicalTools","conspire:DecoderRing","REME_HandOfSuture","TheBible","construct:RocketBooster","Ornamental Fan","EdensBlessing","REME_LimitBreaker","ReplayTheSpireMod:Spearhead","Replay:PocketPolymizer","Gremlin Horn","GuppysHead","GuppysCollar","hubris:DuctTape","Pondfish Scales","Bag of Preparation","TuHaoJin","Another Sword","StrikeDummy","SalivaCoin","Void","Replay:Arrowhead","hubris:TenFootPole","Dota2Spire:CrimsonGuard","Chameleon Ring","MagicMushroom","Dota2Spire:BattleFury","MagicMushroom","hubris:DeckOfHolding","DoctorsRemote","Onion Ring","Akabeko","TungstenRod","Oddly Smooth Stone","Chaos","GuppysTail","PillsDrop","Replay:Wax Seal"],"acts_visited":["Exordium","TheCity","TheBeyond"],"potions_floor_usage":[14,14,33,36,51,51],"damage_taken":[{"damage":0,"enemies":"conspire:RoseBush","floor":1,"turns":2},{"damage":1,"enemies":"Jaw Worm","floor":2,"turns":2},{"damage":0,"enemies":"Replay:BlueRogue","floor":6,"turns":1},{"damage":0,"enemies":"Gremlin Nob","floor":7,"turns":2},{"damage":12,"enemies":"Replay:BlueRogue","floor":8,"turns":2},{"damage":0,"enemies":"Gremlin Nob","floor":10,"turns":1},{"damage":0,"enemies":"3 Sentries","floor":11,"turns":1},{"damage":0,"enemies":"Lagavulin","floor":12,"turns":2},{"damage":0,"enemies":"3 Sentries","floor":13,"turns":2},{"damage":0,"enemies":"Gremlin Nob","floor":14,"turns":1},{"damage":1,"enemies":"Hexaghost","floor":16,"turns":3},{"damage":0,"enemies":"conspire:FuzzyDice","floor":18,"turns":2},{"damage":0,"enemies":"2 Thieves","floor":22,"turns":2},{"damage":0,"enemies":"Gremlin Leader","floor":23,"turns":1},{"damage":0,"enemies":"Shelled Parasite and Fungi","floor":24,"turns":1},{"damage":0,"enemies":"conspire:SneckoGhost","floor":25,"turns":1},{"damage":0,"enemies":"Gremlin Leader","floor":27,"turns":1},{"damage":0,"enemies":"REME_1_Revenger","floor":28,"turns":1},{"damage":0,"enemies":"conspire:HollyBat","floor":29,"turns":3},{"damage":0,"enemies":"conspire:Head Lice","floor":30,"turns":1},{"damage":0,"enemies":"conspire:SneckoGhost","floor":31,"turns":1},{"damage":0,"enemies":"Automaton","floor":33,"turns":3},{"damage":12,"enemies":"3 Shapes","floor":35,"turns":1},{"damage":0,"enemies":"Orb Walker","floor":36,"turns":1},{"damage":0,"enemies":"4 Shapes","floor":37,"turns":1},{"damage":0,"enemies":"Giant Head","floor":40,"turns":3},{"damage":0,"enemies":"R_Hoarder","floor":41,"turns":3},{"damage":0,"enemies":"Giant Head","floor":42,"turns":3},{"damage":0,"enemies":"Writhing Mass","floor":46,"turns":1},{"damage":0,"enemies":"R_Hoarder","floor":47,"turns":1},{"damage":0,"enemies":"Giant Head","floor":48,"turns":1},{"damage":0,"enemies":"hubris:GrandSnecko","floor":50,"turns":2},{"damage":0,"enemies":"Time Eater","floor":51,"turns":1}],"seed_played":"-3322159068309001582","potions_obtained":[{"floor":1,"key":"Fire Potion"},{"floor":2,"key":"SteroidPotion"},{"floor":12,"key":"DistilledChaos"},{"floor":22,"key":"CultistPotion"},{"floor":23,"key":"BloodPotion"},{"floor":32,"key":"BlessingOfTheForge"},{"floor":32,"key":"AttackPotion"},{"floor":33,"key":"Adrenaline Potion"},{"floor":35,"key":"REME_GoldPotion"},{"floor":36,"key":"Adrenaline Potion"}],"is_trial":true,"path_per_floor":["M","M","?","?","T","E","E","E","T","E","E","E","E","E","R_BF","B",null,"M","?","?","$","M","E","M","E","T","E","E","M","E","E","R","B",null,"M","M","M","?","$","E","E","E","T","?","$","M","E","E","R","B","B",null],"character_chosen":"IRONCLAD","items_purchased":["GuppysHead","GuppysCollar","Infernal Blade","Pondfish Scales","Cleave","Feel No Pain","Metallicize","REME_Cut+1","Anger","Mayhem","Chaos","Iron Wave","Sword Boomerang"],"campfire_rested":0,"item_purchase_floors":[17,17,17,21,21,21,34,39,39,39,45,45,45],"current_hp_per_floor":[74,75,75,75,75,75,75,75,75,75,75,75,75,75,75,75,49,49,49,49,49,49,49,49,49,49,49,49,49,49,49,49,49,53,54,60,60,60,60,60,60,60,60,60,60,60,60,55,55,55,55],"gold":560,"neow_bonus":"","is_daily":false,"chose_seed":false,"campfire_upgraded":2,"win_rate":0.0,"timestamp":1613615563,"path_taken":["M","M","?","?","?","E","E","E","T","E","?","E","E","E","R_BF","BOSS","M","?","?","$","M","E","?","E","T","E","E","?","E","E","R","BOSS","M","M","M","?","$","E","E","E","T","?","$","?","E","E","R","BOSS","BOSS"],"items_purchased_type":["Relic","Relic","Card","Relic","Card","Card","Card","Card","Card","Card","Card","Card","Card"],"build_version":"2020-12-18","purchased_purges":0,"victory":true,"max_hp_per_floor":[75,75,75,75,75,75,75,75,75,75,75,75,75,75,75,75,49,49,49,49,49,49,49,49,49,49,49,49,49,49,49,49,49,53,60,60,60,60,60,60,60,60,60,60,60,60,60,55,55,55,55],"card_choices":[{"not_picked":[],"picked":"Bomb","floor":0}],"player_experience":713859,"relics_obtained":[{"floor":1,"key":"REME_ArchaeologicalTools"},{"floor":2,"key":"conspire:DecoderRing"},{"floor":4,"key":"REME_HandOfSuture"},{"floor":5,"key":"Whetstone"},{"floor":6,"key":"TheBible"},{"floor":7,"key":"YumHeart"},{"floor":8,"key":"construct:RocketBooster"},{"floor":9,"key":"Ornamental Fan"},{"floor":10,"key":"EdensBlessing"},{"floor":11,"key":"REME_LimitBreaker"},{"floor":12,"key":"ReplayTheSpireMod:Spearhead"},{"floor":13,"key":"Replay:PocketPolymizer"},{"floor":14,"key":"Gremlin Horn"},{"floor":18,"key":"hubris:DuctTape"},{"floor":22,"key":"Bag of Preparation"},{"floor":23,"key":"TuHaoJin"},{"floor":24,"key":"Another Sword"},{"floor":25,"key":"StrikeDummy"},{"floor":26,"key":"SalivaCoin"},{"floor":27,"key":"Void"},{"floor":28,"key":"Replay:Arrowhead"},{"floor":29,"key":"hubris:TenFootPole"},{"floor":30,"key":"Dota2Spire:CrimsonGuard"},{"floor":31,"key":"Chameleon Ring"},{"floor":35,"key":"Dota2Spire:BattleFury"},{"floor":36,"key":"hubris:DeckOfHolding"},{"floor":37,"key":"DoctorsRemote"},{"floor":40,"key":"Onion Ring"},{"floor":41,"key":"Akabeko"},{"floor":42,"key":"TungstenRod"},{"floor":43,"key":"Oddly Smooth Stone"},{"floor":46,"key":"GuppysTail"},{"floor":47,"key":"PillsDrop"},{"floor":48,"key":"Replay:Wax Seal"}],"event_choices":[{"damage_healed":0,"gold_gain":0,"player_choice":"Got Potions","damage_taken":0,"max_hp_gain":0,"max_hp_loss":0,"event_name":"Lab","floor":3,"gold_loss":0},{"damage_healed":0,"gold_gain":0,"player_choice":"Ignored","damage_taken":0,"max_hp_gain":0,"max_hp_loss":0,"event_name":"Vampires","floor":20,"gold_loss":0},{"cards_removed":["Iron Wave"],"damage_healed":0,"gold_gain":0,"player_choice":"Removed Attack","damage_taken":0,"max_hp_gain":0,"max_hp_loss":0,"event_name":"Falling","floor":38,"gold_loss":0},{"damage_healed":0,"gold_gain":0,"player_choice":"Ignored","damage_taken":0,"max_hp_gain":0,"max_hp_loss":0,"event_name":"Tomb of Lord Red Mask","floor":44,"gold_loss":0}],"is_beta":true,"boss_relics":[{"not_picked":["Mark of Pain","SacredBark"],"picked":"hubris:Backtick"},{"not_picked":[]},{"not_picked":["conspire:SpecialSausage","conspire:SeveredTorchhead"],"picked":"MagicMushroom"},{"not_picked":[]}],"items_purged_floors":[],"is_endless":false,"potions_floor_spawned":[1,2,10,12,13,22,23,25,31,33,35,36,37,42,47],"ascension_level":20}}