{"host":"ln8zowmpyx5bxamj","time":1613607518,"event":{"mods":["Act Like it!","BaseMod","Colored Map","Conspire","Gensokyo","GifTheSpireLib","Hallownest","Hubris","Koishi","Minty Spire (QoL Compilation)","Permanent Neow","Prisma Mod","Replay The Spire","StSLib","Yuyuko"],"gold_per_floor":[115,115,62,73,73,73,104,104,129,129,154,154,181,200,200,200,200],"floor_reached":16,"language":"ENG","playtime":1053,"items_purged":[],"score":153,"play_id":"5e896470-6937-4459-a8db-c21743a6d4cb","local_time":"20210217181838","is_ascension_mode":true,"campfire_choices":[{"data":"Koishi:PhantomBarrier","floor":6,"key":"SMITH"},{"data":"Koishi:PhantomBarrier","floor":8,"key":"SMITH"},{"data":"Koishi:UnseenTerror","floor":12,"key":"SMITH"},{"data":"Koishi:HeartStoppingHorror","floor":15,"key":"SMITH"}],"circlet_count":0,"master_deck":["conspire:GhostlyStrike","conspire:GhostlyStrike","conspire:GhostlyStrike","conspire:GhostlyDefend","conspire:GhostlyDefend","conspire:GhostlyDefend","conspire:GhostlyDefend","Koishi:Provoke","Koishi:HauntingSlash","Koishi:Catatonia+1","Koishi:PhantomBarrier+1","Koishi:PhantomBarrier+1","Koishi:UnseenTerror+1","Koishi:FleetingPhantom","Koishi:HeartStoppingHorror+1","Koishi:DNAsFlaw"],"relics":["Koishi:ImaginaryFriend","Durian","Singing Bowl","hubris:TenFootPole","Replay:Wax Seal","Vajra"],"acts_visited":["Exordium"],"potions_floor_usage":[7,11,13,13,16],"damage_taken":[{"damage":2,"enemies":"conspire:RoseBush","floor":1,"turns":5},{"damage":0,"enemies":"Jaw Worm","floor":4,"turns":4},{"damage":14,"enemies":"3 Sentries","floor":7,"turns":13},{"damage":5,"enemies":"Replay:BlueRogue","floor":11,"turns":7},{"damage":14,"enemies":"Gremlin Nob","floor":13,"turns":3},{"damage":0,"enemies":"Small Slimes","floor":14,"turns":5},{"damage":44,"enemies":"Slime Boss","floor":16,"turns":8}],"seed_played":"3451301495123265701","potions_obtained":[{"floor":4,"key":"Block Potion"},{"floor":7,"key":"PowerPotion"},{"floor":10,"key":"LifebloodPotion"},{"floor":10,"key":"FearPotion"},{"floor":14,"key":"Weak Potion"}],"is_trial":false,"path_per_floor":["M","?","$","M","?","R","E","R","T","?","E","R","E","M","R","B"],"character_chosen":"KOISHI","items_purchased":["Koishi:PhantomBarrier"],"campfire_rested":0,"item_purchase_floors":[3],"current_hp_per_floor":[59,59,59,59,59,59,46,46,46,46,48,48,39,40,40,0,0],"gold":200,"neow_bonus":"ONE_RARE_RELIC","is_daily":false,"chose_seed":false,"campfire_upgraded":4,"win_rate":0.0,"timestamp":1613607518,"path_taken":["M","?","?","?","?","R","E","R","T","?","E","R","E","M","R","BOSS"],"items_purchased_type":["Card"],"build_version":"2020-12-22","purchased_purges":0,"victory":false,"max_hp_per_floor":[59,59,59,59,59,59,59,59,59,59,59,59,59,59,59,59,59],"card_choices":[{"not_picked":["Koishi:Jaunt","Koishi:Prune","Koishi:PhilosophyOfTheDespised"],"picked":"SKIP","floor":1},{"not_picked":["Koishi:Jaunt","Koishi:RacingHeart"],"picked":"Koishi:PhantomBarrier","floor":4},{"not_picked":["Koishi:TremblingHands","Koishi:SpiritedAway"],"picked":"Koishi:UnseenTerror","floor":7},{"not_picked":["Koishi:Prune","Koishi:Jaunt"],"picked":"Koishi:FleetingPhantom","floor":11},{"not_picked":["Koishi:UnconsciousUprising","Koishi:PerfectMindControl"],"picked":"Koishi:HeartStoppingHorror","floor":13},{"not_picked":["Koishi:FleetingPhantom","Koishi:HeartAttack"],"picked":"Koishi:DNAsFlaw","floor":14}],"player_experience":725039,"relics_obtained":[{"floor":7,"key":"Singing Bowl"},{"floor":9,"key":"hubris:TenFootPole"},{"floor":11,"key":"Replay:Wax Seal"},{"floor":13,"key":"Vajra"}],"event_choices":[{"damage_healed":0,"gold_gain":0,"player_choice":"Agree","damage_taken":0,"max_hp_gain":0,"max_hp_loss":0,"event_name":"conspire:LoneGhost","floor":5,"gold_loss":0},{"damage_healed":0,"gold_gain":0,"player_choice":"Got Potions","damage_taken":0,"max_hp_gain":0,"max_hp_loss":0,"event_name":"Lab","floor":10,"gold_loss":0}],"is_beta":false,"boss_relics":[],"items_purged_floors":[],"is_endless":false,"potions_floor_spawned":[4,7,14],"killed_by":"Slime Boss","ascension_level":2}}