{"host":"p1xsuo25udtrkbq2","time":1613630126,"event":{"mods":["BaseMod","Colored Map","Googly Eyes","Highlight Path","Minty Spire (QoL Compilation)","Quick Restart","Rare Cards Sparkle","Relic Stats","Slay the Relics Exporter","StSLib","everything is the same but u backflip on backflip"],"gold_per_floor":[110,127,127,147,157,182,182,199,499,499,525,537,537,567,567,642,642,652,652,119,129,143,143,175,175,175,205,222,248,248,248,248,248,248],"floor_reached":33,"language":"ENG","playtime":3247,"items_purged":["Strike_R"],"score":613,"play_id":"f6d08466-b1ce-48e3-91b0-845b7a5d61fe","local_time":"20210218013526","is_ascension_mode":true,"campfire_choices":[{"floor":7.0,"key":"REST"},{"data":"True Grit","floor":10.0,"key":"SMITH"},{"data":"Uppercut","floor":15.0,"key":"SMITH"},{"data":"Barricade","floor":23.0,"key":"SMITH"},{"floor":25.0,"key":"REST"},{"floor":30.0,"key":"REST"},{"data":"Feel No Pain","floor":32.0,"key":"SMITH"}],"circlet_count":0,"master_deck":["AscendersBane","Strike_R","Strike_R+1","Strike_R","Strike_R","Defend_R","Defend_R","Defend_R","Defend_R","Bash","Iron Wave","Wild Strike+1","Shrug It Off","Battle Trance","True Grit+1","Uppercut+1","Feel No Pain+1","Second Wind+1","Barricade+1","Combust","Brutality","Sentinel+1","Feel No Pain","Dual Wield+1","Havoc+1","Burning Pact+1","Wild Strike","True Grit+1","Flame Barrier+1","Infernal Blade+1"],"relics":["Philosopher\u0027s Stone","Orichalcum","CaptainsWheel","Old Coin","TungstenRod","Toxic Egg 2","Cursed Key","Mummified Hand","Whetstone","Smiling Mask","Dream Catcher"],"acts_visited":["Exordium","TheCity"],"potions_floor_usage":[33],"damage_taken":[{"damage":2.0,"enemies":"2 Louse","floor":1.0,"turns":3.0},{"damage":0.0,"enemies":"Cultist","floor":2.0,"turns":3.0},{"damage":8.0,"enemies":"Small Slimes","floor":4.0,"turns":3.0},{"damage":7.0,"enemies":"Looter","floor":5.0,"turns":3.0},{"damage":41.0,"enemies":"Lagavulin","floor":6.0,"turns":8.0},{"damage":5.0,"enemies":"Red Slaver","floor":8.0,"turns":3.0},{"damage":11.0,"enemies":"Gremlin Nob","floor":11.0,"turns":4.0},{"damage":0.0,"enemies":"Blue Slaver","floor":12.0,"turns":3.0},{"damage":4.0,"enemies":"3 Sentries","floor":14.0,"turns":8.0},{"damage":32.0,"enemies":"Hexaghost","floor":16.0,"turns":11.0},{"damage":20.0,"enemies":"3 Byrds","floor":18.0,"turns":8.0},{"damage":5.0,"enemies":"Shell Parasite","floor":21.0,"turns":5.0},{"damage":0.0,"enemies":"Centurion and Healer","floor":22.0,"turns":8.0},{"damage":23.0,"enemies":"Gremlin Leader","floor":24.0,"turns":8.0},{"damage":25.0,"enemies":"Slavers","floor":27.0,"turns":8.0},{"damage":0.0,"enemies":"Sentry and Sphere","floor":28.0,"turns":6.0},{"damage":0.0,"enemies":"Gremlin Leader","floor":29.0,"turns":10.0},{"damage":69,"enemies":"Collector","floor":33,"turns":6}],"seed_played":"-2011730749518342463","potions_obtained":[{"floor":2.0,"key":"BloodPotion"},{"floor":4.0,"key":"GamblersBrew"},{"floor":6.0,"key":"BloodPotion"},{"floor":11.0,"key":"BloodPotion"},{"floor":24.0,"key":"Fruit Juice"},{"floor":27.0,"key":"LiquidBronze"}],"is_trial":false,"path_per_floor":["M","M","?","M","M","E","R","M","T","R","E","M","?","E","R","B",null,"M","?","$","M","M","R","E","R","T","E","M","E","R","?","R","B"],"character_chosen":"IRONCLAD","items_purchased":["Mummified Hand","Feel No Pain","Dual Wield+1","Block Potion"],"campfire_rested":3,"item_purchase_floors":[20,20,20,20],"current_hp_per_floor":[66,66,66,58,51,25,47,42,42,42,31,31,56,52,52,20,61,41,41,56,51,51,51,28,50,50,40,40,40,62,62,62,0,0],"gold":248,"neow_bonus":"BOSS_RELIC","is_daily":false,"chose_seed":false,"campfire_upgraded":4,"win_rate":0.0,"timestamp":1613630126,"path_taken":["M","M","?","?","M","E","R","M","T","R","E","M","?","E","R","BOSS","M","?","$","M","M","R","E","R","T","E","?","E","R","?","R","BOSS"],"items_purchased_type":["Relic","Card","Card","Potion"],"build_version":"2020-12-22","purchased_purges":1,"victory":false,"max_hp_per_floor":[75,75,75,75,75,75,75,75,75,75,75,75,75,75,75,75,75,75,75,75,75,75,75,75,75,75,75,75,75,75,75,75,80,80],"relic_stats":{"Dream Catcher":1,"counters":[18,108],"Mummified Hand":[41],"Whetstone":["Strike_R","Wild Strike"],"Orichalcum":[48],"Cursed Key":0,"Smiling Mask":0,"obtain_stats":[{"CaptainsWheel":6,"Dream Catcher":29,"Mummified Hand":20,"Philosopher\u0027s Stone":0,"Whetstone":24,"Orichalcum":3,"Toxic Egg 2":14,"Cursed Key":17,"Smiling Mask":27,"Burning Blood":0,"TungstenRod":11,"Old Coin":9},{"CaptainsWheel":5,"Dream Catcher":17,"Mummified Hand":11,"Philosopher\u0027s Stone":0,"Whetstone":14,"Orichalcum":2,"Toxic Egg 2":9,"Cursed Key":10,"Smiling Mask":15,"Burning Blood":0,"TungstenRod":7,"Old Coin":6},{"CaptainsWheel":20,"Dream Catcher":102,"Mummified Hand":57,"Philosopher\u0027s Stone":0,"Whetstone":78,"Orichalcum":6,"Toxic Egg 2":38,"Cursed Key":49,"Smiling Mask":86,"Burning Blood":0,"TungstenRod":27,"Old Coin":23}],"TungstenRod":104},"card_choices":[{"not_picked":["Body Slam","Pummel"],"picked":"Iron Wave","floor":1.0},{"not_picked":["Blood for Blood","Fire Breathing"],"picked":"Wild Strike","floor":2.0},{"not_picked":["Iron Wave","Flex","Infernal Blade"],"picked":"SKIP","floor":4.0},{"not_picked":["Sword Boomerang","Wild Strike"],"picked":"Shrug It Off","floor":5.0},{"not_picked":["Anger","Evolve"],"picked":"Battle Trance","floor":6.0},{"not_picked":["Burning Pact","Wild Strike"],"picked":"True Grit","floor":8.0},{"not_picked":["Pommel Strike","Shrug It Off"],"picked":"Uppercut","floor":11.0},{"not_picked":["Heavy Blade","Power Through"],"picked":"Feel No Pain","floor":12.0},{"not_picked":["Rage+1","Clash"],"picked":"Second Wind+1","floor":14.0},{"not_picked":["Double Tap+1","Exhume+1"],"picked":"Barricade","floor":16.0},{"not_picked":["Searing Blow","Clash"],"picked":"Combust","floor":18.0},{"not_picked":["Sword Boomerang","Blood for Blood"],"picked":"Havoc+1","floor":21.0},{"not_picked":["True Grit+1","Headbutt"],"picked":"Burning Pact+1","floor":22.0},{"not_picked":["Seeing Red+1","Clothesline"],"picked":"Wild Strike","floor":24.0},{"not_picked":["Iron Wave+1","Burning Pact+1"],"picked":"True Grit+1","floor":27.0},{"not_picked":["Sword Boomerang+1","Intimidate+1","Twin Strike"],"picked":"SKIP","floor":28.0},{"not_picked":["Thunderclap","Disarm+1"],"picked":"Flame Barrier+1","floor":29.0},{"not_picked":["Second Wind+1","Iron Wave"],"picked":"Infernal Blade+1","floor":30.0}],"player_experience":1100632,"relics_obtained":[{"floor":3.0,"key":"Orichalcum"},{"floor":6.0,"key":"CaptainsWheel"},{"floor":9.0,"key":"Old Coin"},{"floor":11.0,"key":"TungstenRod"},{"floor":14.0,"key":"Toxic Egg 2"},{"floor":24.0,"key":"Whetstone"},{"floor":27.0,"key":"Smiling Mask"},{"floor":29.0,"key":"Dream Catcher"}],"event_choices":[{"damage_healed":0.0,"max_hp_gain":0.0,"max_hp_loss":0.0,"gold_gain":0.0,"event_name":"Wheel of Change","player_choice":"Relic","floor":3.0,"gold_loss":0.0,"damage_taken":0.0},{"damage_healed":25.0,"max_hp_gain":0.0,"max_hp_loss":0.0,"gold_gain":0.0,"event_name":"Big Fish","player_choice":"Banana","floor":13.0,"gold_loss":0.0,"damage_taken":0.0},{"damage_healed":0.0,"max_hp_gain":0.0,"max_hp_loss":0.0,"gold_gain":0.0,"event_name":"Match and Keep!","player_choice":"2 cards matched","floor":19.0,"gold_loss":0.0,"damage_taken":0.0,"cards_obtained":["Brutality","Sentinel"]},{"damage_healed":0.0,"max_hp_gain":0.0,"max_hp_loss":0.0,"gold_gain":0.0,"event_name":"The Mausoleum","player_choice":"Ignored","floor":31.0,"gold_loss":0.0,"damage_taken":0.0}],"is_beta":false,"boss_relics":[{"not_picked":["Runic Cube","Sozu"],"picked":"Cursed Key"}],"items_purged_floors":[20],"is_endless":false,"potions_floor_spawned":[2,4,6,11,24,27],"killed_by":"Collector","ascension_level":15}}