{"host":"t4313i2190y6fz3q","time":1613616178,"event":{"mods":["2.2 Compatiblity","AchievementEnabler","Act Like it!","BaseMod","Colored Powertips","Minty Spire (QoL Compilation)","Permanent Neow","Quick Restart","Rare Cards Sparkle","StSLib"],"gold_per_floor":[114,130,145,164,178,209,209,237,237,251,251,265,340,355,355,432,432,446,446,457,520,620,620,654,667,694,744,744,384,409,426,426,500,500,513,563,581,631,647,647,678,753,753,781,340,390,390,127,127,127],"floor_reached":51,"language":"ENG","playtime":1925,"items_purged":["Strike_B+1","Defend_B+1","Strike_B+1"],"score":1522,"play_id":"93b81f27-84c8-41f8-8ee5-990cf01549d3","local_time":"20210217184258","is_ascension_mode":true,"campfire_choices":[{"data":"Fission","floor":7.0,"key":"SMITH"},{"data":"Defragment","floor":11.0,"key":"SMITH"},{"data":"Dualcast","floor":15.0,"key":"SMITH"},{"data":"Zap","floor":23.0,"key":"SMITH"},{"data":"Biased Cognition","floor":28.0,"key":"SMITH"},{"data":"Capacitor","floor":32.0,"key":"SMITH"},{"data":"Turbo","floor":40.0,"key":"SMITH"},{"data":"1","floor":47.0,"key":"LIFT"},{"data":"Darkness","floor":49.0,"key":"SMITH"}],"circlet_count":0,"master_deck":["AscendersBane","Strike_B+1","Strike_B+1","Defend_B+1","Defend_B+1","Defend_B+1","Zap+1","Dualcast+1","Biased Cognition+1","Sweeping Beam","Doom and Gloom","Fission+1","Conserve Battery","Defragment+1","Glacier","Ball Lightning","Capacitor+1","Echo Form","Coolheaded","Self Repair","Coolheaded+1","Turbo+1","Electrodynamics","Hologram+1","Compile Driver","Darkness+1","White Noise"],"relics":["Cracked Core","Meat on the Bone","Ornamental Fan","Blue Candle","Coffee Dripper","SsserpentHead","Unceasing Top","Potion Belt","Pantograph","Bottled Tornado","Philosopher\u0027s Stone","Orichalcum","Girya","Darkstone Periapt","Thread and Needle","Membership Card","Cables","Vajra","TheAbacus"],"acts_visited":["Exordium","TheCity","TheBeyond"],"potions_floor_usage":[50,50,50],"damage_taken":[{"damage":0.0,"enemies":"Small Slimes","floor":1.0,"turns":2.0},{"damage":1.0,"enemies":"2 Louse","floor":2.0,"turns":3.0},{"damage":2.0,"enemies":"Cultist","floor":3.0,"turns":4.0},{"damage":1.0,"enemies":"2 Fungi Beasts","floor":4.0,"turns":3.0},{"damage":0.0,"enemies":"Looter","floor":5.0,"turns":2.0},{"damage":38.0,"enemies":"Gremlin Nob","floor":6.0,"turns":4.0},{"damage":6.0,"enemies":"3 Sentries","floor":8.0,"turns":6.0},{"damage":0.0,"enemies":"3 Louse","floor":10.0,"turns":1.0},{"damage":4.0,"enemies":"Large Slime","floor":12.0,"turns":6.0},{"damage":2.0,"enemies":"2 Fungi Beasts","floor":14.0,"turns":3.0},{"damage":26.0,"enemies":"Hexaghost","floor":16.0,"turns":9.0},{"damage":21.0,"enemies":"3 Byrds","floor":18.0,"turns":3.0},{"damage":5.0,"enemies":"Shell Parasite","floor":20.0,"turns":5.0},{"damage":0.0,"enemies":"Centurion and Healer","floor":21.0,"turns":7.0},{"damage":13.0,"enemies":"Gremlin Leader","floor":24.0,"turns":5.0},{"damage":11.0,"enemies":"3 Cultists","floor":25.0,"turns":5.0},{"damage":11.0,"enemies":"Book of Stabbing","floor":30.0,"turns":6.0},{"damage":15.0,"enemies":"Shelled Parasite and Fungi","floor":31.0,"turns":6.0},{"damage":0.0,"enemies":"Automaton","floor":33.0,"turns":11.0},{"damage":6.0,"enemies":"Orb Walker","floor":35.0,"turns":4.0},{"damage":14.0,"enemies":"3 Shapes","floor":37.0,"turns":3.0},{"damage":22.0,"enemies":"Sphere and 2 Shapes","floor":39.0,"turns":5.0},{"damage":26.0,"enemies":"Nemesis","floor":41.0,"turns":9.0},{"damage":0.0,"enemies":"Mind Bloom Boss Battle","floor":42.0,"turns":4.0},{"damage":28.0,"enemies":"Giant Head","floor":44.0,"turns":7.0},{"damage":34,"enemies":"Time Eater","floor":50,"turns":7}],"seed_played":"7275735241752928301","potions_obtained":[{"floor":6.0,"key":"Swift Potion"},{"floor":8.0,"key":"SteroidPotion"},{"floor":12.0,"key":"Swift Potion"},{"floor":14.0,"key":"FearPotion"},{"floor":20.0,"key":"SpeedPotion"},{"floor":21.0,"key":"CultistPotion"},{"floor":24.0,"key":"Ancient Potion"},{"floor":37.0,"key":"Weak Potion"},{"floor":41.0,"key":"Block Potion"}],"is_trial":false,"path_per_floor":["M","M","M","M","M","E","R","E","T","M","R","M","?","M","R","B",null,"M","?","M","M","?","R","E","M","T","?","R","$","E","M","R","B",null,"M","?","M","?","M","R","E","?","T","E","$","?","R","$","R","B",null],"character_chosen":"DEFECT","items_purchased":["Pantograph","Membership Card","Cables","Vajra","Compile Driver","FearPotion","TheAbacus","Darkness","White Noise"],"campfire_rested":0,"item_purchase_floors":[29,45,45,45,48,48,48,48,48],"current_hp_per_floor":[64,63,61,60,60,22,22,28,28,40,40,36,25,35,35,21,59,38,38,45,45,45,45,44,52,52,52,52,52,48,52,52,71,71,71,71,64,64,56,56,49,67,67,46,46,46,46,46,46,52],"gold":127,"neow_bonus":"ONE_RANDOM_RARE_CARD","is_daily":false,"chose_seed":false,"campfire_upgraded":8,"win_rate":0.0,"timestamp":1613616178,"path_taken":["M","M","M","M","M","E","R","E","T","M","R","M","?","M","R","BOSS","M","?","M","?","?","R","E","M","T","?","R","$","E","M","R","BOSS","M","?","M","?","M","R","E","?","T","E","$","?","R","$","R","BOSS"],"items_purchased_type":["Relic","Relic","Relic","Relic","Card","Potion","Relic","Card","Card"],"build_version":"2020-12-22","purchased_purges":3,"victory":true,"max_hp_per_floor":[71,71,71,71,71,71,71,71,71,71,71,71,71,71,71,71,71,71,71,71,71,71,71,71,71,71,71,71,71,71,71,71,71,71,71,71,71,67,67,67,67,67,67,67,67,67,67,67,67,67],"card_choices":[{"not_picked":["Redo","Gash"],"picked":"Sweeping Beam","floor":1.0},{"not_picked":["Steam","Barrage"],"picked":"Doom and Gloom","floor":2.0},{"not_picked":["Glacier","Streamline"],"picked":"Fission","floor":3.0},{"not_picked":["White Noise","Gash"],"picked":"Conserve Battery","floor":4.0},{"not_picked":["Streamline","Blizzard"],"picked":"Defragment","floor":5.0},{"not_picked":["Force Field","Reinforced Body"],"picked":"Glacier","floor":6.0},{"not_picked":["Chaos","White Noise"],"picked":"Ball Lightning","floor":8.0},{"not_picked":["Leap","Beam Cell","Ball Lightning"],"picked":"SKIP","floor":10.0},{"not_picked":["Steam Power","Cold Snap"],"picked":"Capacitor","floor":12.0},{"not_picked":["Go for the Eyes","Steam","Scrape"],"picked":"SKIP","floor":14.0},{"not_picked":["Reboot","Multi-Cast"],"picked":"Echo Form","floor":16.0},{"not_picked":["Gash","Sweeping Beam"],"picked":"Cold Snap","floor":18.0},{"not_picked":["Compile Driver","Blizzard"],"picked":"Coolheaded","floor":20.0},{"not_picked":["Reprogram","Stack","Steam"],"picked":"SKIP","floor":21.0},{"not_picked":["Melter","Aggregate"],"picked":"Self Repair","floor":24.0},{"not_picked":["Genetic Algorithm","Conserve Battery+1"],"picked":"Coolheaded+1","floor":25.0},{"not_picked":["Stack","Melter","Rebound"],"picked":"SKIP","floor":30.0},{"not_picked":["Barrage+1","Hologram"],"picked":"Turbo","floor":31.0},{"not_picked":["Multi-Cast","Fission"],"picked":"Electrodynamics","floor":33.0},{"not_picked":["Beam Cell+1","Compile Driver","Gash"],"picked":"SKIP","floor":35.0},{"not_picked":["Biased Cognition","Turbo","Compile Driver"],"picked":"SKIP","floor":37.0},{"not_picked":["Reinforced Body","Heatsinks"],"picked":"Hologram+1","floor":39.0},{"not_picked":["Self Repair","Chill+1","Stack+1"],"picked":"SKIP","floor":41.0},{"not_picked":["Meteor Strike","Heatsinks","Sweeping Beam+1"],"picked":"SKIP","floor":44.0}],"player_experience":206083,"relics_obtained":[{"floor":6.0,"key":"Meat on the Bone"},{"floor":8.0,"key":"Ornamental Fan"},{"floor":9.0,"key":"Blue Candle"},{"floor":24.0,"key":"Unceasing Top"},{"floor":26.0,"key":"Potion Belt"},{"floor":30.0,"key":"Bottled Tornado"},{"floor":41.0,"key":"Orichalcum"},{"floor":42.0,"key":"Girya"},{"floor":43.0,"key":"Darkstone Periapt"},{"floor":44.0,"key":"Thread and Needle"}],"event_choices":[{"damage_healed":0.0,"max_hp_gain":0.0,"max_hp_loss":0.0,"gold_gain":75.0,"event_name":"World of Goop","player_choice":"Gather Gold","floor":13.0,"gold_loss":0.0,"damage_taken":11.0},{"damage_healed":0.0,"max_hp_gain":0.0,"max_hp_loss":0.0,"gold_gain":0.0,"event_name":"FaceTrader","player_choice":"Trade","floor":19.0,"gold_loss":0.0,"damage_taken":0.0,"relics_obtained":["SsserpentHead"]},{"damage_healed":0.0,"max_hp_gain":0.0,"max_hp_loss":0.0,"gold_gain":50.0,"event_name":"Nest","player_choice":"Stole From Cult","floor":22.0,"gold_loss":0.0,"damage_taken":0.0},{"damage_healed":0.0,"max_hp_gain":0.0,"max_hp_loss":0.0,"gold_gain":0.0,"event_name":"Back to Basics","player_choice":"Simplicity","floor":27.0,"gold_loss":0.0,"damage_taken":0.0,"cards_upgraded":["Strike_B","Strike_B","Strike_B","Strike_B","Defend_B","Defend_B","Defend_B","Defend_B"]},{"cards_removed":["Cold Snap"],"damage_healed":0.0,"max_hp_gain":0.0,"max_hp_loss":0.0,"gold_gain":0.0,"event_name":"Falling","player_choice":"Removed Attack","floor":36.0,"gold_loss":0.0,"damage_taken":0.0},{"damage_healed":0.0,"max_hp_gain":0.0,"max_hp_loss":4.0,"gold_gain":0.0,"event_name":"Winding Halls","player_choice":"Max HP","floor":38.0,"gold_loss":0.0,"damage_taken":0.0},{"damage_healed":0.0,"max_hp_gain":0.0,"max_hp_loss":0.0,"gold_gain":0.0,"event_name":"MindBloom","player_choice":"Fight","floor":42.0,"gold_loss":0.0,"damage_taken":0.0},{"damage_healed":0.0,"max_hp_gain":0.0,"max_hp_loss":0.0,"gold_gain":0.0,"event_name":"Tomb of Lord Red Mask","player_choice":"Ignored","floor":46.0,"gold_loss":0.0,"damage_taken":0.0}],"is_beta":false,"boss_relics":[{"not_picked":["Fusion Hammer","Inserter"],"picked":"Coffee Dripper"},{"not_picked":["Black Star","Velvet Choker"],"picked":"Philosopher\u0027s Stone"}],"items_purged_floors":[29,45,48],"is_endless":false,"potions_floor_spawned":[6,8,12,14,20,21,24,37,41],"ascension_level":17}}