{"host":"ow66nzv2xecjoor3","time":1613632698,"event":{"mods":["BaseMod","Bestiary","Block Reminder","Colored Powertips","Curses Come First","Highlight Path","Keyboard Shortcuts","Minty Spire (QoL Compilation)","Permanent Neow","Relic Stats","StSLib","UnlockEverythingMod"],"gold_per_floor":[118,132,57,71,71,71,146,180,235,254,271,286,312,328,328,403,403,419,419,86,119,119,153,153,179,234,245,264,22,22,52,52,129,129,140,140,165,181,92,127,127,140,140,156,201,201,201],"floor_reached":46,"language":"ENG","playtime":2267,"items_purged":["Perfected Strike","Anger"],"score":1086,"play_id":"6370a621-3197-490c-80eb-7b296107e367","local_time":"20210218011818","is_ascension_mode":true,"campfire_choices":[{"data":"Bludgeon","floor":6.0,"key":"SMITH"},{"data":"Bash","floor":15.0,"key":"SMITH"},{"floor":24.0,"key":"REST"},{"data":"Power Through","floor":32.0,"key":"SMITH"},{"floor":41.0,"key":"RECALL"}],"circlet_count":0,"master_deck":["AscendersBane","Bash+1","Reaper","Dropkick","Bludgeon+1","Reckless Charge","Battle Trance","Offering","Whirlwind","Anger","Reckless Charge","Ghostly Armor","Reaper","Entrench","Power Through+1","Body Slam+1","J.A.X.","Immolate","True Grit+1","Ghostly Armor","Warcry+1","Burning Pact","Battle Trance","Demon Form+1","Shrug It Off+1","Metamorphosis","Battle Trance","Evolve+1","Pummel+1"],"relics":["Burning Blood","Blood Vial","Centennial Puzzle","Matryoshka","Pandora\u0027s Box","Membership Card","Omamori","Red Mask","Meat on the Bone","PreservedInsect","Frozen Egg 2","Happy Flower","Medical Kit","Kunai","Sundial","Strawberry","Snecko Eye","Bird Faced Urn","White Beast Statue","The Courier","StoneCalendar"],"acts_visited":["Exordium","TheCity","TheBeyond"],"potions_floor_usage":[42,44],"damage_taken":[{"damage":10.0,"enemies":"Small Slimes","floor":1.0,"turns":5.0},{"damage":1.0,"enemies":"2 Louse","floor":2.0,"turns":2.0},{"damage":7.0,"enemies":"Jaw Worm","floor":4.0,"turns":3.0},{"damage":50.0,"enemies":"3 Sentries","floor":8.0,"turns":12.0},{"damage":8.0,"enemies":"Blue Slaver","floor":10.0,"turns":3.0},{"damage":10.0,"enemies":"3 Louse","floor":11.0,"turns":4.0},{"damage":3.0,"enemies":"2 Fungi Beasts","floor":12.0,"turns":4.0},{"damage":24.0,"enemies":"Gremlin Nob","floor":13.0,"turns":4.0},{"damage":4.0,"enemies":"Looter","floor":14.0,"turns":2.0},{"damage":8.0,"enemies":"Slime Boss","floor":16.0,"turns":7.0},{"damage":14.0,"enemies":"Chosen","floor":18.0,"turns":5.0},{"damage":12.0,"enemies":"Masked Bandits","floor":21.0,"turns":2.0},{"damage":67.0,"enemies":"Book of Stabbing","floor":23.0,"turns":6.0},{"damage":24.0,"enemies":"Slavers","floor":25.0,"turns":3.0},{"damage":19.0,"enemies":"Shell Parasite","floor":27.0,"turns":3.0},{"damage":9.0,"enemies":"Centurion and Healer","floor":28.0,"turns":4.0},{"damage":13.0,"enemies":"Book of Stabbing","floor":31.0,"turns":3.0},{"damage":67.0,"enemies":"Champ","floor":33.0,"turns":11.0},{"damage":17.0,"enemies":"3 Shapes","floor":35.0,"turns":7.0},{"damage":4.0,"enemies":"Mind Bloom Boss Battle","floor":37.0,"turns":8.0},{"damage":15.0,"enemies":"3 Darklings","floor":38.0,"turns":6.0},{"damage":10.0,"enemies":"Giant Head","floor":40.0,"turns":5.0},{"damage":51,"enemies":"Sphere and 2 Shapes","floor":42,"turns":11},{"damage":40,"enemies":"Jaw Worm Horde","floor":44,"turns":5},{"damage":58,"enemies":"2 Orb Walkers","floor":45,"turns":4},{"damage":69,"enemies":"Nemesis","floor":46,"turns":5}],"seed_played":"6485119858903993281","potions_obtained":[{"floor":2.0,"key":"BlessingOfTheForge"},{"floor":4.0,"key":"Ancient Potion"},{"floor":12.0,"key":"Ancient Potion"},{"floor":13.0,"key":"Weak Potion"},{"floor":25.0,"key":"DuplicationPotion"},{"floor":27.0,"key":"LiquidMemories"},{"floor":28.0,"key":"PowerPotion"},{"floor":31.0,"key":"HeartOfIron"},{"floor":35.0,"key":"Regen Potion"},{"floor":40.0,"key":"SkillPotion"},{"floor":42,"key":"BlessingOfTheForge"},{"floor":44,"key":"SteroidPotion"}],"is_trial":false,"path_per_floor":["M","M","?","M","?","R","?","E","T","M","M","M","E","M","R","B",null,"M","?","$","?","?","E","R","E","T","M","M","$","?","E","R","B",null,"M","?","?","M","$","E","R","M","T","M","?","E"],"character_chosen":"IRONCLAD","items_purchased":["Membership Card","Immolate","Omamori","Medical Kit","Kunai","Burning Pact","Evolve+1"],"campfire_rested":1,"item_purchase_floors":[20,20,20,29,29,29,39],"current_hp_per_floor":[50,55,55,58,63,63,52,8,8,15,25,38,26,30,30,30,68,65,65,65,61,61,8,32,46,46,47,60,60,60,68,68,21,71,79,69,87,87,87,87,87,66,66,59,63,0,0],"gold":201,"neow_bonus":"THREE_RARE_CARDS","is_daily":false,"chose_seed":false,"campfire_upgraded":3,"win_rate":0.0,"timestamp":1613632698,"path_taken":["M","M","?","M","?","R","?","E","T","M","M","M","E","M","R","BOSS","M","?","$","?","?","E","R","E","T","M","M","$","?","E","R","BOSS","M","?","?","M","$","E","R","M","T","M","?","E"],"items_purchased_type":["Relic","Card","Relic","Relic","Relic","Card","Card"],"build_version":"2020-12-22","purchased_purges":2,"victory":false,"max_hp_per_floor":[75,75,75,75,80,80,80,80,80,80,80,80,80,80,80,80,80,80,80,80,80,80,80,80,80,80,80,80,80,80,87,87,87,87,87,87,87,87,87,87,87,87,87,87,87,87,87],"relic_stats":{"Happy Flower":[24],"counters":[26,134],"StoneCalendar":[0],"PreservedInsect":223,"Medical Kit":[72],"Burning Blood":133,"Blood Vial":38,"Centennial Puzzle":[60],"Sundial":[14],"Bird Faced Urn":[16],"Snecko Eye":[109,98,120,113],"Pandora\u0027s Box":["Whirlwind","Anger","Reckless Charge","Ghostly Armor","Perfected Strike","Reaper","Entrench","Power Through"],"Kunai":[23],"obtain_stats":[{"Happy Flower":26,"StoneCalendar":45,"PreservedInsect":25,"The Courier":43,"Omamori":20,"Frozen Egg 2":26,"Medical Kit":29,"Burning Blood":0,"White Beast Statue":40,"Blood Vial":8,"Centennial Puzzle":9,"Matryoshka":13,"Sundial":30,"Strawberry":31,"Bird Faced Urn":37,"Snecko Eye":34,"Pandora\u0027s Box":17,"Red Mask":21,"Membership Card":20,"Kunai":29,"Meat on the Bone":23},{"Happy Flower":14,"StoneCalendar":25,"PreservedInsect":14,"The Courier":23,"Omamori":11,"Frozen Egg 2":14,"Medical Kit":16,"Burning Blood":0,"White Beast Statue":22,"Blood Vial":4,"Centennial Puzzle":4,"Matryoshka":8,"Sundial":16,"Strawberry":17,"Bird Faced Urn":20,"Snecko Eye":18,"Pandora\u0027s Box":10,"Red Mask":12,"Membership Card":11,"Kunai":16,"Meat on the Bone":13},{"Happy Flower":62,"StoneCalendar":129,"PreservedInsect":62,"The Courier":120,"Omamori":51,"Frozen Egg 2":62,"Medical Kit":69,"Burning Blood":0,"White Beast Statue":109,"Blood Vial":22,"Centennial Puzzle":22,"Matryoshka":37,"Sundial":69,"Strawberry":72,"Bird Faced Urn":98,"Snecko Eye":83,"Pandora\u0027s Box":46,"Red Mask":53,"Membership Card":51,"Kunai":69,"Meat on the Bone":59}],"Meat on the Bone":48},"card_choices":[{"not_picked":["Barricade","Corruption"],"picked":"Reaper","floor":0.0},{"not_picked":["Wild Strike","Reckless Charge"],"picked":"Anger","floor":1.0},{"not_picked":["Heavy Blade","Armaments"],"picked":"Dropkick","floor":2.0},{"not_picked":["Rage","Armaments"],"picked":"Bludgeon","floor":4.0},{"not_picked":["Anger","Sword Boomerang"],"picked":"Reckless Charge","floor":8.0},{"not_picked":["Heavy Blade","Wild Strike"],"picked":"True Grit","floor":10.0},{"not_picked":["Thunderclap","Sword Boomerang","True Grit"],"picked":"SKIP","floor":11.0},{"not_picked":["Anger","Wild Strike","Flex"],"picked":"SKIP","floor":12.0},{"not_picked":["Bludgeon","Warcry"],"picked":"Battle Trance","floor":13.0},{"not_picked":["Heavy Blade","Intimidate","Cleave"],"picked":"SKIP","floor":14.0},{"not_picked":["Juggernaut","Fiend Fire"],"picked":"Offering","floor":16.0},{"not_picked":["Clothesline","Thunderclap"],"picked":"Body Slam+1","floor":18.0},{"not_picked":["Iron Wave","Dropkick"],"picked":"True Grit+1","floor":21.0},{"not_picked":["Cleave","Thunderclap"],"picked":"Ghostly Armor","floor":23.0},{"not_picked":["Anger","Clash","Combust"],"picked":"SKIP","floor":25.0},{"not_picked":["Sword Boomerang","Perfected Strike"],"picked":"Warcry+1","floor":27.0},{"not_picked":["Pommel Strike","Headbutt","Second Wind"],"picked":"SKIP","floor":28.0},{"not_picked":["Entrench","Clash"],"picked":"Battle Trance","floor":31.0},{"not_picked":["Bludgeon","Exhume"],"picked":"Demon Form+1","floor":33.0},{"not_picked":["Sever Soul","Heavy Blade"],"picked":"Shrug It Off+1","floor":35.0},{"not_picked":["Trip","Deep Breath"],"picked":"Metamorphosis","floor":36.0},{"not_picked":["Pommel Strike","Body Slam"],"picked":"Battle Trance","floor":38.0},{"not_picked":["Immolate","Sword Boomerang"],"picked":"Pummel+1","floor":40.0},{"not_picked":["Body Slam","Dropkick","Hemokinesis+1"],"picked":"SKIP","floor":42},{"not_picked":["Armaments","Heavy Blade","Wild Strike"],"picked":"SKIP","floor":44}],"player_experience":2878291,"relics_obtained":[{"floor":8.0,"key":"Blood Vial"},{"floor":9.0,"key":"Centennial Puzzle"},{"floor":13.0,"key":"Matryoshka"},{"floor":21.0,"key":"Red Mask"},{"floor":23.0,"key":"Meat on the Bone"},{"floor":25.0,"key":"PreservedInsect"},{"floor":26.0,"key":"Frozen Egg 2"},{"floor":26.0,"key":"Happy Flower"},{"floor":31.0,"key":"Strawberry"},{"floor":37.0,"key":"Bird Faced Urn"},{"floor":40.0,"key":"White Beast Statue"},{"floor":43,"key":"The Courier"},{"floor":45,"key":"StoneCalendar"}],"event_choices":[{"cards_removed":["Strike_R"],"damage_healed":0.0,"max_hp_gain":0.0,"max_hp_loss":0.0,"gold_gain":0.0,"event_name":"The Cleric","player_choice":"Card Removal","floor":3.0,"gold_loss":75.0,"damage_taken":0.0},{"damage_healed":0.0,"max_hp_gain":5.0,"max_hp_loss":0.0,"gold_gain":0.0,"event_name":"Big Fish","player_choice":"Donut","floor":5.0,"gold_loss":0.0,"damage_taken":0.0},{"damage_healed":0.0,"max_hp_gain":0.0,"max_hp_loss":0.0,"gold_gain":75.0,"event_name":"World of Goop","player_choice":"Gather Gold","floor":7.0,"gold_loss":0.0,"damage_taken":11.0},{"damage_healed":0.0,"max_hp_gain":0.0,"max_hp_loss":0.0,"gold_gain":0.0,"event_name":"Drug Dealer","player_choice":"Obtain J.A.X.","floor":19.0,"gold_loss":0.0,"damage_taken":0.0,"cards_obtained":["J.A.X."]},{"damage_healed":0.0,"max_hp_gain":0.0,"max_hp_loss":0.0,"gold_gain":0.0,"event_name":"Masked Bandits","player_choice":"Fought Bandits","floor":21.0,"gold_loss":0.0,"damage_taken":0.0},{"cards_removed":["True Grit"],"damage_healed":0.0,"max_hp_gain":0.0,"max_hp_loss":0.0,"gold_gain":0.0,"event_name":"Back to Basics","player_choice":"Elegance","floor":22.0,"gold_loss":0.0,"damage_taken":0.0},{"damage_healed":0.0,"max_hp_gain":0.0,"max_hp_loss":0.0,"gold_gain":0.0,"event_name":"Addict","player_choice":"Stole Relic","floor":30.0,"gold_loss":0.0,"damage_taken":0.0,"relics_obtained":["Sundial"],"cards_obtained":["Shame"]},{"damage_healed":0.0,"max_hp_gain":0.0,"max_hp_loss":0.0,"gold_gain":0.0,"event_name":"SensoryStone","player_choice":"Memory 3","floor":36.0,"gold_loss":0.0,"damage_taken":10.0},{"damage_healed":0.0,"max_hp_gain":0.0,"max_hp_loss":0.0,"gold_gain":0.0,"event_name":"MindBloom","player_choice":"Fight","floor":37.0,"gold_loss":0.0,"damage_taken":0.0},{"damage_healed":0,"gold_gain":0,"player_choice":"Fight","damage_taken":0,"max_hp_gain":0,"max_hp_loss":0,"event_name":"Mysterious Sphere","floor":45,"gold_loss":0}],"is_beta":false,"boss_relics":[{"not_picked":["Astrolabe","Runic Pyramid"],"picked":"Pandora\u0027s Box"},{"not_picked":["Runic Dome","Velvet Choker"],"picked":"Snecko Eye"}],"items_purged_floors":[20,39],"is_endless":false,"potions_floor_spawned":[2,4,12,13,25,27,28,31,35,40,42,44,45],"killed_by":"Nemesis","ascension_level":20}}