{"host":"tzwikg9s6mkzv6w0","time":1613653622,"event":{"mods":["BaseMod","Good Game Mod","Minty Spire (QoL Compilation)","Spicy Shops","StSLib"],"gold_per_floor":[119,57,57,57,77,110,110,136,136,136,136,171,182,208,208,305,305,316,327,426,442,267,292,302,319,345,374,374,388,416,516,516,611,611,623,643,643,654,673,701,726,763,775,819,878,904,961,1000,1012,1024,1036,1048,66,94,94],"floor_reached":56,"language":"ZHS","playtime":1979,"items_purged":["Decay","Clothesline"],"score":1906,"play_id":"56efd66a-9045-4ade-a206-565ce6e51e8a","local_time":"20210218210702","is_ascension_mode":true,"campfire_choices":[{"data":"Apotheosis","floor":7.0,"key":"SMITH"},{"floor":10.0,"key":"RECALL"},{"data":"Inflame","floor":15.0,"key":"SMITH"},{"floor":32,"key":"REST"},{"floor":49,"key":"DIG"},{"floor":52,"key":"DIG"}],"circlet_count":0,"master_deck":["Bash","Apotheosis+1","Flex","Impervious","Inflame+1","Spot Weakness","Feed","Reaper+1","Battle Trance+1","Whirlwind+1","Sword Boomerang+1","Limit Break+1","Pommel Strike+1","Shockwave","Heavy Blade+1","Berserk","Shrug It Off","Disarm+1","Wallop"],"relics":["REME:ComplimentaryCards","Pandora\u0027s Box","Medical Kit","StoneCalendar","Centennial Puzzle","Meat on the Bone","Bottled Flame","Bag of Preparation","StrikeDummy","Mummified Hand","Fusion Hammer","Bag of Marbles","Potion Belt","Calipers","Black Star","MawBank","Vajra","Whetstone","Torii","Pen Nib","Anchor","Pantograph","Omamori","Shovel","Blood Vial","Kunai","Art of War","Eternal Feather","Bottled Lightning","War Paint","PrismaticShard","Akabeko","Letter Opener","Sundial","InkBottle"],"acts_visited":["Exordium","TheCity","TheBeyond","TheEnding"],"potions_floor_usage":[55,55,55,55,55],"damage_taken":[{"damage":19.0,"enemies":"Jaw Worm","floor":1.0,"turns":3.0},{"damage":2.0,"enemies":"2 Louse","floor":5.0,"turns":3.0},{"damage":30.0,"enemies":"3 Sentries","floor":6.0,"turns":4.0},{"damage":19.0,"enemies":"Lagavulin","floor":8.0,"turns":6.0},{"damage":22.0,"enemies":"Gremlin Nob","floor":12.0,"turns":4.0},{"damage":0.0,"enemies":"Small Slimes","floor":13.0,"turns":3.0},{"damage":19.0,"enemies":"Lagavulin","floor":14.0,"turns":5.0},{"damage":42.0,"enemies":"Hexaghost","floor":16.0,"turns":5.0},{"damage":13.0,"enemies":"2 Thieves","floor":18.0,"turns":3.0},{"damage":4.0,"enemies":"3 Byrds","floor":19.0,"turns":4.0},{"damage":10.0,"enemies":"Cultist and Chosen","floor":21.0,"turns":3.0},{"damage":35,"enemies":"Book of Stabbing","floor":23,"turns":4},{"damage":12,"enemies":"Chosen and Byrds","floor":24,"turns":3},{"damage":24,"enemies":"Snake Plant","floor":25,"turns":2},{"damage":0,"enemies":"Gremlin Leader","floor":27,"turns":4},{"damage":11,"enemies":"Sentry and Sphere","floor":29,"turns":3},{"damage":14,"enemies":"Book of Stabbing","floor":30,"turns":2},{"damage":70,"enemies":"Collector","floor":33,"turns":4},{"damage":7,"enemies":"Orb Walker","floor":35,"turns":3},{"damage":28,"enemies":"3 Shapes","floor":36,"turns":3},{"damage":0,"enemies":"Jaw Worm Horde","floor":38,"turns":1},{"damage":24,"enemies":"3 Darklings","floor":39,"turns":2},{"damage":18,"enemies":"Giant Head","floor":40,"turns":6},{"damage":24,"enemies":"4 Shapes","floor":41,"turns":1},{"damage":0,"enemies":"Nemesis","floor":42,"turns":3},{"damage":13,"enemies":"Giant Head","floor":44,"turns":3},{"damage":21,"enemies":"Sphere and 2 Shapes","floor":46,"turns":3},{"damage":0,"enemies":"2 Orb Walkers","floor":47,"turns":1},{"damage":38,"enemies":"Reptomancer","floor":48,"turns":4},{"damage":15,"enemies":"Time Eater","floor":50,"turns":5},{"damage":55,"enemies":"Shield and Spear","floor":54,"turns":4},{"damage":22,"enemies":"The Heart","floor":55,"turns":4}],"seed_played":"-5152931046176396869","potions_obtained":[{"floor":5.0,"key":"Block Potion"},{"floor":6.0,"key":"Fruit Juice"},{"floor":8.0,"key":"ColorlessPotion"},{"floor":12.0,"key":"LiquidMemories"},{"floor":19.0,"key":"EssenceOfSteel"},{"floor":25,"key":"Energy Potion"},{"floor":27,"key":"Ancient Potion"},{"floor":35,"key":"SteroidPotion"},{"floor":42,"key":"Strength Potion"}],"is_trial":false,"path_per_floor":["M","$","?","?","M","E","R","E","T","R","?","E","M","E","R","B",null,"M","M","?","M","$","E","M","M","T","E","?","M","E","?","R","B",null,"M","M","?","M","M","E","M","E","T","E","T","M","?","E","R","B",null,"R","$","E","B",null],"character_chosen":"IRONCLAD","items_purchased":["Medical Kit","Bottled Lightning","Disarm","War Paint","PrismaticShard","Akabeko","Letter Opener","PowerPotion"],"campfire_rested":1,"item_purchase_floors":[2,53,53,53,53,53,53,53],"current_hp_per_floor":[77,77,70,53,57,63,63,64,64,64,64,58,61,58,58,67,101,96,108,108,102,102,67,84,82,82,136,136,129,119,119,144,109,135,132,117,117,117,97,151,127,131,131,122,122,104,104,147,147,179,179,179,179,153,157],"gold":94,"neow_bonus":"BOSS_RELIC","is_daily":false,"chose_seed":false,"campfire_upgraded":2,"win_rate":0.0,"timestamp":1613653622,"path_taken":["M","$","?","?","M","E","R","E","T","R","?","E","M","E","R","BOSS","M","?","?","M","$","E","M","M","T","E","?","M","E","?","R","BOSS","M","?","?","M","M","E","M","E","T","E","?","M","?","E","R","BOSS","R","$","E","BOSS"],"items_purchased_type":["Relic","Relic","Card","Relic","Relic","Relic","Relic","Potion"],"build_version":"2020-12-22","purchased_purges":2,"victory":true,"max_hp_per_floor":[84,84,84,84,88,88,88,92,92,92,92,96,99,103,103,112,112,116,120,120,124,124,124,128,132,132,136,136,140,144,144,144,144,144,148,152,152,152,156,160,160,164,164,168,168,171,171,175,175,179,179,179,179,179,179],"card_choices":[{"not_picked":["Armaments","Dual Wield"],"picked":"Whirlwind","floor":1.0},{"not_picked":["Thunderclap","Sever Soul","Spot Weakness"],"picked":"SKIP","floor":5.0},{"not_picked":["Rampage","Intimidate","Twin Strike"],"picked":"SKIP","floor":6.0},{"not_picked":["Fiend Fire","Clash","Anger"],"picked":"SKIP","floor":8.0},{"not_picked":["Anger","Fire Breathing","Dropkick"],"picked":"SKIP","floor":12.0},{"not_picked":["Iron Wave","Evolve"],"picked":"Sword Boomerang","floor":13.0},{"not_picked":["Entrench","Warcry","Flex"],"picked":"SKIP","floor":14.0},{"not_picked":["Double Tap","Berserk"],"picked":"Limit Break","floor":16.0},{"not_picked":["Pommel Strike+1","Heavy Blade"],"picked":"Rupture+1","floor":18.0},{"not_picked":["Cleave","Sever Soul+1","Searing Blow"],"picked":"SKIP","floor":19.0},{"not_picked":["Warcry","Dark Embrace+1"],"picked":"Pommel Strike+1","floor":21.0},{"not_picked":["Twin Strike","Ghostly Armor","Flame Barrier"],"picked":"SKIP","floor":23},{"not_picked":["Warcry","Inflame","Reckless Charge+1"],"picked":"SKIP","floor":24},{"not_picked":["Warcry","Inflame","Reckless Charge+1"],"picked":"SKIP","floor":24},{"not_picked":["Armaments","Warcry","Searing Blow"],"picked":"SKIP","floor":25},{"not_picked":["Infernal Blade","Clothesline","Sever Soul+1"],"picked":"SKIP","floor":27},{"not_picked":["Dark Embrace","Warcry+1"],"picked":"Shockwave","floor":29},{"not_picked":["Sword Boomerang","Flex","Iron Wave"],"picked":"SKIP","floor":30},{"not_picked":["Combust+1","Sever Soul+1","True Grit"],"picked":"SKIP","floor":35},{"not_picked":["Warcry","Carnage","Cleave"],"picked":"SKIP","floor":36},{"not_picked":["Warcry+1","Havoc+1"],"picked":"Heavy Blade+1","floor":38},{"not_picked":["Warcry+1","Armaments","True Grit"],"picked":"SKIP","floor":39},{"not_picked":["Combust+1","Heavy Blade","Hemokinesis"],"picked":"SKIP","floor":40},{"not_picked":["Spot Weakness+1","Flame Barrier+1","Sentinel"],"picked":"SKIP","floor":41},{"not_picked":["Armaments+1","Reckless Charge"],"picked":"Berserk","floor":42},{"not_picked":["True Grit+1","Rage","Inflame"],"picked":"SKIP","floor":44},{"not_picked":["True Grit+1","Rage","Inflame"],"picked":"SKIP","floor":44},{"not_picked":["Clothesline","Havoc+1","Clash"],"picked":"SKIP","floor":46},{"not_picked":["Thunderclap","Dropkick"],"picked":"Shrug It Off","floor":48},{"not_picked":["Enlightenment","Reinforced Body+1"],"picked":"Wallop","floor":54}],"player_experience":150143,"relics_obtained":[{"floor":6.0,"key":"Centennial Puzzle"},{"floor":8.0,"key":"Meat on the Bone"},{"floor":9.0,"key":"Bottled Flame"},{"floor":12.0,"key":"StrikeDummy"},{"floor":14.0,"key":"Mummified Hand"},{"floor":23,"key":"Bag of Marbles"},{"floor":27,"key":"Potion Belt"},{"floor":30,"key":"Calipers"},{"floor":40,"key":"MawBank"},{"floor":40,"key":"Vajra"},{"floor":42,"key":"Whetstone"},{"floor":42,"key":"Torii"},{"floor":43,"key":"Pen Nib"},{"floor":44,"key":"Anchor"},{"floor":44,"key":"Pantograph"},{"floor":45,"key":"Omamori"},{"floor":47,"key":"Shovel"},{"floor":48,"key":"Blood Vial"},{"floor":48,"key":"Kunai"},{"floor":49,"key":"Art of War"},{"floor":52,"key":"Eternal Feather"},{"floor":54,"key":"Sundial"},{"floor":54,"key":"InkBottle"}],"event_choices":[{"damage_healed":0.0,"max_hp_gain":0.0,"max_hp_loss":0.0,"gold_gain":0.0,"event_name":"Scrap Ooze","player_choice":"Success","floor":3.0,"gold_loss":0.0,"damage_taken":7.0,"relics_obtained":["StoneCalendar"]},{"damage_healed":0.0,"max_hp_gain":0.0,"max_hp_loss":0.0,"gold_gain":0.0,"event_name":"Shining Light","player_choice":"Entered Light","floor":4.0,"gold_loss":0.0,"damage_taken":17.0,"cards_upgraded":["Battle Trance","Whirlwind"]},{"cards_removed":["Cleave"],"damage_healed":0.0,"max_hp_gain":0.0,"max_hp_loss":0.0,"gold_gain":0.0,"event_name":"WeMeetAgain","player_choice":"Gave Card","floor":11.0,"gold_loss":0.0,"damage_taken":0.0,"relics_obtained":["Bag of Preparation"]},{"damage_healed":0.0,"max_hp_gain":0.0,"max_hp_loss":0.0,"gold_gain":99.0,"event_name":"Nest","player_choice":"Stole From Cult","floor":20.0,"gold_loss":0.0,"damage_taken":0.0},{"damage_healed":0,"gold_gain":0,"player_choice":"Ignored","damage_taken":0,"max_hp_gain":0,"max_hp_loss":0,"event_name":"Vampires","floor":28,"gold_loss":0},{"damage_healed":0,"gold_gain":100,"player_choice":"Pray","damage_taken":0,"max_hp_gain":0,"max_hp_loss":0,"event_name":"Golden Shrine","floor":31,"gold_loss":0},{"cards_removed":["Rupture"],"damage_healed":0,"gold_gain":0,"player_choice":"Removed Power","damage_taken":0,"max_hp_gain":0,"max_hp_loss":0,"event_name":"Falling","floor":37,"gold_loss":0},{"damage_healed":0,"gold_gain":0,"player_choice":"Fight","damage_taken":0,"max_hp_gain":0,"max_hp_loss":0,"event_name":"Mysterious Sphere","floor":47,"gold_loss":0}],"is_beta":false,"boss_relics":[{"not_picked":["Runic Dome","Snecko Eye"],"picked":"Fusion Hammer"},{"not_picked":["Astrolabe","Runic Cube"],"picked":"Black Star"}],"items_purged_floors":[22,22],"is_endless":false,"potions_floor_spawned":[5,6,8,12,19,23,25,27,35,38,42,44,47,48],"ascension_level":5}}