{"host":"igi9xpgoc000gxf5","time":1613683647,"event":{"mods":["BaseMod","Colored Powertips","Downfall","Googly Eyes","Minty Spire (QoL Compilation)","StSLib"],"gold_per_floor":[99,113,113,136,26,26,105,131,141,206,220,12,29,14,24,125,125,125,125,140,19,39,51,51,51,62,73,93,109,59,69,69,69,69],"floor_reached":32,"language":"ENG","playtime":3191,"items_purged":[],"score":271,"play_id":"bd0d5e34-7df6-4f78-9f63-4bf49836fcf7","local_time":"20210218222726","is_ascension_mode":false,"campfire_choices":[{"data":"hexamod:Float","floor":1,"key":"SMITH"},{"data":"hexamod:ExtraCrispy","floor":6,"key":"SMITH"},{"data":"hexamod:TimeOfNeed","floor":18,"key":"SMITH"}],"circlet_count":0,"master_deck":["hexamod:Strike","hexamod:Strike","hexamod:Strike","hexamod:Defend","hexamod:Defend","hexamod:Defend","hexamod:Defend","hexamod:Sear","hexamod:Float+1","hexamod:Hexaguard","hexamod:SwordOfDarkness","hexamod:GhostflameInferno","hexamod:ExtraCrispy+1","hexamod:NightmareGuise","hexamod:FlamesFromBeyond","hexamod:GhostLash","hexamod:SpectralSpark","hexamod:SuperheatedStrike","hexamod:PowerFromBeyond","expansioncontent:DashGenerateEvil","hexamod:BurningTouch","hexamod:SwordOfDarkness","hexamod:ChargedBarrage","hexamod:InspiringFlames","hexamod:TimeOfNeed+1","CurseOfTheBell","Pride","hexamod:GhostShield+1","hexamod:SpectralSpark+1","hexamod:RetreatToShadows+1","hexamod:FourthSeal","hexamod:AdvancingGuard+1","hexamod:GhostflameInferno+1","hexamod:EmpoweredFlame","hexamod:HeatMetal","hexamod:NightmareGuise+1","hexamod:BacktrackSmack+1","hexamod:RadiantFlame"],"relics":["hexamod:SpiritBrand","Bronze Scales","Matryoshka","Dream Catcher","Peace Pipe","Calling Bell","Toy Ornithopter","Toxic Egg 2","Girya","Lantern","Pear","Juzu Bracelet"],"acts_visited":["Exordium","TheCity"],"potions_floor_usage":[16,16,16,26,27,28],"damage_taken":[{"damage":0,"enemies":"Cultist","floor":2,"turns":3},{"damage":0,"enemies":"downfall:FleeingMerchant","floor":5,"turns":4},{"damage":12,"enemies":"3 Sentries","floor":8,"turns":8},{"damage":1,"enemies":"Jaw Worm","floor":9,"turns":3},{"damage":8,"enemies":"3 Sentries","floor":10,"turns":7},{"damage":0,"enemies":"2 Louse","floor":11,"turns":3},{"damage":5,"enemies":"downfall:FleeingMerchant","floor":12,"turns":4},{"damage":0,"enemies":"2 Fungi Beasts","floor":13,"turns":2},{"damage":13,"enemies":"downfall:FleeingMerchant","floor":14,"turns":4},{"damage":0,"enemies":"3 Louse","floor":15,"turns":2},{"damage":17,"enemies":"DF_ARCHETYPE_STREAMLINE","floor":16,"turns":6},{"damage":5,"enemies":"Chosen","floor":20,"turns":4},{"damage":13,"enemies":"downfall:FleeingMerchant","floor":21,"turns":4},{"damage":10,"enemies":"Shell Parasite","floor":22,"turns":3},{"damage":6,"enemies":"Centurion and Healer","floor":23,"turns":6},{"damage":24,"enemies":"Cultist and Chosen","floor":26,"turns":7},{"damage":25,"enemies":"Snake Plant","floor":27,"turns":4},{"damage":18,"enemies":"Centurion and Healer","floor":28,"turns":8},{"damage":22,"enemies":"Chosen and Byrds","floor":29,"turns":7},{"damage":27,"enemies":"Shelled Parasite and Fungi","floor":31,"turns":4},{"damage":18,"enemies":"Centurion and Healer","floor":32,"turns":4}],"seed_played":"5728662797688596528","potions_obtained":[{"floor":8,"key":"Fire Potion"},{"floor":9,"key":"Strength Potion"},{"floor":13,"key":"BlessingOfTheForge"},{"floor":16,"key":"Regen Potion"},{"floor":23,"key":"CultistPotion"},{"floor":26,"key":"GamblersBrew"},{"floor":26,"key":"FairyPotion"},{"floor":27,"key":"ColorlessPotion"},{"floor":29,"key":"FearPotion"}],"is_trial":false,"path_per_floor":["R","M","?","T","$","R","T","E","M","?","M","$","M","$","M","B",null,"R","?","M","$","M","M","T","?","M","M","M","M","?","M","M"],"character_chosen":"THE_SPIRIT","items_purchased":["hexamod:ExtraCrispy","hexamod:NightmareGuise","expansioncontent:DashGenerateEvil","hexamod:BurningTouch","hexamod:RetreatToShadows+1","hexamod:FourthSeal"],"campfire_rested":0,"item_purchase_floors":[5,5,12,12,21,21],"current_hp_per_floor":[70,70,70,70,70,70,70,58,57,49,49,44,44,31,31,14,70,70,70,65,52,42,36,46,46,42,22,9,13,43,16,0,0,0],"gold":69,"neow_bonus":"THREE_CARDS","is_daily":false,"chose_seed":false,"campfire_upgraded":3,"win_rate":0.0,"timestamp":1613683646,"path_taken":["R","M","?","?","?","R","T","E","?","?","M","$","M","$","M","BOSS","R","?","M","$","M","M","T","?","M","M","M","M","?","M","M"],"items_purchased_type":["Card","Card","Card","Card","Card","Card"],"build_version":"2020-12-22","purchased_purges":0,"victory":false,"max_hp_per_floor":[70,70,70,70,70,70,70,70,70,70,70,70,70,70,70,70,70,70,70,70,70,70,70,80,80,80,80,80,80,80,80,80,80,80],"card_choices":[{"not_picked":["hexamod:HeatMetal","hexamod:HauntingEcho"],"picked":"hexamod:Hexaguard","floor":0},{"not_picked":["hexamod:BacktrackSmack","hexamod:ShieldOfDarkness"],"picked":"hexamod:SwordOfDarkness","floor":2},{"not_picked":["hexamod:RainOfEmbers","hexamod:NightmareStrike"],"picked":"hexamod:GhostflameInferno","floor":5},{"not_picked":["hexamod:HeatCrush","hexamod:PowerFromBeyond"],"picked":"hexamod:FlamesFromBeyond","floor":8},{"not_picked":["hexamod:SuperheatedStrike","hexamod:FastForward"],"picked":"hexamod:GhostLash","floor":9},{"not_picked":["hexamod:CatchUp","hexamod:FourthSeal"],"picked":"hexamod:SpectralSpark","floor":10},{"not_picked":["hexamod:HeatMetal","hexamod:SoulSteal"],"picked":"hexamod:SuperheatedStrike","floor":11},{"not_picked":["hexamod:HeatShield","hexamod:FlamesFromBeyond"],"picked":"hexamod:PowerFromBeyond","floor":12},{"not_picked":["hexamod:InspiringFlames","hexamod:HeatShield"],"picked":"hexamod:SwordOfDarkness","floor":13},{"not_picked":["hexamod:BacktrackSmack","hexamod:NecessarySacrifice"],"picked":"hexamod:ChargedBarrage","floor":14},{"not_picked":["hexamod:SpectralAdrenaline","hexamod:SoulSteal"],"picked":"hexamod:InspiringFlames","floor":15},{"not_picked":["hexamod:WildfireWeapon","hexamod:SixthSeal"],"picked":"hexamod:TimeOfNeed","floor":16},{"not_picked":["hexamod:FastForward+1","hexamod:HauntingEcho"],"picked":"hexamod:GhostShield+1","floor":20},{"not_picked":["hexamod:InspiringFlames+1","hexamod:ExtraCrispy+1"],"picked":"hexamod:SpectralSpark+1","floor":21},{"not_picked":["hexamod:EtherealExpedition+1","hexamod:HeatMetal+1"],"picked":"hexamod:AdvancingGuard+1","floor":22},{"not_picked":["hexamod:SpectersWail","hexamod:SpectralSpark+1"],"picked":"hexamod:GhostflameInferno+1","floor":23},{"not_picked":["hexamod:AdvancingGuard+1","hexamod:NightmareStrike"],"picked":"hexamod:EmpoweredFlame","floor":26},{"not_picked":["hexamod:ThermalTransfer","hexamod:Hexaguard+1"],"picked":"hexamod:HeatMetal","floor":27},{"not_picked":["hexamod:HeatMetal","hexamod:FlamesFromBeyond+1"],"picked":"hexamod:NightmareGuise+1","floor":28},{"not_picked":["hexamod:HeatMetal","hexamod:FourthSeal"],"picked":"hexamod:BacktrackSmack+1","floor":29},{"not_picked":["hexamod:GhostShield+1","hexamod:RetreatToShadows+1"],"picked":"hexamod:RadiantFlame","floor":31}],"player_experience":979254,"relics_obtained":[{"floor":4,"key":"Bronze Scales"},{"floor":7,"key":"Matryoshka"},{"floor":8,"key":"Dream Catcher"},{"floor":10,"key":"Peace Pipe"},{"floor":17,"key":"Toy Ornithopter"},{"floor":17,"key":"Toxic Egg 2"},{"floor":17,"key":"Girya"},{"floor":24,"key":"Pear"},{"floor":24,"key":"Juzu Bracelet"}],"event_choices":[{"damage_healed":0,"gold_gain":0,"player_choice":"Stole Relic","damage_taken":0,"relics_obtained":["Lantern"],"max_hp_gain":0,"max_hp_loss":0,"event_name":"Addict","floor":19,"gold_loss":0,"cards_obtained":["Pride"]}],"is_beta":false,"boss_relics":[{"not_picked":["Cursed Key","Sozu"],"picked":"Calling Bell"}],"items_purged_floors":[],"is_endless":false,"potions_floor_spawned":[8,9,13,16,26,27,29],"killed_by":"Centurion and Healer","ascension_level":0}}