{"host":"ctlqibkg0sskiu65","time":1613674768,"event":{"mods":["AchievementEnabler","Aspiration","Astrologer","BaseMod","Better Third Choice","BetterRewards","Colored Map","Colored Powertips","Conspire","Curses Come First","Fiend Mod","Infinite Spire","Minty Spire (QoL Compilation)","Potionbrewer","Quick Restart","Reliquary","Replay The Spire","Robot Space Explorer","Shade Mod","Shop Mod","StSLib","The Blackbeard","The Bladedancer","The Cursed","The Death Knight","The Hierophant","The Jungle","The Kombatant","The Necromancer","The Poker Player","The Servant 0.9.4","TheBandit","Wide Potions","thorton"],"gold_per_floor":[117,136,136,147,159,159,184,184,184,218,218,231,231,231,231,330,330,346,364,364],"floor_reached":19,"language":"ENG","playtime":1007,"items_purged":["Shade:Strike_Shade"],"score":318,"play_id":"f6d0b054-2fb2-493e-a238-af320a4953f1","local_time":"20210218125928","is_ascension_mode":true,"campfire_choices":[{"data":"Shade:Putrefaction","floor":6.0,"key":"SMITH"},{"data":"Shade:SensePrey","floor":8.0,"key":"SMITH"},{"data":"Shade:AnimateDead","floor":11.0,"key":"SMITH"},{"data":"ReplayTheSpireMod:Private Reserves","floor":13.0,"key":"SMITH"},{"data":"Shade:Bonestorm","floor":15.0,"key":"SMITH"}],"circlet_count":0,"master_deck":["conspire:GhostlyStrike","conspire:GhostlyStrike","conspire:GhostlyStrike","conspire:GhostlyDefend","conspire:GhostlyDefend","conspire:GhostlyDefend","conspire:GhostlyDefend","Shade:AnimateDead+1","Shade:CarefulCut","Shade:FuneraryJewels","Shade:FuneraryJewels","Shade:Bonestorm+1","ReplayTheSpireMod:Private Reserves+1","Shade:CloudOfShrapnel","Shade:SensePrey+1","Shade:Putrefaction+1","Shade:FuneraryArmor","Shade:UnbarTheGrave","Shade:WallOfFlesh"],"relics":["Shade:YorickSkull","reliquary:RosewoodLute","Smiling Mask","Mercury Hourglass","Pen Nib","aspiration:FutureDiary"],"acts_visited":["Exordium","TheCity"],"potions_floor_usage":[],"damage_taken":[{"damage":4.0,"enemies":"infinitespire:Voidling","floor":1.0,"turns":4.0},{"damage":0.0,"enemies":"Jaw Worm","floor":2.0,"turns":3.0},{"damage":0.0,"enemies":"Cultist","floor":4.0,"turns":3.0},{"damage":0.0,"enemies":"2 Fungi Beasts","floor":5.0,"turns":3.0},{"damage":13.0,"enemies":"3 Sentries","floor":7.0,"turns":5.0},{"damage":9.0,"enemies":"Lagavulin","floor":10.0,"turns":6.0},{"damage":0.0,"enemies":"Looter","floor":12.0,"turns":3.0},{"damage":35.0,"enemies":"Fading Forest","floor":16.0,"turns":11.0},{"damage":0.0,"enemies":"conspire:FuzzyDice","floor":18.0,"turns":4.0},{"damage":9,"enemies":"Chosen","floor":19,"turns":5}],"seed_played":"-2996991509481738533","potions_obtained":[{"floor":7.0,"key":"Adrenaline Potion"}],"is_trial":false,"path_per_floor":["M","M","?","M","M","R","E","R","T","E","R","M","R","?","R","B",null,"M","M"],"character_chosen":"SHADE","items_purchased":["Shade:FuneraryJewels","reliquary:RosewoodLute","Shade:Bonestorm","ReplayTheSpireMod:Private Reserves"],"campfire_rested":0,"item_purchase_floors":[0,0,0,0],"current_hp_per_floor":[65,65,65,65,65,65,52,52,52,43,43,43,43,43,43,18,65,65,56,56],"gold":364,"neow_bonus":"","is_daily":false,"chose_seed":false,"campfire_upgraded":5,"win_rate":0.0,"timestamp":1613674768,"path_taken":["M","?","?","M","?","R","E","R","T","E","R","M","R","?","R","BOSS","M","M"],"items_purchased_type":["Card","Relic","Card","Card"],"build_version":"2020-12-22","purchased_purges":1,"victory":false,"max_hp_per_floor":[65,65,65,65,65,65,65,65,65,65,65,65,65,65,65,65,65,65,65,65],"card_choices":[{"not_picked":["Shade:Patience","Shade:ExtraLimbs"],"picked":"Shade:CloudOfShrapnel","floor":1.0},{"not_picked":["Shade:FeralStrike","Shade:Frenzy"],"picked":"Shade:SensePrey","floor":2.0},{"not_picked":["Shade:SpontaneousRitual","Shade:SkeletonHug","Shade:Brains"],"picked":"SKIP","floor":4.0},{"not_picked":["Shade:BoneShards","Shade:Trample"],"picked":"Shade:Putrefaction","floor":5.0},{"not_picked":["Shade:Patience","Shade:SanguineRitual"],"picked":"Shade:FuneraryArmor","floor":7.0},{"not_picked":["Shade:LichForm","Shade:CallOfTheGrave","Shade:AncientSpear"],"picked":"SKIP","floor":10.0},{"not_picked":["Shade:ClawBack","Shade:SkeletonArmy","Shade:Frenzy"],"picked":"SKIP","floor":12.0},{"not_picked":["Shade:OneIsEnough","Shade:LastGasp"],"picked":"Shade:UnbarTheGrave","floor":16.0},{"not_picked":["Shade:ClawBack+1","Shade:CoffinDance"],"picked":"Shade:WallOfFlesh","floor":18}],"player_experience":316378,"relics_obtained":[{"floor":7.0,"key":"Smiling Mask"},{"floor":9.0,"key":"Mercury Hourglass"},{"floor":10.0,"key":"Pen Nib"}],"event_choices":[{"damage_healed":0.0,"max_hp_gain":0.0,"max_hp_loss":0.0,"gold_gain":0.0,"event_name":"Match and Keep!","player_choice":"0 cards matched","floor":3.0,"gold_loss":0.0,"damage_taken":0.0,"cards_obtained":[]},{"damage_healed":0.0,"max_hp_gain":0.0,"max_hp_loss":0.0,"gold_gain":0.0,"event_name":"conspire:LoneGhost","player_choice":"Agree","floor":14.0,"gold_loss":0.0,"damage_taken":0.0}],"is_beta":false,"boss_relics":[{"not_picked":["thethorton:GreedFountain","aspiration:SilentSkillbook"],"picked":"aspiration:FutureDiary"}],"items_purged_floors":[0],"is_endless":false,"potions_floor_spawned":[7,16],"killed_by":"Chosen","ascension_level":1}}