{"host":"cr9rpoy6dx9riis3","time":1613667435,"event":{"mods":["AchievementEnabler","BaseMod","Better Altar","Better Note","Better Sensory Stone","Better Skull","Better Third Choice","Better-Laid Plans","BetterRewards","Block Reminder","Curses Come First","Displayed Cursed Tome","Emptier Cage","Marked Mod","Minty Spire (QoL Compilation)","Permanent Neow","Relic Sorter","StSLib","The Blue Laboratory","Transform Curses"],"gold_per_floor":[119,194,35,52,52,84,84,110,110,120,120,70,70,90,90,189,189,207,207,132,132,148,162,162,62,62,62,62],"floor_reached":27,"language":"ENG","playtime":1102,"items_purged":["Strike_G","Defend_G"],"score":383,"play_id":"f415c78a-1f38-4e18-b48f-425cd50f5e38","local_time":"20210218175715","is_ascension_mode":true,"campfire_choices":[{"data":"Masterful Stab","floor":7,"key":"SMITH"},{"data":"Die Die Die","floor":11,"key":"SMITH"},{"data":"Survivor","floor":13,"key":"SMITH"},{"data":"Phantasmal Killer","floor":15,"key":"SMITH"},{"data":"Burst","floor":24,"key":"SMITH"}],"circlet_count":0,"master_deck":["Strike_G","Strike_G","Strike_G","Strike_G","Defend_G","Defend_G","Defend_G","Survivor+1","Neutralize","Die Die Die+1","Masterful Stab+1","Backflip","Phantasmal Killer+1","Burst+1","Die Die Die","Footwork","Backflip"],"relics":["Ring of the Snake","Question Card","Oddly Smooth Stone","Blood Vial","Centennial Puzzle","TheAbacus"],"acts_visited":["Exordium","TheCity"],"potions_floor_usage":[8,16,18,23,27],"damage_taken":[{"damage":4,"enemies":"Jaw Worm","floor":1,"turns":5},{"damage":0,"enemies":"Small Slimes","floor":4,"turns":3},{"damage":17,"enemies":"3 Sentries","floor":6,"turns":7},{"damage":8,"enemies":"Gremlin Nob","floor":8,"turns":4},{"damage":0,"enemies":"Cultist","floor":10,"turns":2},{"damage":0,"enemies":"Large Slime","floor":14,"turns":4},{"damage":4,"enemies":"Slime Boss","floor":16,"turns":8},{"damage":0,"enemies":"3 Byrds","floor":18,"turns":5},{"damage":0,"enemies":"Chosen","floor":22,"turns":4},{"damage":24,"enemies":"Snake Plant","floor":23,"turns":7},{"damage":43,"enemies":"Gremlin Leader","floor":27,"turns":6}],"seed_played":"-1760254590826193744","potions_obtained":[{"floor":1,"key":"blueLaboratory:HummingbirdPotion"},{"floor":8,"key":"ColorlessPotion"},{"floor":10,"key":"CultistPotion"},{"floor":14,"key":"blueLaboratory:NinjaPotion"},{"floor":18,"key":"Dexterity Potion"}],"is_trial":false,"path_per_floor":["M","?","$","M","$","E","R","E","T","M","R","?","R","M","R","B",null,"M","?","$","?","M","M","R","$","T","E"],"character_chosen":"THE_SILENT","items_purchased":["TheAbacus","Happy Flower","Die Die Die"],"campfire_rested":0,"item_purchase_floors":[0,0,3],"current_hp_per_floor":[57,46,46,46,46,29,29,21,21,21,21,21,21,21,21,17,70,70,70,70,52,54,32,32,32,39,0,0],"gold":62,"neow_bonus":"","is_daily":false,"chose_seed":false,"campfire_upgraded":5,"win_rate":0.0,"timestamp":1613667435,"path_taken":["M","?","$","M","$","E","R","E","T","M","R","?","R","M","R","BOSS","M","?","$","?","M","M","R","$","T","E"],"items_purchased_type":["Relic","Relic","Card"],"build_version":"2020-12-22","purchased_purges":2,"victory":false,"max_hp_per_floor":[70,70,70,70,70,70,70,70,70,70,70,70,70,70,70,70,70,70,70,70,70,70,70,70,70,77,77,77],"card_choices":[{"not_picked":["Slice","Outmaneuver","Flying Knee"],"picked":"SKIP","floor":1},{"not_picked":["Terror","Tactician"],"picked":"Masterful Stab","floor":4},{"not_picked":["Sucker Punch","Cloak And Dagger","Calculated Gamble"],"picked":"SKIP","floor":6},{"not_picked":["Underhanded Strike","All Out Attack"],"picked":"Backflip","floor":8},{"not_picked":["Quick Slash","Catalyst","Finisher","Dodge and Roll"],"picked":"SKIP","floor":10},{"not_picked":["Flying Knee","Footwork","Distraction"],"picked":"Phantasmal Killer","floor":14},{"not_picked":["Doppelganger","Wraith Form v2","Corpse Explosion"],"picked":"Burst","floor":16},{"not_picked":["Prepared","Well Laid Plans","Deadly Poison","Slice"],"picked":"SKIP","floor":18},{"not_picked":["Bane","Flechettes","Sucker Punch+1"],"picked":"Footwork","floor":22},{"not_picked":["Outmaneuver","Dodge and Roll+1","Predator+1"],"picked":"Backflip","floor":23}],"player_experience":755283,"relics_obtained":[{"floor":6,"key":"Centennial Puzzle"},{"floor":8,"key":"Oddly Smooth Stone"},{"floor":9,"key":"Question Card"},{"floor":17,"key":"Gambling Chip"},{"floor":26,"key":"Strawberry"}],"event_choices":[{"damage_healed":0,"gold_gain":75,"player_choice":"Gold","damage_taken":11,"max_hp_gain":0,"max_hp_loss":0,"event_name":"betterThird:BetterGoop","floor":2,"gold_loss":0},{"cards_removed":["Defend_G"],"damage_healed":0,"gold_gain":0,"player_choice":"Card Removal","damage_taken":0,"max_hp_gain":0,"max_hp_loss":0,"event_name":"The Cleric","floor":12,"gold_loss":50},{"cards_removed":["Die Die Die"],"damage_healed":0,"gold_gain":0,"player_choice":"Take \u0026 Give","damage_taken":0,"max_hp_gain":0,"max_hp_loss":0,"event_name":"betterNote:BetterNote","floor":19,"gold_loss":0,"cards_obtained":["Die Die Die"]},{"damage_healed":0,"gold_gain":0,"player_choice":" Vial ","damage_taken":18,"relics_obtained":["Blood Vial"],"max_hp_gain":70,"max_hp_loss":52,"event_name":"betterAltar:BetterAltar","floor":21,"potions_obtained":[],"relics_lost":[],"gold_loss":0}],"is_beta":false,"boss_relics":[{"not_picked":["Black Star","Busted Crown"],"picked":"Calling Bell"}],"items_purged_floors":[20,25],"is_endless":false,"potions_floor_spawned":[1,8,10,14,18],"killed_by":"Gremlin Leader","ascension_level":4}}