{"host":"mi0eibewekhugwl1","time":1613651175,"event":{"mods":["AchievementEnabler","BaseMod","Colored Map","Colored Powertips","DeckTracker","Keyboard Shortcuts","Minty Spire (QoL Compilation)","Quick Restart","Rare Cards Sparkle","Relic Stats","StSLib","SuperFastMode","everything is the same but u backflip on backflip"],"gold_per_floor":[363,35,46,65,81,81,100,112,184,35,48,48,48,58,58,130,130,144,15,15,29,29,60,60,128,128,128,13,13,48,65,65,136,186,197,248,15,34,46,81,97,97,120,155,173,34,59,86,86,86,86,86,86,16,44,44],"floor_reached":57,"language":"KOR","playtime":1778,"items_purged":["Strike_R","Strike_R"],"score":2869,"play_id":"1c612c34-fd2a-4be4-9a28-59abe628702e","local_time":"20210218212615","is_ascension_mode":true,"campfire_choices":[{"data":"Bash","floor":6.0,"key":"SMITH"},{"data":"Apotheosis","floor":12.0,"key":"SMITH"},{"data":"Fire Breathing","floor":15.0,"key":"SMITH"},{"data":"Burning Pact","floor":24.0,"key":"SMITH"},{"data":"Dark Embrace","floor":29.0,"key":"SMITH"},{"floor":32.0,"key":"REST"},{"data":"Master of Strategy","floor":42.0,"key":"SMITH"},{"floor":49.0,"key":"RECALL"},{"data":"Offering","floor":53,"key":"SMITH"}],"circlet_count":0,"master_deck":["AscendersBane","Defend_R","Defend_R","Defend_R","Defend_R","Bash+1","Twin Strike","Pommel Strike","Power Through+1","Fire Breathing+1","Evolve","Apotheosis+1","Corruption","Immolate","Impervious","Intimidate","Sentinel","Carnage","Burning Pact+1","Dark Embrace+1","Second Wind","Shrug It Off","Disarm","Shrug It Off","Demon Form","Shockwave","Warcry+1","Master of Strategy+1","Wild Strike","Offering+1","Power Through+1","Feel No Pain+1","Sentinel"],"relics":["Burning Blood","Membership Card","Mercury Hourglass","Gremlin Horn","Mark of Pain","Medical Kit","Happy Flower","Potion Belt","Eternal Feather","FossilizedHelix","Girya","Tiny House","Turnip","Mummified Hand","Lantern","Frozen Egg 2","Pantograph","Ginger","StrikeDummy","Letter Opener"],"acts_visited":["Exordium","TheCity","TheBeyond","TheEnding"],"potions_floor_usage":[55,55,56,56],"damage_taken":[{"damage":1.0,"enemies":"Cultist","floor":1.0,"turns":3.0},{"damage":2.0,"enemies":"Jaw Worm","floor":3.0,"turns":3.0},{"damage":0.0,"enemies":"2 Louse","floor":4.0,"turns":1.0},{"damage":11.0,"enemies":"Blue Slaver","floor":5.0,"turns":4.0},{"damage":19.0,"enemies":"Gremlin Gang","floor":7.0,"turns":4.0},{"damage":16.0,"enemies":"Exordium Thugs","floor":8.0,"turns":5.0},{"damage":10.0,"enemies":"Large Slime","floor":11.0,"turns":4.0},{"damage":2.0,"enemies":"2 Fungi Beasts","floor":14.0,"turns":4.0},{"damage":32.0,"enemies":"The Guardian","floor":16.0,"turns":11.0},{"damage":0.0,"enemies":"3 Byrds","floor":18.0,"turns":2.0},{"damage":10.0,"enemies":"Chosen","floor":21.0,"turns":4.0},{"damage":18.0,"enemies":"Book of Stabbing","floor":23.0,"turns":5.0},{"damage":34.0,"enemies":"Slavers","floor":30.0,"turns":3.0},{"damage":24.0,"enemies":"Snake Plant","floor":31.0,"turns":4.0},{"damage":11.0,"enemies":"Collector","floor":33.0,"turns":9.0},{"damage":13.0,"enemies":"Orb Walker","floor":35.0,"turns":4.0},{"damage":0.0,"enemies":"2 Orb Walkers","floor":36.0,"turns":4.0},{"damage":0.0,"enemies":"3 Shapes","floor":38.0,"turns":4.0},{"damage":0.0,"enemies":"Maw","floor":39.0,"turns":7.0},{"damage":0.0,"enemies":"Nemesis","floor":40.0,"turns":5.0},{"damage":0.0,"enemies":"Spire Growth","floor":41.0,"turns":3.0},{"damage":7.0,"enemies":"Giant Head","floor":44.0,"turns":7.0},{"damage":0.0,"enemies":"4 Shapes","floor":45.0,"turns":4.0},{"damage":0.0,"enemies":"Mind Bloom Boss Battle","floor":47.0,"turns":5.0},{"damage":0.0,"enemies":"Nemesis","floor":48.0,"turns":3.0},{"damage":69.0,"enemies":"Awakened One","floor":50.0,"turns":11.0},{"damage":9.0,"enemies":"Time Eater","floor":51.0,"turns":10.0},{"damage":22,"enemies":"Shield and Spear","floor":55,"turns":4},{"damage":56,"enemies":"The Heart","floor":56,"turns":8}],"seed_played":"3433991736280362182","potions_obtained":[{"floor":4.0,"key":"LiquidBronze"},{"floor":8.0,"key":"Dexterity Potion"},{"floor":16.0,"key":"Swift Potion"},{"floor":21.0,"key":"FairyPotion"},{"floor":31.0,"key":"ColorlessPotion"},{"floor":34.0,"key":"DuplicationPotion"},{"floor":38.0,"key":"GamblersBrew"},{"floor":55,"key":"SteroidPotion"}],"is_trial":false,"path_per_floor":["M","$","M","M","M","R","M","M","T","$","M","R","?","M","R","B",null,"M","$","T","M","?","E","R","T","T","?","$","R","E","M","R","B",null,"M","?","$","M","M","E","M","R","T","E","M","$","?","E","R","B","B",null,"R","$","E","B",null],"character_chosen":"IRONCLAD","items_purchased":["Membership Card","Mercury Hourglass","Twin Strike","Evolve","Apotheosis","Medical Kit","Dark Embrace","Second Wind","Shrug It Off","Mummified Hand","Master of Strategy","Pantograph","Feel No Pain+1","Swift Potion"],"campfire_rested":1,"item_purchase_floors":[2,2,2,10,10,19,28,28,28,37,37,46,54,54],"current_hp_per_floor":[55,55,59,65,60,60,47,37,37,37,33,33,33,37,37,11,59,65,65,65,61,61,49,49,49,49,49,49,61,33,15,49,44,72,65,71,71,77,80,80,80,80,80,79,80,80,80,80,80,17,39,70,80,80,64,30],"gold":44,"neow_bonus":"TWO_FIFTY_GOLD","is_daily":false,"chose_seed":false,"campfire_upgraded":7,"win_rate":0.0,"timestamp":1613651175,"path_taken":["M","?","?","?","M","R","M","M","T","$","M","R","?","M","R","BOSS","M","?","?","?","?","E","R","?","T","?","?","R","E","?","R","BOSS","M","?","$","M","M","E","M","R","T","E","M","$","?","E","R","BOSS","BOSS","R","$","E","BOSS"],"items_purchased_type":["Relic","Relic","Card","Card","Card","Relic","Card","Card","Card","Relic","Card","Relic","Card","Potion"],"build_version":"2020-12-22","purchased_purges":2,"victory":true,"max_hp_per_floor":[75,75,75,75,75,75,75,75,75,75,75,75,75,75,75,75,75,75,75,75,75,75,75,75,75,75,75,75,75,75,75,75,75,80,80,80,80,80,80,80,80,80,80,80,80,80,80,80,80,80,80,80,80,80,80,80],"relic_stats":{"Gremlin Horn":[14,17],"Happy Flower":[34],"counters":[29,145],"Eternal Feather":34,"Ginger":[4],"Letter Opener":[30],"Medical Kit":[111],"Burning Blood":142,"Mercury Hourglass":[567],"Mummified Hand":[73],"Pantograph":41,"Turnip":[9],"obtain_stats":[{"Potion Belt":23,"Girya":30,"Lantern":40,"Tiny House":34,"Gremlin Horn":9,"Happy Flower":20,"Eternal Feather":25,"Ginger":47,"Letter Opener":55,"Frozen Egg 2":44,"Medical Kit":19,"Burning Blood":0,"Mercury Hourglass":2,"Mummified Hand":37,"Pantograph":46,"Mark of Pain":17,"Turnip":36,"Membership Card":2,"StrikeDummy":48,"FossilizedHelix":26},{"Potion Belt":12,"Girya":13,"Lantern":20,"Tiny House":15,"Gremlin Horn":6,"Happy Flower":10,"Eternal Feather":12,"Ginger":24,"Letter Opener":28,"Frozen Egg 2":22,"Medical Kit":10,"Burning Blood":0,"Mercury Hourglass":1,"Mummified Hand":17,"Pantograph":23,"Mark of Pain":9,"Turnip":17,"Membership Card":1,"StrikeDummy":25,"FossilizedHelix":12},{"Potion Belt":50,"Girya":53,"Lantern":90,"Tiny House":66,"Gremlin Horn":20,"Happy Flower":41,"Eternal Feather":50,"Ginger":109,"Letter Opener":137,"Frozen Egg 2":100,"Medical Kit":41,"Burning Blood":0,"Mercury Hourglass":3,"Mummified Hand":74,"Pantograph":104,"Mark of Pain":39,"Turnip":74,"Membership Card":3,"StrikeDummy":112,"FossilizedHelix":50}]},"card_choices":[{"not_picked":["Clothesline","Combust","Armaments"],"picked":"SKIP","floor":1.0},{"not_picked":["Heavy Blade","Flex","Blood for Blood"],"picked":"SKIP","floor":3.0},{"not_picked":["Havoc","Clothesline"],"picked":"Pommel Strike","floor":4.0},{"not_picked":["Perfected Strike","Metallicize","Entrench"],"picked":"SKIP","floor":5.0},{"not_picked":["Iron Wave","Thunderclap"],"picked":"Power Through","floor":7.0},{"not_picked":["Sword Boomerang","Shrug It Off"],"picked":"Fire Breathing","floor":8.0},{"not_picked":["Sever Soul","Rupture","Iron Wave"],"picked":"SKIP","floor":11.0},{"not_picked":["Body Slam","Shrug It Off"],"picked":"Immolate","floor":14.0},{"not_picked":["Berserk","Reaper"],"picked":"Impervious","floor":16.0},{"not_picked":["Iron Wave","Twin Strike"],"picked":"Intimidate","floor":18.0},{"not_picked":["Havoc","Thunderclap+1"],"picked":"Sentinel","floor":21.0},{"not_picked":["Battle Trance","Wild Strike+1"],"picked":"Burning Pact","floor":23.0},{"not_picked":["Evolve","Whirlwind"],"picked":"Disarm","floor":30.0},{"not_picked":["Havoc","Clash"],"picked":"Shrug It Off","floor":31.0},{"not_picked":["Feed","Limit Break"],"picked":"Demon Form","floor":33.0},{"not_picked":["Iron Wave","Dark Embrace"],"picked":"Shockwave","floor":34.0},{"not_picked":["Clothesline","Pommel Strike"],"picked":"Warcry+1","floor":35.0},{"not_picked":["Heavy Blade","Rupture","True Grit"],"picked":"SKIP","floor":38.0},{"not_picked":["Clothesline","Limit Break"],"picked":"Wild Strike","floor":39.0},{"not_picked":["Perfected Strike","Anger+1","Flex"],"picked":"SKIP","floor":40.0},{"not_picked":["Bloodletting","Wild Strike+1","Combust+1"],"picked":"SKIP","floor":41.0},{"not_picked":["Searing Blow","Pommel Strike","Wild Strike"],"picked":"SKIP","floor":44.0},{"not_picked":["Iron Wave+1","Perfected Strike","Cleave"],"picked":"SKIP","floor":45.0},{"not_picked":["Metallicize+1","Intimidate"],"picked":"Offering","floor":47.0},{"not_picked":["Clothesline","Clash"],"picked":"Power Through+1","floor":48.0},{"not_picked":["Headbutt","Entrench"],"picked":"Sentinel","floor":55}],"player_experience":1812379,"relics_obtained":[{"floor":9.0,"key":"Gremlin Horn"},{"floor":20.0,"key":"Happy Flower"},{"floor":23.0,"key":"Potion Belt"},{"floor":25.0,"key":"Eternal Feather"},{"floor":26.0,"key":"FossilizedHelix"},{"floor":30.0,"key":"Girya"},{"floor":36.0,"key":"Turnip"},{"floor":40.0,"key":"Lantern"},{"floor":44.0,"key":"Frozen Egg 2"},{"floor":47.0,"key":"Ginger"},{"floor":48.0,"key":"StrikeDummy"},{"floor":55,"key":"Letter Opener"}],"event_choices":[{"damage_healed":0.0,"max_hp_gain":0.0,"max_hp_loss":0.0,"gold_gain":0.0,"cards_transformed":["Strike_R"],"event_name":"Transmorgrifier","player_choice":"Transformed","floor":13.0,"gold_loss":0.0,"damage_taken":0.0,"cards_obtained":["Corruption"]},{"damage_healed":0.0,"max_hp_gain":0.0,"max_hp_loss":0.0,"gold_gain":0.0,"cards_transformed":["Strike_R","Strike_R"],"event_name":"Drug Dealer","player_choice":"Became Test Subject","floor":22.0,"gold_loss":0.0,"damage_taken":0.0,"cards_obtained":["Limit Break","Carnage"]},{"cards_removed":["Limit Break"],"damage_healed":0.0,"max_hp_gain":0.0,"max_hp_loss":0.0,"gold_gain":0.0,"event_name":"Back to Basics","player_choice":"Elegance","floor":27.0,"gold_loss":0.0,"damage_taken":0.0},{"damage_healed":0.0,"max_hp_gain":0.0,"max_hp_loss":0.0,"gold_gain":0.0,"event_name":"Mysterious Sphere","player_choice":"Fight","floor":36.0,"gold_loss":0.0,"damage_taken":0.0},{"damage_healed":0.0,"max_hp_gain":0.0,"max_hp_loss":0.0,"gold_gain":0.0,"event_name":"MindBloom","player_choice":"Fight","floor":47.0,"gold_loss":0.0,"damage_taken":0.0}],"is_beta":false,"boss_relics":[{"not_picked":["Busted Crown","Snecko Eye"],"picked":"Mark of Pain"},{"not_picked":["Astrolabe","Calling Bell"],"picked":"Tiny House"}],"items_purged_floors":[10,19],"is_endless":false,"potions_floor_spawned":[4,8,16,21,31,38,41,44,55],"ascension_level":20}}