{"host":"soyfmymeou4emntr","time":1613620348,"event":{"mods":["BaseMod","Minty Spire (QoL Compilation)","Permanent Neow","Relic Sorter","Relic Stats","StSLib"],"gold_per_floor":[118,133,133,148,44,78,78,119,168,168,168,186,186,186,186,275,275,298,53,78,3,3,3,47,47,94,94,94,94,106,125,125,200,200,215,240,240,316,8,33,33,60,60,86,36,36,36,53,53,53,53,53],"floor_reached":51,"language":"ENG","playtime":11967,"items_purged":["Strike_G","Strike_G","Strike_G"],"score":1435,"play_id":"2bcdce69-1a66-4955-ace4-776186dedff3","local_time":"20210217205228","is_ascension_mode":true,"campfire_choices":[{"data":"Terror","floor":7.0,"key":"SMITH"},{"data":"All Out Attack","floor":10.0,"key":"SMITH"},{"floor":13.0,"key":"REST"},{"floor":15.0,"key":"REST"},{"data":"Night Terror","floor":23.0,"key":"SMITH"},{"floor":27.0,"key":"REST"},{"floor":29.0,"key":"REST"},{"data":"Accuracy","floor":32.0,"key":"SMITH"},{"data":"Wraith Form v2","floor":41.0,"key":"SMITH"},{"floor":47.0,"key":"RECALL"},{"data":"Adrenaline","floor":49.0,"key":"SMITH"}],"circlet_count":0,"master_deck":["AscendersBane","Strike_G","Defend_G","Defend_G","Defend_G","Defend_G","Defend_G","Survivor","Neutralize","Venomology+1","Bouncing Flask+1","Flying Knee","Terror+1","Blade Dance","Backflip","All Out Attack+1","Calculated Gamble","Tools of the Trade","Leg Sweep","Accuracy+1","Cloak And Dagger+1","Night Terror+1","Choke","Bullet Time","Accuracy","Blade Dance+1","Leg Sweep","Adrenaline+1","PiercingWail","Expertise+1","Well Laid Plans","Wraith Form v2+1","Calculated Gamble","Crippling Poison+1","Crippling Poison+1"],"relics":["Ring of the Serpent","Bottled Flame","Bloody Idol","Ninja Scroll","Happy Flower","Smiling Mask","Matryoshka","SacredBark","Orrery","MutagenicStrength","Tiny Chest","Strawberry","Gambling Chip","Dream Catcher","Ornamental Fan","Membership Card","Kunai","Molten Egg 2","Akabeko"],"acts_visited":["Exordium","TheCity","TheBeyond"],"potions_floor_usage":[51,51],"damage_taken":[{"damage":12.0,"enemies":"Small Slimes","floor":1.0,"turns":6.0},{"damage":1.0,"enemies":"2 Louse","floor":2.0,"turns":3.0},{"damage":1.0,"enemies":"Jaw Worm","floor":4.0,"turns":3.0},{"damage":15.0,"enemies":"Lagavulin","floor":6.0,"turns":5.0},{"damage":8.0,"enemies":"Gremlin Nob","floor":8.0,"turns":3.0},{"damage":0.0,"enemies":"3 Louse","floor":12.0,"turns":2.0},{"damage":13.0,"enemies":"Slime Boss","floor":16.0,"turns":6.0},{"damage":0.0,"enemies":"Chosen","floor":18.0,"turns":3.0},{"damage":1.0,"enemies":"2 Thieves","floor":20.0,"turns":3.0},{"damage":43.0,"enemies":"Gremlin Leader","floor":24.0,"turns":5.0},{"damage":0.0,"enemies":"Snecko","floor":30.0,"turns":3.0},{"damage":7.0,"enemies":"Chosen and Byrds","floor":31.0,"turns":4.0},{"damage":62.0,"enemies":"Champ","floor":33.0,"turns":12.0},{"damage":10.0,"enemies":"3 Darklings","floor":35.0,"turns":5.0},{"damage":21.0,"enemies":"Mind Bloom Boss Battle","floor":36.0,"turns":6.0},{"damage":16.0,"enemies":"Reptomancer","floor":40.0,"turns":4.0},{"damage":10.0,"enemies":"Giant Head","floor":42.0,"turns":5.0},{"damage":4.0,"enemies":"Reptomancer","floor":44.0,"turns":6.0},{"damage":3.0,"enemies":"3 Shapes","floor":48.0,"turns":5.0},{"damage":26.0,"enemies":"Awakened One","floor":50.0,"turns":21.0},{"damage":23,"enemies":"Time Eater","floor":51,"turns":5}],"seed_played":"-1487003833821715132","potions_obtained":[{"floor":1.0,"key":"GamblersBrew"},{"floor":16.0,"key":"AttackPotion"},{"floor":20.0,"key":"SkillPotion"},{"floor":31.0,"key":"Poison Potion"},{"floor":35.0,"key":"PowerPotion"},{"floor":44.0,"key":"LiquidMemories"}],"is_trial":false,"path_per_floor":["M","M","?","M","$","E","R","E","T","R","?","M","R","T","R","B",null,"M","$","M","?","?","R","E","$","T","R","?","R","M","M","R","B",null,"M","?","?","T","$","E","R","E","T","E","$","?","R","M","R","B","B"],"character_chosen":"THE_SILENT","items_purchased":["Blade Dance","Accuracy","Orrery","Membership Card","Regen Potion","Well Laid Plans"],"campfire_rested":4,"item_purchase_floors":[5,19,19,39,39,39],"current_hp_per_floor":[47,46,46,45,45,30,30,22,22,22,6,6,22,22,38,25,47,47,47,46,46,46,46,3,3,10,28,28,46,51,49,49,19,51,46,30,30,35,35,51,51,46,46,47,47,47,47,49,49,23,0,0],"gold":53,"neow_bonus":"THREE_RARE_CARDS","is_daily":false,"chose_seed":false,"campfire_upgraded":6,"win_rate":0.0,"timestamp":1613620348,"path_taken":["M","M","?","M","$","E","R","E","T","R","?","M","R","?","R","BOSS","M","$","M","?","?","R","E","$","T","R","?","R","M","M","R","BOSS","M","?","?","?","?","E","R","E","T","E","$","?","R","M","R","BOSS","BOSS"],"items_purchased_type":["Card","Card","Relic","Relic","Potion","Card"],"build_version":"2020-12-22","purchased_purges":3,"victory":false,"max_hp_per_floor":[60,60,54,54,54,54,54,54,54,54,54,54,54,54,54,54,54,54,54,54,54,54,54,54,54,61,61,61,61,61,61,61,61,61,61,61,58,58,58,58,58,58,58,58,58,58,58,58,58,58,58,58],"relic_stats":{"Dream Catcher":0,"Happy Flower":[31],"counters":[21,115],"Ornamental Fan":[160],"Bloody Idol":50,"Gambling Chip":[6],"Tiny Chest":1,"Kunai":[34],"Smiling Mask":13,"obtain_stats":[{"Happy Flower":8,"Golden Idol":3,"SacredBark":17,"Smiling Mask":9,"Akabeko":44,"Bottled Flame":26,"Dream Catcher":38,"Matryoshka":14,"Ninja Scroll":6,"Ornamental Fan":38,"MutagenicStrength":22,"Strawberry":26,"Bloody Idol":28,"Gambling Chip":36,"Orrery":19,"Tiny Chest":24,"Molten Egg 2":42,"Membership Card":39,"Kunai":40,"Ring of the Serpent":34,"Ring of the Snake":0},{"Happy Flower":5,"Golden Idol":2,"SacredBark":7,"Smiling Mask":5,"Akabeko":18,"Bottled Flame":10,"Dream Catcher":15,"Matryoshka":6,"Ninja Scroll":4,"Ornamental Fan":15,"MutagenicStrength":9,"Strawberry":10,"Bloody Idol":10,"Gambling Chip":15,"Orrery":8,"Tiny Chest":10,"Molten Egg 2":17,"Membership Card":15,"Kunai":16,"Ring of the Serpent":13,"Ring of the Snake":0},{"Happy Flower":20,"Golden Idol":9,"SacredBark":28,"Smiling Mask":20,"Akabeko":84,"Bottled Flame":39,"Dream Catcher":69,"Matryoshka":22,"Ninja Scroll":17,"Ornamental Fan":69,"MutagenicStrength":34,"Strawberry":39,"Bloody Idol":39,"Gambling Chip":69,"Orrery":31,"Tiny Chest":39,"Molten Egg 2":78,"Membership Card":69,"Kunai":73,"Ring of the Serpent":58,"Ring of the Snake":0}]},"card_choices":[{"not_picked":["Phantasmal Killer","Envenom"],"picked":"Venomology","floor":0.0},{"not_picked":["Quick Slash","Reflex"],"picked":"Bouncing Flask","floor":1.0},{"not_picked":["Outmaneuver","Slice"],"picked":"Flying Knee","floor":2.0},{"not_picked":["Cloak And Dagger","Skewer"],"picked":"Terror","floor":4.0},{"not_picked":["Setup","Blur"],"picked":"Backflip","floor":6.0},{"not_picked":["Heel Hook","PiercingWail"],"picked":"All Out Attack","floor":8.0},{"not_picked":["Dagger Throw","Outmaneuver"],"picked":"Calculated Gamble","floor":12.0},{"not_picked":["Venomology","A Thousand Cuts"],"picked":"Tools of the Trade","floor":16.0},{"not_picked":["Endless Agony","Quick Slash"],"picked":"Leg Sweep","floor":18.0},{"not_picked":["Dash+1","PiercingWail"],"picked":"Cloak And Dagger+1","floor":19.0},{"not_picked":["Poisoned Stab","Outmaneuver"],"picked":"Night Terror","floor":19.0},{"not_picked":["Caltrops","Blade Dance"],"picked":"Choke","floor":19.0},{"not_picked":["Concentrate","Dodge and Roll"],"picked":"Bullet Time","floor":19.0},{"not_picked":["Cloak And Dagger","Dagger Throw"],"picked":"Accuracy","floor":20.0},{"not_picked":["Choke+1","Distraction"],"picked":"Blade Dance+1","floor":24.0},{"not_picked":["Prepared","Underhanded Strike","Bouncing Flask"],"picked":"SKIP","floor":30.0},{"not_picked":["Flying Knee+1","Backflip"],"picked":"Leg Sweep","floor":31.0},{"not_picked":["Glass Knife","Die Die Die"],"picked":"Adrenaline","floor":33.0},{"not_picked":["Sucker Punch","Underhanded Strike+1"],"picked":"PiercingWail","floor":35.0},{"not_picked":["Underhanded Strike","Poisoned Stab"],"picked":"Expertise+1","floor":36.0},{"not_picked":["Setup","Blade Dance"],"picked":"Wraith Form v2","floor":40.0},{"not_picked":["Bane+1","Poisoned Stab+1"],"picked":"Calculated Gamble","floor":42.0},{"not_picked":["Caltrops+1","Leg Sweep"],"picked":"Crippling Poison+1","floor":44.0},{"not_picked":["Sucker Punch+1","Prepared+1"],"picked":"Crippling Poison+1","floor":48.0}],"player_experience":3375541,"relics_obtained":[{"floor":6.0,"key":"Ninja Scroll"},{"floor":8.0,"key":"Happy Flower"},{"floor":9.0,"key":"Smiling Mask"},{"floor":14.0,"key":"Matryoshka"},{"floor":24.0,"key":"Tiny Chest"},{"floor":26.0,"key":"Strawberry"},{"floor":26.0,"key":"Bottled Flame"},{"floor":36.0,"key":"Gambling Chip"},{"floor":38.0,"key":"Dream Catcher"},{"floor":38.0,"key":"Ornamental Fan"},{"floor":40.0,"key":"Kunai"},{"floor":42.0,"key":"Molten Egg 2"},{"floor":44.0,"key":"Akabeko"}],"event_choices":[{"damage_healed":0.0,"max_hp_gain":0.0,"max_hp_loss":6.0,"gold_gain":0.0,"event_name":"Golden Idol","player_choice":"Lose Max HP","floor":3.0,"gold_loss":0.0,"damage_taken":0.0,"relics_obtained":["Golden Idol"]},{"damage_healed":0.0,"max_hp_gain":0.0,"max_hp_loss":0.0,"gold_gain":0.0,"event_name":"Shining Light","player_choice":"Entered Light","floor":11.0,"gold_loss":0.0,"damage_taken":16.0,"cards_upgraded":["Venomology","Bouncing Flask"]},{"cards_removed":["Strike_G"],"damage_healed":0.0,"max_hp_gain":0.0,"max_hp_loss":0.0,"gold_gain":0.0,"event_name":"Beggar","player_choice":"Gave Gold","floor":21.0,"gold_loss":75.0,"damage_taken":0.0},{"damage_healed":0.0,"max_hp_gain":0.0,"max_hp_loss":0.0,"gold_gain":0.0,"event_name":"Drug Dealer","player_choice":"Inject Mutagens","floor":22.0,"gold_loss":0.0,"damage_taken":0.0,"relics_obtained":["MutagenicStrength"]},{"damage_healed":0.0,"max_hp_gain":0.0,"max_hp_loss":0.0,"gold_gain":0.0,"event_name":"Forgotten Altar","player_choice":"Gave Idol","floor":28.0,"relics_lost":["Golden Idol"],"gold_loss":0.0,"damage_taken":0.0,"relics_obtained":["Bloody Idol"]},{"damage_healed":0.0,"max_hp_gain":0.0,"max_hp_loss":0.0,"gold_gain":0.0,"event_name":"MindBloom","player_choice":"Fight","floor":36.0,"gold_loss":0.0,"damage_taken":0.0},{"damage_healed":0.0,"max_hp_gain":0.0,"max_hp_loss":3.0,"gold_gain":0.0,"event_name":"Winding Halls","player_choice":"Max HP","floor":37.0,"gold_loss":0.0,"damage_taken":0.0},{"damage_healed":0.0,"max_hp_gain":0.0,"max_hp_loss":0.0,"gold_gain":0.0,"event_name":"SensoryStone","player_choice":"Memory 1","floor":46.0,"gold_loss":0.0,"damage_taken":0.0}],"is_beta":false,"boss_relics":[{"not_picked":["Sozu","Black Star"],"picked":"SacredBark"},{"not_picked":["Busted Crown","Velvet Choker"],"picked":"Ring of the Serpent"}],"items_purged_floors":[5,39,45],"is_endless":false,"potions_floor_spawned":[1,4,12,16,20,31,35,44],"killed_by":"Time Eater","ascension_level":20}}