{"host":"ueur771it0nnharr","time":1613689167,"event":{"mods":["AchievementEnabler","BaseMod","Colored Map","Colored Powertips","Highlight Path","Hubris","Minty Spire (QoL Compilation)","StSLib"],"gold_per_floor":[116,116,116,131,143,169,188,188,240,240,240,257,277,287,287,391,391,408,323,339,339,357,357,388,388,456,381,398,193,193,193],"floor_reached":30,"language":"ENG","playtime":2774,"items_purged":[],"score":347,"play_id":"3a05c43d-cd02-4885-b991-7c6045ada9b3","local_time":"20210218175927","is_ascension_mode":true,"campfire_choices":[{"data":"Eruption","floor":8,"key":"SMITH"},{"data":"Crescendo","floor":10,"key":"SMITH"},{"floor":15,"key":"REST"},{"data":"Adaptation","floor":23,"key":"SMITH"},{"floor":25,"key":"REST"}],"circlet_count":0,"master_deck":["Strike_P","Strike_P","Strike_P","Defend_P","Defend_P","Defend_P","Defend_P","Eruption+1","Vigilance","Scrawl","EmptyFist","Scrawl","Consecrate","Crescendo+1","CutThroughFate","Vengeance","LikeWater","Halt","EmptyBody","Adaptation+1","Alpha","Indignation","ReachHeaven"],"relics":["PureWater","Ornamental Fan","hubris:Spice","Smiling Mask","Orichalcum","MutagenicStrength","The Courier","hubris:TenFootPole"],"acts_visited":["Exordium","TheCity"],"potions_floor_usage":[6,7,16,20,30],"damage_taken":[{"damage":0,"enemies":"Jaw Worm","floor":1,"turns":3},{"damage":2,"enemies":"2 Louse","floor":4,"turns":2},{"damage":12,"enemies":"Cultist","floor":5,"turns":3},{"damage":7,"enemies":"3 Sentries","floor":6,"turns":9},{"damage":0,"enemies":"Exordium Thugs","floor":7,"turns":3},{"damage":0,"enemies":"Blue Slaver","floor":12,"turns":2},{"damage":0,"enemies":"Looter","floor":13,"turns":2},{"damage":0,"enemies":"Large Slime","floor":14,"turns":3},{"damage":0,"enemies":"Slime Boss","floor":16,"turns":4},{"damage":2,"enemies":"Chosen","floor":18,"turns":3},{"damage":19,"enemies":"Shell Parasite","floor":20,"turns":7},{"damage":0,"enemies":"Snecko","floor":22,"turns":2},{"damage":60,"enemies":"Slavers","floor":24,"turns":12},{"damage":0,"enemies":"Centurion and Healer","floor":28,"turns":4},{"damage":51,"enemies":"Snake Plant","floor":30,"turns":4}],"seed_played":"7148874132582274820","potions_obtained":[{"floor":1,"key":"EssenceOfSteel"},{"floor":6,"key":"Fruit Juice"},{"floor":12,"key":"Ambrosia"},{"floor":16,"key":"LiquidBronze"},{"floor":24,"key":"Energy Potion"}],"is_trial":false,"path_per_floor":["M","?","T","M","M","E","M","R","T","R","?","M","M","M","R","B",null,"M","?","M","?","M","R","E","R","T","?","M","$","M"],"character_chosen":"WATCHER","items_purchased":["Indignation","ReachHeaven","hubris:TenFootPole"],"campfire_rested":2,"item_purchase_floors":[29,29,29],"current_hp_per_floor":[72,60,68,66,54,47,52,52,52,52,52,52,52,52,77,77,93,91,91,72,72,72,72,12,37,37,37,37,37,0,0],"gold":193,"neow_bonus":"ONE_RANDOM_RARE_CARD","is_daily":false,"chose_seed":false,"campfire_upgraded":3,"win_rate":0.0,"timestamp":1613689167,"path_taken":["M","?","?","M","M","E","M","R","T","R","?","M","?","M","R","BOSS","M","?","M","?","M","R","E","R","T","?","M","$","M"],"items_purchased_type":["Card","Card","Relic"],"build_version":"2020-12-22","purchased_purges":0,"victory":false,"max_hp_per_floor":[72,72,80,80,80,80,85,85,85,85,85,85,85,85,85,85,93,93,93,93,93,93,93,85,85,85,85,85,85,85,85],"card_choices":[{"not_picked":["Worship","FlyingSleeves"],"picked":"EmptyFist","floor":1},{"not_picked":["SashWhip","Evaluate"],"picked":"Scrawl","floor":4},{"not_picked":["WreathOfFlame","ClearTheMind"],"picked":"Consecrate","floor":5},{"not_picked":["Pray","CarveReality"],"picked":"Crescendo","floor":6},{"not_picked":["SashWhip","InnerPeace"],"picked":"CutThroughFate","floor":7},{"not_picked":["Vengeance","FlyingSleeves","DeceiveReality"],"picked":"SKIP","floor":12},{"not_picked":["Consecrate","Halt","SashWhip"],"picked":"SKIP","floor":13},{"not_picked":["Swivel","Vengeance"],"picked":"LikeWater","floor":14},{"not_picked":["Ragnarok","Vault"],"picked":"MasterReality","floor":16},{"not_picked":["FollowUp","FlurryOfBlows"],"picked":"Halt","floor":18},{"not_picked":["ClearTheMind","CrushJoints"],"picked":"EmptyBody","floor":20},{"not_picked":["Prostrate","CrushJoints+1"],"picked":"Adaptation","floor":22},{"not_picked":["EmptyMind","PathToVictory+1"],"picked":"Alpha","floor":24},{"not_picked":["Worship","Crescendo","Prostrate"],"picked":"SKIP","floor":28}],"player_experience":802098,"relics_obtained":[{"floor":3,"key":"hubris:Spice"},{"floor":9,"key":"Smiling Mask"},{"floor":24,"key":"hubris:Spice"},{"floor":26,"key":"The Courier"}],"event_choices":[{"damage_healed":0,"gold_gain":0,"player_choice":"Success","damage_taken":12,"relics_obtained":["Ornamental Fan"],"max_hp_gain":0,"max_hp_loss":0,"event_name":"Scrap Ooze","floor":2,"gold_loss":0},{"damage_healed":0,"gold_gain":0,"cards_transformed":["Strike_P"],"player_choice":"Transformed","damage_taken":0,"max_hp_gain":0,"max_hp_loss":0,"event_name":"Transmorgrifier","floor":11,"gold_loss":0,"cards_obtained":["Vengeance"]},{"damage_healed":0,"gold_gain":0,"player_choice":"Obtained Relic","damage_taken":0,"relics_obtained":["Orichalcum"],"max_hp_gain":0,"max_hp_loss":0,"event_name":"Addict","floor":19,"gold_loss":85},{"damage_healed":0,"gold_gain":0,"player_choice":"Inject Mutagens","damage_taken":0,"relics_obtained":["MutagenicStrength"],"max_hp_gain":0,"max_hp_loss":0,"event_name":"Drug Dealer","floor":21,"gold_loss":0},{"cards_removed":["MasterReality"],"damage_healed":0,"gold_gain":0,"player_choice":"Gave Gold","damage_taken":0,"max_hp_gain":0,"max_hp_loss":0,"event_name":"Beggar","floor":27,"gold_loss":75}],"is_beta":false,"boss_relics":[{"not_picked":["Snecko Eye","Velvet Choker"],"picked":"hubris:Spice"}],"items_purged_floors":[],"is_endless":false,"potions_floor_spawned":[1,6,12,16,24],"killed_by":"Snake Plant","ascension_level":3}}