{"host":"0ucmu30xnqs1j0i5","time":1613652987,"event":{"mods":["AchievementEnabler","BaseMod","Colored Map","Colored Powertips","Minty Spire (QoL Compilation)","Quick Restart"],"gold_per_floor":[114,124,124,135,154,183,183,194,4000,3085,3103,2262,2273,2223,2223,2323,2323,2343,1471,1484,1496,871,871,886,886,909,929,929,939,939,959,959,1058,1058,1071,1088,1102,1102,1152,1152,752,752,752,752,784,795,824,824,824,824],"floor_reached":51,"language":"ZHS","playtime":8960,"items_purged":["Strike_G","Strike_G","Defend_G","Defend_G","Defend_G"],"score":836,"play_id":"687d546d-e2b9-462b-9e17-8957ef24a120","local_time":"20210218205627","is_ascension_mode":false,"campfire_choices":[{"data":"Bouncing Flask","floor":7,"key":"SMITH"},{"data":"Thinking Ahead","floor":15,"key":"SMITH"},{"data":"Catalyst","floor":23,"key":"SMITH"},{"data":"Bouncing Flask","floor":25,"key":"SMITH"},{"data":"Burst","floor":32,"key":"SMITH"},{"data":"Bullet Time","floor":40,"key":"SMITH"},{"data":"Apotheosis","floor":42,"key":"SMITH"},{"data":"Acrobatics","floor":49,"key":"SMITH"}],"circlet_count":0,"master_deck":["Defend_G","Defend_G","Survivor","Neutralize","Bouncing Flask+1","Bullet Time+1","Dodge and Roll","Bane","Acrobatics+1","Backflip","Bouncing Flask+1","PiercingWail","Backflip","Burst","Secret Technique","Deflect","Bane+1","Burst+1","Acrobatics","Catalyst+1","Outmaneuver","Dodge and Roll+1","Apotheosis+1"],"relics":["Ring of the Snake","Nunchaku","PreservedInsect","White Beast Statue","Bottled Lightning","Orrery","Molten Egg 2","Toolbox","Tiny Chest","Empty Cage","Frozen Eye","Lizard Tail","Shuriken","Membership Card","HornCleat","Mercury Hourglass","Potion Belt","Omamori","Coffee Dripper","Eternal Feather","Incense Burner","Oddly Smooth Stone","Strange Spoon","MealTicket","Paper Crane","Bag of Marbles","Pear","Boot"],"acts_visited":["Exordium","TheCity","TheBeyond"],"potions_floor_usage":[16,24,37,46,47,50,50,50,50],"damage_taken":[{"damage":0.0,"enemies":"2 Louse","floor":1.0,"turns":3.0},{"damage":10,"enemies":"Cultist","floor":2,"turns":4},{"damage":9,"enemies":"Jaw Worm","floor":4,"turns":4},{"damage":4,"enemies":"Exordium Wildlife","floor":5,"turns":4},{"damage":41,"enemies":"Lagavulin","floor":6,"turns":7},{"damage":16,"enemies":"3 Louse","floor":8,"turns":3},{"damage":0,"enemies":"Large Slime","floor":11,"turns":3},{"damage":6,"enemies":"Lots of Slimes","floor":13,"turns":4},{"damage":163,"enemies":"Hexaghost","floor":16,"turns":7},{"damage":22,"enemies":"2 Thieves","floor":18,"turns":4},{"damage":3,"enemies":"Shell Parasite","floor":20,"turns":3},{"damage":19,"enemies":"Sentry and Sphere","floor":21,"turns":5},{"damage":4,"enemies":"Cultist and Chosen","floor":24,"turns":4},{"damage":0,"enemies":"Snecko","floor":27,"turns":3},{"damage":10,"enemies":"Snake Plant","floor":29,"turns":4},{"damage":5,"enemies":"Chosen and Byrds","floor":31,"turns":3},{"damage":25,"enemies":"Champ","floor":33,"turns":8},{"damage":0,"enemies":"3 Darklings","floor":35,"turns":5},{"damage":0,"enemies":"Orb Walker","floor":36,"turns":1},{"damage":0,"enemies":"Transient","floor":37,"turns":5},{"damage":8,"enemies":"Mind Bloom Boss Battle","floor":39,"turns":5},{"damage":0,"enemies":"Nemesis","floor":45,"turns":3},{"damage":0,"enemies":"Jaw Worm Horde","floor":46,"turns":4},{"damage":0,"enemies":"Reptomancer","floor":47,"turns":3},{"damage":48,"enemies":"Time Eater","floor":50,"turns":8}],"seed_played":"-2697160468745117328","potions_obtained":[{"floor":2,"key":"Dexterity Potion"},{"floor":4,"key":"FearPotion"},{"floor":8,"key":"Energy Potion"},{"floor":11,"key":"ColorlessPotion"},{"floor":16,"key":"DuplicationPotion"},{"floor":18,"key":"PowerPotion"},{"floor":24,"key":"Explosive Potion"},{"floor":27,"key":"Energy Potion"},{"floor":29,"key":"BlessingOfTheForge"},{"floor":31,"key":"GhostInAJar"},{"floor":33,"key":"Poison Potion"},{"floor":35,"key":"ColorlessPotion"},{"floor":37,"key":"Swift Potion"},{"floor":45,"key":"BlessingOfTheForge"},{"floor":46,"key":"Explosive Potion"},{"floor":47,"key":"Weak Potion"}],"is_trial":false,"path_per_floor":["M","M","?","M","M","E","R","M","T","$","M","$","M","?","R","B",null,"M","$","M","M","$","R","M","R","T","M","?","M","?","M","R","B",null,"M","M","M","T","?","R","$","R","T","?","E","M","E","T","R","B",null],"character_chosen":"THE_SILENT","items_purchased":["White Beast Statue","Bottled Lightning","Orrery","Secret Technique","Molten Egg 2","Toolbox","Tiny Chest","Thinking Ahead","Frozen Eye","Lizard Tail","Shuriken","Acrobatics","Catalyst","Membership Card","HornCleat","Mercury Hourglass","Apotheosis","Oddly Smooth Stone","Strange Spoon","MealTicket"],"campfire_rested":0,"item_purchase_floors":[10,10,10,10,12,12,12,12,19,19,19,19,22,22,22,22,41,41,41,41],"current_hp_per_floor":[500,490,490,481,477,436,436,420,420,420,420,420,414,414,414,251,500,478,478,475,456,456,456,452,452,452,452,452,100,100,95,95,70,500,500,500,500,500,492,500,500,500,500,510,510,510,520,520,520,472],"gold":824,"neow_bonus":"TEN_PERCENT_HP_BONUS","is_daily":false,"chose_seed":false,"campfire_upgraded":8,"win_rate":0.0,"timestamp":1613652987,"path_taken":["M","M","?","M","?","E","R","M","T","?","M","$","M","?","R","BOSS","M","$","M","M","$","R","M","R","T","M","?","M","?","M","R","BOSS","M","M","M","?","?","R","$","R","T","?","E","?","E","?","R","BOSS"],"items_purchased_type":["Relic","Relic","Relic","Card","Relic","Relic","Relic","Card","Relic","Relic","Relic","Card","Card","Relic","Relic","Relic","Card","Relic","Relic","Relic"],"build_version":"2020-12-22","purchased_purges":5,"victory":true,"max_hp_per_floor":[500,500,500,500,500,500,500,500,500,500,500,500,500,500,500,500,500,500,500,500,500,500,500,500,500,500,500,500,500,500,500,500,500,500,500,500,500,500,500,500,500,500,500,510,510,510,520,520,520,520],"card_choices":[{"not_picked":["Footwork","Finisher"],"picked":"Dagger Spray","floor":1},{"not_picked":["Deadly Poison","Riddle With Holes"],"picked":"Bouncing Flask","floor":2},{"not_picked":["Dagger Spray","Heel Hook"],"picked":"Dodge and Roll","floor":4},{"not_picked":["Dagger Spray","Calculated Gamble"],"picked":"Bane","floor":5},{"not_picked":["Poisoned Stab","Dodge and Roll"],"picked":"Acrobatics","floor":6},{"not_picked":["Finisher","Sucker Punch"],"picked":"Backflip","floor":8},{"not_picked":["Outmaneuver","Riddle With Holes"],"picked":"Bouncing Flask","floor":10},{"not_picked":["Infinite Blades","Distraction"],"picked":"PiercingWail","floor":10},{"not_picked":["Finisher","PiercingWail"],"picked":"Backflip","floor":10},{"not_picked":["PiercingWail","Endless Agony"],"picked":"Burst","floor":10},{"not_picked":["Distraction","Dagger Throw"],"picked":"Deflect","floor":11},{"not_picked":["Dodge and Roll","Distraction"],"picked":"Bane+1","floor":13},{"not_picked":["Night Terror","Envenom"],"picked":"Burst","floor":16},{"not_picked":["Reflex","Dodge and Roll","Eviscerate+1"],"picked":"SKIP","floor":18},{"not_picked":["PiercingWail+1","Slice+1","Skewer+1"],"picked":"SKIP","floor":20},{"not_picked":["Eviscerate+1","Underhanded Strike+1","Poisoned Stab+1"],"picked":"SKIP","floor":21},{"not_picked":["Sucker Punch+1","Footwork"],"picked":"Outmaneuver","floor":24},{"not_picked":["PiercingWail+1","Leg Sweep+1"],"picked":"Dodge and Roll+1","floor":27},{"not_picked":["Finisher+1","Backstab+1","Slice+1"],"picked":"SKIP","floor":29},{"not_picked":["Dodge and Roll+1","Blur","Infinite Blades"],"picked":"SKIP","floor":31},{"not_picked":["Acrobatics","Underhanded Strike+1","Leg Sweep"],"picked":"SKIP","floor":35},{"not_picked":["Bane+1","Terror","Dodge and Roll"],"picked":"SKIP","floor":36},{"not_picked":["Sucker Punch+1","Prepared","Endless Agony+1"],"picked":"SKIP","floor":37},{"not_picked":["Distraction+1","Reflex+1","Eviscerate+1"],"picked":"SKIP","floor":45},{"not_picked":["Blade Dance","Sucker Punch+1","Calculated Gamble+1"],"picked":"SKIP","floor":46},{"not_picked":["PiercingWail","Prepared","Deflect"],"picked":"SKIP","floor":47}],"player_experience":34705,"relics_obtained":[{"floor":6,"key":"Nunchaku"},{"floor":9,"key":"PreservedInsect"},{"floor":26,"key":"Potion Belt"},{"floor":38,"key":"Eternal Feather"},{"floor":39,"key":"Incense Burner"},{"floor":43,"key":"Paper Crane"},{"floor":45,"key":"Bag of Marbles"},{"floor":47,"key":"Pear"},{"floor":48,"key":"Boot"}],"event_choices":[{"damage_healed":0,"gold_gain":0,"player_choice":"1 cards matched","damage_taken":0,"max_hp_gain":0,"max_hp_loss":0,"event_name":"Match and Keep!","floor":3,"gold_loss":0,"cards_obtained":["Bullet Time"]},{"damage_healed":0,"gold_gain":0,"player_choice":"1 cards matched","damage_taken":0,"max_hp_gain":0,"max_hp_loss":0,"event_name":"Match and Keep!","floor":3,"gold_loss":0,"cards_obtained":["Bullet Time"]},{"cards_removed":["Strike_G"],"damage_healed":0,"gold_gain":0,"player_choice":"Card Removal","damage_taken":0,"max_hp_gain":0,"max_hp_loss":0,"event_name":"The Cleric","floor":14,"gold_loss":50},{"damage_healed":0,"gold_gain":0,"player_choice":"Opened","damage_taken":0,"relics_obtained":["Omamori"],"max_hp_gain":0,"max_hp_loss":0,"event_name":"The Mausoleum","floor":28,"gold_loss":0},{"cards_removed":["Dagger Spray"],"damage_healed":0,"gold_gain":0,"player_choice":"Elegance","damage_taken":0,"max_hp_gain":0,"max_hp_loss":0,"event_name":"Back to Basics","floor":30,"gold_loss":0},{"damage_healed":0,"gold_gain":0,"player_choice":"Fight","damage_taken":0,"max_hp_gain":0,"max_hp_loss":0,"event_name":"MindBloom","floor":39,"gold_loss":0},{"cards_removed":["Thinking Ahead"],"damage_healed":0,"gold_gain":0,"player_choice":"Offered Rare","damage_taken":0,"max_hp_gain":10,"max_hp_loss":0,"event_name":"Bonfire Elementals","floor":44,"gold_loss":0}],"is_beta":false,"boss_relics":[{"not_picked":["Velvet Choker","Runic Pyramid"],"picked":"Empty Cage"},{"not_picked":["Ring of the Serpent","Busted Crown"],"picked":"Coffee Dripper"}],"items_purged_floors":[10,12,19,22,41],"is_endless":false,"potions_floor_spawned":[2,4,8,11,13,16,18,20,21,24,27,29,31,33,35,36,37,39,45,46,47],"ascension_level":0}}