{"host":"raaimkojny05jekw","time":1613671929,"event":{"mods":["AchievementEnabler","BaseMod","Colored Map","Colored Powertips","DeckTracker","Minty Spire (QoL Compilation)","Quick Restart","Rare Cards Sparkle","everything is the same but u backflip on backflip"],"gold_per_floor":[109,127,127,41,55,55,87,87,134,153,153,167,178,190,190,292,292,302,517,532,420,435,435,450,450,500,515,533,60,60,93,93,93,93],"floor_reached":33,"language":"KOR","playtime":1043,"items_purged":["Strike_R"],"score":434,"play_id":"0b4d49c3-e38a-467f-855f-dfaf1f2c15a4","local_time":"20210219031209","is_ascension_mode":true,"campfire_choices":[{"data":"Perfected Strike","floor":6,"key":"SMITH"},{"data":"Clothesline","floor":8,"key":"SMITH"},{"data":"Disarm","floor":11,"key":"SMITH"},{"data":"Seeing Red","floor":15,"key":"SMITH"},{"data":"Limit Break","floor":23,"key":"SMITH"},{"data":"Demon Form","floor":25,"key":"SMITH"},{"data":"Evolve","floor":30,"key":"SMITH"},{"data":"Berserk","floor":32,"key":"SMITH"}],"circlet_count":0,"master_deck":["AscendersBane","Strike_R","Strike_R","Strike_R","Strike_R","Defend_R","Defend_R","Defend_R","Defend_R","Bash+1","Clothesline+1","Perfected Strike+1","Swift Strike","Disarm+1","Reaper","Evolve+1","Limit Break+1","Seeing Red+1","Demon Form+1","Heavy Blade","Whirlwind","Inflame","Wild Strike","Perfected Strike+1","Metallicize+1","Berserk+1","Offering","Power Through"],"relics":["Burning Blood","Torii","Akabeko","Strawberry","Velvet Choker","Old Coin","Lantern","Bottled Tornado","Tiny Chest"],"acts_visited":["Exordium","TheCity"],"potions_floor_usage":[7,10,18,18,18,20,27,31,33],"damage_taken":[{"damage":1,"enemies":"Cultist","floor":1,"turns":4},{"damage":1,"enemies":"2 Louse","floor":2,"turns":3},{"damage":7,"enemies":"Jaw Worm","floor":5,"turns":2},{"damage":24,"enemies":"3 Sentries","floor":7,"turns":7},{"damage":9,"enemies":"Exordium Thugs","floor":10,"turns":3},{"damage":3,"enemies":"Gremlin Gang","floor":12,"turns":4},{"damage":2,"enemies":"Looter","floor":13,"turns":3},{"damage":27,"enemies":"Large Slime","floor":14,"turns":6},{"damage":24,"enemies":"Hexaghost","floor":16,"turns":12},{"damage":17,"enemies":"Shell Parasite","floor":18,"turns":4},{"damage":32,"enemies":"2 Thieves","floor":20,"turns":4},{"damage":6,"enemies":"Snake Plant","floor":22,"turns":5},{"damage":1,"enemies":"3 Cultists","floor":24,"turns":3},{"damage":11,"enemies":"Centurion and Healer","floor":27,"turns":7},{"damage":19,"enemies":"Chosen and Byrds","floor":28,"turns":5},{"damage":36,"enemies":"Book of Stabbing","floor":31,"turns":4},{"damage":33,"enemies":"Champ","floor":33,"turns":2}],"seed_played":"-8194778659305328317","potions_obtained":[{"floor":1,"key":"Dexterity Potion"},{"floor":2,"key":"EssenceOfSteel"},{"floor":7,"key":"LiquidMemories"},{"floor":16,"key":"EntropicBrew"},{"floor":24,"key":"HeartOfIron"},{"floor":27,"key":"SkillPotion"},{"floor":31,"key":"SkillPotion"}],"is_trial":false,"path_per_floor":["M","M","?","$","M","R","E","R","T","M","R","M","M","M","R","B",null,"M","?","M","$","M","R","M","R","T","M","M","$","R","E","R","B"],"character_chosen":"IRONCLAD","items_purchased":["Swift Strike","Inflame","Berserk","Bottled Tornado","Offering"],"campfire_rested":0,"item_purchase_floors":[4,21,29,29,29],"current_hp_per_floor":[72,72,72,72,71,71,53,53,60,57,57,60,64,48,48,34,68,57,57,41,41,41,41,46,46,46,53,40,40,40,32,32,0,0],"gold":93,"neow_bonus":"ONE_RARE_RELIC","is_daily":false,"chose_seed":false,"campfire_upgraded":8,"win_rate":0.0,"timestamp":1613671929,"path_taken":["M","M","?","$","?","R","E","R","T","M","R","M","M","M","R","BOSS","M","?","M","$","M","R","M","R","T","M","M","$","R","E","R","BOSS"],"items_purchased_type":["Card","Card","Card","Relic","Card"],"build_version":"2020-12-22","purchased_purges":1,"victory":false,"max_hp_per_floor":[72,72,72,72,72,72,72,72,79,79,79,79,79,79,79,79,79,79,79,79,79,79,79,79,79,79,79,79,79,79,79,79,79,79],"card_choices":[{"not_picked":["Anger","Disarm"],"picked":"Clothesline","floor":1},{"not_picked":["Evolve","Clash"],"picked":"Perfected Strike","floor":2},{"not_picked":["Warcry","Whirlwind"],"picked":"Disarm","floor":5},{"not_picked":["Sentinel","Wild Strike"],"picked":"Reaper","floor":7},{"not_picked":["Flex","Havoc","Cleave"],"picked":"SKIP","floor":10},{"not_picked":["Feel No Pain","Searing Blow"],"picked":"Evolve","floor":12},{"not_picked":["Warcry","Body Slam"],"picked":"Limit Break","floor":13},{"not_picked":["Infernal Blade","Shrug It Off"],"picked":"Seeing Red","floor":14},{"not_picked":["Bludgeon","Impervious"],"picked":"Demon Form","floor":16},{"not_picked":["Cleave","Anger"],"picked":"Heavy Blade","floor":18},{"not_picked":["Iron Wave","Clothesline"],"picked":"Whirlwind","floor":20},{"not_picked":["Warcry","Sword Boomerang+1","Sentinel+1"],"picked":"SKIP","floor":22},{"not_picked":["Anger","Clothesline"],"picked":"Wild Strike","floor":24},{"not_picked":["Intimidate","Flame Barrier"],"picked":"Perfected Strike+1","floor":27},{"not_picked":["Iron Wave","Sever Soul+1"],"picked":"Metallicize+1","floor":28},{"not_picked":["Cleave","Searing Blow"],"picked":"Power Through","floor":31}],"player_experience":772797,"relics_obtained":[{"floor":7,"key":"Akabeko"},{"floor":9,"key":"Strawberry"},{"floor":26,"key":"Lantern"},{"floor":31,"key":"Tiny Chest"}],"event_choices":[{"damage_healed":0,"gold_gain":0,"player_choice":"Upgraded","damage_taken":0,"max_hp_gain":0,"max_hp_loss":0,"event_name":"Upgrade Shrine","floor":3,"gold_loss":0,"cards_upgraded":["Bash"]},{"damage_healed":0,"gold_gain":0,"player_choice":"Obtained Relic","damage_taken":0,"relics_obtained":["Old Coin"],"max_hp_gain":0,"max_hp_loss":0,"event_name":"Addict","floor":19,"gold_loss":85}],"is_beta":false,"boss_relics":[{"not_picked":["Runic Cube","Black Star"],"picked":"Velvet Choker"}],"items_purged_floors":[21],"is_endless":false,"potions_floor_spawned":[1,2,5,7,16,24,27,31],"killed_by":"Champ","ascension_level":12}}