{"host":"aapp7ew3jk5k1bvd","time":1613643866,"event":{"mods":["AchievementEnabler","BaseMod","Colored Map","Custom Start","Keyboard Shortcuts","Minty Spire (QoL Compilation)","Permanent Neow","Quick Restart","StSLib","SuperFastMode"],"gold_per_floor":[109,109,109,40,59,91,91,91,91,122,141,141,141,66,66,166,166,177,197,224,224,224,242,242,242,242,68,68,92,69,85,85,181,181,197,197,149,167,389,389,402,437,437,154,154,154,168,179,179,179],"floor_reached":51,"language":"KOR","playtime":1808,"items_purged":["Pain","Wraith Form v2","Survivor"],"score":920,"play_id":"b8269ff6-9ec2-43ac-b2f3-25297aee2d50","local_time":"20210218192426","is_ascension_mode":true,"campfire_choices":[{"data":"After Image","floor":7.0,"key":"SMITH"},{"floor":12.0,"key":"REST"},{"data":"Cloak And Dagger","floor":15.0,"key":"SMITH"},{"floor":25.0,"key":"REST"},{"data":"Footwork","floor":32.0,"key":"SMITH"},{"data":"Envenom","floor":40.0,"key":"SMITH"},{"data":"Accuracy","floor":45.0,"key":"SMITH"},{"data":"Footwork","floor":49,"key":"SMITH"}],"circlet_count":0,"master_deck":["A Thousand Cuts+1","Cloak And Dagger+1","After Image+1","Leg Sweep","Backflip+1","Adrenaline+1","PiercingWail+1","Burst+1","Burst+1","Footwork+1","Terror+1","Doppelganger+1","Venomology+1","Escape Plan+1","Dodge and Roll+1","PiercingWail+1","Accuracy+1","Escape Plan+1","Cloak And Dagger+1","Blur+1","Envenom+1","Cloak And Dagger+1","Escape Plan+1","Footwork+1","Deep Breath+1","Blur+1","Infinite Blades+1"],"relics":["Ring of the Snake","Toxic Egg 2","WarpedTongs","Ornamental Fan","Pen Nib","Pantograph","Pandora\u0027s Box","Red Mask","Ancient Tea Set","Pear","Toy Ornithopter","Empty Cage","Lantern","Letter Opener"],"acts_visited":["Exordium","TheCity","TheBeyond"],"potions_floor_usage":[48,50,50],"damage_taken":[{"damage":2.0,"enemies":"Cultist","floor":1.0,"turns":4.0},{"damage":3.0,"enemies":"2 Louse","floor":5.0,"turns":4.0},{"damage":8.0,"enemies":"Lagavulin","floor":6.0,"turns":10.0},{"damage":8.0,"enemies":"3 Sentries","floor":10.0,"turns":7.0},{"damage":1.0,"enemies":"Jaw Worm","floor":11.0,"turns":3.0},{"damage":28.0,"enemies":"Slime Boss","floor":16.0,"turns":12.0},{"damage":0.0,"enemies":"Shell Parasite","floor":18.0,"turns":4.0},{"damage":3.0,"enemies":"Chosen","floor":19.0,"turns":7.0},{"damage":28.0,"enemies":"Masked Bandits","floor":20.0,"turns":12.0},{"damage":2.0,"enemies":"Snecko","floor":23.0,"turns":8.0},{"damage":0.0,"enemies":"Snake Plant","floor":31.0,"turns":4.0},{"damage":0.0,"enemies":"Champ","floor":33.0,"turns":13.0},{"damage":0.0,"enemies":"3 Shapes","floor":35.0,"turns":6.0},{"damage":4.0,"enemies":"3 Darklings","floor":38.0,"turns":4.0},{"damage":2.0,"enemies":"Writhing Mass","floor":41.0,"turns":6.0},{"damage":0.0,"enemies":"Reptomancer","floor":42.0,"turns":6.0},{"damage":0,"enemies":"Transient","floor":47,"turns":5},{"damage":0,"enemies":"4 Shapes","floor":48,"turns":3},{"damage":33,"enemies":"Time Eater","floor":50,"turns":15}],"seed_played":"256205149717791868","potions_obtained":[{"floor":3.0,"key":"SmokeBomb"},{"floor":3.0,"key":"SneckoOil"},{"floor":3.0,"key":"ColorlessPotion"},{"floor":5.0,"key":"Weak Potion"},{"floor":6.0,"key":"CunningPotion"},{"floor":11.0,"key":"LiquidMemories"},{"floor":20.0,"key":"Poison Potion"},{"floor":48,"key":"Fire Potion"}],"is_trial":false,"path_per_floor":["M","?","?","$","M","E","R","?","T","E","M","R","?","$","R","B",null,"M","M","?","?","?","M","?","R","T","$","?","T","$","M","R","B",null,"M","?","$","M","?","R","M","E","T","$","R","?","M","M","R","B",null],"character_chosen":"THE_SILENT","items_purchased":["After Image","Escape Plan+1","Cloak And Dagger+1","Cloak And Dagger+1","Escape Plan+1","Footwork"],"campfire_rested":2,"item_purchase_floors":[4,27,30,37,44,44],"current_hp_per_floor":[61,48,48,48,45,37,37,37,37,29,28,46,43,43,43,35,63,63,60,32,32,32,30,30,48,58,58,45,45,45,50,50,78,78,78,78,78,78,78,78,76,78,78,78,78,78,78,78,78,55],"gold":179,"neow_bonus":"THREE_RARE_CARDS","is_daily":false,"chose_seed":false,"campfire_upgraded":6,"win_rate":0.0,"timestamp":1613643866,"path_taken":["M","?","?","$","?","E","R","?","T","E","?","R","?","$","R","BOSS","M","M","?","?","?","M","?","R","T","$","?","?","$","M","R","BOSS","M","?","$","M","?","R","M","E","T","?","R","?","M","?","R","BOSS"],"items_purchased_type":["Card","Card","Card","Card","Card","Card"],"build_version":"2020-12-22","purchased_purges":3,"victory":true,"max_hp_per_floor":[63,63,63,63,63,63,63,63,63,63,63,63,63,63,63,63,63,63,63,63,63,63,63,63,63,73,73,78,78,78,78,78,78,78,78,78,78,78,78,78,78,78,78,78,78,78,78,78,78,78],"card_choices":[{"not_picked":["Corpse Explosion","Malaise"],"picked":"A Thousand Cuts","floor":0.0},{"not_picked":["Dagger Throw","Dodge and Roll"],"picked":"Cloak And Dagger","floor":1.0},{"not_picked":["Calculated Gamble","Underhanded Strike"],"picked":"Leg Sweep","floor":5.0},{"not_picked":["Leg Sweep+1","Venomology+1"],"picked":"Backflip+1","floor":6.0},{"not_picked":["Sucker Punch","Underhanded Strike"],"picked":"Adrenaline+1","floor":10.0},{"not_picked":["Flechettes","Quick Slash"],"picked":"PiercingWail+1","floor":11.0},{"not_picked":["Die Die Die","Doppelganger+1"],"picked":"Burst+1","floor":16.0},{"not_picked":["Bane+1","Outmaneuver+1","Noxious Fumes+1"],"picked":"SKIP","floor":18.0},{"not_picked":["Masterful Stab","Backstab"],"picked":"PiercingWail+1","floor":19.0},{"not_picked":["Outmaneuver+1","Finisher","PiercingWail+1"],"picked":"SKIP","floor":23.0},{"not_picked":["Finisher","Catalyst+1"],"picked":"Blur+1","floor":31.0},{"not_picked":["Storm of Steel+1","Doppelganger+1"],"picked":"Envenom","floor":33.0},{"not_picked":["Deadly Poison+1","Dagger Throw","Flying Knee"],"picked":"SKIP","floor":35.0},{"not_picked":["PiercingWail+1","Poisoned Stab+1","Dodge and Roll+1"],"picked":"SKIP","floor":38.0},{"not_picked":["Flying Knee","Crippling Poison+1","Burst+1"],"picked":"SKIP","floor":41.0},{"not_picked":["Outmaneuver+1","Choke","Noxious Fumes+1"],"picked":"SKIP","floor":42.0},{"not_picked":["Backflip+1","Dagger Spray"],"picked":"Blur+1","floor":47},{"not_picked":["Prepared+1","Quick Slash"],"picked":"Infinite Blades+1","floor":48}],"player_experience":1021305,"relics_obtained":[{"floor":6.0,"key":"Toxic Egg 2"},{"floor":9.0,"key":"Ornamental Fan"},{"floor":10.0,"key":"Pen Nib"},{"floor":20.0,"key":"Red Mask"},{"floor":26.0,"key":"Pear"},{"floor":29.0,"key":"Toy Ornithopter"},{"floor":42.0,"key":"Lantern"},{"floor":43.0,"key":"Letter Opener"}],"event_choices":[{"damage_healed":0.0,"max_hp_gain":0.0,"max_hp_loss":0.0,"gold_gain":0.0,"event_name":"Shining Light","player_choice":"Entered Light","floor":2.0,"gold_loss":0.0,"damage_taken":13.0,"cards_upgraded":["Strike_G","A Thousand Cuts"]},{"damage_healed":0.0,"max_hp_gain":0.0,"max_hp_loss":0.0,"gold_gain":0.0,"event_name":"Lab","player_choice":"Got Potions","floor":3.0,"gold_loss":0.0,"damage_taken":0.0},{"damage_healed":0.0,"max_hp_gain":0.0,"max_hp_loss":0.0,"gold_gain":0.0,"event_name":"Accursed Blacksmith","player_choice":"Rummage","floor":8.0,"gold_loss":0.0,"damage_taken":0.0,"relics_obtained":["WarpedTongs"],"cards_obtained":["Pain"]},{"damage_healed":0.0,"max_hp_gain":0.0,"max_hp_loss":0.0,"gold_gain":0.0,"event_name":"Scrap Ooze","player_choice":"Success","floor":13.0,"gold_loss":0.0,"damage_taken":3.0,"relics_obtained":["Pantograph"]},{"damage_healed":0.0,"max_hp_gain":0.0,"max_hp_loss":0.0,"gold_gain":0.0,"event_name":"Masked Bandits","player_choice":"Fought Bandits","floor":20.0,"gold_loss":0.0,"damage_taken":0.0},{"damage_healed":0.0,"max_hp_gain":0.0,"max_hp_loss":0.0,"gold_gain":0.0,"event_name":"The Library","player_choice":"Read","floor":21.0,"gold_loss":0.0,"damage_taken":0.0,"cards_obtained":["Accuracy"]},{"damage_healed":0.0,"max_hp_gain":0.0,"max_hp_loss":0.0,"gold_gain":0.0,"event_name":"The Mausoleum","player_choice":"Opened","floor":22.0,"gold_loss":0.0,"damage_taken":0.0,"relics_obtained":["Ancient Tea Set"]},{"damage_healed":0.0,"max_hp_gain":0.0,"max_hp_loss":0.0,"gold_gain":0.0,"event_name":"Ghosts","player_choice":"Ignored","floor":24.0,"gold_loss":0.0,"damage_taken":0.0},{"damage_healed":0.0,"max_hp_gain":5.0,"max_hp_loss":0.0,"gold_gain":0.0,"event_name":"Forgotten Altar","player_choice":"Shed Blood","floor":28.0,"gold_loss":0.0,"damage_taken":18.0},{"cards_removed":["Neutralize"],"damage_healed":0.0,"max_hp_gain":0.0,"max_hp_loss":0.0,"gold_gain":0.0,"event_name":"Falling","player_choice":"Removed Attack","floor":36.0,"gold_loss":0.0,"damage_taken":0.0},{"damage_healed":0.0,"max_hp_gain":0.0,"max_hp_loss":0.0,"gold_gain":222.0,"event_name":"Tomb of Lord Red Mask","player_choice":"Wore Mask","floor":39.0,"gold_loss":0.0,"damage_taken":0.0},{"damage_healed":0.0,"max_hp_gain":0.0,"max_hp_loss":0.0,"gold_gain":0.0,"event_name":"Match and Keep!","player_choice":"1 cards matched","floor":46.0,"gold_loss":0.0,"damage_taken":0.0,"cards_obtained":["Deep Breath"]}],"is_beta":false,"boss_relics":[{"not_picked":["Snecko Eye","Philosopher\u0027s Stone"],"picked":"Pandora\u0027s Box"},{"not_picked":["Sozu","Cursed Key"],"picked":"Empty Cage"}],"items_purged_floors":[14,27,44],"is_endless":false,"potions_floor_spawned":[5,6,11,16,20,23,33,47,48],"ascension_level":4}}