{"host":"Slaske","time":1613667808,"event":{"mods":["AchievementEnabler","BaseMod","Colored Map","Colored Powertips","Minty Spire (QoL Compilation)","Random Character Button","Relic Stats","slay the spire mod where everything is the same but ironclad has a cowboy hat"],"gold_per_floor":[115,115,80,100,100,126,143,143,193,193,193,226,241,275,275,377,377,394,152,152,67,67,100,110,110,133,184,216,216,316,241,241,241,241],"floor_reached":33,"language":"ENG","playtime":4857,"items_purged":[],"score":411,"play_id":"fbdefed0-03b9-4092-baad-59c01e094c38","local_time":"20210218180328","is_ascension_mode":true,"campfire_choices":[{"data":"Apotheosis","floor":8,"key":"SMITH"},{"data":"Storm","floor":15,"key":"SMITH"},{"floor":25,"key":"REST"},{"floor":29,"key":"RECALL"},{"floor":32,"key":"REST"}],"circlet_count":0,"master_deck":["Defend_B","Defend_B","Defend_B","Defend_B","Zap","Dualcast","Apotheosis+1","Go for the Eyes","Storm+1","Aggregate","Melter","Rebound","Buffer","Creative AI","CurseOfTheBell","Capacitor","Bite","Bite","Bite","Bite","Bite","Thunder Strike"],"relics":["Cracked Core","Mango","InkBottle","Toy Ornithopter","White Beast Statue","Bag of Marbles","Calling Bell","Smiling Mask","Singing Bowl","TungstenRod","Medical Kit","Nilry\u0027s Codex","Darkstone Periapt","Turnip","Bag of Preparation","Lantern","Ice Cream","WingedGreaves","Cables"],"acts_visited":["Exordium","TheCity"],"potions_floor_usage":[14,14,16,23,23,23,24,28,30,30,30,30,33],"damage_taken":[{"damage":0,"enemies":"Small Slimes","floor":1,"turns":3},{"damage":0,"enemies":"Jaw Worm","floor":4,"turns":4},{"damage":16,"enemies":"3 Sentries","floor":6,"turns":8},{"damage":4,"enemies":"2 Louse","floor":7,"turns":3},{"damage":7,"enemies":"Lagavulin","floor":12,"turns":7},{"damage":20,"enemies":"Exordium Thugs","floor":13,"turns":5},{"damage":0,"enemies":"Gremlin Nob","floor":14,"turns":3},{"damage":38,"enemies":"Hexaghost","floor":16,"turns":10},{"damage":28,"enemies":"3 Byrds","floor":18,"turns":5},{"damage":58,"enemies":"Book of Stabbing","floor":23,"turns":6},{"damage":19,"enemies":"Chosen","floor":24,"turns":6},{"damage":40,"enemies":"Gremlin Leader","floor":28,"turns":8},{"damage":4,"enemies":"Colosseum Slavers","floor":30,"turns":3},{"damage":42,"enemies":"Colosseum Nobs","floor":30,"turns":4},{"damage":69,"enemies":"Collector","floor":33,"turns":7}],"seed_played":"7809337607117505435","potions_obtained":[{"floor":4,"key":"GamblersBrew"},{"floor":13,"key":"DistilledChaos"},{"floor":14,"key":"DuplicationPotion"},{"floor":16,"key":"SpeedPotion"},{"floor":18,"key":"FearPotion"},{"floor":23,"key":"Weak Potion"},{"floor":24,"key":"CultistPotion"},{"floor":28,"key":"EntropicBrew"},{"floor":30,"key":"SteroidPotion"}],"is_trial":false,"path_per_floor":["M","?","?","M","T","E","M","R","T","?","?","E","M","E","R","B",null,"M","$","?","?","?","E","M","R","T","T","E","R","?","?","R","B"],"character_chosen":"DEFECT","items_purchased":["Medical Kit","Capacitor","PowerPotion"],"campfire_rested":2,"item_purchase_floors":[19,19,19],"current_hp_per_floor":[54,47,65,65,79,63,59,59,59,59,88,81,61,71,71,38,89,63,63,51,51,51,21,24,44,44,44,32,32,24,24,44,0,0],"gold":241,"neow_bonus":"RANDOM_COLORLESS_2","is_daily":false,"chose_seed":false,"campfire_upgraded":2,"win_rate":0.0,"timestamp":1613667808,"path_taken":["M","?","?","M","?","E","M","R","T","?","?","E","M","E","R","BOSS","M","$","?","?","?","E","M","R","T","?","E","R","?","?","R","BOSS"],"items_purchased_type":["Relic","Card","Potion"],"build_version":"2020-12-18","purchased_purges":0,"victory":false,"max_hp_per_floor":[75,75,75,75,89,89,89,89,89,89,89,89,89,89,89,89,89,91,91,91,91,63,65,67,67,67,67,67,67,69,69,69,69,69],"relic_stats":{"Darkstone Periapt":0,"Singing Bowl":8,"counters":[15,82],"Turnip":[3],"Bag of Preparation":[8],"Smiling Mask":0,"Medical Kit":[3],"obtain_stats":[{"Darkstone Periapt":21,"Ice Cream":28,"Lantern":27,"Singing Bowl":17,"Nilry\u0027s Codex":20,"Mango":5,"Bag of Preparation":26,"Smiling Mask":17,"Medical Kit":19,"White Beast Statue":12,"Cables":30,"Calling Bell":17,"Turnip":23,"WingedGreaves":30,"Bag of Marbles":14,"Cracked Core":0,"InkBottle":6,"Toy Ornithopter":9,"TungstenRod":17},{"Darkstone Periapt":9,"Ice Cream":12,"Lantern":11,"Singing Bowl":8,"Nilry\u0027s Codex":9,"Mango":2,"Bag of Preparation":11,"Smiling Mask":8,"Medical Kit":9,"White Beast Statue":5,"Cables":14,"Calling Bell":8,"Turnip":10,"WingedGreaves":14,"Bag of Marbles":7,"Cracked Core":0,"InkBottle":3,"Toy Ornithopter":4,"TungstenRod":8},{"Darkstone Periapt":48,"Ice Cream":68,"Lantern":60,"Singing Bowl":43,"Nilry\u0027s Codex":48,"Mango":7,"Bag of Preparation":60,"Smiling Mask":43,"Medical Kit":48,"White Beast Statue":25,"Cables":75,"Calling Bell":43,"Turnip":54,"WingedGreaves":75,"Bag of Marbles":33,"Cracked Core":0,"InkBottle":15,"Toy Ornithopter":18,"TungstenRod":43}],"InkBottle":[21],"Toy Ornithopter":60,"TungstenRod":46,"Cables":[7,7,0,0,0]},"card_choices":[{"not_picked":["Chrysalis","Mayhem"],"picked":"Apotheosis","floor":0},{"not_picked":["Beam Cell","Undo"],"picked":"Go for the Eyes","floor":1},{"not_picked":["Recycle","Static Discharge"],"picked":"Storm","floor":4},{"not_picked":["Ball Lightning","Rip and Tear"],"picked":"Aggregate","floor":6},{"not_picked":["Go for the Eyes","Recycle"],"picked":"Melter","floor":7},{"not_picked":["Compile Driver","Gash"],"picked":"Rebound","floor":12},{"not_picked":["Streamline","Hologram"],"picked":"Buffer","floor":13},{"not_picked":["Rebound","Stack","Steam"],"picked":"SKIP","floor":14},{"not_picked":["Meteor Strike","Thunder Strike"],"picked":"Creative AI","floor":16},{"not_picked":["Fusion+1","Gash+1","Turbo"],"picked":"Singing Bowl","floor":18},{"not_picked":["Stack+1","Gash+1","Hello World"],"picked":"Singing Bowl","floor":23},{"not_picked":["Glacier","White Noise","Hologram"],"picked":"Singing Bowl","floor":24},{"not_picked":["Capacitor","Chaos"],"picked":"Thunder Strike","floor":28},{"not_picked":["Redo","Hologram+1","Cold Snap+1"],"picked":"Singing Bowl","floor":30}],"player_experience":522054,"relics_obtained":[{"floor":5,"key":"Mango"},{"floor":6,"key":"InkBottle"},{"floor":9,"key":"Toy Ornithopter"},{"floor":12,"key":"White Beast Statue"},{"floor":14,"key":"Bag of Marbles"},{"floor":17,"key":"Smiling Mask"},{"floor":17,"key":"Singing Bowl"},{"floor":17,"key":"TungstenRod"},{"floor":20,"key":"Nilry\u0027s Codex"},{"floor":23,"key":"Turnip"},{"floor":26,"key":"Bag of Preparation"},{"floor":27,"key":"Lantern"},{"floor":28,"key":"Ice Cream"},{"floor":30,"key":"WingedGreaves"},{"floor":30,"key":"Cables"}],"event_choices":[{"cards_removed":["Strike_B"],"damage_healed":0,"gold_gain":0,"player_choice":"Card Removal","damage_taken":7,"max_hp_gain":0,"max_hp_loss":0,"event_name":"Golden Wing","floor":2,"gold_loss":0},{"damage_healed":18,"gold_gain":0,"player_choice":"Healed","damage_taken":0,"max_hp_gain":0,"max_hp_loss":0,"event_name":"The Cleric","floor":3,"gold_loss":35},{"damage_healed":0,"gold_gain":0,"cards_transformed":["Strike_B"],"player_choice":"Change","damage_taken":0,"max_hp_gain":0,"max_hp_loss":0,"event_name":"Living Wall","floor":10,"gold_loss":0,"cards_obtained":["Recycle"]},{"damage_healed":29,"gold_gain":0,"player_choice":"Banana","damage_taken":0,"max_hp_gain":0,"max_hp_loss":0,"event_name":"Big Fish","floor":11,"gold_loss":0},{"damage_healed":0,"gold_gain":0,"player_choice":"Obtained Book","damage_taken":16,"max_hp_gain":0,"max_hp_loss":0,"event_name":"Cursed Tome","floor":20,"gold_loss":0},{"damage_healed":0,"gold_gain":0,"player_choice":"Obtained Relic","damage_taken":0,"relics_obtained":["Darkstone Periapt"],"max_hp_gain":0,"max_hp_loss":0,"event_name":"Addict","floor":21,"gold_loss":85},{"damage_healed":0,"gold_gain":0,"player_choice":"Became a vampire","damage_taken":0,"max_hp_gain":0,"max_hp_loss":28,"event_name":"Vampires","floor":22,"gold_loss":0,"cards_obtained":["Bite","Bite","Bite","Bite","Bite"]},{"damage_healed":0,"gold_gain":0,"player_choice":"Fight","damage_taken":0,"max_hp_gain":0,"max_hp_loss":0,"event_name":"Colosseum","floor":30,"gold_loss":0},{"damage_healed":0,"gold_gain":0,"player_choice":"Fought Nobs","damage_taken":0,"max_hp_gain":0,"max_hp_loss":0,"event_name":"Colosseum","floor":30,"gold_loss":0},{"cards_removed":["Recycle"],"damage_healed":0,"gold_gain":0,"player_choice":"Gave Gold","damage_taken":0,"max_hp_gain":0,"max_hp_loss":0,"event_name":"Beggar","floor":31,"gold_loss":75}],"is_beta":true,"boss_relics":[{"not_picked":["Astrolabe","Philosopher\u0027s Stone"],"picked":"Calling Bell"}],"items_purged_floors":[],"is_endless":false,"potions_floor_spawned":[4,13,14,16,18,23,24,28,30,30],"killed_by":"Collector","ascension_level":4}}