{"host":"raaimkojny05jekw","time":1613652299,"event":{"mods":["AchievementEnabler","BaseMod","Colored Map","Colored Powertips","DeckTracker","Minty Spire (QoL Compilation)","Quick Restart","Rare Cards Sparkle","everything is the same but u backflip on backflip"],"gold_per_floor":[119,119,137,137,160,160,160,160,160,160,201,220,245,61,61,187,187,208,114,127,73,94,94,108,108,158,283,283,298,317,340,340,465,465,488,512,535,554,74,118,118,142,142,142,160,160,160,179,179,179,179,179,2,46,46,46],"floor_reached":55,"language":"KOR","playtime":2299,"items_purged":["Strike_R"],"score":1076,"play_id":"99080883-fd72-46a0-b8da-836b46eafa51","local_time":"20210218214459","is_ascension_mode":true,"campfire_choices":[{"data":"Carnage","floor":6,"key":"SMITH"},{"data":"Bash","floor":8,"key":"SMITH"},{"data":"Battle Trance","floor":10,"key":"SMITH"},{"data":"Inflame","floor":15,"key":"SMITH"},{"data":"Berserk","floor":23,"key":"SMITH"},{"data":"Panacea","floor":28,"key":"SMITH"},{"data":"Rupture","floor":32,"key":"SMITH"},{"floor":44,"key":"RECALL"},{"floor":47,"key":"REST"},{"data":"Apotheosis","floor":49,"key":"SMITH"},{"floor":52,"key":"REST"}],"circlet_count":0,"master_deck":["AscendersBane","Strike_R","Strike_R+1","Strike_R","Defend_R","Defend_R","Defend_R","Bash+1","Battle Trance+1","Armaments+1","Carnage+1","Reaper","Spot Weakness","Metallicize","True Grit","Inflame+1","Whirlwind","Berserk+1","Panacea+1","Shrug It Off","Brutality","Metallicize","Bludgeon","Heavy Blade","Fire Breathing+1","Rupture+1","Double Tap","Apotheosis+1","Battle Trance+1","Mayhem","Offering"],"relics":["Burning Blood","Golden Idol","Pocketwatch","Potion Belt","MealTicket","Mark of Pain","Akabeko","Mango","Gremlin Horn","Busted Crown","Thread and Needle","Ornamental Fan","White Beast Statue"],"acts_visited":["Exordium","TheCity","TheBeyond","TheEnding"],"potions_floor_usage":[12,24,27,27,27,27,31,33,33,40,40,42,50,54,54,54],"damage_taken":[{"damage":9,"enemies":"2 Louse","floor":1,"turns":3},{"damage":7,"enemies":"Small Slimes","floor":3,"turns":5},{"damage":7,"enemies":"Jaw Worm","floor":5,"turns":3},{"damage":24,"enemies":"3 Sentries","floor":11,"turns":6},{"damage":1,"enemies":"Exordium Thugs","floor":12,"turns":3},{"damage":20,"enemies":"Lots of Slimes","floor":13,"turns":3},{"damage":68,"enemies":"The Guardian","floor":16,"turns":10},{"damage":13,"enemies":"Shell Parasite","floor":18,"turns":4},{"damage":37,"enemies":"2 Thieves","floor":20,"turns":4},{"damage":24,"enemies":"Cultist and Chosen","floor":22,"turns":6},{"damage":43,"enemies":"Snecko","floor":24,"turns":8},{"damage":33,"enemies":"Colosseum Slavers","floor":27,"turns":6},{"damage":10,"enemies":"Colosseum Nobs","floor":27,"turns":2},{"damage":20,"enemies":"Sentry and Sphere","floor":29,"turns":4},{"damage":4,"enemies":"Cultist and Chosen","floor":30,"turns":4},{"damage":5,"enemies":"3 Cultists","floor":31,"turns":4},{"damage":33,"enemies":"Collector","floor":33,"turns":6},{"damage":11,"enemies":"3 Shapes","floor":35,"turns":4},{"damage":27,"enemies":"3 Darklings","floor":36,"turns":4},{"damage":14,"enemies":"Maw","floor":37,"turns":6},{"damage":36,"enemies":"Spire Growth","floor":38,"turns":5},{"damage":34,"enemies":"Nemesis","floor":40,"turns":7},{"damage":19,"enemies":"Transient","floor":42,"turns":5},{"damage":18,"enemies":"4 Shapes","floor":45,"turns":4},{"damage":26,"enemies":"Maw","floor":48,"turns":6},{"damage":60,"enemies":"Time Eater","floor":50,"turns":7},{"damage":107,"enemies":"Shield and Spear","floor":54,"turns":6},{"damage":96,"enemies":"The Heart","floor":55,"turns":3}],"seed_played":"6051244897827102805","potions_obtained":[{"floor":5,"key":"FairyPotion"},{"floor":11,"key":"Regen Potion"},{"floor":12,"key":"BloodPotion"},{"floor":16,"key":"BlessingOfTheForge"},{"floor":20,"key":"BlessingOfTheForge"},{"floor":22,"key":"EntropicBrew"},{"floor":27,"key":"Strength Potion"},{"floor":30,"key":"Block Potion"},{"floor":33,"key":"ColorlessPotion"},{"floor":37,"key":"DuplicationPotion"},{"floor":38,"key":"Swift Potion"},{"floor":42,"key":"AttackPotion"},{"floor":45,"key":"Regen Potion"},{"floor":48,"key":"CultistPotion"},{"floor":54,"key":"BloodPotion"}],"is_trial":false,"path_per_floor":["M","?","M","?","M","R","T","R","T","R","E","M","M","$","R","B",null,"M","$","M","$","M","R","M","?","T","?","R","M","M","M","R","B",null,"M","M","M","M","$","E","?","M","T","R","M","?","R","M","R","B",null,"R","$","E","B"],"character_chosen":"IRONCLAD","items_purchased":["Inflame","Whirlwind","Panacea","Shrug It Off","Thread and Needle","Apotheosis","Mayhem"],"campfire_rested":2,"item_purchase_floors":[14,14,19,21,39,39,53],"current_hp_per_floor":[69,49,48,32,31,31,31,31,31,31,28,49,55,70,70,33,68,72,80,49,64,53,53,41,41,41,40,40,38,55,94,94,67,87,82,71,94,75,90,62,62,49,49,49,37,37,65,69,69,45,82,94,94,48,0,0],"gold":46,"neow_bonus":"THREE_CARDS","is_daily":false,"chose_seed":false,"campfire_upgraded":8,"win_rate":0.0,"timestamp":1613652299,"path_taken":["M","?","M","?","?","R","?","R","T","R","E","M","M","$","R","BOSS","M","?","M","$","M","R","M","?","T","?","R","M","?","M","R","BOSS","M","M","M","M","$","E","?","M","T","R","?","?","R","M","R","BOSS","R","$","E","BOSS"],"items_purchased_type":["Card","Card","Card","Card","Relic","Card","Card"],"build_version":"2020-12-22","purchased_purges":1,"victory":false,"max_hp_per_floor":[80,80,80,80,80,80,80,80,80,80,80,80,80,80,80,80,80,80,80,80,80,80,80,80,80,80,94,94,94,94,94,94,94,94,94,94,94,94,94,94,94,94,94,94,94,94,94,94,94,94,94,94,94,94,94,94],"card_choices":[{"not_picked":["Second Wind","Evolve"],"picked":"Battle Trance","floor":0},{"not_picked":["Iron Wave","Entrench"],"picked":"Armaments","floor":1},{"not_picked":["Dark Embrace","Armaments"],"picked":"Carnage","floor":3},{"not_picked":["Shockwave","Twin Strike"],"picked":"Reaper","floor":5},{"not_picked":["Warcry","Shockwave"],"picked":"Spot Weakness","floor":11},{"not_picked":["Clothesline","Twin Strike"],"picked":"Metallicize","floor":12},{"not_picked":["Iron Wave","Anger"],"picked":"True Grit","floor":13},{"not_picked":["Limit Break","Double Tap"],"picked":"Berserk","floor":16},{"not_picked":["Twin Strike","Anger+1","Clash"],"picked":"SKIP","floor":18},{"not_picked":["Twin Strike","Hemokinesis+1","Clash"],"picked":"SKIP","floor":20},{"not_picked":["Armaments","Sever Soul","Clothesline"],"picked":"SKIP","floor":22},{"not_picked":["Clothesline","Thunderclap","Perfected Strike"],"picked":"SKIP","floor":24},{"not_picked":["Havoc+1","Pommel Strike"],"picked":"Bludgeon","floor":27},{"not_picked":["Anger","Hemokinesis"],"picked":"Heavy Blade","floor":29},{"not_picked":["Sever Soul","Warcry"],"picked":"Fire Breathing+1","floor":30},{"not_picked":["Armaments","Seeing Red+1"],"picked":"Rupture","floor":31},{"not_picked":["Berserk","Impervious"],"picked":"Double Tap","floor":33},{"not_picked":["Clash"],"picked":"SKIP","floor":35},{"not_picked":["Sword Boomerang"],"picked":"SKIP","floor":36},{"not_picked":["Shrug It Off+1"],"picked":"SKIP","floor":37},{"not_picked":["Warcry"],"picked":"SKIP","floor":38},{"not_picked":["Iron Wave"],"picked":"SKIP","floor":40},{"not_picked":["Anger+1"],"picked":"SKIP","floor":42},{"not_picked":["Sword Boomerang+1"],"picked":"SKIP","floor":45},{"not_picked":["Dropkick"],"picked":"SKIP","floor":48},{"not_picked":[],"picked":"Offering","floor":54}],"player_experience":769499,"relics_obtained":[{"floor":7,"key":"Pocketwatch"},{"floor":9,"key":"Potion Belt"},{"floor":11,"key":"MealTicket"},{"floor":26,"key":"Akabeko"},{"floor":27,"key":"Mango"},{"floor":27,"key":"Gremlin Horn"},{"floor":40,"key":"Ornamental Fan"},{"floor":54,"key":"White Beast Statue"}],"event_choices":[{"damage_healed":0,"gold_gain":0,"player_choice":"Take Damage","damage_taken":20,"relics_obtained":["Golden Idol"],"max_hp_gain":0,"max_hp_loss":0,"event_name":"Golden Idol","floor":2,"gold_loss":0},{"damage_healed":0,"gold_gain":0,"player_choice":"Entered Light","damage_taken":16,"max_hp_gain":0,"max_hp_loss":0,"event_name":"Shining Light","floor":4,"gold_loss":0,"cards_upgraded":["Armaments","Strike_R"]},{"damage_healed":0,"gold_gain":0,"cards_transformed":["Strike_R","Defend_R"],"player_choice":"Became Test Subject","damage_taken":0,"max_hp_gain":0,"max_hp_loss":0,"event_name":"Drug Dealer","floor":25,"gold_loss":0,"cards_obtained":["Brutality","Metallicize"]},{"damage_healed":0,"gold_gain":0,"player_choice":"Fight","damage_taken":0,"max_hp_gain":0,"max_hp_loss":0,"event_name":"Colosseum","floor":27,"gold_loss":0},{"damage_healed":0,"gold_gain":0,"player_choice":"Fought Nobs","damage_taken":0,"max_hp_gain":0,"max_hp_loss":0,"event_name":"Colosseum","floor":27,"gold_loss":0},{"damage_healed":0,"gold_gain":0,"player_choice":"Copied","damage_taken":0,"max_hp_gain":0,"max_hp_loss":0,"event_name":"Duplicator","floor":41,"gold_loss":0,"cards_obtained":["Battle Trance"]},{"damage_healed":0,"gold_gain":0,"player_choice":"Ignored","damage_taken":0,"max_hp_gain":0,"max_hp_loss":0,"event_name":"Tomb of Lord Red Mask","floor":46,"gold_loss":0}],"is_beta":false,"boss_relics":[{"not_picked":["Black Blood","Tiny House"],"picked":"Mark of Pain"},{"not_picked":["Calling Bell","Runic Dome"],"picked":"Busted Crown"}],"items_purged_floors":[14],"is_endless":false,"potions_floor_spawned":[5,11,12,16,20,22,27,30,33,37,38,42,45,48,54],"killed_by":"The Heart","ascension_level":11}}