{"host":"Niki","time":1613678787,"event":{"mods":["BaseMod","Minty Spire (QoL Compilation)","Spire with Friends"],"gold_per_floor":[114,124,140,159,159,203,16,47,47,47,47,147,178,193,76,76,199,199,223,236,249,265,283,283,322,322,345,345,345,376,401,441,379,379,500,500,514,245,258,283,283,283,301,301,301,364,364,385,421,440,378,378,378,378,378,48,89,89,89],"floor_reached":60,"language":"ENG","playtime":5490,"items_purged":["Defend_P"],"score":2006,"play_id":"c0182ec9-52e5-44bb-983f-94e4f7a15082","local_time":"20210218210627","is_ascension_mode":true,"campfire_choices":[{"data":"Devotion","floor":10,"key":"SMITH"},{"data":"Worship","floor":16,"key":"SMITH"},{"data":"SandsOfTime","floor":24,"key":"SMITH"},{"data":"Prostrate","floor":26,"key":"SMITH"},{"floor":28,"key":"RECALL"},{"floor":34,"key":"REST"},{"floor":44,"key":"REST"},{"data":"TalkToTheHand","floor":52,"key":"SMITH"},{"data":"EmptyMind","floor":55,"key":"SMITH"}],"circlet_count":0,"master_deck":["AscendersBane","Strike_P","Strike_P","Strike_P","Defend_P","Eruption","Vigilance","Consecrate","BowlingBash","SandsOfTime+1","Wallop+1","Worship+1","Devotion+1","Prostrate+1","Vault","BowlingBash","MentalFortress+1","Protect+1","MentalFortress+1","EmptyFist+1","Omniscience","TalkToTheHand+1","Vault","Establishment+1","Wireheading+1","Prostrate+1","ThirdEye","WindmillStrike+1","Enlightenment","Protect+1","EmptyMind+1","WheelKick+1","Meditate+1","TalkToTheHand+1","Ragnarok","Fasting2"],"relics":["SlaversCollar","Golden Idol","PreservedInsect","Damaru","Akabeko","Snecko Eye","Incense Burner","Happy Flower","Vajra","Damaru","Astrolabe","Anchor","Turnip","Question Card","DollysMirror","Eternal Feather"],"acts_visited":["Exordium","TheCity","TheBeyond","TheEnding"],"potions_floor_usage":[25,39,43,43,53,59,59,59],"damage_taken":[{"damage":3,"enemies":"Cultist","floor":1,"turns":4},{"damage":0,"enemies":"2 Louse","floor":2,"turns":2},{"damage":0,"enemies":"Small Slimes","floor":3,"turns":3},{"damage":0,"enemies":"Blue Slaver","floor":4,"turns":5},{"damage":7,"enemies":"Gremlin Nob","floor":6,"turns":3},{"damage":7,"enemies":"Lagavulin","floor":8,"turns":5},{"damage":4,"enemies":"3 Sentries","floor":13,"turns":4},{"damage":0,"enemies":"Large Slime","floor":14,"turns":5},{"damage":49,"enemies":"Hexaghost","floor":17,"turns":9},{"damage":0,"enemies":"Spheric Guardian","floor":19,"turns":4},{"damage":12,"enemies":"Shell Parasite","floor":20,"turns":3},{"damage":0,"enemies":"3 Cultists","floor":21,"turns":4},{"damage":0,"enemies":"Snake Plant","floor":22,"turns":3},{"damage":3,"enemies":"Chosen and Byrds","floor":23,"turns":4},{"damage":0,"enemies":"Gremlin Leader","floor":25,"turns":3},{"damage":11,"enemies":"Slavers","floor":30,"turns":5},{"damage":1,"enemies":"Centurion and Healer","floor":31,"turns":4},{"damage":0,"enemies":"Book of Stabbing","floor":32,"turns":2},{"damage":0,"enemies":"Champ","floor":35,"turns":6},{"damage":0,"enemies":"3 Shapes","floor":37,"turns":3},{"damage":3,"enemies":"3 Darklings","floor":39,"turns":3},{"damage":0,"enemies":"Writhing Mass","floor":40,"turns":4},{"damage":4,"enemies":"Jaw Worm Horde","floor":43,"turns":4},{"damage":0,"enemies":"Mind Bloom Boss Battle","floor":46,"turns":3},{"damage":4,"enemies":"Spire Growth","floor":48,"turns":3},{"damage":7,"enemies":"Nemesis","floor":49,"turns":4},{"damage":0,"enemies":"Transient","floor":50,"turns":6},{"damage":21,"enemies":"Donu and Deca","floor":53,"turns":6},{"damage":0,"enemies":"Shield and Spear","floor":57,"turns":6},{"damage":34,"enemies":"The Heart","floor":59,"turns":8}],"seed_played":"5726477568611181293","potions_obtained":[{"floor":2,"key":"BottledMiracle"},{"floor":6,"key":"SneckoOil"},{"floor":8,"key":"PowerPotion"},{"floor":25,"key":"Swift Potion"},{"floor":40,"key":"GamblersBrew"},{"floor":43,"key":"Swift Potion"},{"floor":48,"key":"LiquidMemories"},{"floor":57,"key":"BlessingOfTheForge"}],"is_trial":false,"path_per_floor":["M","M","M","M","?","E","$","E","T","R","$","?","E","M","C","R","B",null,"M","M","M","M","M","R","E","R","T","R","?","E","M","E","C","R","B",null,"M","$","M","M","?","R","M","R","T","?","-","M","E","M","C","R","B",null,"R","$","E","C","B",null],"character_chosen":"WATCHER","items_purchased":["Lee\u0027s Waffle","Worship","Anchor","ThirdEye","DollysMirror","Ragnarok","Fasting2"],"campfire_rested":2,"item_purchase_floors":[7,7,38,38,56,56,56],"current_hp_per_floor":[62,62,62,62,44,37,79,72,72,72,72,72,68,68,68,68,19,114,114,84,83,83,70,70,68,68,68,68,68,57,55,55,49,83,82,112,97,79,44,35,25,25,21,55,55,70,70,66,69,50,60,52,60,116,116,116,116,116,33],"gold":89,"neow_bonus":"","is_daily":false,"chose_seed":true,"campfire_upgraded":6,"win_rate":0.0,"timestamp":1613678787,"path_taken":["M","M","M","M","?","E","$","E","T","R","$","?","E","M","C","R","BOSS","M","M","M","?","M","R","E","R","T","R","?","E","M","E","C","R","BOSS","M","$","?","M","?","R","M","R","T","?","-","M","E","M","C","R","BOSS","R","$","E","C","BOSS"],"items_purchased_type":["Relic","Card","Relic","Card","Relic","Card","Card"],"build_version":"2020-12-18","purchased_purges":1,"victory":true,"max_hp_per_floor":[72,72,72,72,72,72,79,79,79,79,79,79,79,79,79,79,79,114,114,114,114,114,114,114,114,114,114,114,114,114,114,114,114,114,114,114,114,114,114,114,114,114,114,114,114,114,114,114,124,124,134,134,134,134,134,134,134,134,134],"card_choices":[{"not_picked":["Prostrate","Halt"],"picked":"Consecrate","floor":1},{"not_picked":["Wireheading","PathToVictory"],"picked":"BowlingBash","floor":2},{"not_picked":["JustLucky","SashWhip"],"picked":"SandsOfTime","floor":3},{"not_picked":["JustLucky","FlyingSleeves"],"picked":"Wallop","floor":4},{"not_picked":["BowlingBash","LikeWater","BattleHymn"],"picked":"SKIP","floor":6},{"not_picked":["Pray","ClearTheMind"],"picked":"Devotion","floor":8},{"not_picked":["EmptyBody","FearNoEvil"],"picked":"TalkToTheHand","floor":13},{"not_picked":["EmptyBody","FlyingSleeves","Adaptation"],"picked":"SKIP","floor":14},{"not_picked":[],"picked":"Prostrate","floor":15},{"not_picked":["SpiritShield","LessonLearned"],"picked":"Vault","floor":17},{"not_picked":["Evaluate","EmptyFist"],"picked":"BowlingBash","floor":19},{"not_picked":["Halt","BowlingBash"],"picked":"MentalFortress+1","floor":20},{"not_picked":["BattleHymn+1","Halt","Adaptation"],"picked":"SKIP","floor":21},{"not_picked":["CrushJoints","Halt"],"picked":"Protect+1","floor":22},{"not_picked":["ForeignInfluence","FollowUp"],"picked":"MentalFortress+1","floor":23},{"not_picked":["FlurryOfBlows","LikeWater"],"picked":"EmptyFist+1","floor":25},{"not_picked":["MentalFortress","Crescendo"],"picked":"Omniscience","floor":30},{"not_picked":["FollowUp","Tantrum","EmptyBody","FlurryOfBlows+1"],"picked":"SKIP","floor":31},{"not_picked":["Worship+1","ClearTheMind","ReachHeaven"],"picked":"TalkToTheHand","floor":32},{"not_picked":["LessonLearned","Judgement"],"picked":"Vault","floor":35},{"not_picked":["WindmillStrike+1","FlurryOfBlows+1","ReachHeaven+1"],"picked":"SKIP","floor":37},{"not_picked":["FollowUp","FlyingSleeves+1"],"picked":"WindmillStrike+1","floor":39},{"not_picked":["Pray+1","Conclude+1","Adaptation"],"picked":"SKIP","floor":40},{"not_picked":["Purity","Forethought"],"picked":"Enlightenment","floor":41},{"not_picked":["CutThroughFate+1","Wireheading"],"picked":"Protect+1","floor":43},{"not_picked":["Indignation","FlyingSleeves"],"picked":"EmptyMind","floor":46},{"not_picked":["FlyingSleeves+1","EmptyFist+1"],"picked":"WheelKick+1","floor":47},{"not_picked":["EmptyBody+1","Blasphemy","FlyingSleeves"],"picked":"SKIP","floor":48},{"not_picked":["Consecrate+1","Perseverance","Protect"],"picked":"SKIP","floor":49},{"not_picked":["Weave","Swivel+1"],"picked":"Meditate+1","floor":50},{"not_picked":["ReachHeaven","PathToVictory","Meditate","Judgement"],"picked":"SKIP","floor":57}],"player_experience":1126694,"relics_obtained":[{"floor":6,"key":"PreservedInsect"},{"floor":8,"key":"Yang"},{"floor":9,"key":"Damaru"},{"floor":13,"key":"Akabeko"},{"floor":25,"key":"Incense Burner"},{"floor":27,"key":"Happy Flower"},{"floor":30,"key":"Question Card"},{"floor":32,"key":"Vajra"},{"floor":33,"key":"Damaru"},{"floor":46,"key":"Turnip"},{"floor":49,"key":"Pear"},{"floor":51,"key":"Question Card"},{"floor":57,"key":"Eternal Feather"}],"event_choices":[{"damage_healed":0,"gold_gain":0,"player_choice":"Take Damage","damage_taken":18,"relics_obtained":["Golden Idol"],"max_hp_gain":0,"max_hp_loss":0,"event_name":"Golden Idol","floor":5,"gold_loss":0},{"damage_healed":0,"gold_gain":100,"player_choice":"Pray","damage_taken":0,"max_hp_gain":0,"max_hp_loss":0,"event_name":"Golden Shrine","floor":12,"gold_loss":0},{"damage_healed":0,"gold_gain":0,"player_choice":"Forge","damage_taken":0,"max_hp_gain":0,"max_hp_loss":0,"event_name":"Accursed Blacksmith","floor":29,"gold_loss":0,"cards_upgraded":["Wallop"]},{"damage_healed":0,"gold_gain":0,"player_choice":"Memory 3","damage_taken":10,"max_hp_gain":0,"max_hp_loss":0,"event_name":"SensoryStone","floor":41,"gold_loss":0},{"damage_healed":0,"gold_gain":0,"player_choice":"Fight","damage_taken":0,"max_hp_gain":0,"max_hp_loss":0,"event_name":"MindBloom","floor":46,"gold_loss":0}],"is_beta":true,"boss_relics":[{"not_picked":["Empty Cage","Black Star"],"picked":"Snecko Eye"},{"not_picked":["Runic Pyramid","Tiny House"],"picked":"Astrolabe"}],"items_purged_floors":[38],"is_endless":false,"potions_floor_spawned":[2,6,8,17,20,25,31,32,35,40,43,48,50,57],"ascension_level":10}}