{"host":"dpbezu80jg8zk7un","time":1613642446,"event":{"mods":["BaseMod","Colored Map","Colored Powertips","Custom Start","DeckTracker","Minty Spire (QoL Compilation)","Quick Restart","StSLib","SuperFastMode"],"gold_per_floor":[119,129,129,148,148,148,160,187,187,207,132,147,147,147,147,243,243,256,171,171,71,71,102,102,102,102,102,123,123,139,139,139,232,232,247,0,0,0,15,15,58,58,58,97,97,133,8,0,0,0,0],"floor_reached":50,"language":"KOR","playtime":3596,"items_purged":["Pain","Strike_P","Pain"],"score":1159,"play_id":"8a443cce-26e1-4388-a73a-0ec6b40c4464","local_time":"20210218190046","is_ascension_mode":true,"campfire_choices":[{"data":"FollowUp","floor":6.0,"key":"SMITH"},{"floor":13.0,"key":"REST"},{"floor":15.0,"key":"REST"},{"floor":24.0,"key":"REST"},{"floor":27.0,"key":"REST"},{"data":"MentalFortress","floor":32.0,"key":"SMITH"},{"floor":40.0,"key":"RECALL"},{"floor":42.0,"key":"REST"},{"floor":45,"key":"REST"},{"floor":49,"key":"REST"}],"circlet_count":0,"master_deck":["AscendersBane","Strike_P+1","Strike_P+1","Strike_P+1","Defend_P+1","Defend_P","Defend_P","Defend_P+1","Eruption+1","Vigilance+1","EmptyFist+1","FollowUp+1","LessonLearned+1","CrushJoints+1","Vault+1","MentalFortress+1","Scrawl+1","FlurryOfBlows+1","FearNoEvil+1","Thinking Ahead","Thinking Ahead","Adaptation+1","Adaptation"],"relics":["PureWater","PreservedInsect","WarpedTongs","Torii","Molten Egg 2","Golden Idol","Cursed Key","Oddly Smooth Stone","FossilizedHelix","Runic Pyramid","Medical Kit","Art of War","Singing Bowl","HornCleat","Red Mask"],"acts_visited":["Exordium","TheCity","TheBeyond"],"potions_floor_usage":[50],"damage_taken":[{"damage":0.0,"enemies":"2 Louse","floor":1.0,"turns":4.0},{"damage":8.0,"enemies":"Small Slimes","floor":2.0,"turns":6.0},{"damage":0.0,"enemies":"Cultist","floor":4.0,"turns":3.0},{"damage":17.0,"enemies":"Gremlin Gang","floor":7.0,"turns":5.0},{"damage":13.0,"enemies":"3 Sentries","floor":8.0,"turns":6.0},{"damage":0.0,"enemies":"Blue Slaver","floor":10.0,"turns":2.0},{"damage":0.0,"enemies":"Large Slime","floor":12.0,"turns":5.0},{"damage":8.0,"enemies":"The Guardian","floor":16.0,"turns":15.0},{"damage":9.0,"enemies":"2 Thieves","floor":18.0,"turns":5.0},{"damage":38.0,"enemies":"Slavers","floor":23.0,"turns":8.0},{"damage":0.0,"enemies":"3 Byrds","floor":28.0,"turns":7.0},{"damage":0.0,"enemies":"Centurion and Healer","floor":30.0,"turns":7.0},{"damage":33.0,"enemies":"Champ","floor":33.0,"turns":12.0},{"damage":0.0,"enemies":"Orb Walker","floor":35.0,"turns":2.0},{"damage":0.0,"enemies":"3 Shapes","floor":39.0,"turns":4.0},{"damage":7.0,"enemies":"Nemesis","floor":41.0,"turns":3.0},{"damage":32,"enemies":"Giant Head","floor":44,"turns":6},{"damage":22,"enemies":"Nemesis","floor":46,"turns":5},{"damage":86,"enemies":"Time Eater","floor":50,"turns":6}],"seed_played":"6836128923890234698","potions_obtained":[{"floor":4.0,"key":"SkillPotion"},{"floor":7.0,"key":"LiquidBronze"},{"floor":10.0,"key":"BlessingOfTheForge"},{"floor":23.0,"key":"Block Potion"},{"floor":41.0,"key":"Fire Potion"}],"is_trial":false,"path_per_floor":["M","M","?","M","?","R","M","E","T","M","$","M","R","?","R","B",null,"M","?","?","$","?","E","R","?","T","R","M","$","M","?","R","B",null,"M","$","?","?","M","R","E","R","T","E","R","E","$","?","R","B"],"character_chosen":"WATCHER","items_purchased":["Medical Kit","FearNoEvil+1"],"campfire_rested":7,"item_purchase_floors":[36,36],"current_hp_per_floor":[61,53,35,35,35,35,18,5,5,5,5,5,25,25,43,35,55,46,46,46,46,46,8,26,26,26,44,44,44,44,44,44,11,49,49,49,39,39,39,39,32,50,50,20,39,19,19,19,38,0,0],"gold":0,"neow_bonus":"UPGRADE_CARD","is_daily":false,"chose_seed":false,"campfire_upgraded":2,"win_rate":0.0,"timestamp":1613642446,"path_taken":["M","M","?","M","?","R","?","E","T","M","$","?","R","?","R","BOSS","M","?","?","$","?","E","R","?","T","R","M","?","?","?","R","BOSS","M","$","?","?","M","R","E","R","T","E","R","E","$","?","R","BOSS"],"items_purchased_type":["Relic","Card"],"build_version":"2020-12-22","purchased_purges":3,"victory":false,"max_hp_per_floor":[68,68,68,68,68,68,68,68,68,68,68,68,68,62,62,62,62,62,62,62,62,62,62,62,62,62,62,62,62,62,62,62,62,62,62,62,62,62,62,62,62,62,62,64,64,66,66,66,66,66,66],"card_choices":[{"not_picked":["ClearTheMind","BowlingBash","SashWhip"],"picked":"SKIP","floor":1.0},{"not_picked":["FlyingSleeves","Halt"],"picked":"EmptyFist","floor":2.0},{"not_picked":["Consecrate","BowlingBash"],"picked":"FollowUp","floor":4.0},{"not_picked":["Wireheading","Collect","Crescendo"],"picked":"SKIP","floor":7.0},{"not_picked":["EmptyMind","ClearTheMind","WaveOfTheHand"],"picked":"SKIP","floor":8.0},{"not_picked":["Tantrum+1","WreathOfFlame"],"picked":"LessonLearned+1","floor":10.0},{"not_picked":["WreathOfFlame","FlurryOfBlows+1"],"picked":"CrushJoints+1","floor":12.0},{"not_picked":["Omniscience","Alpha"],"picked":"Vault","floor":16.0},{"not_picked":["ThirdEye","ClearTheMind"],"picked":"MentalFortress","floor":18.0},{"not_picked":["FollowUp+1","LikeWater","Crescendo"],"picked":"SKIP","floor":23.0},{"not_picked":["Protect","WreathOfFlame","FollowUp+1"],"picked":"SKIP","floor":28.0},{"not_picked":["LikeWater","BowlingBash+1","ThirdEye"],"picked":"SKIP","floor":30.0},{"not_picked":["Devotion","Establishment"],"picked":"DeusExMachina","floor":33.0},{"not_picked":["CutThroughFate+1","Consecrate+1"],"picked":"FlurryOfBlows+1","floor":35.0},{"not_picked":["Secret Technique","Bandage Up"],"picked":"Thinking Ahead","floor":37.0},{"not_picked":["Secret Technique","Blind"],"picked":"Thinking Ahead","floor":37.0},{"not_picked":["Prostrate","PathToVictory"],"picked":"Adaptation+1","floor":39.0},{"not_picked":["Wireheading","BowlingBash+1"],"picked":"Adaptation","floor":41.0},{"not_picked":["DevaForm","JustLucky+1","PathToVictory"],"picked":"Singing Bowl","floor":44},{"not_picked":["PathToVictory","Alpha","ThirdEye+1"],"picked":"Singing Bowl","floor":46}],"player_experience":2979973,"relics_obtained":[{"floor":8.0,"key":"Torii"},{"floor":9.0,"key":"Molten Egg 2"},{"floor":23.0,"key":"FossilizedHelix"},{"floor":41.0,"key":"Art of War"},{"floor":44,"key":"Singing Bowl"},{"floor":46,"key":"HornCleat"}],"event_choices":[{"damage_healed":0.0,"max_hp_gain":0.0,"max_hp_loss":0.0,"gold_gain":0.0,"event_name":"Scrap Ooze","player_choice":"Success","floor":3.0,"gold_loss":0.0,"damage_taken":18.0,"relics_obtained":["PreservedInsect"]},{"damage_healed":0.0,"max_hp_gain":0.0,"max_hp_loss":0.0,"gold_gain":0.0,"event_name":"Accursed Blacksmith","player_choice":"Rummage","floor":5.0,"gold_loss":0.0,"damage_taken":0.0,"relics_obtained":["WarpedTongs"],"cards_obtained":["Pain"]},{"damage_healed":0.0,"max_hp_gain":0.0,"max_hp_loss":6.0,"gold_gain":0.0,"event_name":"Golden Idol","player_choice":"Lose Max HP","floor":14.0,"gold_loss":0.0,"damage_taken":0.0,"relics_obtained":["Golden Idol"]},{"damage_healed":0.0,"max_hp_gain":0.0,"max_hp_loss":0.0,"gold_gain":0.0,"event_name":"Addict","player_choice":"Obtained Relic","floor":19.0,"gold_loss":85.0,"damage_taken":0.0,"relics_obtained":["Oddly Smooth Stone"]},{"damage_healed":0.0,"max_hp_gain":0.0,"max_hp_loss":0.0,"gold_gain":0.0,"event_name":"Ghosts","player_choice":"Ignored","floor":20.0,"gold_loss":0.0,"damage_taken":0.0},{"damage_healed":0.0,"max_hp_gain":0.0,"max_hp_loss":0.0,"gold_gain":0.0,"event_name":"Vampires","player_choice":"Ignored","floor":22.0,"gold_loss":0.0,"damage_taken":0.0},{"damage_healed":0.0,"max_hp_gain":0.0,"max_hp_loss":0.0,"gold_gain":0.0,"event_name":"The Library","player_choice":"Read","floor":25.0,"gold_loss":0.0,"damage_taken":0.0,"cards_obtained":["Scrawl"]},{"damage_healed":0.0,"max_hp_gain":0.0,"max_hp_loss":0.0,"gold_gain":0.0,"event_name":"The Mausoleum","player_choice":"Ignored","floor":31.0,"gold_loss":0.0,"damage_taken":0.0},{"damage_healed":0.0,"max_hp_gain":0.0,"max_hp_loss":0.0,"gold_gain":0.0,"event_name":"SensoryStone","player_choice":"Memory 3","floor":37.0,"gold_loss":0.0,"damage_taken":10.0},{"cards_removed":["DeusExMachina"],"damage_healed":0.0,"max_hp_gain":0.0,"max_hp_loss":0.0,"gold_gain":0.0,"event_name":"Falling","player_choice":"Removed Skill","floor":38.0,"gold_loss":0.0,"damage_taken":0.0},{"damage_healed":0,"gold_gain":0,"player_choice":"Paid","damage_taken":0,"relics_obtained":["Red Mask"],"max_hp_gain":0,"max_hp_loss":0,"event_name":"Tomb of Lord Red Mask","floor":48,"gold_loss":8}],"is_beta":false,"boss_relics":[{"not_picked":["Runic Dome","Busted Crown"],"picked":"Cursed Key"},{"not_picked":["Calling Bell","SacredBark"],"picked":"Runic Pyramid"}],"items_purged_floors":[11,21,47],"is_endless":false,"potions_floor_spawned":[4,7,10,23,41,44],"killed_by":"Time Eater","ascension_level":20}}