{"host":"qz0goigh82dax5l2","time":1613641559,"event":{"mods":["Act Like it!","Alarm Clock","BaseMod","Energized Spire","Hallownest","Minty Spire (QoL Compilation)","Quick Restart","Reliquary","StSLib","The Alterego","¡¾ÒÅÎï¿¨ÅÆ¡¿REMEMod"],"gold_per_floor":[120,120,120,120,138,166,341,341,341,361,373,390,408,425,425,525,525,495,107,77,92,108,108,108,48,117,132,11,0,0],"floor_reached":29,"language":"ZHS","playtime":1825,"items_purged":[],"score":325,"play_id":"c4ecc5bc-8e63-44d6-90a7-399c7475a0b8","local_time":"20210218174559","is_ascension_mode":false,"campfire_choices":[{"floor":8,"key":"RECALL"},{"data":"alterego_mod:GachaTicket","floor":15,"key":"SMITH"},{"floor":23,"key":"REST"}],"circlet_count":0,"master_deck":["alterego_mod:Strike","alterego_mod:Strike","alterego_mod:Strike","alterego_mod:Strike","alterego_mod:Defend","alterego_mod:Defend","alterego_mod:Defend","alterego_mod:Defend","alterego_mod:Impale","alterego_mod:BigMeatyClaws","alterego_mod:BrynhildrsRune","Corpse Explosion","alterego_mod:Undulate+1","alterego_mod:Nekomimi","alterego_mod:Exercise","alterego_mod:Mirror","alterego_mod:MagicResistance","alterego_mod:PurpleHair+1","alterego_mod:Cushion","alterego_mod:DeftHands","alterego_mod:1TonWallop","alterego_mod:BustOut","alterego_mod:GachaTicket+1","alterego_mod:Birthday","alterego_mod:Undulate","alterego_mod:InsideBaseball","alterego_mod:Jiggle","alterego_mod:Alter","alterego_mod:Complex","alterego_mod:DeftHands","alterego_mod:HighServant","alterego_mod:Pet+1","alterego_mod:Jiggle+1","Writhe","alterego_mod:Bloomers","alterego_mod:Punishment","alterego_mod:MaintainEyeContact"],"relics":["alterego_mod:MasochisticConstitution","REME_ComplimentaryCards","NeowsBlessing","War Paint","Boot","Cursed Key","Toy Ornithopter","reliquary:BallBearing"],"acts_visited":["Exordium","TheCity"],"potions_floor_usage":[12,16,16,16,22,22],"damage_taken":[{"damage":0,"enemies":"2 Louse","floor":1,"turns":1},{"damage":0,"enemies":"Small Slimes","floor":5,"turns":1},{"damage":0,"enemies":"Gremlin Nob","floor":6,"turns":1},{"damage":7,"enemies":"Jaw Worm","floor":10,"turns":7},{"damage":5,"enemies":"Gremlin Gang","floor":11,"turns":1},{"damage":11,"enemies":"Lots of Slimes","floor":12,"turns":3},{"damage":3,"enemies":"3 Louse","floor":13,"turns":2},{"damage":14,"enemies":"2 Fungi Beasts","floor":14,"turns":4},{"damage":108,"enemies":"The Guardian","floor":16,"turns":10},{"damage":27,"enemies":"Shell Parasite","floor":18,"turns":5},{"damage":0,"enemies":"Chosen","floor":20,"turns":1},{"damage":13,"enemies":"Centurion and Healer","floor":21,"turns":8},{"damage":56,"enemies":"Cultist and Chosen","floor":22,"turns":7},{"damage":31,"enemies":"Snecko","floor":27,"turns":8},{"damage":59,"enemies":"Sentry and Sphere","floor":29,"turns":7}],"seed_played":"-4404831761934577934","potions_obtained":[{"floor":1,"key":"Explosive Potion"},{"floor":10,"key":"Energy Potion"},{"floor":11,"key":"SkillPotion"},{"floor":12,"key":"AttackPotion"},{"floor":16,"key":"DistilledChaos"},{"floor":21,"key":"Fire Potion"},{"floor":22,"key":"Strength Potion"}],"is_trial":false,"path_per_floor":["M","?","?","?","M","E","?","R","T","M","M","M","M","M","R","B",null,"M","$","M","M","M","R","?","?","T","M","$","M"],"character_chosen":"The_Alterego","items_purchased":["Toy Ornithopter","alterego_mod:Alter","alterego_mod:Complex","alterego_mod:DeftHands","alterego_mod:Punishment","alterego_mod:MaintainEyeContact"],"campfire_rested":1,"item_purchase_floors":[19,19,19,19,28,28],"current_hp_per_floor":[70,70,70,70,70,70,70,70,70,71,67,57,74,69,69,16,76,50,50,50,40,11,34,19,19,19,47,47,0,0],"gold":0,"neow_bonus":"THREE_ENEMY_KILL","is_daily":false,"chose_seed":false,"campfire_upgraded":1,"win_rate":0.0,"timestamp":1613641559,"path_taken":["M","?","?","?","M","E","?","R","T","?","M","?","M","M","R","BOSS","M","$","M","?","M","R","?","?","T","M","$","M"],"items_purchased_type":["Relic","Card","Card","Card","Card","Card"],"build_version":"2020-12-22","purchased_purges":0,"victory":false,"max_hp_per_floor":[70,70,70,70,70,70,70,70,70,71,72,73,74,75,75,76,76,77,77,77,78,79,79,84,84,84,85,85,85,85],"card_choices":[{"not_picked":["alterego_mod:Complex","alterego_mod:Bunnysuit"],"picked":"alterego_mod:Undulate","floor":1},{"not_picked":["alterego_mod:BreastValley","alterego_mod:BoobPocket"],"picked":"alterego_mod:Cushion","floor":5},{"not_picked":["alterego_mod:MaintainEyeContact","alterego_mod:DustData"],"picked":"alterego_mod:DeftHands","floor":6},{"not_picked":["alterego_mod:DiscoLights","alterego_mod:BusterCard"],"picked":"alterego_mod:1TonWallop","floor":10},{"not_picked":["alterego_mod:Rip","alterego_mod:Belle"],"picked":"alterego_mod:BustOut","floor":11},{"not_picked":["alterego_mod:Rip","alterego_mod:DeftHands"],"picked":"alterego_mod:GachaTicket","floor":12},{"not_picked":["alterego_mod:Undulate","alterego_mod:Pet"],"picked":"alterego_mod:Birthday","floor":13},{"not_picked":["alterego_mod:PerceptionDisorder","alterego_mod:Rip"],"picked":"alterego_mod:Undulate","floor":14},{"not_picked":["alterego_mod:Valkyrie","alterego_mod:IdEs"],"picked":"alterego_mod:InsideBaseball","floor":16},{"not_picked":["alterego_mod:Maid+1","alterego_mod:DeftHands"],"picked":"alterego_mod:Jiggle","floor":18},{"not_picked":["alterego_mod:Crossover","alterego_mod:Birthday"],"picked":"alterego_mod:HighServant","floor":20},{"not_picked":["alterego_mod:DeftHands","alterego_mod:Skirt"],"picked":"alterego_mod:Pet+1","floor":21},{"not_picked":["alterego_mod:Punishment","alterego_mod:GoddessCore+1"],"picked":"alterego_mod:Jiggle+1","floor":22},{"not_picked":["alterego_mod:PurpleHair","alterego_mod:Bounce+1"],"picked":"alterego_mod:Bloomers","floor":27}],"player_experience":76270,"relics_obtained":[{"floor":6,"key":"Boot"},{"floor":26,"key":"reliquary:BallBearing"}],"event_choices":[{"damage_healed":0,"gold_gain":0,"player_choice":"Box","damage_taken":0,"relics_obtained":["War Paint"],"max_hp_gain":0,"max_hp_loss":0,"event_name":"Big Fish","floor":3,"gold_loss":0,"cards_obtained":["Regret"]},{"cards_removed":["Regret"],"damage_healed":0,"gold_gain":0,"player_choice":"Forget","damage_taken":0,"max_hp_gain":0,"max_hp_loss":0,"event_name":"Living Wall","floor":4,"gold_loss":0},{"damage_healed":0,"gold_gain":175,"player_choice":"AGREE","damage_taken":0,"max_hp_gain":0,"max_hp_loss":0,"event_name":"Liars Game","floor":7,"gold_loss":0,"cards_obtained":["Doubt"]},{"damage_healed":0,"gold_gain":0,"player_choice":"Shed Blood","damage_taken":20,"max_hp_gain":5,"max_hp_loss":0,"event_name":"Forgotten Altar","floor":24,"gold_loss":0},{"cards_removed":["Doubt"],"damage_healed":0,"gold_gain":0,"player_choice":"Single Remove","damage_taken":0,"max_hp_gain":0,"max_hp_loss":0,"event_name":"Designer","floor":25,"gold_loss":60}],"is_beta":false,"boss_relics":[{"not_picked":["energizedSpire:MagnifyingGlass","Sozu"],"picked":"Cursed Key"}],"items_purged_floors":[],"is_endless":false,"potions_floor_spawned":[1,10,11,12,16,21,22],"killed_by":"Sentry and Sphere","ascension_level":0}}