{"host":"Keegz","time":1613650163,"event":{"mods":["BaseMod","Bestiary","Colored Powertips","Highlight Path","Minty Spire (QoL Compilation)","Relic Stats","Slay the Relics Exporter"],"gold_per_floor":[119,119,44,59,79,79,79,96,96,111,25,51,51,65,65,140,140,159,209,66,52,52,52],"floor_reached":22,"language":"ENG","playtime":516,"items_purged":["Strike_G","Strike_G"],"score":382,"play_id":"7d1fac8f-d707-4997-84ba-9e9d3d0175db","local_time":"20210219010922","is_ascension_mode":true,"campfire_choices":[{"data":"Poisoned Stab","floor":6,"key":"SMITH"},{"data":"Poisoned Stab","floor":15,"key":"SMITH"}],"circlet_count":0,"master_deck":["AscendersBane","Strike_G","Strike_G","Strike_G","Defend_G","Defend_G","Defend_G","Defend_G","Defend_G","Survivor","Neutralize","Poisoned Stab+1","Sucker Punch","Tools of the Trade","Calculated Gamble","Caltrops+1","Blade Dance","Poisoned Stab+1","After Image","Crippling Poison","Blur","Deflect"],"relics":["Ring of the Snake","NeowsBlessing","Art of War","Vajra","Question Card","SacredBark"],"acts_visited":["Exordium","TheCity"],"potions_floor_usage":[7,12,16],"damage_taken":[{"damage":0,"enemies":"Jaw Worm","floor":1,"turns":1},{"damage":0,"enemies":"Cultist","floor":4,"turns":1},{"damage":0,"enemies":"2 Louse","floor":5,"turns":1},{"damage":0,"enemies":"Gremlin Nob","floor":7,"turns":2},{"damage":3,"enemies":"Blue Slaver","floor":8,"turns":4},{"damage":3,"enemies":"Looter","floor":10,"turns":3},{"damage":24,"enemies":"Lagavulin","floor":12,"turns":7},{"damage":0,"enemies":"2 Fungi Beasts","floor":14,"turns":3},{"damage":8,"enemies":"Hexaghost","floor":16,"turns":7},{"damage":25,"enemies":"Spheric Guardian","floor":18,"turns":4},{"damage":25,"enemies":"2 Thieves","floor":21,"turns":4},{"damage":5,"enemies":"Snake Plant","floor":22,"turns":1}],"seed_played":"-1551771600160304035","potions_obtained":[{"floor":1,"key":"Weak Potion"},{"floor":4,"key":"SmokeBomb"},{"floor":12,"key":"Block Potion"},{"floor":18,"key":"FearPotion"}],"is_trial":false,"path_per_floor":["M","?","$","M","M","R","E","M","T","M","$","E","?","M","R","B",null,"M","?","$","M","M"],"character_chosen":"THE_SILENT","items_purchased":["Caltrops","Blur"],"campfire_rested":0,"item_purchase_floors":[11,20],"current_hp_per_floor":[59,59,59,59,59,59,59,56,56,53,53,29,29,29,29,21,55,30,30,30,5,0,0],"gold":52,"neow_bonus":"THREE_ENEMY_KILL","is_daily":false,"chose_seed":false,"campfire_upgraded":2,"win_rate":0.0,"timestamp":1613650162,"path_taken":["M","?","?","M","M","R","E","M","T","M","$","E","?","M","R","BOSS","M","?","$","M","M"],"items_purchased_type":["Card","Card"],"build_version":"2020-12-18","purchased_purges":2,"victory":false,"max_hp_per_floor":[66,66,66,66,66,66,66,66,66,66,66,66,66,66,66,66,66,66,66,66,66,66,66],"relic_stats":{"counters":[12,38],"Art of War":[3],"Question Card":4,"obtain_stats":[{"NeowsBlessing":0,"SacredBark":17,"Vajra":9,"Art of War":2,"Question Card":12,"Ring of the Snake":0},{"NeowsBlessing":0,"SacredBark":9,"Vajra":5,"Art of War":1,"Question Card":7,"Ring of the Snake":0},{"NeowsBlessing":0,"SacredBark":29,"Vajra":9,"Art of War":1,"Question Card":19,"Ring of the Snake":0}],"Ring of the Snake":[24]},"card_choices":[{"not_picked":["Quick Slash","Outmaneuver"],"picked":"Predator","floor":1},{"not_picked":["Backflip","Sucker Punch"],"picked":"Poisoned Stab","floor":4},{"not_picked":["Slice","Flying Knee"],"picked":"Sucker Punch","floor":5},{"not_picked":["Underhanded Strike","Dagger Spray"],"picked":"Tools of the Trade","floor":8},{"not_picked":["Skewer","Dodge and Roll"],"picked":"Calculated Gamble","floor":10},{"not_picked":["PiercingWail","Catalyst"],"picked":"Blade Dance","floor":12},{"not_picked":["Escape Plan","Heel Hook","Outmaneuver"],"picked":"Poisoned Stab","floor":14},{"not_picked":["Corpse Explosion","Venomology","Grand Finale"],"picked":"After Image","floor":16},{"not_picked":["Bane","Underhanded Strike","Quick Slash"],"picked":"Crippling Poison","floor":18},{"not_picked":["Reflex","Quick Slash","Slice"],"picked":"Deflect","floor":21}],"player_experience":1513191,"relics_obtained":[{"floor":9,"key":"Vajra"},{"floor":12,"key":"Question Card"}],"event_choices":[{"cards_removed":["Predator"],"damage_healed":0,"gold_gain":0,"player_choice":"Gave Card","damage_taken":0,"relics_obtained":["Art of War"],"max_hp_gain":0,"max_hp_loss":0,"event_name":"WeMeetAgain","floor":2,"gold_loss":0},{"damage_healed":0,"gold_gain":0,"player_choice":"Grow","damage_taken":0,"max_hp_gain":0,"max_hp_loss":0,"event_name":"Living Wall","floor":13,"gold_loss":0,"cards_upgraded":["Caltrops"]},{"damage_healed":0,"gold_gain":50,"player_choice":"Stole From Cult","damage_taken":0,"max_hp_gain":0,"max_hp_loss":0,"event_name":"Nest","floor":19,"gold_loss":0}],"is_beta":true,"boss_relics":[{"not_picked":["Velvet Choker","Astrolabe"],"picked":"SacredBark"}],"items_purged_floors":[3,20],"is_endless":false,"potions_floor_spawned":[1,4,12,18],"killed_by":"Snake Plant","ascension_level":19}}