{"host":"ufhw4cf0hh51lveu","time":1613633647,"event":{"mods":["BaseMod","DeckTracker","Minty Spire (QoL Compilation)","SuperFastMode"],"gold_per_floor":[110,110,30,40,50,84,84,84,111,122,122,122,72,91,91,215,215,230,245,121,135,154,154,154,154,154,154,114,114,132,150,150,279,279,293,293,293],"floor_reached":36,"language":"KOR","playtime":1081,"items_purged":["Parasite"],"score":364,"play_id":"4ac9518c-e871-42be-8c1d-5e7f96b9751f","local_time":"20210218163407","is_ascension_mode":false,"campfire_choices":[{"data":"Capacitor","floor":8,"key":"SMITH"},{"floor":11,"key":"REST"},{"data":"Rip and Tear","floor":15,"key":"SMITH"},{"floor":23,"key":"REST"},{"floor":25,"key":"REST"},{"data":"Biased Cognition","floor":27,"key":"SMITH"},{"data":"Darkness","floor":32,"key":"SMITH"}],"circlet_count":0,"master_deck":["Defend_B","Defend_B","Defend_B+1","Defend_B","Zap","Dualcast","Biased Cognition+1","Ball Lightning","All For One","Good Instincts","Capacitor+1","Leap","Leap+1","Rip and Tear+1","BootSequence","Compile Driver","Reboot","Cold Snap","Cold Snap","Sweeping Beam","Beam Cell","Bite","Bite","Darkness+1","Machine Learning","Good Instincts+1","Flash of Steel+1","Blind+1","Genetic Algorithm"],"relics":["Cracked Core","Bag of Marbles","Happy Flower","Golden Idol","SlaversCollar","War Paint","Astrolabe"],"acts_visited":["Exordium","TheCity","TheBeyond"],"potions_floor_usage":[6,16,16,16,21,22,30,31,33,36],"damage_taken":[{"damage":0,"enemies":"Cultist","floor":1,"turns":3},{"damage":7,"enemies":"2 Louse","floor":4,"turns":3},{"damage":1,"enemies":"Small Slimes","floor":5,"turns":2},{"damage":20,"enemies":"3 Sentries","floor":6,"turns":5},{"damage":11,"enemies":"Exordium Wildlife","floor":10,"turns":3},{"damage":0,"enemies":"2 Fungi Beasts","floor":14,"turns":2},{"damage":37,"enemies":"Hexaghost","floor":16,"turns":6},{"damage":14,"enemies":"Spheric Guardian","floor":18,"turns":5},{"damage":21,"enemies":"Chosen","floor":19,"turns":6},{"damage":11,"enemies":"3 Cultists","floor":21,"turns":7},{"damage":22,"enemies":"Shelled Parasite and Fungi","floor":22,"turns":10},{"damage":3,"enemies":"Centurion and Healer","floor":30,"turns":6},{"damage":0,"enemies":"Cultist and Chosen","floor":31,"turns":4},{"damage":30,"enemies":"Champ","floor":33,"turns":8},{"damage":51,"enemies":"3 Shapes","floor":35,"turns":3},{"damage":2,"enemies":"3 Darklings","floor":36,"turns":4}],"seed_played":"1949396888233518417","potions_obtained":[{"floor":4,"key":"AttackPotion"},{"floor":6,"key":"AttackPotion"},{"floor":10,"key":"Swift Potion"},{"floor":14,"key":"EssenceOfDarkness"},{"floor":19,"key":"Explosive Potion"},{"floor":21,"key":"Dexterity Potion"},{"floor":28,"key":"LiquidMemories"},{"floor":28,"key":"GamblersBrew"},{"floor":28,"key":"Weak Potion"},{"floor":30,"key":"CultistPotion"}],"is_trial":false,"path_per_floor":["M","?","$","M","M","E","?","R","T","M","R","?","?","M","R","B",null,"M","M","$","M","M","R","?","R","T","R","?","$","M","M","R","B",null,"M","M"],"character_chosen":"DEFECT","items_purchased":["Capacitor","Cold Snap"],"campfire_rested":3,"item_purchase_floors":[3,20],"current_hp_per_floor":[75,75,75,68,67,47,65,65,65,54,75,75,75,75,75,38,75,61,40,40,29,7,28,28,43,43,43,43,43,50,50,50,32,50,1,0,0],"gold":293,"neow_bonus":"ONE_RANDOM_RARE_CARD","is_daily":false,"chose_seed":false,"campfire_upgraded":4,"win_rate":0.0,"timestamp":1613633647,"path_taken":["M","?","$","M","?","E","?","R","T","M","R","?","?","M","R","BOSS","M","M","$","M","M","R","?","R","T","R","?","$","M","M","R","BOSS","M","M"],"items_purchased_type":["Card","Card"],"build_version":"2020-12-22","purchased_purges":1,"victory":false,"max_hp_per_floor":[75,75,75,75,75,75,75,75,75,75,75,75,75,75,75,75,75,75,75,72,72,72,72,50,50,50,50,50,50,50,50,50,50,50,50,50,50],"card_choices":[{"not_picked":["Hologram","Doom and Gloom"],"picked":"Ball Lightning","floor":1},{"not_picked":["Gash","Fusion"],"picked":"Leap","floor":4},{"not_picked":["Stack","Tempest"],"picked":"Leap","floor":5},{"not_picked":["Hyperbeam","Stack"],"picked":"Rip and Tear","floor":6},{"not_picked":["Glacier","Redo"],"picked":"BootSequence","floor":10},{"not_picked":["Darkness","Sweeping Beam"],"picked":"Compile Driver","floor":14},{"not_picked":["Multi-Cast","Biased Cognition"],"picked":"Reboot","floor":16},{"not_picked":["Coolheaded+1","Barrage+1","Reinforced Body"],"picked":"SKIP","floor":18},{"not_picked":["Rebound","Gash+1"],"picked":"Cold Snap","floor":19},{"not_picked":["Conserve Battery+1","Hologram"],"picked":"Sweeping Beam","floor":21},{"not_picked":["Sweeping Beam","Turbo"],"picked":"Beam Cell","floor":22},{"not_picked":["Aggregate","Cold Snap","Sweeping Beam"],"picked":"SKIP","floor":30},{"not_picked":["Hologram+1","Hello World+1"],"picked":"Darkness","floor":31},{"not_picked":["Hyperbeam","All For One"],"picked":"Machine Learning","floor":33},{"not_picked":["Redo+1","Rip and Tear+1"],"picked":"Genetic Algorithm","floor":35}],"player_experience":44214,"relics_obtained":[{"floor":6,"key":"Bag of Marbles"},{"floor":9,"key":"Happy Flower"},{"floor":26,"key":"War Paint"}],"event_choices":[{"damage_healed":0,"gold_gain":0,"player_choice":"2 cards matched","damage_taken":0,"max_hp_gain":0,"max_hp_loss":0,"event_name":"Match and Keep!","floor":2,"gold_loss":0,"cards_obtained":["All For One","Good Instincts"]},{"damage_healed":18,"gold_gain":0,"player_choice":"Healed and dodged fight","damage_taken":0,"max_hp_gain":0,"max_hp_loss":0,"event_name":"Mushrooms","floor":7,"gold_loss":0,"cards_obtained":["Parasite"]},{"damage_healed":0,"gold_gain":0,"player_choice":"Take Wound","damage_taken":0,"relics_obtained":["Golden Idol"],"max_hp_gain":0,"max_hp_loss":0,"event_name":"Golden Idol","floor":12,"gold_loss":0,"cards_obtained":["Injury"]},{"cards_removed":["Injury"],"damage_healed":0,"gold_gain":0,"player_choice":"Card Removal","damage_taken":0,"max_hp_gain":0,"max_hp_loss":0,"event_name":"The Cleric","floor":13,"gold_loss":50},{"damage_healed":0,"gold_gain":0,"player_choice":"Became a vampire","damage_taken":0,"max_hp_gain":0,"max_hp_loss":22,"event_name":"Vampires","floor":24,"gold_loss":0,"cards_obtained":["Bite","Bite","Bite","Bite","Bite"]},{"damage_healed":0,"gold_gain":0,"player_choice":"Bought 3 Potions","damage_taken":0,"max_hp_gain":0,"max_hp_loss":0,"event_name":"The Woman in Blue","floor":28,"gold_loss":0}],"is_beta":false,"boss_relics":[{"not_picked":["Coffee Dripper","Runic Dome"],"picked":"SlaversCollar"},{"not_picked":["Calling Bell","Runic Pyramid"],"picked":"Astrolabe"}],"items_purged_floors":[20],"is_endless":false,"potions_floor_spawned":[4,6,10,14,19,21,30],"killed_by":"3 Darklings","ascension_level":0}}