{"host":"st1kg310ms6sytc5","time":1613638884,"event":{"mods":["ATMod(°¢èªMod)","Act Like it!","BaseMod","Bossed Relics","CapriCore","Gensokyo","Minty Spire (QoL Compilation)","StSLib","SuperFastMode","Wide Potions","Yakumo Yukari mod","¡¾ÒÅÎï¿¨ÅÆ¡¿REMEMod"],"gold_per_floor":[139,156,171,23,35,63,63,95,167,195,207,239,239,250,250,347,347,360,360,378,378,393,428,428,455,478,258,358,383,94,108,108,210,210,223,223,47,47,59,393,393,426,477,493,526,526,544,561,561,561],"floor_reached":51,"language":"ZHS","playtime":2072,"items_purged":["AT_purpleEX"],"score":1612,"play_id":"28b73f6d-9b7d-48ff-8b94-2cae2fada4de","local_time":"20210218170124","is_ascension_mode":true,"campfire_choices":[{"data":"PositiveMatter_Antimatter_Universe_purple","floor":7.0,"key":"SMITH"},{"data":"Umbrella_purple","floor":15.0,"key":"SMITH"},{"data":"Mirror_TwoAndThreeElementRealm_purple","floor":24,"key":"SMITH"},{"data":"AT_purpleEX","floor":32,"key":"PURGE"},{"data":"AT_purpleEX","floor":41,"key":"PURGE"},{"data":"Defend_purpleEX","floor":49,"key":"PURGE"}],"circlet_count":0,"master_deck":["Defend_purpleEX","Defend_purpleEX","Defend_purpleEX","Observe_purple_2","Feed","ExternalForce_HighSpeedFlying_purple","WorldDissolvedintheRealm_purple+1","PositiveMatter_Antimatter_Universe_purple+1","DimensionStaggered_purple","Umbrella_purple+1","ContainerChange_purple","Mirror_TwoAndThreeElementRealm_purple+1","Boundary_LightAndDark_purple+1","Human_Monster_Realm_purple","WeekHit_purple","Human_Monster_Realm_purple","DimensionStaggered_purple+1","Fantasy_PerpetualMotionMachine_purple+1"],"relics":["Boundary_crack","Memoryfragments_purpleEX","AT_ATBox","REME_ComplimentaryCards","NeowsBlessing","Whetstone","Bag of Marbles","Thread and Needle","Mummified Hand","Boot","Sozu","MealTicket","HornCleat","Chemical X","Turnip","StoneCalendar","Parasol_purpleEX","Peace Pipe","Busted Crown","AT_Manta","Bag of Preparation","Bottled Lightning","AT_RedTearstoneRing","CaptainsWheel","Dream Catcher","Pantograph"],"acts_visited":["Gensokyo:Gensokyo","Gensokyo:Gensokyoer","Gensokyo:Gensokyoest"],"potions_floor_usage":[],"damage_taken":[{"damage":0.0,"enemies":"Gensokyo:3_Fairies","floor":1.0,"turns":2.0},{"damage":0.0,"enemies":"Gensokyo:Python","floor":2.0,"turns":3.0},{"damage":0.0,"enemies":"Gensokyo:Gryphon","floor":3.0,"turns":1.0},{"damage":0.0,"enemies":"Gensokyo:LivingMonolith","floor":5.0,"turns":3.0},{"damage":41.0,"enemies":"Gensokyo:Aya","floor":6.0,"turns":4.0},{"damage":11.0,"enemies":"Gensokyo:Cirno","floor":8.0,"turns":4.0},{"damage":13.0,"enemies":"Gensokyo:Mamizou","floor":10.0,"turns":9.0},{"damage":0.0,"enemies":"Gensokyo:VengefulSpirit","floor":11.0,"turns":2.0},{"damage":5.0,"enemies":"Gensokyo:Cirno","floor":12.0,"turns":4.0},{"damage":0.0,"enemies":"Gensokyo:2_Rabbits","floor":14.0,"turns":2.0},{"damage":1.0,"enemies":"Gensokyo:Kokoro","floor":16.0,"turns":5.0},{"damage":0.0,"enemies":"Gensokyo:Chomper","floor":18.0,"turns":2.0},{"damage":6.0,"enemies":"Gensokyo:AngelMirror","floor":20.0,"turns":5.0},{"damage":11,"enemies":"Gensokyo:Monolith_and_Dog","floor":22,"turns":4},{"damage":0,"enemies":"Gensokyo:Reisen","floor":23,"turns":3},{"damage":33,"enemies":"Gensokyo:Tenshi","floor":25,"turns":4},{"damage":0,"enemies":"Gensokyo:Tenshi","floor":28,"turns":4},{"damage":0,"enemies":"Gensokyo:Koishi","floor":29,"turns":4},{"damage":20,"enemies":"Gensokyo:Slime_Group","floor":31,"turns":3},{"damage":0,"enemies":"Gensokyo:Eiki","floor":33,"turns":7},{"damage":0,"enemies":"Gensokyo:3_Boulders","floor":35,"turns":3},{"damage":0,"enemies":"Gensokyo:AncientGuardian","floor":39,"turns":3},{"damage":0,"enemies":"Gensokyo:Doremy","floor":40,"turns":7},{"damage":0,"enemies":"Gensokyo:Marisa","floor":42,"turns":2},{"damage":0,"enemies":"Gensokyo:4_Bats","floor":44,"turns":2},{"damage":0,"enemies":"Gensokyo:Doremy","floor":45,"turns":4},{"damage":0,"enemies":"Gensokyo:SeedOfUnknown","floor":47,"turns":1},{"damage":0,"enemies":"Gensokyo:Rafflesia","floor":48,"turns":3},{"damage":0,"enemies":"Gensokyo:Shinki","floor":50,"turns":8}],"seed_played":"2072998895455948712","potions_obtained":[{"floor":2.0,"key":"Explosive Potion"},{"floor":5.0,"key":"CultistPotion"},{"floor":8.0,"key":"SneckoOil"},{"floor":11.0,"key":"LiquidMemories"},{"floor":16.0,"key":"GamblersBrew"}],"is_trial":false,"path_per_floor":["M","M","M","$","M","E","R","E","T","E","M","E","?","M","R","B",null,"M","?","M","?","M","E","R","E","T","$","?","E","$","M","R","B",null,"M","?","COS","T","M","E","R","E","T","M","E","T","M","M","R","B",null],"character_chosen":"Youkari","items_purchased":["Whetstone","Chemical X","Peace Pipe"],"campfire_rested":0,"item_purchase_floors":[4,27,30],"current_hp_per_floor":[64,68,71,71,75,36,36,26,26,17,18,14,38,41,41,40,72,72,72,74,74,78,83,83,91,91,91,91,91,91,94,94,94,94,97,97,97,97,97,100,100,103,103,103,106,106,106,106,106,106],"gold":561,"neow_bonus":"THREE_ENEMY_KILL","is_daily":false,"chose_seed":false,"campfire_upgraded":3,"win_rate":0.0,"timestamp":1613638884,"path_taken":["M","M","M","$","M","E","R","E","T","E","M","E","?","?","R","BOSS","M","?","M","?","?","E","R","E","T","$","?","E","?","M","R","BOSS","M","?","COS","?","M","E","R","E","T","M","E","?","M","?","R","BOSS"],"items_purchased_type":["Relic","Relic","Relic"],"build_version":"2020-12-22","purchased_purges":1,"victory":true,"max_hp_per_floor":[70,73,76,76,79,79,79,79,79,79,79,79,79,82,82,82,82,82,82,85,85,85,88,88,91,91,91,91,91,91,94,94,94,94,97,97,97,97,97,100,100,103,103,103,106,106,106,106,106,106],"card_choices":[{"not_picked":["Mirror_FormAndEmptin_purple","Boundary_DreamRealityDamnation_purple","EighthInstrument_OneDividesIntoTwo_purple"],"picked":"SKIP","floor":1.0},{"not_picked":["Mirror_WaveAndshot_purple","WeekHit_purple"],"picked":"ExternalForce_HighSpeedFlying_purple","floor":2.0},{"not_picked":["DarkRealmRedLine_purple","Photoelasticity_Doppler_Effect_purple"],"picked":"WorldDissolvedintheRealm_purple","floor":3.0},{"not_picked":["WatchEChange_purple","RuleDissolution_purple","ExistenceContinue_purple"],"picked":"SKIP","floor":5.0},{"not_picked":["OmniscientAndOmnipotent_Monster_purple","StateDuplicate_purple"],"picked":"PositiveMatter_Antimatter_Universe_purple","floor":6.0},{"not_picked":["Boundary_DynamicStaticEquilibrium_purple","ButterflyHabitatTemple_purple","MagicEyes_LaplaceDemon_purple"],"picked":"SKIP","floor":8.0},{"not_picked":["MetroBOOM_purple","Extrememeaning_purpleEX","DarkRealmRedLine_purple"],"picked":"SKIP","floor":10.0},{"not_picked":["Mirror_WaveAndshot_purple","AdvanceAttack_purple"],"picked":"DimensionStaggered_purple","floor":11.0},{"not_picked":["Bait_HighSpeedFlying_purple","Shallow_ocean_purpleEX"],"picked":"Umbrella_purple","floor":12.0},{"not_picked":["StateDuplicate_purple","MeetDecomposer_purple","StateErode_purple"],"picked":"SKIP","floor":14.0},{"not_picked":["WasteWire_Metro_purple","Mirror_TwoAndThreeElementRealm_purple"],"picked":"ContainerChange_purple","floor":16.0},{"not_picked":["Shallow_ocean_purpleEX+1","PurpleNeedle_purple","Umbrella_purple"],"picked":"SKIP","floor":18.0},{"not_picked":["ExistenceContinue_purple","SfantasyHide_purple","SharpContractionReality_purple"],"picked":"SKIP","floor":20.0},{"not_picked":["DarkRealmRedLine_purple","StateDuplicate_purple","Bait_Toxicbait_purple"],"picked":"SKIP","floor":22},{"not_picked":["Erosivefilter_purple","Realm_recovery_purpleEX","UniverseChoice_purple"],"picked":"SKIP","floor":23},{"not_picked":["Umbrella_purple+1","EighthInstrument_OneDividesIntoTwo_purple"],"picked":"Boundary_LightAndDark_purple+1","floor":25},{"not_picked":["OmniscientAndOmnipotent_Monster_purple","Boundary_ObjectiveBoundary_purple+1","Shallow_ocean_purpleEX"],"picked":"SKIP","floor":29},{"not_picked":["Bait_Toxicbait_purple","DimensionStaggered_purple","MeetDecomposer_purple"],"picked":"SKIP","floor":31},{"not_picked":["WangLiang_OokamiKakushi_purple","GluttonyofRealm_purpleEX"],"picked":"Human_Monster_Realm_purple","floor":33},{"not_picked":[],"picked":"WeekHit_purple","floor":35},{"not_picked":["StretchesForeverDream_purple+1"],"picked":"SKIP","floor":39},{"not_picked":["Bait_Toxicbait_purple+1"],"picked":"SKIP","floor":39},{"not_picked":[],"picked":"Human_Monster_Realm_purple","floor":40},{"not_picked":["Charmbait_purple+1"],"picked":"SKIP","floor":40},{"not_picked":["Realm_recovery_purpleEX"],"picked":"SKIP","floor":42},{"not_picked":[],"picked":"DimensionStaggered_purple+1","floor":44},{"not_picked":["ContainerChange_purple"],"picked":"SKIP","floor":45},{"not_picked":["Shallow_ocean_purpleEX+1"],"picked":"SKIP","floor":47},{"not_picked":[],"picked":"Fantasy_PerpetualMotionMachine_purple+1","floor":48}],"player_experience":1429100,"relics_obtained":[{"floor":6.0,"key":"Bag of Marbles"},{"floor":8.0,"key":"Thread and Needle"},{"floor":9.0,"key":"Mummified Hand"},{"floor":12.0,"key":"Boot"},{"floor":23,"key":"MealTicket"},{"floor":25,"key":"HornCleat"},{"floor":28,"key":"Turnip"},{"floor":28,"key":"StoneCalendar"},{"floor":29,"key":"Parasol_purpleEX"},{"floor":38,"key":"AT_Manta"},{"floor":40,"key":"Bag of Preparation"},{"floor":42,"key":"Bottled Lightning"},{"floor":43,"key":"AT_RedTearstoneRing"},{"floor":45,"key":"Dream Catcher"},{"floor":46,"key":"Pantograph"}],"event_choices":[],"is_beta":false,"boss_relics":[{"not_picked":["Philosopher\u0027s Stone","Tiny House"],"picked":"Sozu"},{"not_picked":["Runic Dome","REME_LowDesire"],"picked":"Busted Crown"}],"items_purged_floors":[27],"is_endless":false,"potions_floor_spawned":[2,5,6,8,11,16,18,22,25,28,29,33,44,45,48],"ascension_level":9}}