{"host":"kh6fvhxn285ncg0o","time":1613609830,"event":{"mods":["Act Like it!","BaseMod","Colored Map","Friendly Minions","Keyboard Shortcuts","Minty Spire (QoL Compilation)","Quick Restart","Relic Stats","StSLib","SuperFastMode","UnlockEverythingMod"],"gold_per_floor":[117,42,94,19,19,35,68,85,85,118,75,75,105,135,135,212,212,212,212],"floor_reached":18,"language":"KOR","playtime":440,"items_purged":["Strike_R"],"score":402,"play_id":"6ddd290e-45c6-41cb-916a-e97ec35471fe","local_time":"20210218095710","is_ascension_mode":true,"campfire_choices":[{"data":"Inflame","floor":12,"key":"SMITH"},{"data":"Inflame","floor":15,"key":"SMITH"}],"circlet_count":0,"master_deck":["AscendersBane","Strike_R","Strike_R+1","Strike_R","Defend_R","Defend_R+1","Defend_R","Defend_R","Bash","Pommel Strike","Inflame+1","Shrug It Off","Inflame+1","Metallicize","Shrug It Off","Feed"],"relics":["Burning Blood","NeowsBlessing","Potion Belt","MealTicket","Pantograph","Bird Faced Urn","Odd Mushroom","Matryoshka","Philosopher\u0027s Stone"],"acts_visited":["Exordium","TheCity"],"potions_floor_usage":[16,16],"damage_taken":[{"damage":0,"enemies":"Cultist","floor":1,"turns":1},{"damage":0,"enemies":"2 Louse","floor":6,"turns":1},{"damage":0,"enemies":"Lagavulin","floor":7,"turns":1},{"damage":4,"enemies":"Small Slimes","floor":8,"turns":3},{"damage":49,"enemies":"3 Sentries","floor":10,"turns":11},{"damage":12,"enemies":"The Mushroom Lair","floor":13,"turns":4},{"damage":19,"enemies":"Lagavulin","floor":14,"turns":7},{"damage":59,"enemies":"Hexaghost","floor":16,"turns":10},{"damage":0,"enemies":"3 Byrds","floor":18,"turns":1}],"seed_played":"-230717185850153277","potions_obtained":[{"floor":7,"key":"BloodPotion"},{"floor":8,"key":"FearPotion"},{"floor":16,"key":"Regen Potion"}],"is_trial":false,"path_per_floor":["M","$","T","?","?","M","E","M","T","E","$","R","?","E","R","B",null,"M"],"character_chosen":"IRONCLAD","items_purchased":["Inflame"],"campfire_rested":0,"item_purchase_floors":[11],"current_hp_per_floor":[74,74,74,74,51,57,63,65,65,22,37,37,35,28,28,21,62,64,64],"gold":212,"neow_bonus":"THREE_ENEMY_KILL","is_daily":false,"chose_seed":false,"campfire_upgraded":2,"win_rate":0.0,"timestamp":1613609830,"path_taken":["M","$","?","?","?","M","E","M","T","E","$","R","?","E","R","BOSS","M"],"items_purchased_type":["Card"],"build_version":"2020-12-22","purchased_purges":1,"victory":false,"max_hp_per_floor":[75,75,75,75,75,75,75,75,75,75,75,75,75,75,75,75,75,75,75],"relic_stats":{"counters":[9,39],"Pantograph":25,"Bird Faced Urn":[18],"MealTicket":15,"obtain_stats":[{"Potion Belt":3,"Matryoshka":14,"NeowsBlessing":0,"Pantograph":9,"Bird Faced Urn":10,"MealTicket":7,"Philosopher\u0027s Stone":17,"Odd Mushroom":13,"Burning Blood":0},{"Potion Belt":1,"Matryoshka":7,"NeowsBlessing":0,"Pantograph":4,"Bird Faced Urn":5,"MealTicket":3,"Philosopher\u0027s Stone":8,"Odd Mushroom":6,"Burning Blood":0},{"Potion Belt":1,"Matryoshka":28,"NeowsBlessing":0,"Pantograph":6,"Bird Faced Urn":17,"MealTicket":3,"Philosopher\u0027s Stone":38,"Odd Mushroom":21,"Burning Blood":0}],"Burning Blood":48},"card_choices":[{"not_picked":["Anger","Clash"],"picked":"Pommel Strike","floor":6},{"not_picked":["Reckless Charge","Barricade"],"picked":"Inflame","floor":7},{"not_picked":["Cleave","Warcry"],"picked":"Shrug It Off","floor":10},{"not_picked":["Perfected Strike","Havoc"],"picked":"Metallicize","floor":13},{"not_picked":["Whirlwind","Entrench"],"picked":"Shrug It Off","floor":14},{"not_picked":["Bludgeon","Barricade"],"picked":"Feed","floor":16}],"player_experience":1439877,"relics_obtained":[{"floor":3,"key":"Potion Belt"},{"floor":7,"key":"MealTicket"},{"floor":9,"key":"Pantograph"},{"floor":10,"key":"Bird Faced Urn"},{"floor":13,"key":"Odd Mushroom"},{"floor":14,"key":"Matryoshka"}],"event_choices":[{"cards_removed":["Strike_R"],"damage_healed":0,"gold_gain":0,"player_choice":"Card Removal","damage_taken":0,"max_hp_gain":0,"max_hp_loss":0,"event_name":"The Cleric","floor":4,"gold_loss":75},{"damage_healed":0,"gold_gain":0,"player_choice":"Entered Light","damage_taken":23,"max_hp_gain":0,"max_hp_loss":0,"event_name":"Shining Light","floor":5,"gold_loss":0,"cards_upgraded":["Defend_R","Strike_R"]},{"damage_healed":0,"gold_gain":0,"player_choice":"Fought Mushrooms","damage_taken":0,"max_hp_gain":0,"max_hp_loss":0,"event_name":"Mushrooms","floor":13,"gold_loss":0}],"is_beta":false,"boss_relics":[{"not_picked":["SlaversCollar","Black Star"],"picked":"Philosopher\u0027s Stone"}],"items_purged_floors":[2],"is_endless":false,"potions_floor_spawned":[7,8,16],"killed_by":"3 Byrds","ascension_level":20}}