{"host":"bxn2em57qlx5u4i0","time":1613607658,"event":{"mods":["BaseMod","Colored Map","Colored Powertips","Highlight Path","Minty Spire (QoL Compilation)","Random Character Button","Relic Sorter","Relic Stats","StSLib","SuperFastMode"],"gold_per_floor":[110,20,20,32,32,32,62,62,86,118,118,129,160,172,172,250,250,269,48,48,48,61,95,108,122,122,122,122],"floor_reached":27,"language":"ENG","playtime":655,"items_purged":["Strike_G"],"score":602,"play_id":"e7232865-d8ed-40cd-bfba-437b622fe200","local_time":"20210217192058","is_ascension_mode":true,"campfire_choices":[{"data":"Crippling Poison","floor":6.0,"key":"SMITH"},{"data":"Dagger Spray","floor":8.0,"key":"SMITH"},{"data":"Dagger Spray","floor":11.0,"key":"SMITH"},{"data":"Dagger Spray","floor":15.0,"key":"SMITH"}],"circlet_count":0,"master_deck":["AscendersBane","Strike_G","Strike_G","Strike_G","Strike_G","Defend_G","Defend_G","Defend_G","Defend_G","Defend_G","Survivor","Neutralize","Dagger Spray+1","Crippling Poison+1","Deadly Poison","Dagger Spray+1","Dagger Spray+1","Well Laid Plans","Wraith Form v2"],"relics":["Ring of the Snake","NeowsBlessing","Orichalcum","Smiling Mask","Pocketwatch","Bronze Scales","SlaversCollar","OrangePellets","Vajra","Letter Opener"],"acts_visited":["Exordium","TheCity"],"potions_floor_usage":[24,27],"damage_taken":[{"damage":0.0,"enemies":"Jaw Worm","floor":1.0,"turns":1.0},{"damage":0.0,"enemies":"Small Slimes","floor":4.0,"turns":1.0},{"damage":0.0,"enemies":"Gremlin Nob","floor":7.0,"turns":1.0},{"damage":20.0,"enemies":"Lagavulin","floor":10.0,"turns":6.0},{"damage":0.0,"enemies":"Cultist","floor":12.0,"turns":3.0},{"damage":0.0,"enemies":"3 Sentries","floor":13.0,"turns":2.0},{"damage":2.0,"enemies":"Red Slaver","floor":14.0,"turns":3.0},{"damage":30.0,"enemies":"Slime Boss","floor":16.0,"turns":10.0},{"damage":10.0,"enemies":"2 Thieves","floor":18.0,"turns":2.0},{"damage":12,"enemies":"Spheric Guardian","floor":22,"turns":6},{"damage":15,"enemies":"Slavers","floor":23,"turns":3},{"damage":12,"enemies":"Centurion and Healer","floor":24,"turns":7},{"damage":0,"enemies":"Cultist and Chosen","floor":25,"turns":6},{"damage":34,"enemies":"Book of Stabbing","floor":27,"turns":4}],"seed_played":"7482838495020882805","potions_obtained":[{"floor":7.0,"key":"PowerPotion"},{"floor":10.0,"key":"SteroidPotion"},{"floor":13.0,"key":"Weak Potion"},{"floor":16.0,"key":"Swift Potion"},{"floor":25,"key":"FairyPotion"}],"is_trial":false,"path_per_floor":["M","$","?","M","?","R","E","R","T","E","R","M","E","M","R","B",null,"M","$","?","$","M","E","M","M","T","E"],"character_chosen":"THE_SILENT","items_purchased":["Crippling Poison","OrangePellets"],"campfire_rested":0,"item_purchase_floors":[2,19],"current_hp_per_floor":[59,59,64,64,64,64,64,64,64,44,44,44,44,42,42,12,56,46,46,46,46,34,19,7,7,7,0,0],"gold":122,"neow_bonus":"THREE_ENEMY_KILL","is_daily":false,"chose_seed":false,"campfire_upgraded":4,"win_rate":0.0,"timestamp":1613607658,"path_taken":["M","$","?","M","?","R","E","R","T","E","R","M","E","M","R","BOSS","M","$","?","$","M","E","M","?","T","E"],"items_purchased_type":["Card","Relic"],"build_version":"2020-12-22","purchased_purges":1,"victory":false,"max_hp_per_floor":[66,66,71,71,71,71,71,71,71,71,71,71,71,71,71,71,71,71,71,71,71,71,71,71,71,71,71,71],"relic_stats":{"OrangePellets":[1],"counters":[14,55],"Bronze Scales":[87],"Letter Opener":[10],"Orichalcum":[186],"Smiling Mask":25,"obtain_stats":[{"SlaversCollar":17,"OrangePellets":19,"NeowsBlessing":0,"Bronze Scales":13,"Vajra":23,"Letter Opener":26,"Orichalcum":7,"Smiling Mask":9,"Ring of the Snake":0,"Pocketwatch":10},{"SlaversCollar":8,"OrangePellets":9,"NeowsBlessing":0,"Bronze Scales":6,"Vajra":11,"Letter Opener":13,"Orichalcum":3,"Smiling Mask":3,"Ring of the Snake":0,"Pocketwatch":4},{"SlaversCollar":27,"OrangePellets":29,"NeowsBlessing":0,"Bronze Scales":14,"Vajra":38,"Letter Opener":51,"Orichalcum":3,"Smiling Mask":3,"Ring of the Snake":0,"Pocketwatch":9}],"Ring of the Snake":[28],"Pocketwatch":[87]},"card_choices":[{"not_picked":["Sucker Punch","Distraction"],"picked":"Dagger Spray","floor":1.0},{"not_picked":["Deflect","Endless Agony"],"picked":"Deadly Poison","floor":4.0},{"not_picked":["Underhanded Strike","Night Terror"],"picked":"Dagger Spray","floor":7.0},{"not_picked":["Flying Knee","Terror","Distraction"],"picked":"SKIP","floor":10.0},{"not_picked":["Sucker Punch","Acrobatics","Eviscerate"],"picked":"SKIP","floor":12.0},{"not_picked":["Dagger Throw","Backflip"],"picked":"Dagger Spray","floor":13.0},{"not_picked":["Deadly Poison","Concentrate"],"picked":"Well Laid Plans","floor":14.0},{"not_picked":["Phantasmal Killer","A Thousand Cuts"],"picked":"Wraith Form v2","floor":16.0},{"not_picked":["Finisher","Calculated Gamble","Expertise"],"picked":"SKIP","floor":18},{"not_picked":["Infinite Blades","Quick Slash","Poisoned Stab"],"picked":"SKIP","floor":22},{"not_picked":["Slice","Dodge and Roll","Distraction"],"picked":"SKIP","floor":23},{"not_picked":["Deflect+1","Crippling Poison","Deadly Poison"],"picked":"SKIP","floor":24},{"not_picked":["Reflex","Dodge and Roll","All Out Attack"],"picked":"SKIP","floor":25}],"player_experience":3031673,"relics_obtained":[{"floor":7.0,"key":"Orichalcum"},{"floor":9.0,"key":"Smiling Mask"},{"floor":10.0,"key":"Pocketwatch"},{"floor":13.0,"key":"Bronze Scales"},{"floor":23,"key":"Vajra"},{"floor":26,"key":"Letter Opener"}],"event_choices":[{"damage_healed":0.0,"max_hp_gain":5.0,"max_hp_loss":0.0,"gold_gain":0.0,"event_name":"Big Fish","player_choice":"Donut","floor":3.0,"gold_loss":0.0,"damage_taken":0.0},{"damage_healed":0.0,"max_hp_gain":0.0,"max_hp_loss":0.0,"gold_gain":0.0,"event_name":"Liars Game","player_choice":"Ignored","floor":5.0,"gold_loss":0.0,"damage_taken":0.0},{"damage_healed":0,"gold_gain":0,"player_choice":"Ignored","damage_taken":0,"max_hp_gain":0,"max_hp_loss":0,"event_name":"N\u0027loth","floor":20,"gold_loss":0}],"is_beta":false,"boss_relics":[{"not_picked":["Coffee Dripper","Astrolabe"],"picked":"SlaversCollar"}],"items_purged_floors":[19],"is_endless":false,"potions_floor_spawned":[7,10,13,16,22,25],"killed_by":"Book of Stabbing","ascension_level":20}}