{"host":"o1cu55645d5ske2f","time":1613668933,"event":{"mods":["AchievementEnabler","Act Like it!","Aspiration","BaseMod","Colored Map","Colored Powertips","Dota2Spire","Emptier Cage","Friendly Minions","Gensokyo","GifTheSpireLib","Hallownest","Hermit","Highlight Path","Hubris","Infinite Spire","KinomotoSakuraMod(木之本樱)","Koishi","Lobotomy","LobotomyExtend","Marisa（F雨　魔理沙）","Minty Spire (QoL Compilation)","Quick Restart","Rare Cards Sparkle","Relic Stats","Remilia（蕾米莉亚）","Replay The Spire","RumiaBox-露米娅的神秘盒子","Shop Mod","Spicy Shops","StSLib","TestMod","The Administrix","The Blackbeard","The Bug Knight","The Cursed","The Hierophant","The Mystic","The Runesmith","The Servant 0.9.4","Yakumo Yukari mod","Youmu（魂魄妖梦）","Yuyuko","【功能Mod】混沌之环修复补丁","【功能Mod】聪明的最终Boss"],"gold_per_floor":[119,136,149,162,162,192,211,211,211,4,4,4,14,31,31,130,130,147,165,176,101,115,115,125,125,125,140,140,140,140,150,150,75,75,170,170,181,181,191,191,191],"floor_reached":40,"language":"ZHS","playtime":3924,"items_purged":["ClowCardTheSword"],"score":567,"play_id":"66dc2d4a-d08c-4c13-95d3-12d11063eace","local_time":"20210219012213","is_ascension_mode":false,"campfire_choices":[{"data":"SpellCardSeal","floor":8.0,"key":"SMITH"},{"floor":15.0,"key":"REST"},{"floor":23.0,"key":"REST"},{"data":"ClowCardTheFlower","floor":28.0,"key":"SMITH"},{"floor":32.0,"key":"REST"}],"circlet_count":0,"master_deck":["ClowCardTheErase","ClowCardTheCreate","ClowCardTheDream","ClowCardTheSweet","ClowCardTheGlow","ClowCardTheGlow","ClowCardTheTime+1","ClowCardTheTwin","SakuraCardTheRain+","ClowCardTheSword","ClowCardTheSword","ClowCardTheSword","ClowCardTheShield","ClowCardTheShield","ClowCardTheShield","SpellCardSeal+1","SpellCardRelease","ClowCardTheFly","ClowCardTheSilent","ClowCardTheSweet","ClowCardTheFlower+1","ClowCardThePower","ClowCardTheLock","ClowCardTheMirror","ClowCardTheCreate","ClowCardTheSweet","ClowCardTheSweet","ClowCardTheLight"],"relics":["KSMOD_SealedBook","KSMOD_SealedWand","testmod-TestBox","Hallownest:DreamNailRelic","LetterFromLob","Pantograph","KSMOD_Compass","ReplayTheSpireMod:Ninjato","KSMOD_Yue","hubris:Towel","GodSword3","KSMOD_DarknessWand"],"acts_visited":["Hallownest:Greenpath","TheCity","TheBeyond"],"potions_floor_usage":[],"damage_taken":[{"damage":1.0,"enemies":"Hallownest:2_Baldur","floor":1.0,"turns":5.0},{"damage":0.0,"enemies":"2_ Uuma","floor":2.0,"turns":6.0},{"damage":0.0,"enemies":"Hallownest:monsterHuskWarrior","floor":3.0,"turns":2.0},{"damage":35.0,"enemies":"Hallownest:Guard_and_Warrior","floor":4.0,"turns":6.0},{"damage":9.0,"enemies":"Hallownest:eliteVengeflyKing","floor":6.0,"turns":6.0},{"damage":3.0,"enemies":"Hallownest:MossCreep_and_Mosskin","floor":7.0,"turns":6.0},{"damage":20.0,"enemies":"Hallownest:2_Tiktiks_1_Baldur_1_Crawlid","floor":13.0,"turns":9.0},{"damage":9.0,"enemies":"Hallownest:monsterAspidMother","floor":14.0,"turns":10.0},{"damage":27.0,"enemies":"Hallownest:BossFalseKnight","floor":16.0,"turns":16.0},{"damage":12.0,"enemies":"Spheric Guardian","floor":18.0,"turns":10.0},{"damage":61.0,"enemies":"Shell Parasite","floor":19.0,"turns":17.0},{"damage":4.0,"enemies":"Snecko","floor":20.0,"turns":15.0},{"damage":27.0,"enemies":"Snake Plant","floor":22.0,"turns":13.0},{"damage":0.0,"enemies":"Centurion and Healer","floor":24.0,"turns":9.0},{"damage":33.0,"enemies":"Sentry and Sphere","floor":27.0,"turns":8.0},{"damage":53.0,"enemies":"Snake Plant","floor":31.0,"turns":6.0},{"damage":108.0,"enemies":"Pondfish","floor":35.0,"turns":18.0},{"damage":42.0,"enemies":"3 Shapes","floor":37.0,"turns":4.0},{"damage":32.0,"enemies":"3 Darklings","floor":39.0,"turns":6.0},{"damage":38,"enemies":"Sphere and 2 Shapes","floor":40,"turns":3}],"seed_played":"7920113295938238632","potions_obtained":[{"floor":1.0,"key":"SpeedPotion"},{"floor":2.0,"key":"EntropicBrew"},{"floor":3.0,"key":"Fire Potion"},{"floor":13.0,"key":"Dota2Spire:HealingSalve"},{"floor":20.0,"key":"testmod-TimePotion"},{"floor":22.0,"key":"LiquidMemories"},{"floor":24.0,"key":"Languid Potion"},{"floor":39,"key":"CultistPotion"}],"is_trial":false,"path_per_floor":["M","M","M","M","?","E","M","R","T","$","?","?","M","M","R","B",null,"M","M","M","$","M","R","M","?","T","M","R","PTL","PTL","M","R","?","R_BF","B",null,"M","?","M","M"],"character_chosen":"KINOMOTOSAKURA","items_purchased":["ClowCardTheCreate"],"campfire_rested":3,"item_purchase_floors":[10],"current_hp_per_floor":[69,69,69,34,34,30,32,32,32,32,32,39,34,30,51,48,70,58,12,18,18,19,40,57,57,57,43,43,43,43,14,35,35,56,42,70,33,33,25,0,0],"gold":191,"neow_bonus":"RANDOM_EVENT","is_daily":false,"chose_seed":false,"campfire_upgraded":2,"win_rate":0.0,"timestamp":1613668933,"path_taken":["M","M","M","M","?","E","M","R","T","$","?","?","M","?","R","BOSS","M","M","M","$","M","R","M","?","T","M","R","PTL","PTL","M","R","?","R_BF","BOSS","M","?","M","M"],"items_purchased_type":["Card"],"build_version":"2020-12-22","purchased_purges":1,"victory":false,"max_hp_per_floor":[70,70,70,70,70,70,70,70,70,70,70,70,70,70,70,70,70,70,70,70,70,70,70,70,70,70,70,70,70,70,70,70,70,70,70,70,70,70,70,70,70],"relic_stats":{"counters":[20,175],"Pantograph":33,"obtain_stats":[{"KSMOD_Compass":9,"testmod-TestBox":0,"ReplayTheSpireMod:Ninjato":22,"KSMOD_Yue":22,"KSMOD_DarknessWand":36,"KSMOD_SealedBook":0,"Pantograph":6,"KSMOD_SealedWand":0,"Hallownest:DreamNailRelic":0,"LetterFromLob":1,"hubris:Towel":25,"GodSword3":26},{"KSMOD_Compass":6,"testmod-TestBox":0,"ReplayTheSpireMod:Ninjato":13,"KSMOD_Yue":13,"KSMOD_DarknessWand":17,"KSMOD_SealedBook":0,"Pantograph":5,"KSMOD_SealedWand":0,"Hallownest:DreamNailRelic":0,"LetterFromLob":1,"hubris:Towel":14,"GodSword3":14},{"KSMOD_Compass":31,"testmod-TestBox":0,"ReplayTheSpireMod:Ninjato":121,"KSMOD_Yue":121,"KSMOD_DarknessWand":162,"KSMOD_SealedBook":0,"Pantograph":25,"KSMOD_SealedWand":0,"Hallownest:DreamNailRelic":0,"LetterFromLob":5,"hubris:Towel":130,"GodSword3":130}]},"card_choices":[{"not_picked":["ClowCardTheMaze","ClowCardTheIllusion"],"picked":"ClowCardTheRain","floor":1.0},{"not_picked":["ClowCardTheErase","ClowCardTheSilent"],"picked":"ClowCardTheFly","floor":2.0},{"not_picked":["ClowCardTheWood","ClowCardTheChange"],"picked":"ClowCardTheSilent","floor":3.0},{"not_picked":["ClowCardTheMist","ClowCardTheFloat"],"picked":"ClowCardTheSweet","floor":4.0},{"not_picked":["ClowCardTheShot","ClowCardTheRain"],"picked":"ClowCardTheFlower","floor":6.0},{"not_picked":["ClowCardTheMist","ClowCardTheSleep"],"picked":"ClowCardThePower","floor":7.0},{"not_picked":["ClowCardTheSand","ClowCardTheSilent","ClowCardTheThunder"],"picked":"SKIP","floor":13.0},{"not_picked":["ClowCardTheStorm","ClowCardTheEarthy"],"picked":"ClowCardTheLock","floor":14.0},{"not_picked":["ClowCardTheShadow","ClowCardTheSong+1"],"picked":"ClowCardTheMirror","floor":18.0},{"not_picked":["ClowCardTheChange","ClowCardTheMirror","ClowCardTheSand"],"picked":"SKIP","floor":19.0},{"not_picked":["ClowCardTheChange","ClowCardTheShadow"],"picked":"ClowCardTheCreate","floor":20.0},{"not_picked":["ClowCardTheJump","ClowCardTheFirey","ClowCardTheCloud"],"picked":"SKIP","floor":22.0},{"not_picked":["ClowCardTheJump","ClowCardTheWood"],"picked":"ClowCardTheSweet","floor":24.0},{"not_picked":["ClowCardTheMaze","ClowCardTheLock"],"picked":"ClowCardTheSweet","floor":27.0},{"not_picked":["ClowCardTheIllusion","ClowCardTheRain","ClowCardTheSilent"],"picked":"SKIP","floor":31.0},{"not_picked":["ClowCardTheTwin","ClowCardTheReturn"],"picked":"ClowCardTheLight","floor":35.0},{"not_picked":["ClowCardTheCloud","ClowCardTheJump","ClowCardTheMist"],"picked":"SKIP","floor":37.0},{"not_picked":["ClowCardTheDream+1","ClowCardTheMirror+1","ClowCardTheFlower+1"],"picked":"SKIP","floor":39}],"player_experience":133437,"relics_obtained":[{"floor":1.0,"key":"LetterFromLob"},{"floor":6.0,"key":"Pantograph"},{"floor":9.0,"key":"KSMOD_Compass"},{"floor":22.0,"key":"ReplayTheSpireMod:Ninjato"},{"floor":22.0,"key":"KSMOD_Yue"},{"floor":26.0,"key":"GodSword3"}],"event_choices":[{"cards_removed":["ClowCardTheShield"],"damage_healed":0.0,"max_hp_gain":0.0,"max_hp_loss":0.0,"gold_gain":0.0,"event_name":"Beggar","player_choice":"Gave Gold","floor":33.0,"gold_loss":75.0,"damage_taken":0.0},{"damage_healed":0.0,"max_hp_gain":0.0,"max_hp_loss":0.0,"gold_gain":0.0,"event_name":"Mysterious Sphere","player_choice":"Ignored","floor":38.0,"gold_loss":0.0,"damage_taken":0.0}],"is_beta":false,"boss_relics":[{"not_picked":["hubris:GrandSneckoEye","Pandora\u0027s Box","hubris:TerracottaHorce"]},{"not_picked":["testmod-Nine","testmod-DeterminationOfClimber"],"picked":"KSMOD_DarknessWand"}],"items_purged_floors":[21],"is_endless":false,"potions_floor_spawned":[1,2,3,13,20,22,24,27,35,39],"killed_by":"Sphere and 2 Shapes","ascension_level":0}}