{"host":"3e3mwsgb9gfqiuxm","time":1613619435,"event":{"mods":["Act Like it!","BaseMod","Colored Map","Colored Powertips","Downfall","Gensokyo","Googly Eyes","Hallownest","Hermit","Hubris","Infinite Spire","Koishi","Marisa????????","Minty Spire (QoL Compilation)","Quick Restart","Rare Cards Sparkle","Reimu??????","Remilia??????","Replay The Spire","Shop Mod","StSLib","SuperFastMode","Td1madao Mod","The Administrix","The Servant 0.9.4","Youmu??????","Yuyuko","everything is the same but u backflip on backflip","slay the spire mod where everything is the same but ironclad has a cowboy hat"],"gold_per_floor":[117,117,135,158,158,158,177,177,177],"floor_reached":8,"language":"ENG","playtime":441,"items_purged":[],"score":46,"play_id":"072572a3-e8d3-46c7-ac53-f4eefa4f208a","local_time":"20210217223715","is_ascension_mode":false,"campfire_choices":[{"data":"Fondling of Papilio","floor":6,"key":"SMITH"}],"circlet_count":0,"master_deck":["Fantasy Butterflies","Fantasy Butterflies","Fantasy Butterflies","Fantasy Butterflies","Fantasy Butterflies","Dreamy Sakura","Dreamy Sakura","Dreamy Sakura","Dreamy Sakura","Dreamy Sakura","Deathly Ground","Faramita\u0027s Temptation","Bloom","Open The Fan","Ticket to Heaven","Fondling of Papilio+1"],"relics":["Coronal","Yuyuko\u0027s fan","NeowsBlessing","Replay:Wax Seal","hubris:Towel"],"acts_visited":["Gensokyo:Gensokyo"],"potions_floor_usage":[],"damage_taken":[{"damage":1,"enemies":"Gensokyo:Python","floor":1,"turns":1},{"damage":1,"enemies":"Gensokyo:Gryphon","floor":3,"turns":1},{"damage":1,"enemies":"Gensokyo:2_Kodama","floor":7,"turns":1},{"damage":96,"enemies":"Gensokyo:Aya","floor":8,"turns":9}],"seed_played":"-5160934531671376782","potions_obtained":[{"floor":3,"key":"Weak Potion"}],"is_trial":false,"path_per_floor":["M","?","M","T","?","R","M","E"],"character_chosen":"YUYOKO","items_purchased":[],"campfire_rested":0,"item_purchase_floors":[],"current_hp_per_floor":[39,39,38,38,38,38,39,0,0],"gold":177,"neow_bonus":"THREE_ENEMY_KILL","is_daily":false,"chose_seed":false,"campfire_upgraded":1,"win_rate":0.0,"timestamp":1613619435,"path_taken":["M","?","?","?","?","R","M","E"],"items_purchased_type":[],"build_version":"2020-12-22","purchased_purges":0,"victory":false,"max_hp_per_floor":[40,40,40,40,40,40,40,40,40],"card_choices":[{"not_picked":["All Wander","Dancing Soul"],"picked":"Bloom","floor":1},{"not_picked":["Suicide","Spear of Papilio"],"picked":"Open The Fan","floor":2},{"not_picked":["Ghostdom Sakura","End of Faramita"],"picked":"Ticket to Heaven","floor":2},{"not_picked":["Unstable Ward","Reverse The Screen"],"picked":"Fondling of Papilio","floor":3},{"not_picked":["Dancing Butterflies","Redemption of Death","Snow"],"picked":"SKIP","floor":7},{"not_picked":["Dancing Butterflies","Redemption of Death","Snow"],"picked":"SKIP","floor":7}],"player_experience":1420459,"relics_obtained":[{"floor":4,"key":"Replay:Wax Seal"}],"event_choices":[],"is_beta":false,"boss_relics":[],"items_purged_floors":[],"is_endless":false,"potions_floor_spawned":[3],"killed_by":"Gensokyo:Aya","ascension_level":0}}