{"host":"dmtlrev5pkc1867p","time":1613661568,"event":{"mods":["A Magickal Journey","AchievementEnabler","BaseMod","Colored Map","Colored Powertips","Downfall","Hermit","Highlight Path","Hubris","Infinite Spire","Marisa¡]Ãú«B¡@Å]²z¨F¡^","Minty Spire (QoL Compilation)","Permanent Neow","Quick Restart","Rare Cards Sparkle","Relic Sorter","Relic Stats","Replay The Spire","StSLib","SuperFastMode","The Construct","The Cursed","The Disciple","The Hierophant","The Necromancer","The Runesmith","The Servant 0.9.4"],"gold_per_floor":[118,118,118,81,102,143,161,161,161,179,198,198,229,242,242,242,242],"floor_reached":16,"language":"ZHS","playtime":452,"items_purged":[],"score":192,"play_id":"c02bfa82-b59e-49c7-a1ed-dcff76d5028b","local_time":"20210218231928","is_ascension_mode":true,"campfire_choices":[{"floor":8,"key":"RECALL"},{"floor":12,"key":"REST"},{"floor":15,"key":"REST"}],"circlet_count":0,"master_deck":["Strike_R","Strike_R","Strike_R","Strike_R","Strike_R","Defend_R","Defend_R","Defend_R","Defend_R","Bash","Fire Breathing","Body Slam+1","Rampage","Flex","Headbutt","hubris:SharpeningStone","ReplayTheSpireMod:Stacked","Juggernaut","Armaments"],"relics":["Burning Blood","NeowsBlessing","Snack Pack","Golden Idol","Pet Ghost","Ice Cream"],"acts_visited":["Exordium"],"potions_floor_usage":[11,16,16],"damage_taken":[{"damage":0,"enemies":"Jaw Worm","floor":1,"turns":1},{"damage":0,"enemies":"Small Slimes","floor":5,"turns":1},{"damage":0,"enemies":"3 Sentries","floor":6,"turns":1},{"damage":6,"enemies":"2 Louse","floor":7,"turns":2},{"damage":23,"enemies":"Large Slime","floor":10,"turns":5},{"damage":4,"enemies":"Red Slaver","floor":11,"turns":3},{"damage":35,"enemies":"Lagavulin","floor":13,"turns":6},{"damage":13,"enemies":"Blue Slaver","floor":14,"turns":4},{"damage":77,"enemies":"Hexaghost","floor":16,"turns":11}],"seed_played":"9144390677075919304","potions_obtained":[{"floor":6,"key":"Fire Potion"},{"floor":10,"key":"AttackPotion"},{"floor":13,"key":"AttackPotion"}],"is_trial":false,"path_per_floor":["M","?","?","$","M","E","M","R","T","M","M","R","E","M","R","B"],"character_chosen":"IRONCLAD","items_purchased":["Body Slam+1"],"campfire_rested":2,"item_purchase_floors":[4],"current_hp_per_floor":[78,78,58,58,64,72,72,72,72,61,63,80,53,48,72,0,0],"gold":242,"neow_bonus":"THREE_ENEMY_KILL","is_daily":false,"chose_seed":false,"campfire_upgraded":0,"win_rate":0.0,"timestamp":1613661568,"path_taken":["M","?","?","$","M","E","M","R","T","M","M","R","E","M","R","BOSS"],"items_purchased_type":["Card"],"build_version":"2020-12-22","purchased_purges":0,"victory":false,"max_hp_per_floor":[80,80,80,80,80,80,80,80,80,80,80,80,80,80,80,80,80],"relic_stats":{"counters":[9,34],"Golden Idol":33,"obtain_stats":[{"Ice Cream":13,"NeowsBlessing":0,"Golden Idol":3,"Snack Pack":2,"Burning Blood":0,"Pet Ghost":6},{"Ice Cream":7,"NeowsBlessing":0,"Golden Idol":1,"Snack Pack":1,"Burning Blood":0,"Pet Ghost":3},{"Ice Cream":19,"NeowsBlessing":0,"Golden Idol":1,"Snack Pack":1,"Burning Blood":0,"Pet Ghost":3}],"Burning Blood":48},"card_choices":[{"not_picked":["infinitespire:OneForAll","Intimidate"],"picked":"Fire Breathing","floor":1},{"not_picked":["ReplayTheSpireMod:Limb From Limb","Pommel Strike"],"picked":"Rampage","floor":5},{"not_picked":["Wild Strike","Cleave"],"picked":"Flex","floor":6},{"not_picked":["Twin Strike","Wild Strike"],"picked":"Headbutt","floor":7},{"not_picked":["Iron Wave","Clash"],"picked":"hubris:SharpeningStone","floor":10},{"not_picked":["Bloodletting","Replay:Undeath\u0027s Touch"],"picked":"ReplayTheSpireMod:Stacked","floor":11},{"not_picked":["Bludgeon","Wild Strike"],"picked":"Juggernaut","floor":13},{"not_picked":["ReplayTheSpireMod:LeadingStrike","Thunderclap"],"picked":"Armaments","floor":14}],"player_experience":723916,"relics_obtained":[{"floor":2,"key":"Snack Pack"},{"floor":6,"key":"Pet Ghost"},{"floor":13,"key":"Ice Cream"}],"event_choices":[{"damage_healed":0,"gold_gain":0,"player_choice":"Take Damage","damage_taken":20,"relics_obtained":["Golden Idol"],"max_hp_gain":0,"max_hp_loss":0,"event_name":"Golden Idol","floor":3,"gold_loss":0}],"is_beta":false,"boss_relics":[],"items_purged_floors":[],"is_endless":false,"potions_floor_spawned":[6,10,13],"killed_by":"Hexaghost","ascension_level":8}}