{"host":"08z5bj28eube4vug","time":1613626896,"event":{"mods":["100% Spire Juice","2.2 Compatiblity","Abigail Mod","Act Like it!","BaseMod","Beaked The Cultist","Bestiary","Friendly Minions","Gensokyo","GungeonMod","Hallownest","Kiyohime????","Koishi","Lobotomy","Marisa????????","Minty Spire (QoL Compilation)","Prisma Mod","Remilia??????","Replay The Spire","Spire Arcade","StSLib","Td1madao Mod","The Alterego","The Bug Knight","The Jungle","The Sage","The Senshi","The Servant 0.9.4","Waifu the Spire","WarShipGirlsR/????R mod","Yuri Mod"],"gold_per_floor":[365,165,183,183,193,193,11,21,21,21,56,56,75,93,93,189,189,206,223,223,223,238,238,238,238,309,4,37,52,86,97,97,202,202,216,236,81,98,116,116,116,116],"floor_reached":41,"language":"ENG","playtime":2697,"items_purged":[],"score":873,"play_id":"94774cdb-2af1-4565-b263-f08e8013bc6a","local_time":"20210218084136","is_ascension_mode":true,"campfire_choices":[{"data":"AbbyMod:AdultWords","floor":6,"key":"SMITH"},{"data":"AbbyMod:SavingThrow","floor":10,"key":"SMITH"},{"data":"AbbyMod:PrayerOfFaith","floor":12,"key":"SMITH"},{"data":"AbbyMod:WitchTrial","floor":15,"key":"SMITH"},{"data":"AbbyMod:SuperMuscular","floor":23,"key":"SMITH"},{"data":"AbbyMod:ForeheadBeam","floor":25,"key":"SMITH"},{"data":"AbbyMod:WormHole","floor":32,"key":"SMITH"},{"data":"AbbyMod:BadGirl","floor":40,"key":"SMITH"}],"circlet_count":0,"master_deck":["AbbyMod:Ab_Defend","AbbyMod:Ab_Defend","AbbyMod:Ab_Defend","AbbyMod:FleetingSanity","AbbyMod:ForeheadBeam+1","AbbyMod:SavingThrow+1","AbbyMod:AdultWords+1","AbbyMod:PowerGamer","AbbyMod:EyesOfMadness","AbbyMod:PrayerOfFaith+1","AbbyMod:SuperMuscular+1","AbbyMod:WitchTrial+1","AbbyMod:BadGirl+1","AbbyMod:ImpossibleGeometry+1","Bite","Bite","Bite","Bite","Bite","AbbyMod:WormHole+1"],"relics":["AbbyMod:Salem_Diary","Replay:Rubber Ducky","Medical Kit","Smiling Mask","Matryoshka","Busted Crown","DemoMod:LamentConfigurum","yuri:PortableGlitches","Membership Card","HollowMod:StagPassRelic","TungstenRod","Oddly Smooth Stone","Ring of Chaos","Pet Ghost","Pen Nib"],"acts_visited":["Exordium","TheCity","TheBeyond"],"potions_floor_usage":[11,28,33,36,38,41],"damage_taken":[{"damage":3,"enemies":"Jaw Worm","floor":1,"turns":4},{"damage":5,"enemies":"Cultist","floor":3,"turns":3},{"damage":0,"enemies":"Small Slimes","floor":5,"turns":3},{"damage":0,"enemies":"Blue Slaver","floor":8,"turns":3},{"damage":0,"enemies":"Lagavulin","floor":11,"turns":5},{"damage":0,"enemies":"Looter","floor":13,"turns":3},{"damage":4,"enemies":"Exordium Thugs","floor":14,"turns":4},{"damage":0,"enemies":"The Guardian","floor":16,"turns":7},{"damage":0,"enemies":"Chosen","floor":18,"turns":4},{"damage":0,"enemies":"Shell Parasite","floor":19,"turns":5},{"damage":0,"enemies":"Centurion and Healer","floor":22,"turns":4},{"damage":12,"enemies":"Slavers","floor":28,"turns":3},{"damage":0,"enemies":"Cultist and Chosen","floor":29,"turns":4},{"damage":0,"enemies":"Gremlin Leader","floor":30,"turns":5},{"damage":4,"enemies":"Chosen and Byrds","floor":31,"turns":6},{"damage":2,"enemies":"Pondfish","floor":33,"turns":9},{"damage":11,"enemies":"3 Darklings","floor":35,"turns":4},{"damage":0,"enemies":"Orb Walker","floor":36,"turns":2},{"damage":0,"enemies":"Transient","floor":38,"turns":5},{"damage":7,"enemies":"Sphere and 2 Shapes","floor":39,"turns":7},{"damage":49,"enemies":"Reptomancer","floor":41,"turns":4}],"seed_played":"6018212937359352794","potions_obtained":[{"floor":1,"key":"Weak Potion"},{"floor":5,"key":"SneckoOil"},{"floor":16,"key":"DistilledChaos"},{"floor":19,"key":"Explosive Potion"},{"floor":28,"key":"DemoMod:LeadSkinPotion"},{"floor":31,"key":"Weak Potion"},{"floor":35,"key":"AttackPotion"}],"is_trial":false,"path_per_floor":["M","$","M","?","M","R","$","M","T","R","E","R","M","M","R","B",null,"M","M","?","?","M","R","?","R","T","$","E","M","E","M","R","B",null,"M","M","$","M","M","R","E"],"character_chosen":"Ab_Foreigner","items_purchased":["AbbyMod:AdultWords","Replay:Rubber Ducky","Medical Kit","AbbyMod:EyesOfMadness","Membership Card","HollowMod:StagPassRelic","AbbyMod:WormHole","Pet Ghost","Pen Nib"],"campfire_rested":0,"item_purchase_floors":[2,2,7,7,27,27,27,37,37],"current_hp_per_floor":[36,36,31,60,60,60,60,60,60,60,60,60,60,56,56,56,59,59,59,59,59,59,59,42,42,42,42,36,42,42,42,42,42,42,35,41,41,42,42,42,0,0],"gold":116,"neow_bonus":"TWO_FIFTY_GOLD","is_daily":false,"chose_seed":false,"campfire_upgraded":8,"win_rate":0.0,"timestamp":1613626896,"path_taken":["M","$","M","?","M","R","$","M","T","R","E","R","?","M","R","BOSS","M","M","?","?","M","R","?","R","T","$","E","M","E","M","R","BOSS","M","M","$","M","M","R","E"],"items_purchased_type":["Card","Relic","Relic","Card","Relic","Relic","Card","Relic","Relic"],"build_version":"2020-12-22","purchased_purges":0,"victory":false,"max_hp_per_floor":[60,60,60,60,60,60,60,60,60,60,60,60,60,60,60,60,60,60,60,60,60,60,60,42,42,42,42,42,42,42,42,42,42,42,42,42,42,42,42,42,42,42],"card_choices":[{"not_picked":["AbbyMod:Memocide","AbbyMod:FlyingMascot"],"picked":"AbbyMod:SavingThrow","floor":1},{"not_picked":["AbbyMod:Ab_FiveStars","AbbyMod:OldOneLimb"],"picked":"AbbyMod:PowerGamer","floor":3},{"not_picked":["AbbyMod:PapaProtection","AbbyMod:LossOfSanity","AbbyMod:StarRadiance"],"picked":"SKIP","floor":5},{"not_picked":["AbbyMod:AdultWords","AbbyMod:SlimyBody","AbbyMod:LargeTentacle"],"picked":"SKIP","floor":8},{"not_picked":["AbbyMod:Takeuchi","AbbyMod:DemonPancake"],"picked":"AbbyMod:PrayerOfFaith","floor":11},{"not_picked":["AbbyMod:AttoSecond","AbbyMod:Meteo"],"picked":"AbbyMod:SuperMuscular","floor":13},{"not_picked":["AbbyMod:ConsumeFlesh","AbbyMod:Kuroboshi"],"picked":"AbbyMod:WitchTrial","floor":14},{"not_picked":["AbbyMod:GudaGudaParticle","AbbyMod:Ab_PuppyEyes"],"picked":"AbbyMod:BadGirl","floor":16},{"not_picked":["AbbyMod:Memocide"],"picked":"SKIP","floor":18},{"not_picked":["AbbyMod:PowerGamer"],"picked":"SKIP","floor":19},{"not_picked":[],"picked":"AbbyMod:ImpossibleGeometry+1","floor":22},{"not_picked":["AbbyMod:TeddyBear"],"picked":"SKIP","floor":28},{"not_picked":["AbbyMod:ChocoKey"],"picked":"SKIP","floor":29},{"not_picked":["AbbyMod:AceInTheHole"],"picked":"SKIP","floor":30},{"not_picked":[],"picked":"AbbyMod:CommandSpell","floor":31},{"not_picked":["AbbyMod:WormHole"],"picked":"SKIP","floor":35},{"not_picked":["AbbyMod:Ab_FiveStars+1"],"picked":"SKIP","floor":36},{"not_picked":["AbbyMod:PreciousMemories"],"picked":"SKIP","floor":38},{"not_picked":["AbbyMod:Memocide"],"picked":"SKIP","floor":39}],"player_experience":933211,"relics_obtained":[{"floor":9,"key":"Smiling Mask"},{"floor":11,"key":"Matryoshka"},{"floor":26,"key":"DemoMod:LamentConfigurum"},{"floor":26,"key":"yuri:PortableGlitches"},{"floor":28,"key":"TungstenRod"},{"floor":30,"key":"Oddly Smooth Stone"}],"event_choices":[{"damage_healed":29,"gold_gain":0,"player_choice":"Full Heal","damage_taken":0,"max_hp_gain":0,"max_hp_loss":0,"event_name":"Wheel of Change","floor":4,"gold_loss":0},{"damage_healed":0,"gold_gain":0,"player_choice":"Ignored","damage_taken":0,"max_hp_gain":0,"max_hp_loss":0,"event_name":"Beggar","floor":20,"gold_loss":0},{"damage_healed":0,"gold_gain":0,"player_choice":"Became a vampire","damage_taken":0,"max_hp_gain":0,"max_hp_loss":18,"event_name":"Vampires","floor":24,"gold_loss":0,"cards_obtained":["Bite","Bite","Bite","Bite","Bite"]}],"is_beta":false,"boss_relics":[{"not_picked":["Replay:Wanted Poster","sagemod:Falmels_Amulet"],"picked":"Busted Crown"},{"not_picked":["Snecko Heart","Philosopher\u0027s Stone"],"picked":"Ring of Chaos"}],"items_purged_floors":[],"is_endless":false,"potions_floor_spawned":[1,5,16,19,28,31,35],"killed_by":"Reptomancer","ascension_level":9}}