{"host":"b5jaqh8y266k2cz4","time":1613690169,"event":{"mods":["AchievementEnabler","Aspiration","BaseMod","Colored Powertips","Conspire","Dio Mod","Downfall","Googly Eyes","Hermit","Highlight Path","Hubris","Infinite Spire","MarisaÅiñ∂âJÅ@ñÇóùçπÅj","Mimic Mod","Minty Spire (QoL Compilation)","Quick Restart","Replay The Spire","Spikes Relics","StSLib","Synergy Search","Td1madao Mod","The Animator","The Cursed","The Jungle","The Necromancer","The Servant 0.9.4","The Wild Card","slay the spire mod where everything is the same but ironclad has a cowboy hat"],"gold_per_floor":[117,128,128,128,128,163,163,181,207,217,227,258,111,152,152,247,247,257,267,267,267,267],"floor_reached":21,"language":"ENG","playtime":812,"items_purged":["theWildCard:BasicDefend"],"score":356,"play_id":"a0eec38b-6e7f-49e3-9d8d-cb726510d478","local_time":"20210218181609","is_ascension_mode":true,"campfire_choices":[{"data":"theWildCard:Arsene","floor":7,"key":"SMITH"},{"data":"theWildCard:Attunement","floor":15,"key":"SMITH"}],"circlet_count":0,"master_deck":["theWildCard:BasicStrike","theWildCard:BasicStrike","theWildCard:BasicStrike","theWildCard:BasicStrike","theWildCard:BasicDefend","theWildCard:BasicDefend","theWildCard:BasicDefend","theWildCard:CallToAdventure","theWildCard:Arsene+1","theWildCard:SeveringSlash","theWildCard:MaskChange","theWildCard:ArcanaArtistry","theWildCard:MaskChange","theWildCard:ArcaneArts","theWildCard:MaskChange","theWildCard:Attunement+1","theWildCard:ArcanaArtistry","theWildCard:SeveringSlash"],"relics":["theWildCard:VelvetContract","NeowsBlessing","Replay:Baseball","Blue Doll","Durian","hubris:Icosahedron"],"acts_visited":["Exordium","theJungle:Jungle"],"potions_floor_usage":[10,10,16,16,18],"damage_taken":[{"damage":0,"enemies":"Jaw Worm","floor":1,"turns":1},{"damage":0,"enemies":"Small Slimes","floor":2,"turns":1},{"damage":0,"enemies":"3 Sentries","floor":6,"turns":1},{"damage":0,"enemies":"2 Louse","floor":8,"turns":3},{"damage":0,"enemies":"Large Slime","floor":10,"turns":3},{"damage":0,"enemies":"Looter","floor":11,"turns":4},{"damage":18,"enemies":"Gremlin Nob","floor":12,"turns":4},{"damage":12,"enemies":"conspire:MimicChest","floor":14,"turns":12},{"damage":0,"enemies":"Hexaghost","floor":16,"turns":10},{"damage":30,"enemies":"theJungle:GiantWrat","floor":18,"turns":11},{"damage":30,"enemies":"theJungle:Flameango_and_Byrd","floor":19,"turns":9},{"damage":18,"enemies":"theJungle:2_Snecko_Cultists","floor":21,"turns":2}],"seed_played":"-6764660150976031397","potions_obtained":[{"floor":2,"key":"Milkshake"},{"floor":6,"key":"ColorlessPotion"},{"floor":8,"key":"AttackPotion"},{"floor":14,"key":"AttackPotion"},{"floor":16,"key":"FearPotion"}],"is_trial":false,"path_per_floor":["M","M","?","?","?","E","R","M","T","M","M","E","$","?","R","B",null,"M","M","?","M"],"character_chosen":"THE_WILD_CARD","items_purchased":["theWildCard:Attunement"],"campfire_rested":0,"item_purchase_floors":[13],"current_hp_per_floor":[54,54,59,59,59,59,59,59,59,59,59,46,46,34,34,34,61,31,1,1,0,0],"gold":267,"neow_bonus":"THREE_ENEMY_KILL","is_daily":false,"chose_seed":false,"campfire_upgraded":2,"win_rate":0.0,"timestamp":1613690169,"path_taken":["M","M","?","?","?","E","R","M","T","M","M","E","$","?","R","BOSS","M","?","?","M"],"items_purchased_type":["Card"],"build_version":"2020-12-22","purchased_purges":1,"victory":false,"max_hp_per_floor":[60,60,65,65,65,65,65,65,65,65,65,70,70,70,70,70,70,70,70,70,70,70],"card_choices":[{"not_picked":["theWildCard:ArcaneArts","theWildCard:BladeOfGenerations"],"picked":"theWildCard:SeveringSlash","floor":1},{"not_picked":["theWildCard:StingingStrike","theWildCard:Scathach"],"picked":"theWildCard:MaskChange","floor":2},{"not_picked":["theWildCard:Proficiency","theWildCard:Michael"],"picked":"theWildCard:ArcanaArtistry","floor":6},{"not_picked":["theWildCard:MagicMettle","theWildCard:Odin","theWildCard:Michael"],"picked":"SKIP","floor":8},{"not_picked":["theWildCard:SacrificialStroke","theWildCard:BladeOfGenerations"],"picked":"theWildCard:MaskChange","floor":10},{"not_picked":["theWildCard:EnergizedStroke","theWildCard:ManOfManyFaces"],"picked":"theWildCard:ArcaneArts","floor":11},{"not_picked":["theWildCard:ArcanaArtistry","theWildCard:Abstinence"],"picked":"theWildCard:MaskChange","floor":12},{"not_picked":["theWildCard:ShieldOfMany+1","theWildCard:Polydeuces"],"picked":"theWildCard:ArcanaArtistry","floor":18},{"not_picked":["theWildCard:SacrificialStroke","theWildCard:Proficiency+1"],"picked":"theWildCard:SeveringSlash","floor":19}],"player_experience":402500,"relics_obtained":[{"floor":6,"key":"Replay:Baseball"},{"floor":9,"key":"Blue Doll"},{"floor":12,"key":"Durian"}],"event_choices":[{"damage_healed":0,"gold_gain":0,"player_choice":"Donut","damage_taken":0,"max_hp_gain":5,"max_hp_loss":0,"event_name":"Big Fish","floor":3,"gold_loss":0},{"damage_healed":0,"gold_gain":0,"player_choice":"Disagree","damage_taken":0,"max_hp_gain":0,"max_hp_loss":0,"event_name":"conspire:LoneGhost","floor":4,"gold_loss":0}],"is_beta":false,"boss_relics":[{"not_picked":["aspiration:FutureDiary","Ring of Chaos","aspiration:RunicSpoon"]}],"items_purged_floors":[13],"is_endless":false,"potions_floor_spawned":[2,6,8,14,16],"killed_by":"theJungle:2_Snecko_Cultists","ascension_level":7}}