{"host":"mithrandi","time":1613633801,"event":{"mods":["BaseMod","Colored Map","Highlight Path","Minty Spire (QoL Compilation)","SuperFastMode"],"gold_per_floor":[359,379,29,47,122,155,155,186,262,262,262],"floor_reached":10,"language":"ENG","playtime":569,"items_purged":["Strike_R"],"score":152,"play_id":"c41a81d6-33f3-4754-b88e-478e97b1e3e9","local_time":"20210218093641","is_ascension_mode":true,"campfire_choices":[{"floor":7.0,"key":"REST"}],"circlet_count":0,"master_deck":["AscendersBane","Strike_R","Strike_R","Strike_R","Strike_R","Defend_R","Defend_R","Defend_R","Defend_R","Bash","Combust","Metallicize","Finesse","Blood for Blood","Armaments","True Grit","Dual Wield","Iron Wave"],"relics":["Burning Blood","WingedGreaves","Anchor","InkBottle"],"acts_visited":["Exordium"],"potions_floor_usage":[10],"damage_taken":[{"damage":3.0,"enemies":"2 Louse","floor":1.0,"turns":3.0},{"damage":22.0,"enemies":"Jaw Worm","floor":2.0,"turns":4.0},{"damage":10.0,"enemies":"Small Slimes","floor":4.0,"turns":4.0},{"damage":34.0,"enemies":"Lagavulin","floor":6.0,"turns":8.0},{"damage":22.0,"enemies":"Gremlin Nob","floor":8.0,"turns":4.0},{"damage":15,"enemies":"3 Sentries","floor":10,"turns":4}],"seed_played":"8084383161128484178","potions_obtained":[{"floor":2.0,"key":"SpeedPotion"},{"floor":6.0,"key":"Weak Potion"}],"is_trial":false,"path_per_floor":["M","M","$","M","?","E","R","E","T","E"],"character_chosen":"IRONCLAD","items_purchased":["Metallicize","Finesse","Blood for Blood","Armaments"],"campfire_rested":1,"item_purchase_floors":[3,3,3,3],"current_hp_per_floor":[68,52,52,48,37,9,29,13,13,0,0],"gold":262,"neow_bonus":"TWO_FIFTY_GOLD","is_daily":false,"chose_seed":false,"campfire_upgraded":0,"win_rate":0.0,"timestamp":1613633801,"path_taken":["M","M","$","M","?","E","R","E","T","E"],"items_purchased_type":["Card","Card","Card","Card"],"build_version":"2020-12-18","purchased_purges":1,"victory":false,"max_hp_per_floor":[68,68,68,68,68,68,68,68,68,68,68],"card_choices":[{"not_picked":["Wild Strike","Whirlwind"],"picked":"Combust","floor":1.0},{"not_picked":["Heavy Blade","Power Through","Cleave"],"picked":"SKIP","floor":2.0},{"not_picked":["Headbutt","Entrench"],"picked":"True Grit","floor":4.0},{"not_picked":["Rage","Blood for Blood"],"picked":"Dual Wield","floor":6.0},{"not_picked":["Twin Strike","Whirlwind"],"picked":"Iron Wave","floor":8.0}],"player_experience":2988611,"relics_obtained":[{"floor":6.0,"key":"WingedGreaves"},{"floor":8.0,"key":"Anchor"},{"floor":9.0,"key":"InkBottle"}],"event_choices":[{"damage_healed":0.0,"max_hp_gain":0.0,"max_hp_loss":0.0,"gold_gain":75.0,"event_name":"World of Goop","player_choice":"Gather Gold","floor":5.0,"gold_loss":0.0,"damage_taken":11.0}],"is_beta":true,"boss_relics":[],"items_purged_floors":[3],"is_endless":false,"potions_floor_spawned":[2,6],"killed_by":"3 Sentries","ascension_level":20}}