{"host":"v6bx4j78sqvho3ll","time":1613681550,"event":{"mods":["AchievementEnabler","BaseMod","Colored Map","Colored Powertips","Minty Spire (QoL Compilation)","Relic Stats","StSLib"],"gold_per_floor":[13,13,25,39,56,90,90,108,108,183,183,199,199,218,218,320,320,336,378,423,461,461,486,146,146,169,182,182,182],"floor_reached":28,"language":"ENG","playtime":1761,"items_purged":["Defend_P+1"],"score":261,"play_id":"fbb0b02d-8ef1-4a6e-9630-c5ab15e6f686","local_time":"20210218215230","is_ascension_mode":true,"campfire_choices":[{"data":"TalkToTheHand","floor":11,"key":"SMITH"},{"floor":13,"key":"RECALL"},{"data":"BattleHymn","floor":15,"key":"SMITH"}],"circlet_count":0,"master_deck":["Strike_P+1","Strike_P+1","Strike_P+1","Defend_P+1","Defend_P+1","Defend_P+1","Eruption+1","Vigilance","Secret Technique","CrushJoints","TalkToTheHand+1","EmptyFist","BattleHymn+1","InnerPeace","DeceiveReality","SashWhip","FlurryOfBlows","Wish","Nirvana","Fasting2+1","CarveReality+1","Protect","Study","SandsOfTime+1"],"relics":["PureWater","Pantograph","Omamori","Busted Crown","Red Mask","Meat on the Bone","Lantern"],"acts_visited":["Exordium","TheCity"],"potions_floor_usage":[6,20,20,23,23,28],"damage_taken":[{"damage":0,"enemies":"Small Slimes","floor":1,"turns":2},{"damage":0,"enemies":"Cultist","floor":3,"turns":2},{"damage":0,"enemies":"Jaw Worm","floor":4,"turns":3},{"damage":16,"enemies":"Lots of Slimes","floor":5,"turns":6},{"damage":0,"enemies":"Gremlin Nob","floor":6,"turns":2},{"damage":2,"enemies":"Blue Slaver","floor":8,"turns":2},{"damage":3,"enemies":"Exordium Thugs","floor":12,"turns":3},{"damage":4,"enemies":"2 Fungi Beasts","floor":14,"turns":3},{"damage":6,"enemies":"Slime Boss","floor":16,"turns":8},{"damage":5,"enemies":"Spheric Guardian","floor":18,"turns":3},{"damage":13,"enemies":"Shell Parasite","floor":19,"turns":3},{"damage":15,"enemies":"Chosen and Byrds","floor":20,"turns":6},{"damage":0,"enemies":"Cultist and Chosen","floor":21,"turns":4},{"damage":22,"enemies":"Masked Bandits","floor":23,"turns":5},{"damage":0,"enemies":"Snake Plant","floor":27,"turns":3},{"damage":29,"enemies":"Gremlin Leader","floor":28,"turns":7}],"seed_played":"3021137828754107939","potions_obtained":[{"floor":1,"key":"ColorlessPotion"},{"floor":6,"key":"Explosive Potion"},{"floor":14,"key":"PowerPotion"},{"floor":16,"key":"Weak Potion"},{"floor":19,"key":"Explosive Potion"},{"floor":20,"key":"LiquidBronze"},{"floor":23,"key":"Ancient Potion"}],"is_trial":false,"path_per_floor":["M","?","M","M","M","E","?","M","T","?","R","M","R","M","R","B",null,"M","M","M","M","?","?","$","?","T","M","E"],"character_chosen":"WATCHER","items_purchased":["Protect","Meat on the Bone"],"campfire_rested":0,"item_purchase_floors":[24,24],"current_hp_per_floor":[72,72,72,72,56,56,56,54,54,47,47,44,44,40,40,59,72,67,54,39,39,39,17,17,17,17,29,0,0],"gold":182,"neow_bonus":"RANDOM_COLORLESS_2","is_daily":false,"chose_seed":false,"campfire_upgraded":2,"win_rate":0.0,"timestamp":1613681550,"path_taken":["M","?","M","M","?","E","?","?","T","?","R","M","R","M","R","BOSS","M","M","M","M","?","?","$","?","T","M","E"],"items_purchased_type":["Card","Relic"],"build_version":"2020-12-13","purchased_purges":1,"victory":false,"max_hp_per_floor":[72,72,72,72,72,72,72,72,72,72,72,72,72,72,72,72,72,72,72,72,72,72,72,72,72,72,72,72,72],"relic_stats":{"Busted Crown":12,"counters":[16,62],"Pantograph":25,"obtain_stats":[{"Lantern":26,"Busted Crown":17,"Pantograph":6,"Omamori":7,"Red Mask":23,"PureWater":0,"Meat on the Bone":24},{"Lantern":14,"Busted Crown":9,"Pantograph":5,"Omamori":5,"Red Mask":14,"PureWater":0,"Meat on the Bone":14},{"Lantern":52,"Busted Crown":31,"Pantograph":15,"Omamori":15,"Red Mask":52,"PureWater":0,"Meat on the Bone":52}],"Meat on the Bone":12},"card_choices":[{"not_picked":["Sadistic Nature","Magnetism"],"picked":"Secret Technique","floor":0},{"not_picked":["Study","SignatureMove"],"picked":"CrushJoints","floor":1},{"not_picked":["Consecrate","Halt"],"picked":"TalkToTheHand","floor":3},{"not_picked":["DeceiveReality","FlyingSleeves"],"picked":"EmptyFist","floor":4},{"not_picked":["DeceiveReality","LikeWater"],"picked":"BattleHymn","floor":5},{"not_picked":["CutThroughFate","ThirdEye"],"picked":"InnerPeace","floor":6},{"not_picked":["WreathOfFlame","Sanctity"],"picked":"DeceiveReality","floor":8},{"not_picked":["CutThroughFate","Crescendo"],"picked":"SashWhip","floor":12},{"not_picked":["Evaluate","Protect"],"picked":"FlurryOfBlows","floor":14},{"not_picked":["Alpha","DeusExMachina"],"picked":"Wish","floor":16},{"not_picked":["Consecrate"],"picked":"SKIP","floor":18},{"not_picked":[],"picked":"Nirvana","floor":19},{"not_picked":[],"picked":"Fasting2+1","floor":20},{"not_picked":[],"picked":"CarveReality+1","floor":21},{"not_picked":[],"picked":"SandsOfTime+1","floor":27}],"player_experience":63505,"relics_obtained":[{"floor":6,"key":"Pantograph"},{"floor":23,"key":"Red Mask"},{"floor":26,"key":"Lantern"}],"event_choices":[{"damage_healed":0,"gold_gain":0,"player_choice":"Upgraded","damage_taken":0,"max_hp_gain":0,"max_hp_loss":0,"event_name":"Upgrade Shrine","floor":2,"gold_loss":0,"cards_upgraded":["Eruption"]},{"damage_healed":0,"gold_gain":0,"player_choice":"Gave Potion","damage_taken":0,"relics_obtained":["Omamori"],"max_hp_gain":0,"max_hp_loss":0,"event_name":"WeMeetAgain","floor":7,"gold_loss":0},{"damage_healed":0,"gold_gain":75,"player_choice":"Touch","damage_taken":7,"max_hp_gain":0,"max_hp_loss":0,"event_name":"FaceTrader","floor":10,"gold_loss":0},{"damage_healed":0,"gold_gain":0,"player_choice":"Simplicity","damage_taken":0,"max_hp_gain":0,"max_hp_loss":0,"event_name":"Back to Basics","floor":22,"gold_loss":0,"cards_upgraded":["Strike_P","Strike_P","Strike_P","Strike_P","Defend_P","Defend_P","Defend_P","Defend_P"]},{"damage_healed":0,"gold_gain":0,"player_choice":"Fought Bandits","damage_taken":0,"max_hp_gain":0,"max_hp_loss":0,"event_name":"Masked Bandits","floor":23,"gold_loss":0},{"damage_healed":0,"gold_gain":0,"cards_transformed":["Strike_P"],"player_choice":"Transformed","damage_taken":0,"max_hp_gain":0,"max_hp_loss":0,"event_name":"Transmorgrifier","floor":25,"gold_loss":0,"cards_obtained":["Study"]}],"is_beta":false,"boss_relics":[{"not_picked":["SlaversCollar","Black Star"],"picked":"Busted Crown"}],"items_purged_floors":[24],"is_endless":false,"potions_floor_spawned":[1,6,14,16,19,20,23],"killed_by":"Gremlin Leader","ascension_level":1}}