{"host":"79kl9rvhjzhuunbo","time":1613610176,"event":{"mods":["AchievementEnabler","BaseMod","Colored Powertips","Defuse TimeMaze Blight","Friendly Minions","Highlight Path","Minty Spire (QoL Compilation)","Permanent Neow","Quick Restart","Random Character Button","Relic Sorter","StSLib","SuperFastMode","Synergy Search","Unceasing Turn Reminder"],"gold_per_floor":[119,119,139,150,162,193,193,225,225,225,240,252,252,252,252,355,355,374,384,400,412,423,448,448,474,474,474,173,173,173,189,189,291,341,354,364,410,422,170,196,209,241,268,268,295,309,344,362,362,362,362,362,43,78,78],"floor_reached":56,"language":"ENG","playtime":6039,"items_purged":["Defend_B","Zap","Strike_B"],"score":1503,"play_id":"f36e4c5f-9446-47de-ab41-ed6a1c42cd85","local_time":"20210218020256","is_ascension_mode":true,"campfire_choices":[{"floor":7.0,"key":"RECALL"},{"data":"Genetic Algorithm","floor":10.0,"key":"SMITH"},{"data":"Defragment","floor":13.0,"key":"SMITH"},{"data":"Echo Form","floor":15.0,"key":"SMITH"},{"floor":24.0,"key":"REST"},{"floor":27.0,"key":"REST"},{"data":"Chill","floor":29.0,"key":"SMITH"},{"data":"Self Repair","floor":32.0,"key":"SMITH"},{"data":"Capacitor","floor":44.0,"key":"SMITH"},{"data":"Coolheaded","floor":49.0,"key":"SMITH"},{"data":"Cold Snap","floor":52.0,"key":"SMITH"}],"circlet_count":0,"master_deck":["Strike_B","Strike_B+1","Defend_B","Defend_B","Defend_B","Dualcast","Cold Snap+1","Chill+1","Coolheaded+1","Genetic Algorithm+1","Echo Form+1","Gash+1","Defragment+1","Go for the Eyes+1","Cold Snap+1","Blizzard+1","Genetic Algorithm","Blizzard+1","Self Repair+1","Machine Learning","Capacitor+1","Coolheaded+1","Coolheaded+1","Capacitor+1","Cold Snap+1","Fusion+1","Capacitor+1","Cold Snap+1"],"relics":["Cracked Core","Mummified Hand","Molten Egg 2","Eternal Feather","FaceOfCleric","SlaversCollar","Bottled Tornado","Strawberry","DollysMirror","Tiny House","Prayer Wheel","Bronze Scales","Symbiotic Virus","Mango","Orichalcum","Omamori","Ornamental Fan","Membership Card","Toy Ornithopter","Art of War"],"acts_visited":["Exordium","TheCity","TheBeyond","TheEnding"],"potions_floor_usage":[55,55,55],"damage_taken":[{"damage":4.0,"enemies":"Jaw Worm","floor":1.0,"turns":4.0},{"damage":0.0,"enemies":"Cultist","floor":3.0,"turns":3.0},{"damage":0.0,"enemies":"2 Louse","floor":4.0,"turns":3.0},{"damage":4.0,"enemies":"Gremlin Gang","floor":5.0,"turns":7.0},{"damage":5.0,"enemies":"3 Sentries","floor":6.0,"turns":14.0},{"damage":12.0,"enemies":"Lagavulin","floor":8.0,"turns":7.0},{"damage":3.0,"enemies":"2 Fungi Beasts","floor":11.0,"turns":4.0},{"damage":14.0,"enemies":"Exordium Wildlife","floor":12.0,"turns":4.0},{"damage":30.0,"enemies":"Hexaghost","floor":16.0,"turns":10.0},{"damage":10.0,"enemies":"Chosen","floor":18.0,"turns":7.0},{"damage":4.0,"enemies":"Shell Parasite","floor":19.0,"turns":5.0},{"damage":28.0,"enemies":"Snake Plant","floor":20.0,"turns":7.0},{"damage":7.0,"enemies":"Sentry and Sphere","floor":21.0,"turns":8.0},{"damage":15.0,"enemies":"3 Cultists","floor":22.0,"turns":5.0},{"damage":22.0,"enemies":"Gremlin Leader","floor":23.0,"turns":11.0},{"damage":24.0,"enemies":"Slavers","floor":25.0,"turns":6.0},{"damage":20.0,"enemies":"Snake Plant","floor":31.0,"turns":7.0},{"damage":0.0,"enemies":"Automaton","floor":33.0,"turns":11.0},{"damage":22.0,"enemies":"Orb Walker","floor":35.0,"turns":5.0},{"damage":0.0,"enemies":"3 Shapes","floor":36.0,"turns":9.0},{"damage":53.0,"enemies":"2 Orb Walkers","floor":37.0,"turns":8.0},{"damage":0.0,"enemies":"Maw","floor":38.0,"turns":9.0},{"damage":11.0,"enemies":"Nemesis","floor":40.0,"turns":9.0},{"damage":5.0,"enemies":"Transient","floor":41.0,"turns":5.0},{"damage":9.0,"enemies":"Reptomancer","floor":42.0,"turns":8.0},{"damage":19.0,"enemies":"Nemesis","floor":45.0,"turns":7.0},{"damage":8.0,"enemies":"Writhing Mass","floor":46.0,"turns":7.0},{"damage":0.0,"enemies":"Giant Head","floor":47.0,"turns":9.0},{"damage":3.0,"enemies":"Maw","floor":48.0,"turns":8.0},{"damage":10.0,"enemies":"Donu and Deca","floor":50.0,"turns":9.0},{"damage":30.0,"enemies":"Shield and Spear","floor":54.0,"turns":8.0},{"damage":80,"enemies":"The Heart","floor":55,"turns":11}],"seed_played":"695769660242443184","potions_obtained":[{"floor":4.0,"key":"SpeedPotion"},{"floor":6.0,"key":"DuplicationPotion"},{"floor":11.0,"key":"SkillPotion"},{"floor":12.0,"key":"AttackPotion"},{"floor":19.0,"key":"FearPotion"},{"floor":23.0,"key":"Energy Potion"},{"floor":25.0,"key":"LiquidBronze"},{"floor":34.0,"key":"PotionOfCapacity"},{"floor":38.0,"key":"Ancient Potion"},{"floor":40.0,"key":"LiquidBronze"},{"floor":42.0,"key":"PowerPotion"}],"is_trial":false,"path_per_floor":["M","?","M","M","M","E","R","E","T","R","M","M","R","?","R","B",null,"M","M","M","M","M","E","R","E","T","R","$","R","?","M","R","B",null,"M","M","?","M","$","E","M","E","T","R","E","M","E","M","R","B",null,"R","$","E","B",null],"character_chosen":"DEFECT","items_purchased":["DollysMirror","Self Repair","Bronze Scales","Membership Card","Cold Snap+1","Toy Ornithopter"],"campfire_rested":2,"item_purchase_floors":[28,28,39,53,53,53],"current_hp_per_floor":[64,64,64,64,60,55,55,43,43,52,49,35,44,44,53,24,90,81,78,51,45,31,10,50,34,34,77,77,89,89,84,96,106,111,100,113,81,102,102,112,117,132,132,132,133,134,135,136,136,137,137,137,137,118,64],"gold":78,"neow_bonus":"TWENTY_PERCENT_HP_BONUS","is_daily":false,"chose_seed":false,"campfire_upgraded":8,"win_rate":0.0,"timestamp":1613610176,"path_taken":["M","?","M","?","M","E","R","E","T","R","M","M","R","?","R","BOSS","M","M","M","?","M","E","R","E","T","R","$","R","?","M","R","BOSS","M","M","?","M","$","E","M","E","T","R","E","M","E","M","R","BOSS","R","$","E","BOSS"],"items_purchased_type":["Relic","Card","Relic","Relic","Card","Relic"],"build_version":"2020-12-22","purchased_purges":3,"victory":true,"max_hp_per_floor":[89,89,89,89,89,89,89,89,89,89,89,89,89,89,89,90,90,91,92,93,94,95,96,96,104,104,104,104,104,104,105,105,106,111,112,113,114,115,115,116,117,132,132,132,133,134,135,136,136,137,137,137,137,138,139],"card_choices":[{"not_picked":["Rebound","Leap"],"picked":"Cold Snap","floor":1.0},{"not_picked":["Streamline","Auto Shields"],"picked":"Chill","floor":3.0},{"not_picked":["Streamline","Barrage"],"picked":"Coolheaded","floor":4.0},{"not_picked":["Hyperbeam","Go for the Eyes"],"picked":"Genetic Algorithm","floor":5.0},{"not_picked":["Conserve Battery","Stack"],"picked":"Echo Form","floor":6.0},{"not_picked":["Double Energy","Sweeping Beam+1"],"picked":"Gash+1","floor":8.0},{"not_picked":["Steam Power","Barrage+1"],"picked":"Defragment","floor":11.0},{"not_picked":["Conserve Battery","Compile Driver+1"],"picked":"Go for the Eyes+1","floor":12.0},{"not_picked":["Turbo","Leap"],"picked":"Cold Snap+1","floor":18.0},{"not_picked":["Reinforced Body","Aggregate"],"picked":"Blizzard+1","floor":19.0},{"not_picked":["Force Field","Conserve Battery+1","Electrodynamics"],"picked":"SKIP","floor":20.0},{"not_picked":["Redo","Streamline+1","Gash+1"],"picked":"SKIP","floor":21.0},{"not_picked":["Rebound+1","Leap"],"picked":"Genetic Algorithm","floor":22.0},{"not_picked":["Ball Lightning+1","Compile Driver+1","Go for the Eyes+1"],"picked":"SKIP","floor":23.0},{"not_picked":["Gash+1","Biased Cognition","Streamline+1"],"picked":"SKIP","floor":25.0},{"not_picked":["Streamline+1","Beam Cell+1","Rebound+1"],"picked":"SKIP","floor":31.0},{"not_picked":["Fission","Rainbow"],"picked":"Machine Learning","floor":33.0},{"not_picked":["Redo","Beam Cell+1","Go for the Eyes+1"],"picked":"SKIP","floor":35.0},{"not_picked":["Scrape+1","Reprogram","Barrage+1"],"picked":"SKIP","floor":36.0},{"not_picked":["Storm+1","Ball Lightning+1"],"picked":"Capacitor","floor":38.0},{"not_picked":["Chill+1","Tempest"],"picked":"Coolheaded+1","floor":38.0},{"not_picked":["Amplify","Scrape+1","Steam+1"],"picked":"SKIP","floor":40.0},{"not_picked":["Amplify","Scrape+1","Steam+1"],"picked":"SKIP","floor":40.0},{"not_picked":["Steam+1","Glacier+1"],"picked":"Coolheaded+1","floor":41.0},{"not_picked":["Turbo+1","Hologram+1"],"picked":"Capacitor+1","floor":41.0},{"not_picked":["Thunder Strike+1","Tempest+1","Leap+1"],"picked":"SKIP","floor":42.0},{"not_picked":["Stack+1","Turbo"],"picked":"Cold Snap+1","floor":45.0},{"not_picked":["Hologram+1","Rebound+1"],"picked":"Fusion+1","floor":46.0},{"not_picked":["Doom and Gloom+1","Streamline+1","Coolheaded"],"picked":"SKIP","floor":46.0},{"not_picked":["Electrodynamics","Gash+1","Sweeping Beam+1"],"picked":"SKIP","floor":47.0},{"not_picked":["Scrape+1","Redo"],"picked":"Capacitor+1","floor":48.0},{"not_picked":["Compile Driver+1","Darkness","Thunder Strike+1"],"picked":"SKIP","floor":48.0},{"not_picked":["Storm+1","Static Discharge","Genetic Algorithm"],"picked":"SKIP","floor":54.0}],"player_experience":288560,"relics_obtained":[{"floor":6.0,"key":"Mummified Hand"},{"floor":8.0,"key":"Molten Egg 2"},{"floor":9.0,"key":"Eternal Feather"},{"floor":23.0,"key":"Bottled Tornado"},{"floor":25.0,"key":"Strawberry"},{"floor":37.0,"key":"Prayer Wheel"},{"floor":40.0,"key":"Symbiotic Virus"},{"floor":42.0,"key":"Mango"},{"floor":43.0,"key":"Orichalcum"},{"floor":45.0,"key":"Omamori"},{"floor":47.0,"key":"Ornamental Fan"},{"floor":54.0,"key":"Art of War"}],"event_choices":[{"cards_removed":["Strike_B"],"damage_healed":0.0,"max_hp_gain":0.0,"max_hp_loss":0.0,"gold_gain":0.0,"event_name":"Purifier","player_choice":"Purged","floor":2.0,"gold_loss":0.0,"damage_taken":0.0},{"damage_healed":0.0,"max_hp_gain":0.0,"max_hp_loss":0.0,"gold_gain":0.0,"event_name":"FaceTrader","player_choice":"Trade","floor":14.0,"gold_loss":0.0,"damage_taken":0.0,"relics_obtained":["FaceOfCleric"]},{"damage_healed":0.0,"max_hp_gain":0.0,"max_hp_loss":0.0,"gold_gain":0.0,"event_name":"Cursed Tome","player_choice":"Ignored","floor":30.0,"gold_loss":0.0,"damage_taken":0.0},{"damage_healed":0.0,"max_hp_gain":0.0,"max_hp_loss":0.0,"gold_gain":0.0,"event_name":"Mysterious Sphere","player_choice":"Fight","floor":37.0,"gold_loss":0.0,"damage_taken":0.0}],"is_beta":false,"boss_relics":[{"not_picked":["Nuclear Battery","Fusion Hammer"],"picked":"SlaversCollar"},{"not_picked":["Snecko Eye","Philosopher\u0027s Stone"],"picked":"Tiny House"}],"items_purged_floors":[28,39,53],"is_endless":false,"potions_floor_spawned":[4,6,11,12,19,23,25,38,40,42,45,46],"ascension_level":2}}