{"host":"8lvnnmfamkc2d31d","time":1613638785,"event":{"mods":["2.2 Compatiblity","Act Like it!","BaseMod","Better Skull","Better Third Choice","Colored Map","Hermit","Infinite Spire","Minty Spire (QoL Compilation)","Relic Stats","StSLib"],"gold_per_floor":[114,114,114,114,134,164,164,181,205,234,267,292,292,304,304,376,426,438,450,450,450,375,406,434,434,457,490,515,515,550,570,570,662,662,679,342,369,369,369,404,432,457,516,516,552,552,588,599,608,687,784,784,799,808,808,568,594,620,650,684,743,743,784,488,531,531,531,699,699,707,733,742,770,770,799,808,869,878,887,837,868,868,937,946,1047,1047,1044,1062,929,965,1088,1156,1227,1293,1325,1392,1418,1485,1410,1410,1410,1487,1581,1581,1581,1402,1465,1534],"floor_reached":109,"language":"ENG","playtime":6558,"items_purged":[],"score":9019,"play_id":"8eff299e-54b8-4ff2-988e-6723582d1923","local_time":"20210218025945","daily_mods":["SealedDeck","Vintage","Heirloom","Time Dilation","Flight","Cursed Run","Lethality"],"is_ascension_mode":true,"campfire_choices":[{"floor":7.0,"key":"REST"},{"data":"hermit:GoldenBullet","floor":13.0,"key":"SMITH"},{"data":"hermit:ShadowCloak","floor":15.0,"key":"SMITH"},{"data":"hermit:Determination","floor":32.0,"key":"SMITH"},{"data":"Apotheosis","floor":44.0,"key":"SMITH"},{"data":"hermit:Adapt","floor":46.0,"key":"SMITH"},{"floor":49.0,"key":"REST"},{"data":"hermit:TakeAim","floor":49.0,"key":"SMITH"},{"floor":62.0,"key":"REST"},{"data":"hermit:CursedWeapon","floor":62.0,"key":"SMITH"},{"floor":67.0,"key":"REST"},{"data":"hermit:OverwhelmingPower","floor":67.0,"key":"SMITH"},{"floor":79.0,"key":"REST"},{"floor":79.0,"key":"DIG"},{"floor":84.0,"key":"REST"},{"data":"hermit:ShadowCloak","floor":84.0,"key":"SMITH"},{"data":"hermit:DeadOrAlive","floor":101,"key":"SMITH"},{"floor":105,"key":"REST"},{"data":"hermit:OverwhelmingPower","floor":105,"key":"SMITH"}],"circlet_count":0,"master_deck":["AscendersBane","hermit:TakeCover+1","hermit:GhostlyPresence","hermit:Gestalt","hermit:GoldenBullet+1","hermit:SprayPray+1","hermit:FlashPowder+1","hermit:FlashPowder+1","hermit:SprayPray+1","hermit:ShadowCloak+1","hermit:EyeOfTheStorm","Regret","hermit:Adapt+1","infinitespire:Collect","hermit:Determination+1","hermit:WideOpen+1","Parasite","hermit:Quickdraw","infinitespire:Pacifist","hermit:FromBeyond","hermit:CursedWeapon+1","Apotheosis+1","Discovery","Thinking Ahead","Jack Of All Trades","hermit:EyeOfTheStorm","Pain","hermit:Scavenge","hermit:TakeAim+1","infinitespire:FutureSight","hermit:OverwhelmingPower+1","Injury","Clumsy","hermit:Brawl","hermit:DeadOrAlive+1","hermit:ShadowCloak+1","Regret","hermit:CursedWeapon+1","Doubt","hermit:FlashPowder","infinitespire:Pacifist","hermit:Snipe","hermit:Snipe","hermit:ShadowCloak","Regret","Flash of Steel","infinitespire:Pacifist","Discovery","hermit:Scavenge","Clumsy","hermit:CursedWeapon+1","Parasite","hermit:RoundhouseKick","Injury","hermit:OverwhelmingPower+1","hermit:ShadowCloak","Parasite"],"relics":["Cursed Key","Darkstone Periapt","Du-Vu Doll","Lizard Tail","Akabeko","Nunchaku","Prayer Wheel","Centennial Puzzle","Potion Belt","Pen Nib","Bronze Scales","Shuriken","Singing Bowl","Bag of Preparation","Tiny House","War Paint","Red Mask","Toy Ornithopter","infinitespire:Satchel","MutagenicStrength","Boot","Blood Vial","infinitespire:ShieldingShard","CeramicFish","infinitespire:Cupcake","Dream Catcher","Blue Candle","hermit:BartenderGlass","hermit:RyeStalk","Membership Card","Oddly Smooth Stone","ClockworkSouvenir","Art of War","Smiling Mask","Whetstone","Omamori","infinitespire:Magic Flask","Strawberry","PreservedInsect","SacredBark","Regal Pillow","Golden Idol","infinitespire:Lucky Rock","Shovel","Tiny Chest","MealTicket","Pear","Orichalcum","Vajra","White Beast Statue","Matryoshka","Lantern","infinitespire:PuzzleCube","Medical Kit","Philosopher\u0027s Stone","Ginger","Bag of Marbles","Juzu Bracelet","Ornamental Fan","Happy Flower","Pocketwatch","infinitespire:Beetle Shell","Ancient Tea Set","Anchor","Question Card","Bottled Flame","Enchiridion","infinitespire:Eraser","Busted Crown","Mummified Hand","infinitespire:EmpoweringShard","infinitespire:BottledMercury","Calipers","hermit:CharredGlove","Incense Burner","Letter Opener","Bottled Lightning","infinitespire:Midas Blood","infinitespire:Bottled Soul","FossilizedHelix","DollysMirror","Runic Dome","Mercury Hourglass","Gremlin Horn"],"acts_visited":["Exordium","TheCity","TheBeyond","Exordium","TheCity","TheBeyond","TheEnding"],"potions_floor_usage":[92,92,92,94,96,96,102,102,102,103,103,107,107,107,108,108,108,108,108,108,108,108,108,108],"damage_taken":[{"damage":3.0,"enemies":"Small Slimes","floor":1.0,"turns":3.0},{"damage":0.0,"enemies":"2 Louse","floor":5.0,"turns":1.0},{"damage":35.0,"enemies":"3 Sentries","floor":6.0,"turns":10.0},{"damage":0.0,"enemies":"Cultist","floor":8.0,"turns":1.0},{"damage":0.0,"enemies":"Gremlin Nob","floor":10.0,"turns":1.0},{"damage":0.0,"enemies":"3 Sentries","floor":11.0,"turns":2.0},{"damage":1.0,"enemies":"Lagavulin","floor":12.0,"turns":3.0},{"damage":0.0,"enemies":"Lots of Slimes","floor":14.0,"turns":3.0},{"damage":9.0,"enemies":"The Guardian","floor":16.0,"turns":7.0},{"damage":0.0,"enemies":"Spheric Guardian","floor":18.0,"turns":2.0},{"damage":1.0,"enemies":"2 Thieves","floor":19.0,"turns":3.0},{"damage":3.0,"enemies":"Gremlin Leader","floor":23.0,"turns":3.0},{"damage":1.0,"enemies":"Book of Stabbing","floor":24.0,"turns":2.0},{"damage":9.0,"enemies":"Slavers","floor":27.0,"turns":3.0},{"damage":0.0,"enemies":"Nightmare","floor":28.0,"turns":3.0},{"damage":0.0,"enemies":"Book of Stabbing","floor":30.0,"turns":2.0},{"damage":0.0,"enemies":"Cultist and Chosen","floor":31.0,"turns":3.0},{"damage":0.0,"enemies":"Champ","floor":33.0,"turns":5.0},{"damage":0.0,"enemies":"3 Darklings","floor":35.0,"turns":3.0},{"damage":0.0,"enemies":"Nightmare","floor":40.0,"turns":3.0},{"damage":2.0,"enemies":"Nemesis","floor":41.0,"turns":5.0},{"damage":7.0,"enemies":"Reptomancer","floor":42.0,"turns":3.0},{"damage":0.0,"enemies":"Nemesis","floor":45.0,"turns":1.0},{"damage":5.0,"enemies":"Reptomancer","floor":47.0,"turns":3.0},{"damage":0.0,"enemies":"Orb Walker","floor":48.0,"turns":1.0},{"damage":42.0,"enemies":"infinitespire:MassOfShapes","floor":50.0,"turns":5.0},{"damage":48.0,"enemies":"Awakened One","floor":51.0,"turns":7.0},{"damage":0.0,"enemies":"Jaw Worm","floor":53.0,"turns":1.0},{"damage":0.0,"enemies":"Small Slimes","floor":57.0,"turns":1.0},{"damage":0.0,"enemies":"Lagavulin","floor":58.0,"turns":1.0},{"damage":0.0,"enemies":"3 Sentries","floor":59.0,"turns":2.0},{"damage":0.0,"enemies":"Gremlin Nob","floor":60.0,"turns":1.0},{"damage":0.0,"enemies":"3 Sentries","floor":63.0,"turns":2.0},{"damage":0.0,"enemies":"Gremlin Nob","floor":65.0,"turns":1.0},{"damage":0.0,"enemies":"The Guardian","floor":68.0,"turns":1.0},{"damage":0.0,"enemies":"Shell Parasite","floor":70.0,"turns":1.0},{"damage":0.0,"enemies":"3 Byrds","floor":71.0,"turns":2.0},{"damage":0.0,"enemies":"Snake Plant","floor":73.0,"turns":1.0},{"damage":0.0,"enemies":"Book of Stabbing","floor":75.0,"turns":1.0},{"damage":4.0,"enemies":"Slavers","floor":77.0,"turns":3.0},{"damage":0.0,"enemies":"Book of Stabbing","floor":81.0,"turns":1.0},{"damage":0.0,"enemies":"Slavers","floor":83.0,"turns":2.0},{"damage":0.0,"enemies":"Automaton","floor":85.0,"turns":1.0},{"damage":0.0,"enemies":"3 Darklings","floor":87.0,"turns":3.0},{"damage":0.0,"enemies":"infinitespire:Three Voidlings","floor":91.0,"turns":2.0},{"damage":0.0,"enemies":"Nightmare_Alpha","floor":91.0,"turns":1.0},{"damage":0,"enemies":"Reptomancer","floor":92,"turns":2},{"damage":0,"enemies":"Nemesis","floor":93,"turns":1},{"damage":0,"enemies":"Giant Head","floor":94,"turns":2},{"damage":0,"enemies":"Nemesis","floor":96,"turns":1},{"damage":0,"enemies":"Orb Walker","floor":97,"turns":1},{"damage":0,"enemies":"Reptomancer","floor":98,"turns":1},{"damage":32,"enemies":"Awakened One","floor":102,"turns":2},{"damage":0,"enemies":"infinitespire:MassOfShapes","floor":103,"turns":1},{"damage":0,"enemies":"Shield and Spear","floor":107,"turns":1},{"damage":10,"enemies":"The Heart","floor":108,"turns":6}],"seed_played":"-3867250512560887318","potions_obtained":[{"floor":5.0,"key":"Swift Potion"},{"floor":6.0,"key":"ColorlessPotion"},{"floor":8.0,"key":"BlessingOfTheForge"},{"floor":12.0,"key":"SpeedPotion"},{"floor":16.0,"key":"Dexterity Potion"},{"floor":17.0,"key":"LiquidMemories"},{"floor":19.0,"key":"hermit:Tonic"},{"floor":27.0,"key":"PowerPotion"},{"floor":28.0,"key":"Block Potion"},{"floor":30.0,"key":"hermit:BlackBile"},{"floor":33.0,"key":"Swift Potion"},{"floor":40.0,"key":"Fire Potion"},{"floor":41.0,"key":"Regen Potion"},{"floor":50.0,"key":"Swift Potion"},{"floor":51.0,"key":"LiquidBronze"},{"floor":58.0,"key":"Strength Potion"},{"floor":68.0,"key":"hermit:Tonic"},{"floor":70.0,"key":"hermit:BlackBile"},{"floor":81.0,"key":"Explosive Potion"},{"floor":87.0,"key":"Block Potion"},{"floor":91,"key":"AttackPotion"},{"floor":92,"key":"FairyPotion"},{"floor":93,"key":"LiquidBronze"},{"floor":94,"key":"infinitespire:BlackPotion"},{"floor":96,"key":"Regen Potion"},{"floor":98,"key":"PowerPotion"},{"floor":102,"key":"EssenceOfSteel"},{"floor":103,"key":"Strength Potion"},{"floor":107,"key":"LiquidBronze"},{"floor":108,"key":"DuplicationPotion"}],"is_trial":true,"path_per_floor":["M","?","?","?","M","E","R","M","T","E","E","E","R","M","R","B",null,"M","M","?","?","?","E","E","?","T","E","NM","AVR","E","M","R","B",null,"M","$","?","AVR","?","NM","E","E","T","R","E","R","E","M","R","B","B",null,"M","?","?","$","M","E","E","E","T","R","E","$","E","AVR","R","B",null,"M","M","?","M","?","E","T","E","T","R","?","E","?","E","R","B",null,"M","?","$","T","?","E","E","E","T","E","M","E","$","?","R","B","B",null,"R","$","E","B",null],"character_chosen":"HERMIT","items_purchased":["Membership Card","Oddly Smooth Stone","hermit:CursedWeapon","Apotheosis","infinitespire:Lucky Rock","Shovel","Matryoshka","Lantern","hermit:DeadOrAlive","infinitespire:EmpoweringShard","DollysMirror","Mercury Hourglass","hermit:ShadowCloak","PowerPotion"],"campfire_rested":7,"item_purchase_floors":[36,36,36,36,56,56,64,64,64,89,99,106,106,106],"current_hp_per_floor":[61,40,35,40,40,5,26,26,32,32,32,33,33,33,33,30,76,76,75,75,48,48,45,49,49,55,46,50,50,54,56,56,69,101,108,108,98,98,98,110,111,108,114,114,121,121,125,127,130,99,83,120,122,128,108,108,110,114,128,137,143,162,162,162,162,162,164,172,172,172,172,172,172,172,174,180,176,182,186,186,188,167,174,188,196,196,196,188,198,204,200,210,212,214,220,222,222,224,224,224,224,198,216,231,238,238,240,238],"gold":1534,"neow_bonus":"","is_daily":false,"chose_seed":false,"campfire_upgraded":11,"win_rate":0.0,"timestamp":1613638785,"path_taken":["M","?","?","?","?","E","R","?","T","E","E","E","R","M","R","BOSS","M","?","?","?","?","E","E","?","T","E","NM","AVR","E","?","R","BOSS","M","$","?","AVR","?","NM","E","E","T","R","E","R","E","M","R","BOSS","BOSS","M","?","?","$","?","E","E","E","T","R","E","$","E","AVR","R","BOSS","M","M","?","?","?","E","?","E","T","R","?","E","?","E","R","BOSS","M","?","$","?","?","E","E","E","T","E","M","E","$","?","R","BOSS","BOSS","R","$","E","BOSS"],"items_purchased_type":["Relic","Relic","Card","Card","Relic","Relic","Relic","Relic","Card","Relic","Relic","Relic","Card","Potion"],"build_version":"2020-12-22","purchased_purges":0,"victory":true,"max_hp_per_floor":[71,71,71,71,71,71,71,71,77,77,77,79,79,79,79,85,90,90,90,90,95,95,95,95,95,101,101,103,103,105,105,105,111,111,111,111,111,111,111,111,113,115,121,121,121,121,130,130,130,132,132,132,132,138,138,138,138,140,152,154,160,162,162,162,162,162,164,172,172,172,172,172,172,172,174,180,180,186,186,186,188,188,188,188,196,196,196,198,198,204,210,210,212,214,220,222,222,224,224,224,224,230,236,236,238,238,240,248],"relic_stats":{"Darkstone Periapt":96,"Regal Pillow":0,"Singing Bowl":54,"Gremlin Horn":[0,0],"CeramicFish":360,"Bag of Preparation":[96],"Juzu Bracelet":1,"Whetstone":["hermit:SprayPray","hermit:SprayPray"],"Ginger":[6],"Cursed Key":8,"Boot":[20],"Smiling Mask":0,"Blood Vial":37,"Lizard Tail":0,"Nunchaku":[21],"Centennial Puzzle":[39],"Dream Catcher":6,"Shovel":1,"Mummified Hand":[35],"Prayer Wheel":0,"Tiny Chest":2,"MealTicket":10,"Happy Flower":[10],"counters":[56,134],"Golden Idol":286,"Blue Candle":[45],"Pen Nib":[20],"PreservedInsect":1271,"Letter Opener":[95],"War Paint":["hermit:TakeCover","hermit:FlashPowder"],"Orichalcum":[6],"Medical Kit":[0],"Question Card":41,"Mercury Hourglass":[24],"Busted Crown":70,"Shuriken":[21],"Ornamental Fan":[28],"Bronze Scales":[331],"Art of War":[5],"obtain_stats":[{"infinitespire:BottledMercury":90,"Tiny House":17,"Calipers":91,"Gremlin Horn":107,"CeramicFish":29,"Vajra":61,"Whetstone":42,"Ginger":70,"Boot":26,"Blood Vial":27,"hermit:RyeStalk":35,"Lizard Tail":0,"Centennial Puzzle":6,"infinitespire:ShieldingShard":28,"DollysMirror":99,"Strawberry":47,"Prayer Wheel":5,"MealTicket":58,"Philosopher\u0027s Stone":69,"Pear":59,"Happy Flower":76,"Blue Candle":31,"Oddly Smooth Stone":36,"Pen Nib":9,"infinitespire:Beetle Shell":77,"infinitespire:Magic Flask":45,"Letter Opener":94,"War Paint":19,"Question Card":79,"Akabeko":1,"Du-Vu Doll":0,"Runic Dome":104,"Bottled Flame":81,"Shuriken":11,"Bronze Scales":10,"MutagenicStrength":25,"hermit:BartenderGlass":34,"infinitespire:EmpoweringShard":89,"infinitespire:PuzzleCube":65,"infinitespire:Cupcake":29,"Pocketwatch":76,"Darkstone Periapt":0,"Regal Pillow":53,"Lantern":64,"Singing Bowl":12,"SacredBark":52,"Enchiridion":82,"Bag of Preparation":14,"Juzu Bracelet":73,"Incense Burner":93,"Cursed Key":0,"Smiling Mask":41,"Ancient Tea Set":78,"ClockworkSouvenir":38,"Nunchaku":3,"Dream Catcher":30,"Shovel":56,"Matryoshka":64,"Mummified Hand":87,"infinitespire:Bottled Soul":97,"Gambling Chip":18,"Tiny Chest":57,"Red Mask":20,"infinitespire:Eraser":83,"Potion Belt":8,"Golden Idol":54,"PreservedInsect":48,"Omamori":43,"infinitespire:Lucky Rock":56,"Orichalcum":60,"Medical Kit":66,"White Beast Statue":63,"Mercury Hourglass":106,"Anchor":78,"Busted Crown":86,"Ornamental Fan":75,"hermit:CharredGlove":92,"infinitespire:Satchel":24,"Art of War":40,"Bag of Marbles":71,"Membership Card":36,"Bottled Lightning":95,"Toy Ornithopter":23,"FossilizedHelix":98,"infinitespire:Midas Blood":96},{"infinitespire:BottledMercury":44,"Tiny House":9,"Calipers":46,"Gremlin Horn":55,"CeramicFish":15,"Vajra":32,"Whetstone":22,"Ginger":36,"Boot":13,"Blood Vial":14,"hermit:RyeStalk":19,"Lizard Tail":0,"Centennial Puzzle":3,"infinitespire:ShieldingShard":15,"DollysMirror":52,"Strawberry":24,"Prayer Wheel":2,"MealTicket":30,"Philosopher\u0027s Stone":35,"Pear":31,"Happy Flower":39,"Blue Candle":17,"Oddly Smooth Stone":19,"Pen Nib":4,"infinitespire:Beetle Shell":40,"infinitespire:Magic Flask":23,"Letter Opener":49,"War Paint":11,"Question Card":40,"Akabeko":1,"Du-Vu Doll":0,"Runic Dome":54,"Bottled Flame":41,"Shuriken":6,"Bronze Scales":5,"MutagenicStrength":13,"hermit:BartenderGlass":18,"infinitespire:EmpoweringShard":44,"infinitespire:PuzzleCube":34,"infinitespire:Cupcake":15,"Pocketwatch":39,"Darkstone Periapt":0,"Regal Pillow":28,"Lantern":33,"Singing Bowl":7,"SacredBark":27,"Enchiridion":41,"Bag of Preparation":8,"Juzu Bracelet":38,"Incense Burner":48,"Cursed Key":0,"Smiling Mask":21,"Ancient Tea Set":40,"ClockworkSouvenir":19,"Nunchaku":1,"Dream Catcher":16,"Shovel":28,"Matryoshka":33,"Mummified Hand":44,"infinitespire:Bottled Soul":51,"Gambling Chip":10,"Tiny Chest":29,"Red Mask":11,"infinitespire:Eraser":42,"Potion Belt":4,"Golden Idol":28,"PreservedInsect":25,"Omamori":22,"infinitespire:Lucky Rock":28,"Orichalcum":32,"Medical Kit":34,"White Beast Statue":33,"Mercury Hourglass":54,"Anchor":40,"Busted Crown":43,"Ornamental Fan":39,"hermit:CharredGlove":47,"infinitespire:Satchel":13,"Art of War":20,"Bag of Marbles":37,"Membership Card":19,"Bottled Lightning":49,"Toy Ornithopter":12,"FossilizedHelix":52,"infinitespire:Midas Blood":50},{"infinitespire:BottledMercury":113,"Tiny House":31,"Calipers":116,"Gremlin Horn":128,"CeramicFish":47,"Vajra":94,"Whetstone":71,"Ginger":99,"Boot":41,"Blood Vial":44,"hermit:RyeStalk":60,"Lizard Tail":0,"Centennial Puzzle":14,"infinitespire:ShieldingShard":47,"DollysMirror":124,"Strawberry":75,"Prayer Wheel":4,"MealTicket":91,"Philosopher\u0027s Stone":98,"Pear":93,"Happy Flower":103,"Blue Candle":52,"Oddly Smooth Stone":60,"Pen Nib":15,"infinitespire:Beetle Shell":106,"infinitespire:Magic Flask":72,"Letter Opener":121,"War Paint":36,"Question Card":106,"Akabeko":3,"Du-Vu Doll":0,"Runic Dome":127,"Bottled Flame":107,"Shuriken":18,"Bronze Scales":16,"MutagenicStrength":41,"hermit:BartenderGlass":57,"infinitespire:EmpoweringShard":113,"infinitespire:PuzzleCube":97,"infinitespire:Cupcake":47,"Pocketwatch":103,"Darkstone Periapt":0,"Regal Pillow":89,"Lantern":96,"Singing Bowl":21,"SacredBark":88,"Enchiridion":107,"Bag of Preparation":24,"Juzu Bracelet":102,"Incense Burner":119,"Cursed Key":0,"Smiling Mask":68,"Ancient Tea Set":106,"ClockworkSouvenir":60,"Nunchaku":3,"Dream Catcher":49,"Shovel":89,"Matryoshka":96,"Mummified Hand":113,"infinitespire:Bottled Soul":123,"Gambling Chip":33,"Tiny Chest":90,"Red Mask":36,"infinitespire:Eraser":109,"Potion Belt":15,"Golden Idol":89,"PreservedInsect":76,"Omamori":71,"infinitespire:Lucky Rock":89,"Orichalcum":94,"Medical Kit":97,"White Beast Statue":96,"Mercury Hourglass":127,"Anchor":106,"Busted Crown":110,"Ornamental Fan":103,"hermit:CharredGlove":118,"infinitespire:Satchel":41,"Art of War":63,"Bag of Marbles":101,"Membership Card":60,"Bottled Lightning":121,"Toy Ornithopter":39,"FossilizedHelix":124,"infinitespire:Midas Blood":122}],"Toy Ornithopter":78,"Pocketwatch":[0]},"card_choices":[{"not_picked":["hermit:HighCaliber","hermit:Gambit"],"picked":"hermit:ShadowCloak","floor":6.0},{"not_picked":["hermit:Dissolve","hermit:Determination"],"picked":"hermit:EyeOfTheStorm","floor":10.0},{"not_picked":["hermit:Virtue","hermit:ItchyTrigger","hermit:Feint"],"picked":"SKIP","floor":11.0},{"not_picked":["hermit:ItchyTrigger","hermit:Manifest","hermit:PistolWhip"],"picked":"Singing Bowl","floor":12.0},{"not_picked":["hermit:Purgatory","hermit:EternalForm"],"picked":"hermit:Adapt","floor":16.0},{"not_picked":["hermit:HoleUp","hermit:Snipe"],"picked":"hermit:Glare","floor":17.0},{"not_picked":["infinitespire:SealOfDarkness+","infinitespire:DeathsTouch"],"picked":"infinitespire:Collect","floor":20.0},{"not_picked":["hermit:Virtue","hermit:Ricochet"],"picked":"hermit:Determination","floor":23.0},{"not_picked":["hermit:Ricochet","hermit:Manifest"],"picked":"hermit:WideOpen+1","floor":24.0},{"not_picked":["hermit:Feint","hermit:Roughhouse"],"picked":"hermit:Quickdraw","floor":27.0},{"not_picked":["hermit:Enervate","hermit:GoldenBullet","hermit:Glare+1"],"picked":"Singing Bowl","floor":28.0},{"not_picked":["hermit:Quickdraw","hermit:FullyLoaded","hermit:Dive"],"picked":"Singing Bowl","floor":30.0},{"not_picked":["hermit:HeroicBravado","hermit:HighNoon"],"picked":"hermit:FromBeyond","floor":33.0},{"not_picked":["The Bomb","Enlightenment"],"picked":"Discovery","floor":37.0},{"not_picked":["Finesse","Blind"],"picked":"Thinking Ahead","floor":37.0},{"not_picked":["PanicButton","Flash of Steel"],"picked":"Jack Of All Trades","floor":37.0},{"not_picked":["hermit:Scavenge","hermit:DeadMansHand"],"picked":"hermit:EyeOfTheStorm","floor":40.0},{"not_picked":["hermit:Midnight","hermit:Virtue+1","hermit:TrackingShot+1"],"picked":"Singing Bowl","floor":41.0},{"not_picked":["hermit:Roulette","hermit:Dive","hermit:Grudge"],"picked":"Singing Bowl","floor":42.0},{"not_picked":["hermit:Snipe","hermit:Ricochet"],"picked":"hermit:Scavenge","floor":45.0},{"not_picked":["hermit:WideOpen","hermit:Malice+1","hermit:Coalescence"],"picked":"Singing Bowl","floor":47.0},{"not_picked":["hermit:Grudge","hermit:HoleUp"],"picked":"hermit:TakeAim","floor":49.0},{"not_picked":["hermit:Magnum","hermit:FinalCanter","hermit:Purgatory"],"picked":"Singing Bowl","floor":50.0},{"not_picked":["infinitespire:Menacing","infinitespire:SevenWalls"],"picked":"infinitespire:FutureSight","floor":51.0},{"not_picked":["hermit:FatalDesire","hermit:EternalForm"],"picked":"hermit:OverwhelmingPower","floor":51.0},{"not_picked":["hermit:Determination","hermit:Glare","hermit:Manifest"],"picked":"Singing Bowl","floor":58.0},{"not_picked":["hermit:HighCaliber","hermit:WideOpen","hermit:TrackingShot"],"picked":"Singing Bowl","floor":59.0},{"not_picked":["hermit:HighCaliber","hermit:Quickdraw","hermit:Virtue"],"picked":"Singing Bowl","floor":60.0},{"not_picked":["hermit:PistolWhip","hermit:Midnight","hermit:WideOpen"],"picked":"Singing Bowl","floor":62.0},{"not_picked":["hermit:Dive","hermit:Scavenge"],"picked":"hermit:Brawl","floor":63.0},{"not_picked":["hermit:PistolWhip","hermit:Desperado"],"picked":"hermit:ShadowCloak","floor":65.0},{"not_picked":["hermit:TrackingShot","hermit:PistolWhip","hermit:Horror"],"picked":"Singing Bowl","floor":67.0},{"not_picked":["hermit:Roughhouse","hermit:EternalForm","hermit:HighNoon"],"picked":"Singing Bowl","floor":68.0},{"not_picked":["hermit:BlackWind","hermit:CalledShot","hermit:Desperado"],"picked":"Singing Bowl","floor":75.0},{"not_picked":["hermit:EyeOfTheStorm","hermit:ItchyTrigger"],"picked":"hermit:FlashPowder","floor":77.0},{"not_picked":["hermit:Showdown","hermit:Glare"],"picked":"hermit:Snipe","floor":79.0},{"not_picked":["hermit:Midnight","hermit:Vantage","hermit:BodyArmor","hermit:CalledShot"],"picked":"Singing Bowl","floor":81.0},{"not_picked":["hermit:Malice","hermit:Roughhouse","hermit:TakeAim"],"picked":"hermit:Snipe","floor":83.0},{"not_picked":["hermit:LoneWolf+1","hermit:GhostlyPresence","hermit:Misfire"],"picked":"hermit:ShadowCloak","floor":84.0},{"not_picked":["hermit:Gambit","hermit:BlackWind","hermit:HeroicBravado","hermit:FinalCanter"],"picked":"Singing Bowl","floor":85.0},{"not_picked":["Good Instincts"],"picked":"Flash of Steel","floor":88.0},{"not_picked":["Bandage Up"],"picked":"Apotheosis","floor":88.0},{"not_picked":["Madness","Discovery"],"picked":"Singing Bowl","floor":88.0},{"not_picked":["infinitespire:Fortify","infinitespire:Punishment","infinitespire:Menacing"],"picked":"Singing Bowl","floor":91},{"not_picked":["PanicButton","Panacea"],"picked":"Singing Bowl","floor":91},{"not_picked":["Jack Of All Trades"],"picked":"Discovery","floor":91},{"not_picked":["Mayhem","Madness"],"picked":"Singing Bowl","floor":91},{"not_picked":["hermit:Malice"],"picked":"hermit:Scavenge","floor":92},{"not_picked":["hermit:TakeCover","hermit:Midnight+1"],"picked":"Singing Bowl","floor":93},{"not_picked":["hermit:LowProfile","hermit:TrackingShot"],"picked":"Singing Bowl","floor":94},{"not_picked":["hermit:Headshot","hermit:Snipe"],"picked":"Singing Bowl","floor":96},{"not_picked":["hermit:Dissolve","hermit:Desperado"],"picked":"Singing Bowl","floor":98},{"not_picked":["hermit:EternalForm"],"picked":"hermit:RoundhouseKick","floor":102},{"not_picked":["hermit:FromBeyond"],"picked":"hermit:OverwhelmingPower","floor":103},{"not_picked":["hermit:Desperado","hermit:Deadeye"],"picked":"Singing Bowl","floor":105},{"not_picked":["hermit:Enervate","hermit:HighCaliber"],"picked":"Singing Bowl","floor":107},{"not_picked":["hermit:Roughhouse","hermit:Dissolve"],"picked":"Singing Bowl","floor":108}],"player_experience":465948,"relics_obtained":[{"floor":1.0,"key":"Akabeko"},{"floor":5.0,"key":"Prayer Wheel"},{"floor":6.0,"key":"Centennial Puzzle"},{"floor":8.0,"key":"Potion Belt"},{"floor":9.0,"key":"Pen Nib"},{"floor":10.0,"key":"Bronze Scales"},{"floor":11.0,"key":"Shuriken"},{"floor":12.0,"key":"Singing Bowl"},{"floor":14.0,"key":"Bag of Preparation"},{"floor":18.0,"key":"Gambling Chip"},{"floor":19.0,"key":"War Paint"},{"floor":20.0,"key":"Red Mask"},{"floor":23.0,"key":"Toy Ornithopter"},{"floor":24.0,"key":"infinitespire:Satchel"},{"floor":26.0,"key":"Boot"},{"floor":27.0,"key":"Blood Vial"},{"floor":28.0,"key":"infinitespire:ShieldingShard"},{"floor":30.0,"key":"Dream Catcher"},{"floor":31.0,"key":"Blue Candle"},{"floor":35.0,"key":"hermit:RyeStalk"},{"floor":40.0,"key":"Art of War"},{"floor":41.0,"key":"Smiling Mask"},{"floor":42.0,"key":"Whetstone"},{"floor":43.0,"key":"Omamori"},{"floor":45.0,"key":"infinitespire:Magic Flask"},{"floor":47.0,"key":"Strawberry"},{"floor":48.0,"key":"PreservedInsect"},{"floor":53.0,"key":"Regal Pillow"},{"floor":57.0,"key":"Tiny Chest"},{"floor":58.0,"key":"MealTicket"},{"floor":59.0,"key":"Pear"},{"floor":60.0,"key":"Orichalcum"},{"floor":61.0,"key":"Vajra"},{"floor":63.0,"key":"White Beast Statue"},{"floor":65.0,"key":"infinitespire:PuzzleCube"},{"floor":70.0,"key":"Ginger"},{"floor":71.0,"key":"Bag of Marbles"},{"floor":73.0,"key":"Juzu Bracelet"},{"floor":75.0,"key":"Ornamental Fan"},{"floor":76.0,"key":"Happy Flower"},{"floor":76.0,"key":"Pocketwatch"},{"floor":77.0,"key":"infinitespire:Beetle Shell"},{"floor":78.0,"key":"Ancient Tea Set"},{"floor":78.0,"key":"Anchor"},{"floor":79.0,"key":"Question Card"},{"floor":81.0,"key":"Bottled Flame"},{"floor":82.0,"key":"Enchiridion"},{"floor":83.0,"key":"infinitespire:Eraser"},{"floor":87.0,"key":"Mummified Hand"},{"floor":90.0,"key":"infinitespire:BottledMercury"},{"floor":91,"key":"Calipers"},{"floor":92,"key":"hermit:CharredGlove"},{"floor":93,"key":"Incense Burner"},{"floor":94,"key":"Letter Opener"},{"floor":95,"key":"Bottled Lightning"},{"floor":96,"key":"infinitespire:Midas Blood"},{"floor":97,"key":"infinitespire:Bottled Soul"},{"floor":98,"key":"FossilizedHelix"},{"floor":107,"key":"Gremlin Horn"}],"event_choices":[{"damage_healed":61.0,"max_hp_gain":0.0,"max_hp_loss":71.0,"gold_gain":0.0,"event_name":"betterThird:BetterShining","player_choice":"Upgrade","floor":2.0,"gold_loss":0.0,"damage_taken":21.0,"cards_upgraded":["hermit:Enervate","hermit:Headshot"]},{"damage_healed":0.0,"max_hp_gain":0.0,"max_hp_loss":0.0,"gold_gain":0.0,"event_name":"betterThird:BetterScrap","player_choice":"Relic ","floor":3.0,"gold_loss":0.0,"damage_taken":5.0,"cards_obtained":["Crippling Poison"]},{"cards_removed":["hermit:Headshot"],"damage_healed":5.0,"max_hp_gain":0.0,"max_hp_loss":0.0,"gold_gain":0.0,"event_name":"Bonfire Elementals","player_choice":"Offered Common","floor":4.0,"gold_loss":0.0,"damage_taken":0.0},{"cards_removed":["hermit:Headshot"],"damage_healed":5.0,"max_hp_gain":0.0,"max_hp_loss":0.0,"gold_gain":0.0,"event_name":"Bonfire Elementals","player_choice":"Offered Special","floor":4.0,"gold_loss":0.0,"damage_taken":0.0},{"damage_healed":0.0,"max_hp_gain":5.0,"max_hp_loss":0.0,"gold_gain":0.0,"event_name":"Forgotten Altar","player_choice":"Shed Blood","floor":21.0,"gold_loss":0.0,"damage_taken":32.0},{"cards_removed":["Normality"],"damage_healed":0.0,"max_hp_gain":0.0,"max_hp_loss":0.0,"gold_gain":0.0,"event_name":"Beggar","player_choice":"Gave Gold","floor":22.0,"gold_loss":75.0,"damage_taken":0.0},{"damage_healed":0.0,"max_hp_gain":0.0,"max_hp_loss":0.0,"gold_gain":0.0,"event_name":"Drug Dealer","player_choice":"Inject Mutagens","floor":25.0,"gold_loss":0.0,"damage_taken":0.0,"relics_obtained":["MutagenicStrength"]},{"damage_healed":0.0,"max_hp_gain":0.0,"max_hp_loss":0.0,"gold_gain":0.0,"event_name":"SensoryStone","player_choice":"Memory 3","floor":37.0,"gold_loss":0.0,"damage_taken":10.0},{"cards_removed":["hermit:Glare"],"damage_healed":0.0,"max_hp_gain":0.0,"max_hp_loss":0.0,"gold_gain":0.0,"event_name":"Falling","player_choice":"Removed Skill","floor":39.0,"gold_loss":0.0,"damage_taken":0.0},{"damage_healed":0.0,"max_hp_gain":0.0,"max_hp_loss":0.0,"gold_gain":0.0,"event_name":"Golden Idol","player_choice":"Take Wound","floor":54.0,"gold_loss":0.0,"damage_taken":0.0,"relics_obtained":["Golden Idol"],"cards_obtained":["Injury"]},{"damage_healed":0.0,"max_hp_gain":0.0,"max_hp_loss":0.0,"gold_gain":0.0,"event_name":"Wheel of Change","player_choice":"Damaged","floor":55.0,"gold_loss":0.0,"damage_taken":20.0},{"damage_healed":0.0,"max_hp_gain":0.0,"max_hp_loss":0.0,"gold_gain":0.0,"event_name":"Duplicator","player_choice":"Copied","floor":72.0,"gold_loss":0.0,"damage_taken":0.0,"cards_obtained":["hermit:CursedWeapon"]},{"cards_removed":["hermit:Enervate"],"damage_healed":0.0,"max_hp_gain":0.0,"max_hp_loss":0.0,"gold_gain":0.0,"event_name":"Purifier","player_choice":"Purged","floor":74.0,"gold_loss":0.0,"damage_taken":0.0},{"damage_healed":0.0,"max_hp_gain":0.0,"max_hp_loss":0.0,"gold_gain":0.0,"event_name":"The Joust","player_choice":"Bet on Owner","floor":80.0,"gold_loss":50.0,"damage_taken":0.0},{"damage_healed":0.0,"max_hp_gain":0.0,"max_hp_loss":0.0,"gold_gain":0.0,"event_name":"Cursed Tome","player_choice":"Obtained Book","floor":82.0,"gold_loss":0.0,"damage_taken":21.0},{"damage_healed":0.0,"max_hp_gain":0.0,"max_hp_loss":0.0,"gold_gain":0.0,"event_name":"SensoryStone","player_choice":"Memory 3","floor":88.0,"gold_loss":0.0,"damage_taken":10.0},{"damage_healed":0,"gold_gain":0,"player_choice":"Memory 3","damage_taken":10,"max_hp_gain":0,"max_hp_loss":0,"event_name":"SensoryStone","floor":91,"gold_loss":0},{"cards_removed":["Apotheosis"],"damage_healed":0,"gold_gain":0,"player_choice":"Removed Skill","damage_taken":0,"max_hp_gain":0,"max_hp_loss":0,"event_name":"Falling","floor":100,"gold_loss":0}],"is_beta":false,"boss_relics":[{"not_picked":["hermit:DentedPlate","Ectoplasm"],"picked":"Tiny House"},{"not_picked":["Busted Crown","Sozu"],"picked":"hermit:BartenderGlass"},{"not_picked":["Calling Bell","Astrolabe"],"picked":"SacredBark"},{"not_picked":["Astrolabe","Empty Cage"],"picked":"Philosopher\u0027s Stone"},{"not_picked":["Velvet Choker","Snecko Eye"],"picked":"Busted Crown"},{"not_picked":["hermit:DentedPlate","Runic Pyramid"],"picked":"Runic Dome"}],"items_purged_floors":[],"is_endless":true,"potions_floor_spawned":[5,6,8,12,16,19,27,28,30,33,35,40,41,50,51,58,59,60,63,65,68,70,71,73,75,77,81,83,85,87,91,91,92,93,94,96,97,98,102,103,107,108],"ascension_level":20}}