{"host":"pke0xxyzw0teju56","time":1613670152,"event":{"mods":["BaseMod","Bestiary","Colored Powertips","Highlight Path","Minty Spire (QoL Compilation)","StSLib"],"gold_per_floor":[113,11,11,28,45,45,80,92,115,124,46,83,83,100,100,185,185,212,237,237,162,171,180,95,95,167,167,177,196,196,220,220,220,220],"floor_reached":33,"language":"ENG","playtime":1440,"items_purged":[],"score":610,"play_id":"43ad608f-5250-42c7-9231-0aae7649b3c1","local_time":"20210218124232","is_ascension_mode":true,"campfire_choices":[{"data":"Zap","floor":6,"key":"SMITH"},{"floor":10,"key":"REST"},{"data":"Hologram","floor":13,"key":"SMITH"},{"data":"Loop","floor":15,"key":"SMITH"},{"floor":23,"key":"REST"},{"data":"Defragment","floor":27,"key":"SMITH"},{"floor":30,"key":"REST"},{"data":"Discovery","floor":32,"key":"SMITH"}],"circlet_count":0,"master_deck":["AscendersBane","Strike_B","Strike_B","Defend_B","Defend_B","Defend_B","Defend_B","Zap+1","Dualcast","Scrape","Discovery+1","Tempest","Lockon","Leap","Ball Lightning","Loop+1","Hologram+1","Core Surge","Cold Snap","Defragment+1","Electrodynamics","White Noise","Biased Cognition","Turbo"],"relics":["Cracked Core","DataDisk","CeramicFish","Dream Catcher","Potion Belt","Runic Pyramid","Ancient Tea Set","Regal Pillow","HornCleat"],"acts_visited":["Exordium","TheCity"],"potions_floor_usage":[8,14,18,28,33],"damage_taken":[{"damage":0,"enemies":"2 Louse","floor":1,"turns":2},{"damage":2,"enemies":"Jaw Worm","floor":4,"turns":3},{"damage":5,"enemies":"Small Slimes","floor":5,"turns":3},{"damage":11,"enemies":"Gremlin Nob","floor":7,"turns":3},{"damage":0,"enemies":"3 Louse","floor":8,"turns":1},{"damage":26,"enemies":"3 Sentries","floor":12,"turns":5},{"damage":1,"enemies":"Large Slime","floor":14,"turns":4},{"damage":0,"enemies":"Slime Boss","floor":16,"turns":4},{"damage":19,"enemies":"2 Thieves","floor":18,"turns":4},{"damage":0,"enemies":"Chosen","floor":19,"turns":3},{"damage":31,"enemies":"Shelled Parasite and Fungi","floor":28,"turns":2},{"damage":7,"enemies":"Centurion and Healer","floor":29,"turns":5},{"damage":19,"enemies":"Snake Plant","floor":31,"turns":3},{"damage":44,"enemies":"Automaton","floor":33,"turns":6}],"seed_played":"645886588930268380","potions_obtained":[{"floor":5,"key":"Explosive Potion"},{"floor":12,"key":"Block Potion"},{"floor":16,"key":"FearPotion"},{"floor":19,"key":"DistilledChaos"},{"floor":31,"key":"Fire Potion"}],"is_trial":false,"path_per_floor":["M","$","?","M","M","R","E","M","T","R","$","E","R","M","R","B",null,"M","M","?","?","?","R","?","T","T","R","M","M","R","M","R","B"],"character_chosen":"DEFECT","items_purchased":["Discovery","Loop"],"campfire_rested":3,"item_purchase_floors":[2,11],"current_hp_per_floor":[64,64,57,55,50,50,39,39,39,60,60,34,34,33,33,33,62,43,43,23,23,23,45,45,45,45,45,14,7,44,25,25,0,0],"gold":220,"neow_bonus":"RANDOM_COMMON_RELIC","is_daily":false,"chose_seed":false,"campfire_upgraded":5,"win_rate":0.0,"timestamp":1613670152,"path_taken":["M","$","?","M","M","R","E","M","T","R","$","E","R","M","R","BOSS","M","M","?","?","?","R","?","?","T","R","M","M","R","M","R","BOSS"],"items_purchased_type":["Card","Card"],"build_version":"2020-12-22","purchased_purges":0,"victory":false,"max_hp_per_floor":[71,71,71,71,71,71,71,71,71,71,71,71,71,71,71,71,71,71,71,76,76,76,76,76,76,76,76,76,76,76,76,76,76,76],"card_choices":[{"not_picked":["Turbo","Steam"],"picked":"Scrape","floor":1},{"not_picked":["Storm","Conserve Battery"],"picked":"Tempest","floor":4},{"not_picked":["Rebound","Coolheaded"],"picked":"Lockon","floor":5},{"not_picked":["Tempest","Rebound"],"picked":"Leap","floor":7},{"not_picked":["Steam Power","Rebound","Leap"],"picked":"SKIP","floor":8},{"not_picked":["Conserve Battery","Sweeping Beam"],"picked":"Ball Lightning","floor":10},{"not_picked":["Aggregate","Barrage"],"picked":"Hologram","floor":12},{"not_picked":["Lockon","Meteor Strike","Barrage"],"picked":"SKIP","floor":14},{"not_picked":["Fission","All For One"],"picked":"Core Surge","floor":16},{"not_picked":["Steam","Turbo"],"picked":"Cold Snap","floor":18},{"not_picked":["Compile Driver","Streamline"],"picked":"Defragment","floor":19},{"not_picked":["Sweeping Beam","Streamline"],"picked":"White Noise","floor":23},{"not_picked":["Sweeping Beam","Conserve Battery","Hologram"],"picked":"SKIP","floor":28},{"not_picked":["Hologram","Loop"],"picked":"Biased Cognition","floor":29},{"not_picked":["Hologram","Go for the Eyes"],"picked":"Turbo","floor":31}],"player_experience":5356493,"relics_obtained":[{"floor":7,"key":"CeramicFish"},{"floor":9,"key":"Dream Catcher"},{"floor":12,"key":"Potion Belt"},{"floor":25,"key":"Regal Pillow"},{"floor":26,"key":"HornCleat"}],"event_choices":[{"cards_removed":["Strike_B"],"damage_healed":0,"gold_gain":0,"player_choice":"Card Removal","damage_taken":7,"max_hp_gain":0,"max_hp_loss":0,"event_name":"Golden Wing","floor":3,"gold_loss":0},{"damage_healed":0,"gold_gain":0,"player_choice":"Shed Blood","damage_taken":25,"max_hp_gain":5,"max_hp_loss":0,"event_name":"Forgotten Altar","floor":20,"gold_loss":0},{"cards_removed":["Strike_B"],"damage_healed":0,"gold_gain":0,"player_choice":"Gave Gold","damage_taken":0,"max_hp_gain":0,"max_hp_loss":0,"event_name":"Beggar","floor":21,"gold_loss":75},{"damage_healed":0,"gold_gain":0,"player_choice":"Read","damage_taken":0,"max_hp_gain":0,"max_hp_loss":0,"event_name":"The Library","floor":22,"gold_loss":0,"cards_obtained":["Electrodynamics"]},{"damage_healed":0,"gold_gain":0,"player_choice":"Obtained Relic","damage_taken":0,"relics_obtained":["Ancient Tea Set"],"max_hp_gain":0,"max_hp_loss":0,"event_name":"Addict","floor":24,"gold_loss":85}],"is_beta":false,"boss_relics":[{"not_picked":["Busted Crown","Sozu"],"picked":"Runic Pyramid"}],"items_purged_floors":[],"is_endless":false,"potions_floor_spawned":[5,12,16,19,31],"killed_by":"Automaton","ascension_level":20}}