{"host":"apr17x9d6644yr8l","time":1613630468,"event":{"mods":["BaseMod","Downfall","Hermit","Minty Spire (QoL Compilation)","StSLib","The Cursed","The Servant 0.9.4"],"gold_per_floor":[99,9,9,24,36,36,63,80,106,6,41,41,41,60,80,182,182,182,182,197,197,213,213,285,320,338,65,65,15,0,0,14,14,14,14],"floor_reached":33,"language":"ENG","playtime":3153,"items_purged":["sneckomod:Defend","ReturningBlade"],"score":298,"play_id":"e34fe55f-5873-4438-a2f6-ad47b096f150","local_time":"20210217224108","is_ascension_mode":false,"campfire_choices":[{"data":"sneckomod:Cheat","floor":1,"key":"SMITH"},{"floor":10,"key":"REST"},{"data":"sneckomod:UnknownBoss","floor":18,"key":"SMITH"},{"floor":28,"key":"REST"}],"circlet_count":0,"master_deck":["sneckomod:Strike","sneckomod:Strike","sneckomod:Strike","sneckomod:Defend","sneckomod:Defend","sneckomod:TailWhip","sneckomod:SnekBite","sneckomod:Unknown","sneckomod:Cheat+1","sneckomod:ImprovisedAttack","sneckomod:DiceCrush","sneckomod:SnakeSap","sneckomod:UnknownVulnerable","sneckomod:Mudshield","Combust+1","sneckomod:QuickBite","sneckomod:SlitherStrike","sneckomod:UnknownBoss+1","sneckomod:ImprovisedAttack+1","RitualDagger+1","sneckomod:SnakeSap","sneckomod:UnendingSupply+1","sneckomod:UnlimitedRolls+1","sneckomod:RainOfDice","sneckomod:UnendingSupply+1","sneckomod:UnendingSupply+1"],"relics":["sneckomod:SneckoSoul","Letter Opener","Shuriken","downfall:HeartBlessingBlue","SacredBark","Frozen Egg 2","Bag of Marbles","Membership Card","downfall:RedIOU"],"acts_visited":["Exordium","TheCity"],"potions_floor_usage":[11,11,16,16,16,20,25,26,27,30,33],"damage_taken":[{"damage":0,"enemies":"downfall:FleeingMerchant","floor":2,"turns":4},{"damage":8,"enemies":"Small Slimes","floor":4,"turns":3},{"damage":0,"enemies":"Jaw Worm","floor":5,"turns":2},{"damage":5,"enemies":"2 Louse","floor":8,"turns":2},{"damage":37,"enemies":"Gremlin Nob","floor":9,"turns":5},{"damage":7,"enemies":"Lagavulin","floor":11,"turns":7},{"damage":8,"enemies":"Large Slime","floor":14,"turns":4},{"damage":10,"enemies":"2 Fungi Beasts","floor":15,"turns":2},{"damage":17,"enemies":"WA_ARCHETYPE_RETAIN","floor":16,"turns":4},{"damage":3,"enemies":"Shell Parasite","floor":20,"turns":2},{"damage":5,"enemies":"Chosen","floor":22,"turns":3},{"damage":39,"enemies":"Gremlin Leader","floor":25,"turns":6},{"damage":13,"enemies":"Sentry and Sphere","floor":26,"turns":3},{"damage":17,"enemies":"downfall:FleeingMerchant","floor":27,"turns":4},{"damage":20,"enemies":"downfall:FleeingMerchant","floor":30,"turns":4},{"damage":29,"enemies":"Centurion and Healer","floor":32,"turns":4},{"damage":46,"enemies":"DF_ARCHETYPE_CLAW","floor":33,"turns":5}],"seed_played":"9031008196291469230","potions_obtained":[{"floor":4,"key":"EssenceOfSteel"},{"floor":4,"key":"SpeedPotion"},{"floor":9,"key":"hexamod:SoulburnPotion"},{"floor":11,"key":"FearPotion"},{"floor":14,"key":"AttackPotion"},{"floor":16,"key":"SneckoOil"},{"floor":21,"key":"CultistPotion"},{"floor":22,"key":"PowerPotion"},{"floor":25,"key":"sneckomod:OffclassReductionPotion"},{"floor":26,"key":"DuplicationPotion"}],"is_trial":false,"path_per_floor":["R","$","?","M","M","?","T","M","E","R","E","?","R","M","M","B",null,"R","?","M","?","M","R","T","E","M","$","R","?","$","?","M","B"],"character_chosen":"THE_SNECKO","items_purchased":["Membership Card","sneckomod:UnendingSupply+1","AttackPotion"],"campfire_rested":2,"item_purchase_floors":[27,27,27],"current_hp_per_floor":[90,90,95,87,87,87,87,89,52,93,86,86,86,78,68,51,105,105,105,102,102,97,97,97,58,45,28,59,95,75,75,46,0,0,0],"gold":14,"neow_bonus":"ONE_RANDOM_RARE_CARD","is_daily":false,"chose_seed":false,"campfire_upgraded":2,"win_rate":0.0,"timestamp":1613630468,"path_taken":["R","$","?","M","M","?","T","M","E","R","E","?","R","M","M","BOSS","R","?","M","?","M","R","T","E","M","$","R","?","?","?","M","BOSS"],"items_purchased_type":["Relic","Card","Potion"],"build_version":"2020-12-22","purchased_purges":2,"victory":false,"max_hp_per_floor":[90,90,95,95,95,95,95,95,95,105,105,105,105,105,105,105,105,105,105,105,105,105,105,105,105,105,105,105,105,105,105,105,105,105,105],"card_choices":[{"not_picked":["sneckomod:UnknownClassTHE_CHAMP_GRAY","sneckomod:SoulDraw"],"picked":"sneckomod:UnknownUncommonPower","floor":2},{"not_picked":["sneckomod:UnknownClassRED","sneckomod:UnknownExhaust"],"picked":"sneckomod:ImprovisedAttack","floor":4},{"not_picked":["sneckomod:WideSting","sneckomod:UnknownExhaust"],"picked":"sneckomod:DiceCrush","floor":5},{"not_picked":["sneckomod:UnknownWeak","sneckomod:ImprovisedGuard"],"picked":"sneckomod:SnakeSap","floor":8},{"not_picked":["sneckomod:UnknownClassGREEN","sneckomod:UnknownClassBLUE"],"picked":"sneckomod:UnknownVulnerable","floor":9},{"not_picked":["sneckomod:UnendingSupply","sneckomod:CheapStock"],"picked":"sneckomod:Mudshield","floor":11},{"not_picked":["sneckomod:UnknownClassPURPLE","sneckomod:UnknownClassTHE_CHAMP_GRAY"],"picked":"sneckomod:QuickBite","floor":14},{"not_picked":["sneckomod:Unknown0Cost","sneckomod:TrashToTreasure"],"picked":"sneckomod:SlitherStrike","floor":15},{"not_picked":["sneckomod:Restock","sneckomod:UnknownRareSkill"],"picked":"sneckomod:UnknownBoss","floor":16},{"not_picked":["sneckomod:UnknownClassHEXA_GHOST_PURPLE","sneckomod:UnknownUncommonAttack"],"picked":"sneckomod:ImprovisedAttack+1","floor":20},{"not_picked":["sneckomod:QuickBite+1","sneckomod:UnknownClassSLIMEBOUND"],"picked":"sneckomod:SnakeSap","floor":22},{"not_picked":["sneckomod:UnknownClassTHE_BRONZE_AUTOMATON","sneckomod:UnknownClassPURPLE","sneckomod:UnknownClassRED"],"picked":"SKIP","floor":25},{"not_picked":["sneckomod:UnknownClassTHE_BRONZE_AUTOMATON","sneckomod:UnknownClassBLUE"],"picked":"sneckomod:UnendingSupply+1","floor":26},{"not_picked":["sneckomod:UnknownUncommonAttack+1","sneckomod:DiceBlock"],"picked":"sneckomod:UnlimitedRolls+1","floor":27},{"not_picked":["sneckomod:UnknownX","sneckomod:UnknownClassSLIMEBOUND+1"],"picked":"sneckomod:RainOfDice","floor":27},{"not_picked":["sneckomod:SoulCleanse","sneckomod:Unknown1Cost"],"picked":"sneckomod:UnendingSupply+1","floor":30},{"not_picked":["sneckomod:UnknownClassTHE_CURSED_PURPLE","sneckomod:UnknownExhaust+1","sneckomod:Unknown2Cost+1"],"picked":"SKIP","floor":32}],"player_experience":264209,"relics_obtained":[{"floor":9,"key":"Shuriken"},{"floor":11,"key":"Happy Flower"},{"floor":24,"key":"Frozen Egg 2"},{"floor":25,"key":"Bag of Marbles"}],"event_choices":[{"damage_healed":0,"gold_gain":0,"player_choice":"Donut","damage_taken":0,"max_hp_gain":5,"max_hp_loss":0,"event_name":"Big Fish","floor":3,"gold_loss":0},{"damage_healed":0,"gold_gain":0,"player_choice":"Ignored","damage_taken":0,"max_hp_gain":0,"max_hp_loss":0,"event_name":"Ghosts","floor":19,"gold_loss":0}],"is_beta":false,"boss_relics":[{"not_picked":["Runic Dome","Velvet Choker"],"picked":"SacredBark"}],"items_purged_floors":[2,27],"is_endless":false,"potions_floor_spawned":[4,9,11,14,16,22,25,26],"killed_by":"DF_ARCHETYPE_CLAW","ascension_level":0}}