{"host":"8d3fefv2347kqkpz","time":1613687580,"event":{"mods":["AchievementEnabler","BaseMod","Better Vampires","BetterRewards","Colored Map","Colored Powertips","Downfall","Emptier Cage","Highlight Path","Marked Mod","Minty Spire (QoL Compilation)","Permanent Neow","Quick Restart","Rare Cards Sparkle","Relic Stats","Say the Spire","Spicy Shops","StSLib","Waifu the Spire"],"gold_per_floor":[116,133,151,36,54,89,114,114,114,141,141,141,151,179,179,281,281,291,291,305,315,240,240,240,240],"floor_reached":24,"language":"ZHS","playtime":941,"items_purged":["Strike_R"],"score":216,"play_id":"486376bd-f555-4dc4-8795-bb829c0326df","local_time":"20210219063300","is_ascension_mode":false,"campfire_choices":[{"data":"Barricade","floor":8,"key":"SMITH"},{"floor":12,"key":"REST"},{"data":"Carnage","floor":15,"key":"SMITH"},{"floor":23,"key":"REST"}],"circlet_count":0,"master_deck":["Strike_R","Strike_R","Defend_R","Defend_R","Bash","Cleave","Shrug It Off","Carnage+1","Inflame","Barricade+1","Pommel Strike","Shrug It Off+1","Warcry+1","Limit Break+1","Body Slam","Power Through+1"],"relics":["Burning Blood","Toxic Egg 2","Odd Mushroom","Kunai","Empty Cage","Nloth\u0027s Gift"],"acts_visited":["Exordium","TheCity"],"potions_floor_usage":[5,10,16,16],"damage_taken":[{"damage":1,"enemies":"Cultist","floor":1,"turns":3},{"damage":2,"enemies":"Small Slimes","floor":2,"turns":4},{"damage":1,"enemies":"Jaw Worm","floor":3,"turns":5},{"damage":18,"enemies":"Gremlin Gang","floor":5,"turns":5},{"damage":27,"enemies":"3 Sentries","floor":6,"turns":7},{"damage":17,"enemies":"The Mushroom Lair","floor":7,"turns":4},{"damage":27,"enemies":"Gremlin Nob","floor":10,"turns":5},{"damage":9,"enemies":"2 Fungi Beasts","floor":13,"turns":4},{"damage":17,"enemies":"3 Sentries","floor":14,"turns":10},{"damage":16,"enemies":"Slime Boss","floor":16,"turns":11},{"damage":38,"enemies":"Spheric Guardian","floor":18,"turns":8},{"damage":17,"enemies":"Shell Parasite","floor":20,"turns":6},{"damage":28,"enemies":"Chosen and Byrds","floor":21,"turns":11},{"damage":41,"enemies":"Slavers","floor":24,"turns":4}],"seed_played":"8441602736117779593","potions_obtained":[{"floor":3,"key":"SteroidPotion"},{"floor":5,"key":"EssenceOfSteel"},{"floor":6,"key":"FearPotion"},{"floor":14,"key":"Energy Potion"},{"floor":16,"key":"Weak Potion"},{"floor":20,"key":"FairyPotion"}],"is_trial":false,"path_per_floor":["M","M","M","$","M","E","?","R","T","E","?","R","M","E","R","B",null,"M","?","M","M","?","R","E"],"character_chosen":"IRONCLAD","items_purchased":["Carnage"],"campfire_rested":2,"item_purchase_floors":[4],"current_hp_per_floor":[80,80,80,80,68,47,36,36,36,15,15,39,36,25,25,15,80,48,48,37,15,15,39,24,24],"gold":240,"neow_bonus":"THREE_CARDS","is_daily":false,"chose_seed":false,"campfire_upgraded":2,"win_rate":0.0,"timestamp":1613687580,"path_taken":["M","M","?","$","M","E","?","R","T","E","?","R","M","E","R","BOSS","M","?","?","M","?","R","E"],"items_purchased_type":["Card"],"build_version":"2020-12-22","purchased_purges":1,"victory":false,"max_hp_per_floor":[80,80,80,80,80,80,80,80,80,80,80,80,80,80,80,80,80,80,80,80,80,80,80,80,80],"relic_stats":{"counters":[14,87],"Nloth\u0027s Gift":0,"Kunai":[4],"obtain_stats":[{"The Courier":14,"Nloth\u0027s Gift":19,"Kunai":10,"Toxic Egg 2":6,"Odd Mushroom":7,"Empty Cage":17,"Burning Blood":0},{"The Courier":9,"Nloth\u0027s Gift":11,"Kunai":7,"Toxic Egg 2":5,"Odd Mushroom":6,"Empty Cage":10,"Burning Blood":0},{"The Courier":47,"Nloth\u0027s Gift":66,"Kunai":33,"Toxic Egg 2":24,"Odd Mushroom":28,"Empty Cage":58,"Burning Blood":0}],"Burning Blood":64},"card_choices":[{"not_picked":["Clothesline","Flex"],"picked":"Cleave","floor":0},{"not_picked":["Clothesline","Rupture","Flex"],"picked":"SKIP","floor":1},{"not_picked":["Flex","Evolve"],"picked":"Shrug It Off","floor":2},{"not_picked":["Heavy Blade","Warcry","Searing Blow"],"picked":"SKIP","floor":3},{"not_picked":["Clash","Rage"],"picked":"Inflame","floor":5},{"not_picked":["Flex+1","Uppercut"],"picked":"Barricade","floor":6},{"not_picked":["Burning Pact+1","Sword Boomerang"],"picked":"Pommel Strike","floor":7},{"not_picked":["Metallicize","Wild Strike"],"picked":"Shrug It Off+1","floor":10},{"not_picked":["Fire Breathing","Anger"],"picked":"Warcry+1","floor":13},{"not_picked":["Berserk","Heavy Blade","Inflame"],"picked":"SKIP","floor":14},{"not_picked":["Brutality","Immolate"],"picked":"Limit Break+1","floor":16},{"not_picked":["Iron Wave","Metallicize","Heavy Blade"],"picked":"SKIP","floor":18},{"not_picked":["Twin Strike","Blood for Blood+1"],"picked":"Body Slam","floor":20},{"not_picked":["Iron Wave+1","Dark Embrace"],"picked":"Power Through+1","floor":21}],"player_experience":472354,"relics_obtained":[{"floor":6,"key":"Toxic Egg 2"},{"floor":7,"key":"Odd Mushroom"},{"floor":10,"key":"Kunai"},{"floor":14,"key":"The Courier"}],"event_choices":[{"damage_healed":0,"gold_gain":0,"player_choice":"Fought Mushrooms","damage_taken":0,"max_hp_gain":0,"max_hp_loss":0,"event_name":"Mushrooms","floor":7,"gold_loss":0},{"damage_healed":0,"gold_gain":0,"player_choice":"Ignored","damage_taken":0,"max_hp_gain":0,"max_hp_loss":0,"event_name":"Golden Idol","floor":11,"gold_loss":0},{"damage_healed":0,"gold_gain":0,"player_choice":"Traded Relic","damage_taken":0,"relics_obtained":["Nloth\u0027s Gift"],"max_hp_gain":0,"max_hp_loss":0,"event_name":"N\u0027loth","floor":19,"relics_lost":["The Courier"],"gold_loss":0},{"cards_removed":["Strike_R"],"damage_healed":0,"gold_gain":0,"player_choice":"Gave Gold","damage_taken":0,"max_hp_gain":0,"max_hp_loss":0,"event_name":"Beggar","floor":22,"gold_loss":75}],"is_beta":false,"boss_relics":[{"not_picked":["Black Star","Velvet Choker"],"picked":"Empty Cage"}],"items_purged_floors":[4],"is_endless":false,"potions_floor_spawned":[3,5,6,14,16,20],"killed_by":"Slavers","ascension_level":0}}