{"host":"1stlzvh7atuy33yh","time":1613678385,"event":{"mods":["BaseMod","Colored Map","Colored Powertips","Downfall","Friendly Minions","Minty Spire (QoL Compilation)","StSLib","The Marked","The Mystic"],"gold_per_floor":[218,229,229,229,249,249,249,249,249,249,269,294,311,331,331,431,431,446,175,175,191,209,209,209,209,209,229,229,241,241,255,255,255,255],"floor_reached":33,"language":"ENG","playtime":2999,"items_purged":["mysticmod:Defend_Mystic"],"score":249,"play_id":"279248c7-f045-4212-900c-83cada717dc2","local_time":"20210218145945","is_ascension_mode":false,"campfire_choices":[{"data":"mysticmod:PunishingArmor","floor":6.0,"key":"SMITH"},{"floor":8.0,"key":"RECALL"},{"data":"mysticmod:CureLightWounds","floor":10.0,"key":"SMITH"},{"floor":15.0,"key":"REST"},{"data":"mysticmod:MagicMissile","floor":23.0,"key":"SMITH"},{"data":"mysticmod:KnowledgePool","floor":25,"key":"SMITH"},{"floor":32,"key":"REST"}],"circlet_count":0,"master_deck":["mysticmod:Strike_Mystic","mysticmod:Strike_Mystic","mysticmod:Strike_Mystic","mysticmod:Defend_Mystic","mysticmod:Defend_Mystic","mysticmod:Defend_Mystic","mysticmod:ArcaneDodge","mysticmod:ShockingGrasp","mysticmod:LightningBolt","mysticmod:CureLightWounds+1","mysticmod:PunishingArmor+1","mysticmod:Snowball","mysticmod:SpellCombat","mysticmod:KnowledgePool+1","mysticmod:MagicMissile+1","mysticmod:CureLightWounds","mysticmod:ChargedParry+1","mysticmod:HunkerDown"],"relics":["mysticmod:SpellBook","mysticmod:RunicPrism","Sundial","Eternal Feather"],"acts_visited":["Exordium","TheCity"],"potions_floor_usage":[27,28,33],"damage_taken":[{"damage":0.0,"enemies":"Jaw Worm","floor":1.0,"turns":4.0},{"damage":0.0,"enemies":"2 Louse","floor":2.0,"turns":2.0},{"damage":0.0,"enemies":"Small Slimes","floor":5.0,"turns":3.0},{"damage":0.0,"enemies":"Exordium Wildlife","floor":11.0,"turns":3.0},{"damage":28.0,"enemies":"3 Sentries","floor":12.0,"turns":4.0},{"damage":0.0,"enemies":"2 Fungi Beasts","floor":13.0,"turns":2.0},{"damage":2.0,"enemies":"Blue Slaver","floor":14.0,"turns":3.0},{"damage":19.0,"enemies":"Slime Boss","floor":16.0,"turns":11.0},{"damage":19.0,"enemies":"3 Byrds","floor":18.0,"turns":7.0},{"damage":11.0,"enemies":"Shell Parasite","floor":21.0,"turns":5.0},{"damage":21.0,"enemies":"Cultist and Chosen","floor":22.0,"turns":7.0},{"damage":4,"enemies":"Snecko","floor":27,"turns":4},{"damage":9,"enemies":"Colosseum Slavers","floor":28,"turns":3},{"damage":24,"enemies":"Centurion and Healer","floor":29,"turns":10},{"damage":6,"enemies":"Snake Plant","floor":31,"turns":3},{"damage":98,"enemies":"Automaton","floor":33,"turns":10}],"seed_played":"-3967423895268998849","potions_obtained":[{"floor":1.0,"key":"Block Potion"},{"floor":12.0,"key":"SteroidPotion"},{"floor":14.0,"key":"PowerPotion"},{"floor":16.0,"key":"SkillPotion"},{"floor":18.0,"key":"Energy Potion"},{"floor":27,"key":"GamblersBrew"}],"is_trial":false,"path_per_floor":["M","M","?","T","M","R","?","R","T","R","M","E","M","M","R","B",null,"M","$","?","M","M","R","?","R","T","M","?","M","?","M","R","B"],"character_chosen":"MYSTIC_CLASS","items_purchased":["mysticmod:MagicMissile","Swift Potion","mysticmod:CureLightWounds"],"campfire_rested":2,"item_purchase_floors":[19,19,19],"current_hp_per_floor":[77,77,77,77,77,77,77,77,77,77,77,51,51,52,75,58,77,64,64,64,67,59,59,59,59,59,61,61,49,49,49,77,0,0],"gold":255,"neow_bonus":"HUNDRED_GOLD","is_daily":false,"chose_seed":false,"campfire_upgraded":4,"win_rate":0.0,"timestamp":1613678385,"path_taken":["M","M","?","?","M","R","?","R","T","R","M","E","M","M","R","BOSS","M","$","?","M","M","R","?","R","T","M","?","?","?","M","R","BOSS"],"items_purchased_type":["Card","Potion","Card"],"build_version":"2020-12-22","purchased_purges":1,"victory":false,"max_hp_per_floor":[77,77,77,77,77,77,77,77,77,77,77,77,77,77,77,77,77,77,77,77,77,77,77,77,77,77,77,77,77,77,77,77,77,77],"card_choices":[{"not_picked":["mysticmod:Dedication","mysticmod:BulkUp"],"picked":"mysticmod:LightningBolt","floor":1.0},{"not_picked":["mysticmod:Sideswipe","mysticmod:DiviningBlow"],"picked":"mysticmod:CureLightWounds","floor":2.0},{"not_picked":["mysticmod:PowerSlash","mysticmod:Disengage"],"picked":"mysticmod:PunishingArmor","floor":5.0},{"not_picked":["mysticmod:SuddenClarity","mysticmod:VorpalThrust"],"picked":"mysticmod:Snowball","floor":11.0},{"not_picked":["mysticmod:CorrosiveTouch","mysticmod:SummonFamiliar","mysticmod:IllusionOfCalm"],"picked":"SKIP","floor":12.0},{"not_picked":["mysticmod:PureInstinct","mysticmod:Flourish","mysticmod:BladedDash"],"picked":"SKIP","floor":13.0},{"not_picked":["mysticmod:HeavyStrike","mysticmod:Disengage"],"picked":"mysticmod:SpellCombat","floor":14.0},{"not_picked":["mysticmod:SpellRecall","mysticmod:GeminiForm"],"picked":"mysticmod:KnowledgePool","floor":16.0},{"not_picked":["mysticmod:ComponentsPouch","mysticmod:Disengage","mysticmod:SummonFamiliar+1"],"picked":"SKIP","floor":18.0},{"not_picked":["mysticmod:Riposte","mysticmod:Flourish","mysticmod:PowerAttack+1"],"picked":"SKIP","floor":21.0},{"not_picked":["mysticmod:Shield","mysticmod:TomeOfSpells"],"picked":"mysticmod:ChargedParry+1","floor":22.0},{"not_picked":["mysticmod:SummonFamiliar","mysticmod:SuddenClarity","mysticmod:Daze+1"],"picked":"SKIP","floor":27},{"not_picked":["mysticmod:Snowball+1","mysticmod:Riposte"],"picked":"mysticmod:HunkerDown","floor":29},{"not_picked":["mysticmod:PowerSlash","mysticmod:TomeOfSpells","mysticmod:HeavyStrike+1"],"picked":"SKIP","floor":31}],"player_experience":132231,"relics_obtained":[{"floor":4.0,"key":"mysticmod:RunicPrism"},{"floor":12.0,"key":"Sundial"},{"floor":26,"key":"Eternal Feather"}],"event_choices":[{"cards_removed":["mysticmod:Strike_Mystic"],"damage_healed":0.0,"max_hp_gain":0.0,"max_hp_loss":0.0,"gold_gain":0.0,"event_name":"Living Wall","player_choice":"Forget","floor":3.0,"gold_loss":0.0,"damage_taken":0.0},{"damage_healed":0.0,"max_hp_gain":0.0,"max_hp_loss":0.0,"gold_gain":0.0,"event_name":"Golden Idol","player_choice":"Ignored","floor":7.0,"gold_loss":0.0,"damage_taken":0.0},{"damage_healed":0.0,"max_hp_gain":0.0,"max_hp_loss":0.0,"gold_gain":0.0,"event_name":"Ghosts","player_choice":"Ignored","floor":20.0,"gold_loss":0.0,"damage_taken":0.0},{"damage_healed":0,"gold_gain":0,"player_choice":"Fight","damage_taken":0,"max_hp_gain":0,"max_hp_loss":0,"event_name":"Colosseum","floor":28,"gold_loss":0},{"damage_healed":0,"gold_gain":0,"player_choice":"Fled From Nobs","damage_taken":0,"max_hp_gain":0,"max_hp_loss":0,"event_name":"Colosseum","floor":28,"gold_loss":0},{"damage_healed":0,"gold_gain":0,"player_choice":"Ignored","damage_taken":0,"max_hp_gain":0,"max_hp_loss":0,"event_name":"The Mausoleum","floor":30,"gold_loss":0}],"is_beta":false,"boss_relics":[{"not_picked":["Coffee Dripper","Runic Dome","Runic Pyramid"]}],"items_purged_floors":[19],"is_endless":false,"potions_floor_spawned":[1,12,14,16,18,27,28],"killed_by":"Automaton","ascension_level":0}}