{"host":"z8galgznf6llawpn","time":1613680605,"event":{"mods":["AchievementEnabler","Act Like it!","Aspiration","BaseMod","Colored Map","Conspire","Defuse TimeMaze Blight","Energized Spire","Friendly Minions","Hubris","Menagerie","Minty Spire (QoL Compilation)","Permanent Neow","Relic Sorter","Replay The Spire","Shapeshifter Mod","StSLib","Unceasing Turn Reminder"],"gold_per_floor":[109,109,119,139,139,170,170,196,196,196,209,209,220,47,47,143,143,159,159,3,3,13,45,58,83,83,110,141,16,16,30,30,129,129,149,149,149,0,0,30,30,46,72,102,130,130,156,184,184,184,184,184,41,73,73],"floor_reached":56,"language":"ENG","playtime":3215,"items_purged":["StSShapeShifter:ShapeShifter_Strike","StSShapeShifter:ShapeShifter_Strike","StSShapeShifter:ShapeShifter_Strike","StSShapeShifter:BladeOfGrass"],"score":1305,"play_id":"27a2ec60-992c-47d0-b812-cc1e57d73fc5","local_time":"20210218153645","is_ascension_mode":true,"campfire_choices":[{"data":"StSShapeShifter:Spring","floor":7.0,"key":"SMITH"},{"data":"StSShapeShifter:BarkSkin","floor":10.0,"key":"SMITH"},{"data":"StSShapeShifter:BloomingSlash","floor":12.0,"key":"SMITH"},{"data":"StSShapeShifter:Tortoise_Form","floor":15.0,"key":"SMITH"},{"data":"StSShapeShifter:WolfsBane","floor":32.0,"key":"SMITH"},{"data":"StSShapeShifter:Tornado","floor":46.0,"key":"SMITH"},{"floor":49.0,"key":"RECALL"},{"data":"StSShapeShifter:Spring+1","floor":52.0,"key":"SMITH"}],"circlet_count":0,"master_deck":["StSShapeShifter:ShapeShifter_Defend","StSShapeShifter:ShapeShifter_Defend","StSShapeShifter:ShapeShifter_Defend","StSShapeShifter:ShapeShifter_Defend","StSShapeShifter:ShapeShifter_Defend","StSShapeShifter:Tortoise_Form+1","StSShapeShifter:MooseForm","StSShapeShifter:UnicornForm","StSShapeShifter:BarkSkin+1","StSShapeShifter:Spring+2","StSShapeShifter:BloomingSlash+1","StSShapeShifter:MysticalSeed+1","StSShapeShifter:WolfsBane+1","StSShapeShifter:MysticalSeed+1","StSShapeShifter:Sap_Burst","StSShapeShifter:RockSlide+1","StSShapeShifter:Tornado+1","StSShapeShifter:SpiritOfTheEarth"],"relics":["StSShapeShifter:AnimalHeart","StSShapeShifter:TheShapeShiftersMagnolia","MealTicket","hubris:MedicalManual","Bottled Tornado","conspire:RunicOctahedron","DollysMirror","conspire:DeflatedDodgeball","hubris:TenFootPole","aspiration:AnachronicSnailShell","Potion Belt","WingedGreaves","conspire:SeveredTorchhead","hubris:Icosahedron","aspiration:HummingbirdHeart","Incense Burner","conspire:InfiniteJournal","aspiration:VileToxins","Centennial Puzzle","Darkstone Periapt","aspiration:Nostalgia","Iron Core","Calipers"],"acts_visited":["Menagerie:Menagerie","TheCity","TheBeyond","TheEnding"],"potions_floor_usage":[],"damage_taken":[{"damage":11.0,"enemies":"Menagerie:MonstrousExperiment","floor":1.0,"turns":5.0},{"damage":2.0,"enemies":"Menagerie:StygianBoar","floor":3.0,"turns":4.0},{"damage":6.0,"enemies":"Menagerie:WhisperingWraith","floor":4.0,"turns":5.0},{"damage":35.0,"enemies":"Menagerie:MaskedSummoner","floor":6.0,"turns":16.0},{"damage":40.0,"enemies":"Menagerie:VoidReaper","floor":8.0,"turns":10.0},{"damage":15.0,"enemies":"Menagerie:STYGIAN_BOAR_AND_RABBIT","floor":11.0,"turns":5.0},{"damage":0.0,"enemies":"Menagerie:BEAST_MAGE_AND_PROWLING_AMALGAM","floor":13.0,"turns":4.0},{"damage":17.0,"enemies":"Menagerie:Suneater","floor":16.0,"turns":9.0},{"damage":31.0,"enemies":"2 Thieves","floor":18.0,"turns":5.0},{"damage":0.0,"enemies":"Chosen","floor":22.0,"turns":4.0},{"damage":11.0,"enemies":"Book of Stabbing","floor":23.0,"turns":5.0},{"damage":17.0,"enemies":"3 Cultists","floor":24.0,"turns":5.0},{"damage":7.0,"enemies":"Slavers","floor":25.0,"turns":3.0},{"damage":7.0,"enemies":"Gremlin Leader","floor":28.0,"turns":4.0},{"damage":2.0,"enemies":"Snecko","floor":31.0,"turns":5.0},{"damage":0.0,"enemies":"Collector","floor":33.0,"turns":5.0},{"damage":0.0,"enemies":"3 Darklings","floor":35.0,"turns":4.0},{"damage":0.0,"enemies":"Reptomancer","floor":40.0,"turns":3.0},{"damage":2.0,"enemies":"Orb Walker","floor":42.0,"turns":3.0},{"damage":1.0,"enemies":"Giant Head","floor":44.0,"turns":5.0},{"damage":0.0,"enemies":"Nemesis","floor":45.0,"turns":6.0},{"damage":0.0,"enemies":"R_Hoarder","floor":47.0,"turns":7.0},{"damage":2.0,"enemies":"Reptomancer","floor":48.0,"turns":4.0},{"damage":19.0,"enemies":"Replay:Hell Engine","floor":50.0,"turns":5.0},{"damage":8.0,"enemies":"Shield and Spear","floor":54.0,"turns":4.0},{"damage":61,"enemies":"The Heart","floor":55,"turns":5}],"seed_played":"-6270095401832164023","potions_obtained":[{"floor":1.0,"key":"Milkshake"},{"floor":3.0,"key":"Block Potion"},{"floor":11.0,"key":"StSShapeShifter:PolyBeastPotion"},{"floor":13.0,"key":"Explosive Potion"},{"floor":28.0,"key":"Energy Potion"},{"floor":31.0,"key":"Strength Potion"},{"floor":42.0,"key":"Cursed Concoction"}],"is_trial":false,"path_per_floor":["M","?","M","M","?","E","R","E","T","R","M","R","M","$","R","B",null,"M","?","$","?","M","E","M","E","T","T","E","$","?","M","R","B",null,"M","?","?","$","T","E","R","M","T","E","E","R","E","E","R","B",null,"R","$","E","B",null],"character_chosen":"SHAPESHIFTER","items_purchased":["Fruit Juice","DollysMirror","aspiration:Nostalgia"],"campfire_rested":0,"item_purchase_floors":[14,20,53],"current_hp_per_floor":[67,67,65,59,54,19,19,39,39,39,24,24,24,39,39,22,78,47,47,62,62,62,51,34,27,27,27,25,40,40,38,38,38,83,83,83,83,83,83,83,83,81,81,80,80,80,82,80,80,61,83,83,83,75,14],"gold":73,"neow_bonus":"THREE_RARE_CARDS","is_daily":false,"chose_seed":false,"campfire_upgraded":7,"win_rate":0.0,"timestamp":1613680605,"path_taken":["M","?","M","M","?","E","R","E","T","R","M","R","M","?","R","BOSS","M","?","$","?","M","E","?","E","T","?","E","$","?","M","R","BOSS","M","?","?","$","?","E","R","M","T","E","E","R","E","E","R","BOSS","R","$","E","BOSS"],"items_purchased_type":["Potion","Relic","Relic"],"build_version":"2020-12-22","purchased_purges":4,"victory":true,"max_hp_per_floor":[78,78,78,78,78,78,78,78,78,78,78,78,78,78,78,78,78,78,78,78,78,78,78,78,78,78,78,83,83,83,83,83,83,83,83,83,83,83,83,83,83,83,83,83,83,83,83,83,83,83,83,83,83,83,83],"card_choices":[{"not_picked":["StSShapeShifter:DragonForm","StSShapeShifter:MammothForm"],"picked":"StSShapeShifter:MooseForm","floor":0.0},{"not_picked":["StSShapeShifter:DeerForm","StSShapeShifter:Roar"],"picked":"StSShapeShifter:BladeOfGrass","floor":1.0},{"not_picked":["StSShapeShifter:PoisonIvy","StSShapeShifter:RaptorForm","StSShapeShifter:FallingLeaves"],"picked":"SKIP","floor":3.0},{"not_picked":["StSShapeShifter:Rabid","StSShapeShifter:AdaptiveStrikes"],"picked":"StSShapeShifter:BarkSkin","floor":4.0},{"not_picked":["StSShapeShifter:MonkeyForm","StSShapeShifter:MagicMushrooms"],"picked":"StSShapeShifter:BloomingSlash","floor":6.0},{"not_picked":["StSShapeShifter:Wildfire2","StSShapeShifter:BloomingSlash","StSShapeShifter:ThornToss"],"picked":"SKIP","floor":8.0},{"not_picked":["StSShapeShifter:PoisonIvy","StSShapeShifter:VileMushroom","StSShapeShifter:CosmicShifter"],"picked":"SKIP","floor":11.0},{"not_picked":["StSShapeShifter:Sapling","StSShapeShifter:HippoForm","StSShapeShifter:Mystical_Branch"],"picked":"SKIP","floor":13.0},{"not_picked":["StSShapeShifter:HydraForm","StSShapeShifter:RhinoCalfForm"],"picked":"StSShapeShifter:WolfsBane","floor":16.0},{"not_picked":["StSShapeShifter:ThornedSkin","StSShapeShifter:FesteringBite+1","StSShapeShifter:BloomingSlash"],"picked":"SKIP","floor":18.0},{"not_picked":["StSShapeShifter:BloomingSlash","StSShapeShifter:MonkeyForm","StSShapeShifter:Ensconce"],"picked":"SKIP","floor":22.0},{"not_picked":["StSShapeShifter:Maul","StSShapeShifter:Sap_Burst","StSShapeShifter:FesteringBite"],"picked":"SKIP","floor":23.0},{"not_picked":["StSShapeShifter:Maul","StSShapeShifter:FesteringBite"],"picked":"StSShapeShifter:Sap_Burst","floor":23.0},{"not_picked":["StSShapeShifter:Wildfire2","StSShapeShifter:MagicMushrooms+1"],"picked":"StSShapeShifter:RockSlide+1","floor":24.0},{"not_picked":["StSShapeShifter:Evolution+1","StSShapeShifter:FlowerShield","StSShapeShifter:ShiftingStrike"],"picked":"SKIP","floor":25.0},{"not_picked":["StSShapeShifter:FlowerShield","StSShapeShifter:Maul","StSShapeShifter:VineHandcuffs"],"picked":"SKIP","floor":28.0},{"not_picked":["StSShapeShifter:BladeOfGrass+1","StSShapeShifter:DeerForm","StSShapeShifter:RockSlide"],"picked":"SKIP","floor":31.0},{"not_picked":["StSShapeShifter:Pounce","StSShapeShifter:Flood"],"picked":"StSShapeShifter:Tornado","floor":33.0},{"not_picked":["StSShapeShifter:MonkeyForm","StSShapeShifter:EmbraceTheCycle","StSShapeShifter:HippoForm"],"picked":"SKIP","floor":35.0},{"not_picked":["StSShapeShifter:SquirrelForm","StSShapeShifter:LeapingSlash","StSShapeShifter:Maul+1"],"picked":"SKIP","floor":40.0},{"not_picked":["StSShapeShifter:FallingLeaves+1","StSShapeShifter:EntForm","StSShapeShifter:VineHandcuffs+1"],"picked":"SKIP","floor":42.0},{"not_picked":["StSShapeShifter:BurstingSpore","StSShapeShifter:VineHandcuffs+1","StSShapeShifter:RhinoCalfForm"],"picked":"SKIP","floor":44.0},{"not_picked":["StSShapeShifter:CursedApple+1","StSShapeShifter:Pounce","StSShapeShifter:RockSlide"],"picked":"SKIP","floor":45.0},{"not_picked":["StSShapeShifter:RaptorForm","StSShapeShifter:ForestFire+1","StSShapeShifter:FullMoon"],"picked":"SKIP","floor":47.0},{"not_picked":["StSShapeShifter:Wildfire2","StSShapeShifter:BarkSkin"],"picked":"StSShapeShifter:SpiritOfTheEarth","floor":48.0},{"not_picked":["StSShapeShifter:HippoForm+1","ReplayReversal+1","Turbo+1"],"picked":"SKIP","floor":54.0}],"player_experience":434995,"relics_obtained":[{"floor":6.0,"key":"MealTicket"},{"floor":8.0,"key":"hubris:MedicalManual"},{"floor":9.0,"key":"Bottled Tornado"},{"floor":23.0,"key":"conspire:DeflatedDodgeball"},{"floor":25.0,"key":"hubris:TenFootPole"},{"floor":26.0,"key":"aspiration:AnachronicSnailShell"},{"floor":27.0,"key":"Potion Belt"},{"floor":28.0,"key":"WingedGreaves"},{"floor":39.0,"key":"aspiration:HummingbirdHeart"},{"floor":40.0,"key":"Incense Burner"},{"floor":44.0,"key":"conspire:InfiniteJournal"},{"floor":45.0,"key":"aspiration:VileToxins"},{"floor":47.0,"key":"Centennial Puzzle"},{"floor":48.0,"key":"Darkstone Periapt"},{"floor":54.0,"key":"Calipers"}],"event_choices":[{"damage_healed":0.0,"max_hp_gain":0.0,"max_hp_loss":0.0,"gold_gain":0.0,"event_name":"Menagerie:MageAndMonster","player_choice":"Help the mage","floor":5.0,"gold_loss":0.0,"damage_taken":5.0,"cards_obtained":["Menagerie:SagesJudgement"]},{"cards_removed":["StSShapeShifter:ShapeShifter_Strike"],"damage_healed":0.0,"max_hp_gain":0.0,"max_hp_loss":0.0,"gold_gain":0.0,"event_name":"Purifier","player_choice":"Purged","floor":19.0,"gold_loss":0.0,"damage_taken":0.0},{"damage_healed":0.0,"max_hp_gain":0.0,"max_hp_loss":0.0,"gold_gain":0.0,"cards_transformed":["StSShapeShifter:ShapeShifter_Strike"],"event_name":"Transmorgrifier","player_choice":"Transformed","floor":21.0,"gold_loss":0.0,"damage_taken":0.0,"cards_obtained":["StSShapeShifter:FlowerShield"]},{"cards_removed":["StSShapeShifter:Tornado"],"damage_healed":0.0,"max_hp_gain":0.0,"max_hp_loss":0.0,"gold_gain":0.0,"event_name":"Falling","player_choice":"Removed Skill","floor":37.0,"gold_loss":0.0,"damage_taken":0.0}],"is_beta":false,"boss_relics":[{"not_picked":["hubris:Stopwatch","aspiration:RandomNobGenerator"],"picked":"conspire:RunicOctahedron"},{"not_picked":["Runic Pyramid","energizedSpire:RedRose"],"picked":"conspire:SeveredTorchhead"}],"items_purged_floors":[14,20,29,38],"is_endless":false,"potions_floor_spawned":[1,3,11,13,23,24,25,28,31,42,45,47],"ascension_level":1}}