{"host":"jpzdg3po3tjxdjri","time":1613609306,"event":{"mods":["BaseMod","Better Third Choice","Colored Map","Colored Powertips","Minty Spire (QoL Compilation)","StSLib"],"gold_per_floor":[117,42,42,317,333,30,56,110,135,147,147,161,161,188,188,283,283,295,295,247,261,186,186,186,200,275,287,318,338,338,370,370,475,475,492,135,155,173,220,220,247,265,290,290,290,317,336,336,336],"floor_reached":48,"language":"ENG","playtime":1635,"items_purged":["Shame","Regret","Writhe"],"score":604,"play_id":"1c9db2ec-88e4-4947-a346-00c6785bb713","local_time":"20210218004826","is_ascension_mode":true,"campfire_choices":[{"data":"Limit Break","floor":11,"key":"SMITH"},{"data":"Flame Barrier","floor":13,"key":"SMITH"},{"data":"Carnage","floor":15,"key":"SMITH"},{"data":"Flex","floor":24,"key":"SMITH"},{"floor":32,"key":"RECALL"},{"floor":40,"key":"REST"},{"floor":45,"key":"REST"}],"circlet_count":0,"master_deck":["Strike_R","Strike_R","Strike_R","Strike_R","Defend_R","Defend_R","Defend_R","Defend_R","Heavy Blade","Carnage+1","Flex+1","Limit Break+1","Headbutt","Flame Barrier+1","Headbutt","Feed","Perfected Strike","Perfected Strike","Flex","Thunderclap","Shrug It Off+1","Uppercut","Pommel Strike","Sword Boomerang","Double Tap","Twin Strike","Metallicize","Twin Strike","Flex+1","Sword Boomerang+1","Evolve","Heavy Blade+1","Inflame+1","Metallicize","Iron Wave"],"relics":["Burning Blood","Thread and Needle","Sling","Bottled Flame","Happy Flower","Odd Mushroom","Sozu","Pen Nib","Meat on the Bone","Mummified Hand","Omamori","Black Star","Anchor","StoneCalendar","Art of War","Dream Catcher","Du-Vu Doll","Nunchaku"],"acts_visited":["Exordium","TheCity","TheBeyond"],"potions_floor_usage":[7,28],"damage_taken":[{"damage":2,"enemies":"Cultist","floor":1,"turns":3},{"damage":3,"enemies":"Small Slimes","floor":5,"turns":3},{"damage":5,"enemies":"3 Sentries","floor":7,"turns":6},{"damage":3,"enemies":"2 Louse","floor":10,"turns":2},{"damage":1,"enemies":"Large Slime","floor":12,"turns":6},{"damage":13,"enemies":"The Mushroom Lair","floor":14,"turns":5},{"damage":50,"enemies":"Slime Boss","floor":16,"turns":10},{"damage":0,"enemies":"Spheric Guardian","floor":18,"turns":3},{"damage":9,"enemies":"2 Thieves","floor":21,"turns":4},{"damage":26,"enemies":"Centurion and Healer","floor":25,"turns":4},{"damage":0,"enemies":"Snake Plant","floor":27,"turns":1},{"damage":2,"enemies":"Book of Stabbing","floor":28,"turns":4},{"damage":10,"enemies":"Shelled Parasite and Fungi","floor":29,"turns":5},{"damage":12,"enemies":"Gremlin Leader","floor":31,"turns":6},{"damage":37,"enemies":"Collector","floor":33,"turns":8},{"damage":26,"enemies":"3 Darklings","floor":35,"turns":5},{"damage":0,"enemies":"Orb Walker","floor":37,"turns":1},{"damage":28,"enemies":"Maw","floor":38,"turns":6},{"damage":41,"enemies":"2 Orb Walkers","floor":39,"turns":4},{"damage":50,"enemies":"Nemesis","floor":41,"turns":7},{"damage":15,"enemies":"3 Darklings","floor":42,"turns":4},{"damage":15,"enemies":"Giant Head","floor":46,"turns":6},{"damage":12,"enemies":"Sphere and 2 Shapes","floor":47,"turns":5},{"damage":67,"enemies":"Nemesis","floor":48,"turns":4}],"seed_played":"4205305124698248604","potions_obtained":[{"floor":5,"key":"Fire Potion"},{"floor":10,"key":"LiquidBronze"},{"floor":12,"key":"Block Potion"}],"is_trial":false,"path_per_floor":["M","$","$","?","M","$","E","?","T","M","R","M","R","?","R","B",null,"M","?","$","M","?","?","R","M","T","M","E","M","?","E","R","B",null,"M","$","M","M","?","R","E","M","T","?","R","E","M","E"],"character_chosen":"IRONCLAD","items_purchased":["Flex","Sling","Perfected Strike","Anchor","Metallicize","Twin Strike"],"campfire_rested":2,"item_purchase_floors":[6,6,20,36,36,36],"current_hp_per_floor":[80,80,80,80,80,80,80,80,80,80,80,80,80,73,73,29,80,80,80,80,77,77,77,77,60,60,66,70,66,50,56,56,37,88,68,68,74,52,32,59,27,30,30,30,57,60,54,0,0],"gold":336,"neow_bonus":"ONE_RARE_RELIC","is_daily":false,"chose_seed":false,"campfire_upgraded":4,"win_rate":0.0,"timestamp":1613609306,"path_taken":["M","?","$","?","?","$","E","?","T","M","R","M","R","?","R","BOSS","M","?","$","M","?","?","R","M","T","?","E","M","?","E","R","BOSS","M","$","M","M","?","R","E","M","T","?","R","E","M","E"],"items_purchased_type":["Card","Relic","Card","Relic","Card","Card"],"build_version":"2020-12-22","purchased_purges":3,"victory":false,"max_hp_per_floor":[80,80,80,80,80,80,80,80,80,80,80,80,80,80,80,80,80,80,80,80,80,80,80,80,83,83,83,83,83,88,88,88,88,88,88,88,88,88,91,91,91,91,91,91,91,91,91,91,91],"card_choices":[{"not_picked":["True Grit","Seeing Red"],"picked":"Heavy Blade","floor":1},{"not_picked":["True Grit","Seeing Red"],"picked":"Carnage","floor":5},{"not_picked":["Cleave","Shrug It Off"],"picked":"Limit Break","floor":7},{"not_picked":["Iron Wave","Havoc"],"picked":"Headbutt","floor":10},{"not_picked":["Flex","Sword Boomerang"],"picked":"Flame Barrier","floor":12},{"not_picked":["Twin Strike","Wild Strike"],"picked":"Headbutt","floor":14},{"not_picked":["Offering","Fiend Fire"],"picked":"Feed","floor":16},{"not_picked":["Sever Soul+1","Havoc+1"],"picked":"Perfected Strike","floor":18},{"not_picked":["Clash","Armaments"],"picked":"Flex","floor":21},{"not_picked":["Anger","Clash"],"picked":"Thunderclap","floor":25},{"not_picked":["Thunderclap+1","Reaper"],"picked":"Shrug It Off+1","floor":27},{"not_picked":["Iron Wave","Body Slam"],"picked":"Uppercut","floor":28},{"not_picked":["Shockwave","Cleave"],"picked":"Pommel Strike","floor":29},{"not_picked":["Armaments+1","Flex"],"picked":"Sword Boomerang","floor":31},{"not_picked":["Limit Break","Impervious"],"picked":"Double Tap","floor":33},{"not_picked":["Body Slam+1","Seeing Red"],"picked":"Twin Strike","floor":35},{"not_picked":["Wild Strike","Body Slam"],"picked":"Flex+1","floor":37},{"not_picked":["Havoc","Burning Pact+1"],"picked":"Sword Boomerang+1","floor":38},{"not_picked":["Dark Embrace","Berserk"],"picked":"Evolve","floor":39},{"not_picked":["True Grit","Flex"],"picked":"Heavy Blade+1","floor":41},{"not_picked":["Wild Strike+1","Rage"],"picked":"Inflame+1","floor":42},{"not_picked":["Clash+1","Body Slam"],"picked":"Metallicize","floor":45},{"not_picked":["Clash","Warcry+1","Rage"],"picked":"SKIP","floor":46},{"not_picked":["Clash+1","Demon Form"],"picked":"Iron Wave","floor":47}],"player_experience":913692,"relics_obtained":[{"floor":7,"key":"Bottled Flame"},{"floor":9,"key":"Happy Flower"},{"floor":14,"key":"Odd Mushroom"},{"floor":26,"key":"Meat on the Bone"},{"floor":28,"key":"Mummified Hand"},{"floor":31,"key":"Omamori"},{"floor":39,"key":"StoneCalendar"},{"floor":41,"key":"Art of War"},{"floor":41,"key":"Dream Catcher"},{"floor":46,"key":"Du-Vu Doll"},{"floor":46,"key":"Nunchaku"}],"event_choices":[{"damage_healed":0,"gold_gain":275,"player_choice":"Desecrate","damage_taken":0,"max_hp_gain":0,"max_hp_loss":0,"event_name":"Golden Shrine","floor":4,"gold_loss":0,"cards_obtained":["Regret"]},{"damage_healed":0,"gold_gain":54,"player_choice":"Gained Gold","damage_taken":0,"max_hp_gain":0,"max_hp_loss":0,"event_name":"Golden Wing","floor":8,"gold_loss":0},{"damage_healed":0,"gold_gain":0,"player_choice":"Fought Mushrooms","damage_taken":0,"max_hp_gain":0,"max_hp_loss":0,"event_name":"Mushrooms","floor":14,"gold_loss":0},{"damage_healed":0,"gold_gain":0,"player_choice":"Ignored","damage_taken":0,"max_hp_gain":0,"max_hp_loss":0,"event_name":"Ghosts","floor":19,"gold_loss":0},{"cards_removed":["Bash"],"damage_healed":0,"gold_gain":0,"player_choice":"Gave Gold","damage_taken":0,"max_hp_gain":0,"max_hp_loss":0,"event_name":"Beggar","floor":22,"gold_loss":75},{"damage_healed":0,"gold_gain":0,"player_choice":"Opened","damage_taken":0,"relics_obtained":["Pen Nib"],"max_hp_gain":0,"max_hp_loss":0,"event_name":"The Mausoleum","floor":23,"gold_loss":0,"cards_obtained":["Writhe"]},{"damage_healed":0,"gold_gain":0,"player_choice":"Shed Blood","damage_taken":21,"max_hp_gain":5,"max_hp_loss":0,"event_name":"Forgotten Altar","floor":30,"gold_loss":0},{"damage_healed":0,"gold_gain":0,"player_choice":"Fight","damage_taken":0,"max_hp_gain":0,"max_hp_loss":0,"event_name":"Mysterious Sphere","floor":39,"gold_loss":0},{"cards_removed":["Strike_R"],"damage_healed":0,"gold_gain":0,"player_choice":"Removed Attack","damage_taken":0,"max_hp_gain":0,"max_hp_loss":0,"event_name":"Falling","floor":44,"gold_loss":0}],"is_beta":false,"boss_relics":[{"not_picked":["Empty Cage","SlaversCollar"],"picked":"Sozu"},{"not_picked":["Snecko Eye","Tiny House"],"picked":"Black Star"}],"items_purged_floors":[2,6,36],"is_endless":false,"potions_floor_spawned":[5,10,12,18,28,29,39,46,47],"killed_by":"Nemesis","ascension_level":1}}