{"host":"rhakyh2m1vy6smuu","time":1613661819,"event":{"mods":["BaseMod","Minty Spire (QoL Compilation)","StSLib","The Cursed"],"gold_per_floor":[18,18,193,217,240,240,275,275,275,293,293,317,342,40,40,169,169,152,152,175,175,196,196,239,239,239,272,272,272],"floor_reached":28,"language":"ENG","playtime":2215,"items_purged":[],"score":348,"play_id":"59bab6fe-9b1e-4f56-ad12-16e23a490f6d","local_time":"20210218082339","is_ascension_mode":true,"campfire_choices":[{"data":"TheCursedMod:LuckyCharm","floor":6.0,"key":"SMITH"},{"data":"TheCursedMod:FleshFromBone","floor":8,"key":"SMITH"},{"floor":11,"key":"REST"},{"data":"TheCursedMod:OutForBlood","floor":15,"key":"SMITH"},{"data":"TheCursedMod:CollectTribute","floor":23,"key":"SMITH"},{"data":"TheCursedMod:CursedMace","floor":25,"key":"SMITH"}],"circlet_count":0,"master_deck":["TheCursedMod:Strike_TheCursed","TheCursedMod:Strike_TheCursed","TheCursedMod:Strike_TheCursed","TheCursedMod:Strike_TheCursed","TheCursedMod:Defend_TheCursed","TheCursedMod:Defend_TheCursed","TheCursedMod:Defend_TheCursed","TheCursedMod:Defend_TheCursed","TheCursedMod:CursedWand","TheCursedMod:CleanUpWorkshop","TheCursedMod:Dregs","TheCursedMod:CursedMace+1","Injury","Doubt","TheCursedMod:FleshFromBone+1","TheCursedMod:LuckyCharm+1","TheCursedMod:CollectTribute+1","TheCursedMod:StingEye","TheCursedMod:OutForBlood+1","TheCursedMod:WearCloak","TheCursedMod:NeowsMight","TheCursedMod:CursedShiv+1","TheCursedMod:FleshFromBone+1","TheCursedMod:CursedSpellbook+1","TheCursedMod:ForbiddenAlchemy"],"relics":["TheCursedMod:BlackMagic101","Golden Idol","Singing Bowl","Ornamental Fan","Bronze Scales","Happy Flower","TheCursedMod:FourLeafCloverCharm","Bottled Tornado","TheCursedMod:BloodyHarpoon"],"acts_visited":["Exordium","TheCity"],"potions_floor_usage":[18,22,24],"damage_taken":[{"damage":0.0,"enemies":"Cultist","floor":1.0,"turns":4.0},{"damage":0.0,"enemies":"2 Louse","floor":4.0,"turns":3.0},{"damage":12.0,"enemies":"Jaw Worm","floor":5.0,"turns":3.0},{"damage":46,"enemies":"Gremlin Nob","floor":7,"turns":6},{"damage":8,"enemies":"2 Fungi Beasts","floor":10,"turns":5},{"damage":1,"enemies":"Red Slaver","floor":12,"turns":4},{"damage":0,"enemies":"Large Slime","floor":13,"turns":7},{"damage":17,"enemies":"The Guardian","floor":16,"turns":10},{"damage":12,"enemies":"2 Thieves","floor":18,"turns":4},{"damage":3,"enemies":"Shell Parasite","floor":20,"turns":5},{"damage":9,"enemies":"Cultist and Chosen","floor":22,"turns":7},{"damage":13,"enemies":"Book of Stabbing","floor":24,"turns":4},{"damage":82,"enemies":"Gremlin Leader","floor":27,"turns":9},{"damage":9,"enemies":"Centurion and Healer","floor":28,"turns":1}],"seed_played":"7411550896486965535","potions_obtained":[{"floor":4.0,"key":"Regen Potion"},{"floor":5.0,"key":"FairyPotion"},{"floor":12,"key":"LiquidMemories"},{"floor":18,"key":"PowerPotion"}],"is_trial":false,"path_per_floor":["M","?","?","M","M","R","E","R","T","M","R","M","M","$","R","B",null,"M","?","M","?","M","R","E","R","T","E","M"],"character_chosen":"THE_CURSED","items_purchased":["Bronze Scales","Happy Flower"],"campfire_rested":1,"item_purchase_floors":[14,14],"current_hp_per_floor":[89,89,89,89,77,77,31,31,31,23,49,48,48,48,48,31,75,63,63,62,62,53,53,52,52,52,9,0,0],"gold":272,"neow_bonus":"TWENTY_PERCENT_HP_BONUS","is_daily":false,"chose_seed":false,"campfire_upgraded":5,"win_rate":0.0,"timestamp":1613661819,"path_taken":["M","?","?","M","M","R","E","R","T","M","R","M","M","?","R","BOSS","M","?","?","?","M","R","E","R","T","E","M"],"items_purchased_type":["Relic","Relic"],"build_version":"2020-12-22","purchased_purges":0,"victory":false,"max_hp_per_floor":[89,89,89,89,89,89,89,89,89,89,89,89,89,89,89,89,89,89,89,91,91,91,91,91,91,91,91,91,91],"card_choices":[{"not_picked":["TheCursedMod:FleshFromBone","TheCursedMod:Stretching"],"picked":"TheCursedMod:CursedMace","floor":1.0},{"not_picked":["TheCursedMod:CursedShiv","TheCursedMod:RavingStaff"],"picked":"TheCursedMod:FleshFromBone","floor":4.0},{"not_picked":["TheCursedMod:Stigma","TheCursedMod:CursedShiv"],"picked":"TheCursedMod:LuckyCharm","floor":5.0},{"not_picked":["TheCursedMod:AntiAging","TheCursedMod:SurpriseAttack"],"picked":"TheCursedMod:CollectTribute","floor":7},{"not_picked":["TheCursedMod:Wield","TheCursedMod:RavingStaff"],"picked":"TheCursedMod:StingEye","floor":10},{"not_picked":["TheCursedMod:SpitefulStrike","TheCursedMod:RapidMovement"],"picked":"TheCursedMod:OutForBlood","floor":12},{"not_picked":["TheCursedMod:CursedArmor","TheCursedMod:SaltUponWound"],"picked":"TheCursedMod:WearCloak","floor":13},{"not_picked":["TheCursedMod:Neurasthenia","TheCursedMod:ParallelWorld"],"picked":"TheCursedMod:NeowsMight","floor":16},{"not_picked":["TheCursedMod:RavingStaff","TheCursedMod:RapidMovement"],"picked":"TheCursedMod:CursedShiv+1","floor":18},{"not_picked":["TheCursedMod:BloodBarrier","TheCursedMod:CircleOfFlame","TheCursedMod:CircleOfFocus"],"picked":"Singing Bowl","floor":20},{"not_picked":["TheCursedMod:VitalStrike","TheCursedMod:Stretching"],"picked":"TheCursedMod:FleshFromBone+1","floor":22},{"not_picked":["TheCursedMod:Hemoplague","TheCursedMod:RavingStaff"],"picked":"TheCursedMod:CursedSpellbook+1","floor":24},{"not_picked":["TheCursedMod:Wield","TheCursedMod:VitalStrike"],"picked":"TheCursedMod:ForbiddenAlchemy","floor":27}],"player_experience":1574054,"relics_obtained":[{"floor":7,"key":"Singing Bowl"},{"floor":9,"key":"Ornamental Fan"},{"floor":24,"key":"Bottled Tornado"},{"floor":27,"key":"TheCursedMod:BloodyHarpoon"}],"event_choices":[{"damage_healed":0.0,"max_hp_gain":0.0,"max_hp_loss":0.0,"gold_gain":0.0,"event_name":"Golden Idol","player_choice":"Take Wound","floor":2.0,"gold_loss":0.0,"damage_taken":0.0,"relics_obtained":["Golden Idol"],"cards_obtained":["Injury"]},{"damage_healed":0.0,"max_hp_gain":0.0,"max_hp_loss":0.0,"gold_gain":175.0,"event_name":"Liars Game","player_choice":"AGREE","floor":3.0,"gold_loss":0.0,"damage_taken":0.0,"cards_obtained":["Doubt"]},{"damage_healed":0,"gold_gain":0,"player_choice":"Ignored","damage_taken":0,"max_hp_gain":0,"max_hp_loss":0,"event_name":"Fountain of Cleansing","floor":19,"gold_loss":0},{"damage_healed":0,"gold_gain":0,"player_choice":"Got Potions","damage_taken":0,"max_hp_gain":0,"max_hp_loss":0,"event_name":"Lab","floor":21,"gold_loss":0}],"is_beta":false,"boss_relics":[{"not_picked":["SlaversCollar","Astrolabe"],"picked":"TheCursedMod:FourLeafCloverCharm"}],"items_purged_floors":[],"is_endless":false,"potions_floor_spawned":[4,5,12,18,20],"killed_by":"Centurion and Healer","ascension_level":5}}