{"host":"Varadho","time":1613672553,"event":{"mods":["BaseMod","Colored Map","Colored Powertips","Downfall","Googly Eyes","Minty Spire (QoL Compilation)","Quick Restart","Replay The Spire","StSLib","everything is the same but u backflip on backflip","slay the spire mod where everything is the same but ironclad has a cowboy hat"],"gold_per_floor":[99,199,211,211,235,235,261,272,27,77,101,11,11,39,69,180,180,80,95,109,209,159,32,103,303,303,316,76,89,89,89,89,89],"floor_reached":31,"language":"ENG","playtime":2437,"items_purged":["Regret","Languid","Languid"],"score":396,"play_id":"06ad47c5-6b0c-4ed7-a7b6-4674a774927f","local_time":"20210218192233","is_ascension_mode":false,"campfire_choices":[{"data":"champ:Taunt","floor":1.0,"key":"SMITH"},{"data":"champ:Execute","floor":6.0,"key":"SMITH"},{"data":"champ:StanceDance","floor":13.0,"key":"SMITH"}],"circlet_count":0,"master_deck":["champ:Strike+1","champ:Strike","champ:Strike","champ:Strike","champ:Defend","champ:Defend","champ:Defend","champ:Defend","champ:Execute+1","champ:Taunt+1","champ:FocusedBerserking","champ:AdrenalArmor","champ:LastStand","champ:BerserkerStyle","champ:FlashCut+1","champ:StanceDance+1","champ:GutPunch","ReplayTheSpireMod:Faulty Equipment","champ:HeartStrike+1","champ:PreemptiveStrike+1","champ:PerfectedStrike+1","champ:BladeFlurry","champ:TornadoPunch","Shame","champ:StrikeOfGenius+1","Clumsy","Writhe","champ:Shatter","champ:RisingSlash","champ:FaceSlap","champ:PerfectedStrike+1","champ:BladeFlurry+1","CommonCold","champ:BringItOn+1","champ:Haymaker","champ:DeathBlow+1","champ:CrookedStrike+1","champ:CrookedStrike+1","expansioncontent:Hexaburn+1","champ:EnGarde+1","Shrug It Off"],"relics":["champ:ChampionCrown","Durian","Blue Doll","Juzu Bracelet","Ring of Hypnosis","Ring of Greed","Golden Egg","Replay:Ancient Bell","Replay:Wax Seal","Replay:Bottled Snecko","Replay:Arrowhead","downfall:HeartBlessingBlue","downfall:RedIOU","champ:BlackKnightHelmet","Replay:Ringing Soul","Mirror"],"acts_visited":["Exordium","TheCity"],"potions_floor_usage":[31],"damage_taken":[{"damage":23.0,"enemies":"Jaw Worm","floor":3.0,"turns":5.0},{"damage":22.0,"enemies":"Cultist","floor":8.0,"turns":4.0},{"damage":32.0,"enemies":"downfall:FleeingMerchant","floor":9.0,"turns":4.0},{"damage":30.0,"enemies":"downfall:FleeingMerchant","floor":12.0,"turns":4.0},{"damage":5.0,"enemies":"2 Louse","floor":14.0,"turns":2.0},{"damage":22.0,"enemies":"downfall:LooterAlt","floor":15.0,"turns":3.0},{"damage":24.0,"enemies":"WA_ARCHETYPE_RETAIN","floor":16.0,"turns":4.0},{"damage":36.0,"enemies":"3 Byrds","floor":19.0,"turns":5.0},{"damage":53.0,"enemies":"Shell Parasite","floor":20.0,"turns":6.0},{"damage":59.0,"enemies":"Shell Parasite","floor":21.0,"turns":6.0},{"damage":28,"enemies":"downfall:FleeingMerchant","floor":23,"turns":4},{"damage":45,"enemies":"Snake Plant","floor":27,"turns":3},{"damage":19,"enemies":"downfall:FleeingMerchant","floor":28,"turns":4},{"damage":21,"enemies":"Snecko","floor":29,"turns":5},{"damage":25,"enemies":"Slavers","floor":31,"turns":1}],"seed_played":"1637149454977387150","potions_obtained":[{"floor":3.0,"key":"FearPotion"},{"floor":16.0,"key":"Dexterity Potion"},{"floor":19.0,"key":"SkillPotion"},{"floor":21.0,"key":"EssenceOfSteel"},{"floor":27,"key":"Doom Potion"}],"is_trial":false,"path_per_floor":["R","?","M","?","T","R","T","M","$","?","T","$","R","M","M","B",null,"R_BF","M","M","?","?","$","T","?","?","M","$","M","?","E"],"character_chosen":"THE_CHAMP","items_purchased":["champ:BerserkerStyle","champ:FlashCut+1","champ:StanceDance","champ:GutPunch","champ:PreemptiveStrike","champ:PerfectedStrike","champ:BladeFlurry","champ:CrookedStrike","expansioncontent:Hexaburn"],"campfire_rested":0,"item_purchase_floors":[9,9,9,9,12,12,23,28,28],"current_hp_per_floor":[95,95,82,82,82,82,82,80,78,78,78,68,68,63,56,54,95,105,86,55,51,88,80,83,41,41,19,23,15,18,0,0,0],"gold":89,"neow_bonus":"ONE_RARE_RELIC","is_daily":false,"chose_seed":false,"campfire_upgraded":3,"win_rate":0.0,"timestamp":1613672553,"path_taken":["R","?","?","?","?","R","T","M","$","?","?","$","R","M","M","BOSS","R_BF","M","M","?","?","$","T","?","?","M","$","M","?","E"],"items_purchased_type":["Card","Card","Card","Card","Card","Card","Card","Card","Card"],"build_version":"2020-12-18","purchased_purges":3,"victory":false,"max_hp_per_floor":[95,95,95,95,95,95,95,95,95,95,95,95,95,95,95,95,95,105,105,105,108,108,111,114,117,117,120,123,126,129,129,129,129],"card_choices":[{"not_picked":["champ:PerfectedStrike","champ:AdrenalArmor"],"picked":"champ:FocusedBerserking","floor":3.0},{"not_picked":["champ:CrookedStrike","champ:RapidStrikes"],"picked":"champ:AdrenalArmor","floor":8.0},{"not_picked":["champ:PreciseThrust","champ:EnGarde"],"picked":"champ:LastStand","floor":9.0},{"not_picked":["champ:AdrenalArmor","champ:CrownThrow"],"picked":"champ:HeartStrike","floor":12.0},{"not_picked":["champ:Parry","champ:Backstep"],"picked":"champ:BladeFlurry","floor":14.0},{"not_picked":["champ:CrownThrow","champ:ShieldSlam"],"picked":"champ:TornadoPunch","floor":15.0},{"not_picked":["champ:VampiricStrike","champ:CheapShot"],"picked":"champ:StrikeOfGenius","floor":16.0},{"not_picked":["Voices","Replay:Hysterical Blindness"],"picked":"Clumsy","floor":17.0},{"not_picked":["AbeCurse","Voices"],"picked":"Writhe","floor":17.0},{"not_picked":["Delirium","Sickly"],"picked":"Languid","floor":17.0},{"not_picked":["champ:PreciseThrust+1","champ:FancyFootwork"],"picked":"champ:Shatter","floor":19.0},{"not_picked":["champ:HeartStrike+1","champ:ShieldWall"],"picked":"champ:RisingSlash","floor":20.0},{"not_picked":["champ:DefensiveShout","champ:ShieldSlam"],"picked":"champ:FaceSlap","floor":21.0},{"not_picked":["champ:ShieldWall","champ:StanceDance"],"picked":"champ:PerfectedStrike","floor":23},{"not_picked":["champ:HeartStrike","champ:PreciseThrust+1"],"picked":"champ:BringItOn+1","floor":25},{"not_picked":["champ:EnragedBash","champ:CrownThrow+1"],"picked":"champ:Haymaker","floor":27},{"not_picked":["champ:BerserkersShout","champ:BerserkerStyle"],"picked":"champ:DeathBlow","floor":28},{"not_picked":["champ:StanceDance","champ:FocusedBerserking"],"picked":"champ:EnGarde+1","floor":29}],"player_experience":626954,"relics_obtained":[{"floor":5.0,"key":"Blue Doll"},{"floor":7.0,"key":"Juzu Bracelet"},{"floor":10.0,"key":"Ring of Hypnosis"},{"floor":10.0,"key":"Ring of Greed"},{"floor":10.0,"key":"Golden Egg"},{"floor":10.0,"key":"Replay:Bandana"},{"floor":21.0,"key":"champ:BlackKnightHelmet"},{"floor":21.0,"key":"Replay:Ringing Soul"},{"floor":24,"key":"Mirror"}],"event_choices":[{"cards_removed":["downfall:Malfunctioning"],"damage_healed":0,"gold_gain":0,"player_choice":"Took Card","damage_taken":0,"max_hp_gain":0,"max_hp_loss":0,"event_name":"NoteForYourself","floor":30,"gold_loss":0,"cards_obtained":["Shrug It Off"]}],"is_beta":true,"boss_relics":[{"not_picked":["Tiny House","Coffee Dripper"],"picked":"Replay:Ancient Bell"},{"not_picked":["CeramicFish","Orichalcum"],"picked":"Replay:Wax Seal"},{"not_picked":["Molten Egg 2","ReplayTheSpireMod:Ninjato"],"picked":"Replay:Bottled Snecko"},{"not_picked":["Counterbalance","Prayer Wheel"],"picked":"Replay:Arrowhead"}],"items_purged_floors":[9,23,28],"is_endless":false,"potions_floor_spawned":[3,16,19,21,27],"killed_by":"Slavers","ascension_level":0}}