{"host":"bplbr8uekuotory4","time":1613626770,"event":{"mods":["Act Like it!","BaseMod","GungeonMod","Hermit","KinomotoSakuraMod(木之本樱)","Marisa（F雨　魔理沙）","Minty Spire (QoL Compilation)","Prisma Mod","Quick Restart","Reimu（博丽灵梦）","SOS（斯巴达之子）","Spicy Shops","StSLib","TestMod","The Blackbeard","The Cursed","The Mystic","The Saiyan","The Senshi","The Servant 0.9.4","Yuri Mod","[IsaacMod]以撒尖塔"],"gold_per_floor":[109,109,109,0,400,427,438,613,694,694,694,694,234,184,184,284,284,295,307,111,130,148,166,176,176,252,20,20,40,58,0,0,99,99,114,125,176,176,176,490,569,584,654,654,475,489,521,537,537,537,537,537,0,27,27],"floor_reached":56,"language":"ZHS","playtime":1334,"items_purged":["Doubt","Eruption","Defend_P","Defend_P","Strike_P","Shame","Defend_P","Strike_P","Strike_P","Defend_P+1"],"score":1702,"play_id":"97f0485d-252d-4680-a000-9ec2dde8771a","local_time":"20210218133930","is_ascension_mode":false,"campfire_choices":[{"data":"Tantrum","floor":10.0,"key":"SMITH"},{"data":"DeceiveReality","floor":12.0,"key":"SMITH"},{"data":"Vigilance","floor":15.0,"key":"SMITH"},{"data":"Establishment","floor":25.0,"key":"SMITH"},{"data":"BattleHymn","floor":32.0,"key":"SMITH"},{"data":"MasterReality","floor":44,"key":"SMITH"},{"floor":49,"key":"RECALL"},{"data":"Vault","floor":52,"key":"SMITH"}],"circlet_count":0,"master_deck":["Vigilance+1","Tantrum+1","DeceiveReality+1","Brilliance+1","Establishment+1","CarveReality+1","BattleHymn+1","FlurryOfBlows+1","FearNoEvil+1","Protect","MasterReality+1","SandsOfTime+1","Worship+1","Vault+1"],"relics":["PureWater","HushsDoor","MaYiHuaBei","testmod-ObsoleteBoomerang","NeowsBlessing","Mastiff:ReiMu","Toy Ornithopter","Molten Egg 2","testmod-Justice","testmod-ArcanaOfDestiny","DemoMod:DecoyRelic","SlaversCollar","GuppysPaw","BelialBook","GuppysTail","DemoMod:GlassGuonStoneRelic","Blue Candle","DemoMod:ClearGuonStone","BookOfRevelations","StoneCalendar","DemoMod:SerJunkan","DemoMod:Junk","CrazyTorch:ReiMu","Membership Card","Bird Faced Urn","HandDrill","SacredBark","SatanicBible","Calipers","CatCart","Old Coin","testmod-Hope","testmod-Déjàvu","Bag of Marbles","Toolbox","testmod-IndustrialRevolution","DemoMod:OrangeGuonStone","Happy Flower","HowToJump","testmod-TurbochargingSystem"],"acts_visited":["Exordium","TheCity","TheBeyond","TheEnding"],"potions_floor_usage":[33,36,50,55,55,55],"damage_taken":[{"damage":0.0,"enemies":"Small Slimes","floor":1.0,"turns":1.0},{"damage":0.0,"enemies":"Lagavulin","floor":6.0,"turns":1.0},{"damage":0.0,"enemies":"2 Louse","floor":7.0,"turns":1.0},{"damage":0.0,"enemies":"The Guardian","floor":16.0,"turns":5.0},{"damage":7.0,"enemies":"2 Thieves","floor":18.0,"turns":3.0},{"damage":0.0,"enemies":"Chosen","floor":19.0,"turns":4.0},{"damage":0.0,"enemies":"3 Cultists","floor":21.0,"turns":3.0},{"damage":0.0,"enemies":"Snecko","floor":22.0,"turns":2.0},{"damage":0.0,"enemies":"Snake Plant","floor":23.0,"turns":1.0},{"damage":0.0,"enemies":"Chosen and Byrds","floor":24.0,"turns":3.0},{"damage":1.0,"enemies":"Cultist and Chosen","floor":29.0,"turns":3.0},{"damage":0.0,"enemies":"Shelled Parasite and Fungi","floor":30.0,"turns":1.0},{"damage":0,"enemies":"Collector","floor":33,"turns":3},{"damage":0,"enemies":"3 Shapes","floor":35,"turns":2},{"damage":0,"enemies":"3 Darklings","floor":36,"turns":1},{"damage":0,"enemies":"Orin","floor":37,"turns":4},{"damage":0,"enemies":"Maw","floor":40,"turns":3},{"damage":0,"enemies":"Spire Growth","floor":42,"turns":2},{"damage":0,"enemies":"Sphere and 2 Shapes","floor":46,"turns":1},{"damage":0,"enemies":"Giant Head","floor":47,"turns":2},{"damage":0,"enemies":"Writhing Mass","floor":48,"turns":1},{"damage":0,"enemies":"Awakened One","floor":50,"turns":3},{"damage":0,"enemies":"Shield and Spear","floor":54,"turns":2},{"damage":0,"enemies":"The Heart","floor":55,"turns":3}],"seed_played":"953842407098881869","potions_obtained":[{"floor":6.0,"key":"FearPotion"},{"floor":16.0,"key":"FearPotion"},{"floor":23.0,"key":"Ancient Potion"},{"floor":29.0,"key":"BottledMiracle"},{"floor":30.0,"key":"Energy Potion"},{"floor":36,"key":"ZuzhouPotion:ReiMu"},{"floor":42,"key":"DistilledChaos"},{"floor":46,"key":"Strength Potion"}],"is_trial":false,"path_per_floor":["M","?","?","$","?","E","M","?","T","R","?","R","$","?","R","B",null,"M","M","$","M","M","M","M","R","T","$","?","M","M","$","R","B",null,"M","M","?","?","?","M","T","M","T","R","$","M","E","M","R","B",null,"R","$","E","B",null],"character_chosen":"WATCHER","items_purchased":["Toy Ornithopter","Molten Egg 2","DemoMod:DecoyRelic","Brilliance+1","GuppysPaw","BelialBook","GuppysTail","Perseverance","Ambrosia","BookOfRevelations","Membership Card","HandDrill","SatanicBible","Vault","Toolbox","testmod-IndustrialRevolution","DemoMod:OrangeGuonStone","PowerPotion","Happy Flower"],"campfire_rested":0,"item_purchase_floors":[4,4,13,13,17,17,17,17,17,20,27,31,34,45,53,53,53,53,53],"current_hp_per_floor":[72,60,132,132,132,132,132,132,132,132,103,103,103,103,103,108,102,95,95,95,100,100,102,102,102,102,102,102,102,102,102,102,102,85,85,85,85,81,81,81,81,81,81,81,81,81,81,81,81,81,81,81,81,81,76],"gold":27,"neow_bonus":"THREE_ENEMY_KILL","is_daily":false,"chose_seed":false,"campfire_upgraded":7,"win_rate":0.0,"timestamp":1613626770,"path_taken":["M","?","?","?","?","E","?","?","T","R","?","R","$","?","R","BOSS","M","M","$","M","M","M","M","R","T","$","?","M","M","$","R","BOSS","M","M","?","?","?","M","?","?","T","R","$","?","E","M","R","BOSS","R","$","E","BOSS"],"items_purchased_type":["Relic","Relic","Relic","Card","Relic","Relic","Relic","Card","Potion","Relic","Relic","Relic","Relic","Card","Relic","Relic","Relic","Potion","Relic"],"build_version":"2020-12-22","purchased_purges":10,"victory":true,"max_hp_per_floor":[72,72,144,144,144,144,144,144,144,144,144,144,144,144,144,144,102,102,102,102,102,102,102,102,102,102,102,102,102,102,102,102,102,85,85,85,85,81,81,81,81,81,81,81,81,81,81,81,81,81,81,81,81,81,81],"card_choices":[{"not_picked":["ClearTheMind","FollowUp"],"picked":"Tantrum","floor":1.0},{"not_picked":["Evaluate","BowlingBash+1"],"picked":"DeceiveReality","floor":6.0},{"not_picked":["EmptyBody","DeceiveReality"],"picked":"Bomb","floor":7.0},{"not_picked":["Blasphemy","DeusExMachina"],"picked":"Establishment","floor":16.0},{"not_picked":["Halt+1","FlurryOfBlows+1"],"picked":"CarveReality+1","floor":18.0},{"not_picked":["Consecrate+1","JustLucky+1"],"picked":"BattleHymn","floor":19.0},{"not_picked":["EmptyBody","SashWhip+1"],"picked":"FlurryOfBlows+1","floor":21.0},{"not_picked":["SignatureMove+1","BowlingBash+1","Consecrate+1"],"picked":"SKIP","floor":22.0},{"not_picked":["ThirdEye","Weave+1"],"picked":"FearNoEvil+1","floor":23.0},{"not_picked":["Meditate","Study","DeceiveReality"],"picked":"SKIP","floor":24.0},{"not_picked":["CarveReality+1","FlurryOfBlows+1","Weave+1"],"picked":"SKIP","floor":29.0},{"not_picked":["Weave+1","Vengeance"],"picked":"Protect","floor":30.0},{"not_picked":["Ragnarok+1","Establishment"],"picked":"MasterReality","floor":33},{"not_picked":["EmptyBody+1","FlyingSleeves+1"],"picked":"SandsOfTime+1","floor":35},{"not_picked":["CarveReality+1","BattleHymn"],"picked":"Worship+1","floor":36},{"not_picked":["DeceiveReality+1","FlyingSleeves+1","Meditate"],"picked":"SKIP","floor":40},{"not_picked":["CrushJoints+1","BowlingBash+1","Study"],"picked":"SKIP","floor":42},{"not_picked":["Sanctity+1","Nirvana","EmptyFist+1"],"picked":"SKIP","floor":46},{"not_picked":["FlurryOfBlows+1","MentalFortress+1","Prostrate+1"],"picked":"SKIP","floor":47},{"not_picked":["EmptyBody+1","FlyingSleeves+1","Perseverance"],"picked":"SKIP","floor":48},{"not_picked":["Consecrate+1","Meditate","Wireheading"],"picked":"SKIP","floor":54}],"player_experience":1150575,"relics_obtained":[{"floor":6.0,"key":"Damocles"},{"floor":7.0,"key":"testmod-Justice"},{"floor":9.0,"key":"testmod-ArcanaOfDestiny"},{"floor":18.0,"key":"Blue Candle"},{"floor":19.0,"key":"DemoMod:ClearGuonStone"},{"floor":21.0,"key":"StoneCalendar"},{"floor":22.0,"key":"DemoMod:SerJunkan"},{"floor":23.0,"key":"DemoMod:Junk"},{"floor":24.0,"key":"DemoMod:Junk"},{"floor":26.0,"key":"CrazyTorch:ReiMu"},{"floor":29.0,"key":"DemoMod:Junk"},{"floor":30.0,"key":"DemoMod:Junk"},{"floor":35,"key":"DemoMod:Junk"},{"floor":36,"key":"Calipers"},{"floor":37,"key":"CatCart"},{"floor":37,"key":"DemoMod:Junk"},{"floor":40,"key":"Old Coin"},{"floor":41,"key":"testmod-Hope"},{"floor":42,"key":"DemoMod:Junk"},{"floor":46,"key":"testmod-Déjàvu"},{"floor":47,"key":"DemoMod:Junk"},{"floor":47,"key":"Bag of Marbles"},{"floor":48,"key":"DemoMod:Junk"},{"floor":54,"key":"HowToJump"},{"floor":54,"key":"testmod-TurbochargingSystem"}],"event_choices":[{"damage_healed":0.0,"max_hp_gain":0.0,"max_hp_loss":0.0,"gold_gain":0.0,"event_name":"Scrap Ooze","player_choice":"Success","floor":2.0,"gold_loss":0.0,"damage_taken":12.0,"relics_obtained":["Mastiff:ReiMu"]},{"damage_healed":0.0,"max_hp_gain":0.0,"max_hp_loss":0.0,"gold_gain":0.0,"event_name":"给自己的盒子","player_choice":"Swap Relic","floor":3.0,"relics_lost":["testmod-HarvestTotem"],"gold_loss":0.0,"damage_taken":0.0,"relics_obtained":["testmod-HarvestTotem"]},{"damage_healed":0.0,"max_hp_gain":0.0,"max_hp_loss":0.0,"gold_gain":400.0,"event_name":"恩洛斯的盘子","player_choice":"Sell","floor":5.0,"relics_lost":["testmod-TestBox"],"gold_loss":0.0,"damage_taken":0.0},{"damage_healed":0.0,"max_hp_gain":0.0,"max_hp_loss":0.0,"gold_gain":175.0,"event_name":"Liars Game","player_choice":"AGREE","floor":8.0,"gold_loss":0.0,"damage_taken":0.0,"cards_obtained":["Doubt"]},{"damage_healed":0.0,"max_hp_gain":0.0,"max_hp_loss":0.0,"gold_gain":0.0,"event_name":"Shining Light","player_choice":"Entered Light","floor":11.0,"gold_loss":0.0,"damage_taken":29.0,"cards_upgraded":["Strike_P","Defend_P"]},{"cards_removed":["Strike_P"],"damage_healed":0.0,"max_hp_gain":0.0,"max_hp_loss":0.0,"gold_gain":0.0,"event_name":"The Cleric","player_choice":"Card Removal","floor":14.0,"gold_loss":50.0,"damage_taken":0.0},{"damage_healed":0.0,"max_hp_gain":0.0,"max_hp_loss":0.0,"gold_gain":0.0,"event_name":"Addict","player_choice":"Stole Relic","floor":28.0,"gold_loss":0.0,"damage_taken":0.0,"relics_obtained":["Bird Faced Urn"],"cards_obtained":["Shame"]},{"damage_healed":0,"gold_gain":0,"player_choice":"Fight","damage_taken":0,"max_hp_gain":0,"max_hp_loss":0,"event_name":"OrinTheCat","floor":37,"gold_loss":0},{"damage_healed":0,"gold_gain":0,"player_choice":"Max HP","damage_taken":0,"max_hp_gain":0,"max_hp_loss":4,"event_name":"Winding Halls","floor":38,"gold_loss":0},{"cards_removed":["Perseverance"],"damage_healed":0,"gold_gain":0,"player_choice":"Removed Skill","damage_taken":0,"max_hp_gain":0,"max_hp_loss":0,"event_name":"Falling","floor":39,"gold_loss":0}],"is_beta":false,"boss_relics":[{"not_picked":["MagicMushroom","Ectoplasm"],"picked":"SlaversCollar"},{"not_picked":[]},{"not_picked":["Sozu","Snecko Eye"],"picked":"SacredBark"},{"not_picked":[]}],"items_purged_floors":[13,13,17,20,27,31,34,45,53,53],"is_endless":false,"potions_floor_spawned":[6,16,23,29,30,36,42,46,47],"ascension_level":0}}