{"host":"f76wcztdlwlduum6","time":1613609060,"event":{"mods":["AchievementEnabler","BaseMod","BetterRewards","Colored Powertips","Minty Spire (QoL Compilation)","Quick Restart","Rare Cards Sparkle","Relic Stats","StSLib","SuperFastMode","everything is the same but u backflip on backflip"],"gold_per_floor":[116,136,286,302,318,318,346,346,373,402,412,441,451,467,467,541,541,553,572,589,602,621,646,658,687,734,749,783,833,850,850,850,927,927,944,956,765,765,785,815,815,527,527,544,575,591,626,644,644,644,644,644,644,261,286,286],"floor_reached":57,"language":"ENG","playtime":3342,"items_purged":["Fasting2","SignatureMove","Devotion","Flex"],"score":4389,"play_id":"b47be966-930b-4e83-b355-ddc8796c096f","local_time":"20210217184420","is_ascension_mode":true,"campfire_choices":[{"data":"Study","floor":6,"key":"SMITH"},{"data":"Pommel Strike","floor":8,"key":"SMITH"},{"data":"Feed","floor":15,"key":"SMITH"},{"data":"Vault","floor":32,"key":"SMITH"},{"floor":41,"key":"RECALL"},{"data":"Adrenaline","floor":49,"key":"SMITH"},{"data":"Seek","floor":53,"key":"SMITH"}],"circlet_count":0,"master_deck":["AscendersBane","Eruption+1","Vigilance+1","Study+1","Halt+1","Tantrum+1","FearNoEvil+1","EmptyMind+1","TalkToTheHand+1","Cold Snap+1","FearNoEvil","Adaptation+1","Pommel Strike+1","Evaluate+1","Evaluate+1","FearNoEvil+1","Double Energy+1","Seeing Red+1","Dagger Spray+1","Adrenaline+1","Pommel Strike+1","Tantrum+1","Adaptation+1","Crescendo+1","TalkToTheHand","Backflip","Self Repair","Feed+1","Vault+1","Cloak And Dagger+1","Flash of Steel+1","Sweeping Beam","Evaluate","FTL","Seek+1","Scrawl","Shrug It Off","Double Tap+1","DevaForm","WheelKick+1","ClearTheMind","Wallop","Ball Lightning","TalkToTheHand","FollowUp+1","Eruption+1","Evaluate+1","Corruption+1","Beam Cell","Evaluate+1"],"relics":["Pandora\u0027s Box","PrismaticShard","Prayer Wheel","Question Card","Membership Card","Lantern","Anchor","TeardropLocket","Vajra","Bag of Preparation","Bottled Tornado","Sozu","Oddly Smooth Stone","Ornamental Fan","Art of War","Thread and Needle","Vajra","War Paint","Whetstone","Astrolabe","Strawberry","Nunchaku","Bag of Marbles","StrikeDummy","Orichalcum","Kunai","Bronze Scales","Torii","Medical Kit","Blue Candle","Centennial Puzzle"],"acts_visited":["Exordium","TheCity","TheBeyond","TheEnding"],"potions_floor_usage":[10,27],"damage_taken":[{"damage":0,"enemies":"2 Louse","floor":1,"turns":3},{"damage":0,"enemies":"Small Slimes","floor":2,"turns":2},{"damage":0,"enemies":"Cultist","floor":4,"turns":2},{"damage":0,"enemies":"Looter","floor":5,"turns":3},{"damage":5,"enemies":"Gremlin Nob","floor":7,"turns":3},{"damage":0,"enemies":"3 Sentries","floor":10,"turns":2},{"damage":5,"enemies":"3 Louse","floor":11,"turns":3},{"damage":3,"enemies":"Gremlin Nob","floor":12,"turns":3},{"damage":0,"enemies":"Exordium Thugs","floor":13,"turns":1},{"damage":0,"enemies":"Lots of Slimes","floor":14,"turns":2},{"damage":0,"enemies":"Slime Boss","floor":16,"turns":5},{"damage":0,"enemies":"Shell Parasite","floor":18,"turns":1},{"damage":0,"enemies":"Chosen","floor":19,"turns":4},{"damage":0,"enemies":"Sentry and Sphere","floor":20,"turns":3},{"damage":0,"enemies":"Cultist and Chosen","floor":21,"turns":3},{"damage":3,"enemies":"Snecko","floor":22,"turns":1},{"damage":0,"enemies":"Slavers","floor":23,"turns":2},{"damage":24,"enemies":"Sentry and Sphere","floor":24,"turns":4},{"damage":3,"enemies":"Gremlin Leader","floor":25,"turns":3},{"damage":0,"enemies":"Snake Plant","floor":27,"turns":1},{"damage":0,"enemies":"Slavers","floor":28,"turns":2},{"damage":0,"enemies":"Snecko","floor":30,"turns":2},{"damage":3,"enemies":"Champ","floor":33,"turns":2},{"damage":0,"enemies":"Orb Walker","floor":35,"turns":2},{"damage":0,"enemies":"3 Darklings","floor":36,"turns":2},{"damage":0,"enemies":"Sphere and 2 Shapes","floor":39,"turns":3},{"damage":0,"enemies":"Giant Head","floor":40,"turns":5},{"damage":0,"enemies":"Maw","floor":44,"turns":3},{"damage":22,"enemies":"Nemesis","floor":45,"turns":4},{"damage":6,"enemies":"4 Shapes","floor":46,"turns":4},{"damage":0,"enemies":"Reptomancer","floor":47,"turns":1},{"damage":7,"enemies":"Sphere and 2 Shapes","floor":48,"turns":1},{"damage":20,"enemies":"Donu and Deca","floor":50,"turns":4},{"damage":0,"enemies":"Awakened One","floor":51,"turns":6},{"damage":0,"enemies":"Shield and Spear","floor":55,"turns":3},{"damage":91,"enemies":"The Heart","floor":56,"turns":6}],"seed_played":"1517270120143433643","potions_obtained":[{"floor":2,"key":"Block Potion"},{"floor":5,"key":"Explosive Potion"},{"floor":10,"key":"Block Potion"},{"floor":12,"key":"AttackPotion"},{"floor":13,"key":"Fire Potion"}],"is_trial":false,"path_per_floor":["M","M","?","M","M","R","E","R","T","E","M","E","M","M","R","B",null,"M","M","M","M","M","E","M","E","T","M","E","?","M","?","R","B",null,"M","M","$","?","M","E","R","$","T","M","E","M","E","M","R","B","B",null,"R","$","E","B",null],"character_chosen":"WATCHER","items_purchased":["TalkToTheHand","Membership Card","Lantern","Anchor","PrismaticShard","TeardropLocket","Strawberry","TalkToTheHand","Bag of Marbles","StrikeDummy","Torii","Medical Kit","Blue Candle"],"campfire_rested":0,"item_purchase_floors":[0,0,0,0,0,0,37,37,42,42,54,54,54],"current_hp_per_floor":[19,19,19,19,19,19,14,14,14,14,9,12,12,12,12,23,60,64,75,75,84,81,84,67,75,75,79,90,90,100,100,100,104,104,108,112,119,102,106,113,113,113,113,117,99,104,104,101,101,92,99,132,132,132,139,55],"gold":286,"neow_bonus":"","is_daily":false,"chose_seed":false,"campfire_upgraded":6,"win_rate":0.0,"timestamp":1613609060,"path_taken":["M","M","?","M","M","R","E","R","T","E","M","E","M","M","R","BOSS","M","M","M","M","M","E","M","E","T","M","E","?","M","?","R","BOSS","M","M","$","?","M","E","R","?","T","M","E","M","E","M","R","BOSS","BOSS","R","$","E","BOSS"],"items_purchased_type":["Card","Relic","Relic","Relic","Relic","Relic","Relic","Card","Relic","Relic","Relic","Relic","Relic"],"build_version":"2020-12-22","purchased_purges":4,"victory":true,"max_hp_per_floor":[68,68,68,68,68,68,68,68,68,68,68,68,68,68,68,72,72,76,80,80,84,84,84,84,88,88,92,96,96,100,100,100,104,104,108,112,119,119,123,123,123,123,123,127,131,135,135,139,139,143,143,143,143,143,143,143],"relic_stats":{"Torii":24,"counters":[91,277],"Astrolabe":["Pain","Normality","WheelKick"],"Blue Candle":[0],"Bag of Preparation":[138],"Whetstone":["FlurryOfBlows","FlurryOfBlows","TalkToTheHand","Tantrum","Eruption","FearNoEvil","Cold Snap","FearNoEvil","Dagger Spray","Flash of Steel"],"War Paint":["EmptyMind","Halt","Vigilance","Seeing Red","Double Energy","Evaluate","Evaluate","Double Tap","Crescendo"],"Orichalcum":[78],"Question Card":54,"Medical Kit":[18],"Sozu":8,"Nunchaku":[38],"Centennial Puzzle":[3],"Ornamental Fan":[592],"Bronze Scales":[215],"Pandora\u0027s Box":["Fasting2","Study","Halt","Tantrum","FearNoEvil","Devotion","SignatureMove","EmptyMind"],"Prayer Wheel":21,"Art of War":[5],"Kunai":[168],"obtain_stats":[{"Ice Cream":44,"Calipers":4,"CeramicFish":39,"Vajra":7,"Whetstone":30,"Bottled Tornado":12,"Boot":39,"Blood Vial":53,"Sozu":17,"Centennial Puzzle":55,"HornCleat":0,"Sundial":26,"DollysMirror":0,"Strawberry":53,"Philosopher\u0027s Stone":34,"MealTicket":42,"Prayer Wheel":0,"Necronomicon":20,"Kunai":30,"Toxic Egg 2":0,"Pear":0,"Happy Flower":39,"Astrolabe":34,"Blue Candle":54,"Oddly Smooth Stone":22,"Pen Nib":39,"War Paint":0,"Question Card":40,"Akabeko":27,"Du-Vu Doll":25,"OrangePellets":0,"Bottled Flame":43,"Shuriken":46,"Bird Faced Urn":39,"Bronze Scales":43,"Molten Egg 2":0,"Pandora\u0027s Box":0,"StrikeDummy":39,"Unceasing Top":31,"Pocketwatch":39,"Lantern":0,"Torii":39,"StoneCalendar":39,"Bag of Preparation":0,"Juzu Bracelet":0,"Incense Burner":22,"TeardropLocket":0,"Empty Cage":17,"Ancient Tea Set":42,"PrismaticShard":0,"Nunchaku":39,"Shovel":39,"TheAbacus":0,"Matryoshka":28,"Mummified Hand":42,"Toolbox":53,"Red Mask":19,"InkBottle":22,"Potion Belt":13,"Lee\u0027s Waffle":14,"Damaru":40,"Thread and Needle":28,"PreservedInsect":23,"The Courier":38,"Omamori":3,"Odd Mushroom":11,"Orichalcum":0,"Frozen Egg 2":6,"Medical Kit":39,"Anchor":6,"Ornamental Fan":23,"Coffee Dripper":17,"Bag of Marbles":48,"Art of War":26,"Membership Card":0,"Bottled Lightning":11,"PureWater":0,"FossilizedHelix":39,"Toy Ornithopter":54},{"Ice Cream":20,"Calipers":2,"CeramicFish":16,"Vajra":60,"Whetstone":41,"Bottled Tornado":4,"Boot":16,"Blood Vial":23,"Sozu":66,"Centennial Puzzle":90,"HornCleat":25,"Sundial":12,"DollysMirror":25,"Strawberry":23,"Philosopher\u0027s Stone":14,"MealTicket":49,"Prayer Wheel":55,"Necronomicon":8,"Kunai":13,"Toxic Egg 2":0,"Pear":25,"Happy Flower":16,"Astrolabe":78,"Blue Candle":89,"Oddly Smooth Stone":37,"Pen Nib":16,"War Paint":25,"Question Card":17,"Akabeko":40,"Du-Vu Doll":12,"OrangePellets":0,"Bottled Flame":49,"Shuriken":21,"Bird Faced Urn":16,"Bronze Scales":19,"Molten Egg 2":0,"Pandora\u0027s Box":55,"StrikeDummy":16,"Unceasing Top":41,"Pocketwatch":16,"Lantern":0,"Torii":16,"StoneCalendar":16,"Bag of Preparation":0,"Juzu Bracelet":0,"Incense Burner":9,"TeardropLocket":0,"Empty Cage":6,"Ancient Tea Set":19,"PrismaticShard":55,"Nunchaku":16,"Shovel":16,"TheAbacus":25,"Matryoshka":40,"Mummified Hand":19,"Toolbox":53,"Red Mask":8,"InkBottle":9,"Potion Belt":5,"Lee\u0027s Waffle":32,"Damaru":47,"Thread and Needle":76,"PreservedInsect":10,"The Courier":16,"Omamori":1,"Odd Mushroom":4,"Orichalcum":25,"Frozen Egg 2":29,"Medical Kit":16,"Anchor":3,"Ornamental Fan":38,"Coffee Dripper":33,"Bag of Marbles":52,"Art of War":74,"Membership Card":0,"Bottled Lightning":31,"PureWater":0,"FossilizedHelix":16,"Toy Ornithopter":24},{"Ice Cream":66,"Calipers":8,"CeramicFish":54,"Vajra":189,"Whetstone":136,"Bottled Tornado":17,"Boot":54,"Blood Vial":79,"Sozu":205,"Centennial Puzzle":271,"HornCleat":89,"Sundial":38,"DollysMirror":89,"Strawberry":79,"Philosopher\u0027s Stone":46,"MealTicket":157,"Prayer Wheel":176,"Necronomicon":29,"Kunai":42,"Toxic Egg 2":0,"Pear":89,"Happy Flower":54,"Astrolabe":233,"Blue Candle":268,"Oddly Smooth Stone":127,"Pen Nib":54,"War Paint":89,"Question Card":59,"Akabeko":134,"Du-Vu Doll":38,"OrangePellets":0,"Bottled Flame":157,"Shuriken":72,"Bird Faced Urn":54,"Bronze Scales":65,"Molten Egg 2":0,"Pandora\u0027s Box":176,"StrikeDummy":54,"Unceasing Top":136,"Pocketwatch":54,"Lantern":0,"Torii":54,"StoneCalendar":54,"Bag of Preparation":0,"Juzu Bracelet":0,"Incense Burner":31,"TeardropLocket":0,"Empty Cage":23,"Ancient Tea Set":65,"PrismaticShard":176,"Nunchaku":54,"Shovel":54,"TheAbacus":89,"Matryoshka":134,"Mummified Hand":65,"Toolbox":167,"Red Mask":29,"InkBottle":31,"Potion Belt":20,"Lee\u0027s Waffle":111,"Damaru":154,"Thread and Needle":229,"PreservedInsect":33,"The Courier":54,"Omamori":6,"Odd Mushroom":17,"Orichalcum":89,"Frozen Egg 2":100,"Medical Kit":54,"Anchor":14,"Ornamental Fan":129,"Coffee Dripper":114,"Bag of Marbles":160,"Art of War":226,"Membership Card":0,"Bottled Lightning":107,"PureWater":0,"FossilizedHelix":54,"Toy Ornithopter":83}]},"card_choices":[{"not_picked":["Leap","Steam","Chaos"],"picked":"Cold Snap","floor":1},{"not_picked":["Bouncing Flask","Flame Barrier","Reflex"],"picked":"FearNoEvil","floor":1},{"not_picked":["Steam","Dagger Spray","Thunderclap"],"picked":"Pommel Strike","floor":2},{"not_picked":["Thunderclap","Quick Slash","Slice"],"picked":"Evaluate","floor":2},{"not_picked":["Dagger Throw","CutThroughFate","Rainbow"],"picked":"Evaluate","floor":4},{"not_picked":["Anger","Ball Lightning","Sword Boomerang"],"picked":"FearNoEvil","floor":4},{"not_picked":["Die Die Die","Stack","BattleHymn"],"picked":"Double Energy","floor":5},{"not_picked":["Bloodletting","CutThroughFate","Clothesline"],"picked":"Seeing Red","floor":5},{"not_picked":["Cleave","Backflip","Evaluate"],"picked":"Dagger Spray","floor":7},{"not_picked":["Meditate","Intimidate","Perseverance"],"picked":"Adrenaline","floor":10},{"not_picked":["Outmaneuver","Deflect","Leg Sweep"],"picked":"Flex","floor":11},{"not_picked":["Aggregate","Redo","Bane","WheelKick"],"picked":"SKIP","floor":11},{"not_picked":["Protect","Clash","Consecrate"],"picked":"Crescendo","floor":12},{"not_picked":["Sweeping Beam","WindmillStrike","Perfected Strike"],"picked":"TalkToTheHand","floor":13},{"not_picked":["Conclude","Clothesline","Havoc"],"picked":"Backflip","floor":13},{"not_picked":["Expertise","Underhanded Strike","Leg Sweep"],"picked":"Self Repair","floor":14},{"not_picked":["Armaments","Steam","Calculated Gamble"],"picked":"Feed","floor":14},{"not_picked":["Tools of the Trade","Brilliance","Night Terror"],"picked":"Vault","floor":16},{"not_picked":["Barrage","Thunderclap","Prostrate+1"],"picked":"Cloak And Dagger+1","floor":18},{"not_picked":["Body Slam","CutThroughFate","Perfected Strike","Recycle"],"picked":"SKIP","floor":18},{"not_picked":["Chaos","Conserve Battery+1","FearNoEvil"],"picked":"Flash of Steel","floor":19},{"not_picked":["Blur","Berserk","Streamline","Compile Driver"],"picked":"SKIP","floor":19},{"not_picked":["Scrape","Riddle With Holes","Power Through","Turbo"],"picked":"SKIP","floor":20},{"not_picked":["Dagger Throw+1","JustLucky","Prepared","Night Terror"],"picked":"SKIP","floor":20},{"not_picked":["EmptyFist","Undo","Protect"],"picked":"Bloodletting","floor":21},{"not_picked":["Choke","PiercingWail","Indignation"],"picked":"Sweeping Beam","floor":21},{"not_picked":["Headbutt","Leap","Nirvana"],"picked":"Evaluate","floor":22},{"not_picked":["Iron Wave","Steam Power","Deflect"],"picked":"FTL","floor":22},{"not_picked":["All Out Attack","Consecrate","Coolheaded"],"picked":"Seek","floor":23},{"not_picked":["Cloak And Dagger","Turbo","Collect","FollowUp"],"picked":"SKIP","floor":24},{"not_picked":["Blind","BowlingBash","Catalyst","Armaments"],"picked":"SKIP","floor":24},{"not_picked":["Escape Plan","Perfected Strike","Flying Knee"],"picked":"Scrawl","floor":25},{"not_picked":["BowlingBash","Underhanded Strike","Cloak And Dagger"],"picked":"Shrug It Off","floor":27},{"not_picked":["Spot Weakness","Disarm","Blur","SignatureMove"],"picked":"SKIP","floor":27},{"not_picked":["Skim","Protect","FollowUp","Dagger Throw"],"picked":"SKIP","floor":28},{"not_picked":["Cloak And Dagger","Consecrate","Fusion+1"],"picked":"Double Tap","floor":30},{"not_picked":["Perfected Strike","ReachHeaven+1","Heavy Blade","Gash"],"picked":"SKIP","floor":30},{"not_picked":["Impervious","Bullet Time","Tools of the Trade"],"picked":"DevaForm","floor":33},{"not_picked":["Flechettes","Prepared","Underhanded Strike+1"],"picked":"ClearTheMind","floor":35},{"not_picked":["Infinite Blades+1","Redo","Quick Slash+1","Cleave"],"picked":"SKIP","floor":35},{"not_picked":["LikeWater","Cleave+1","Infinite Blades+1"],"picked":"Wallop","floor":36},{"not_picked":["Forethought","Rebound+1","Sentinel"],"picked":"Ball Lightning","floor":36},{"not_picked":["Outmaneuver","Perfected Strike+1","WheelKick+1"],"picked":"FollowUp+1","floor":39},{"not_picked":["Deadly Poison","Redo","Distraction","Armaments"],"picked":"SKIP","floor":39},{"not_picked":["Steam","Warcry+1","Shockwave","Bloodletting"],"picked":"SKIP","floor":40},{"not_picked":["Warcry","Accuracy","Corruption","Streamline"],"picked":"SKIP","floor":44},{"not_picked":["Predator","Masterful Stab","Disarm","Clash"],"picked":"SKIP","floor":44},{"not_picked":["WindmillStrike+1","Flex+1","BowlingBash+1"],"picked":"Evaluate+1","floor":45},{"not_picked":["Twin Strike+1","Heavy Blade","BowlingBash+1","Ball Lightning"],"picked":"SKIP","floor":46},{"not_picked":["Chill","Rebound","Bane","Alpha"],"picked":"SKIP","floor":46},{"not_picked":["PathToVictory","Dual Wield","Noxious Fumes+1"],"picked":"Beam Cell","floor":47},{"not_picked":["Reprogram","Perfected Strike","Clash","Barrage"],"picked":"SKIP","floor":48},{"not_picked":["Ball Lightning","Clothesline+1","Wild Strike","Deadly Poison+1"],"picked":"SKIP","floor":48},{"not_picked":["Underhanded Strike","Poisoned Stab","Rampage+1"],"picked":"Evaluate+1","floor":55}],"player_experience":355021,"relics_obtained":[{"floor":7,"key":"MealTicket"},{"floor":10,"key":"War Paint"},{"floor":12,"key":"Whetstone"},{"floor":23,"key":"Oddly Smooth Stone"},{"floor":25,"key":"Ornamental Fan"},{"floor":26,"key":"Art of War"},{"floor":28,"key":"Thread and Needle"},{"floor":40,"key":"Nunchaku"},{"floor":43,"key":"Orichalcum"},{"floor":45,"key":"Kunai"},{"floor":47,"key":"Bronze Scales"},{"floor":55,"key":"Centennial Puzzle"}],"event_choices":[{"damage_healed":0,"gold_gain":150,"player_choice":"AGREE","damage_taken":0,"max_hp_gain":0,"max_hp_loss":0,"event_name":"Liars Game","floor":3,"gold_loss":0,"cards_obtained":["Doubt"]},{"damage_healed":0,"gold_gain":50,"player_choice":"Stole From Cult","damage_taken":0,"max_hp_gain":0,"max_hp_loss":0,"event_name":"Nest","floor":29,"gold_loss":0},{"damage_healed":0,"gold_gain":0,"player_choice":"Opened","damage_taken":0,"relics_obtained":["Vajra"],"max_hp_gain":0,"max_hp_loss":0,"event_name":"The Mausoleum","floor":31,"gold_loss":0,"cards_obtained":["Writhe"]},{"damage_healed":0,"gold_gain":0,"player_choice":"Damaged","damage_taken":17,"max_hp_gain":0,"max_hp_loss":0,"event_name":"Wheel of Change","floor":38,"gold_loss":0}],"is_beta":false,"boss_relics":[{"not_picked":["Ectoplasm","Cursed Key"],"picked":"Sozu"},{"not_picked":["Fusion Hammer","Pandora\u0027s Box"],"picked":"Astrolabe"}],"items_purged_floors":[0,0,37,42],"is_endless":false,"potions_floor_spawned":[2,5,7,10,12,13,16,18,21,23,25,28,39,40,46],"ascension_level":20}}