{"host":"Tuck","time":1613624177,"event":{"mods":["BaseMod","Minty Spire (QoL Compilation)","StSLib"],"gold_per_floor":[114,114,125,145,160,185,185,185,211,249,249,275,302,321,321,431,458,470,484,167,167,167,208,208,245,317,345,380,380,407,425,425,537,537,563,1776,1776,1788,1087,1122,1131,1172,1243,1253,1282,1282,1308,1325,1325,1325,1325,1325,640,669,669],"floor_reached":56,"language":"ENG","playtime":4448,"items_purged":["Defend_B","Zap"],"score":1939,"play_id":"1169bc5c-5791-472d-8bee-ae618a3fbbc1","local_time":"20210217215617","is_ascension_mode":true,"campfire_choices":[{"data":"Electrodynamics","floor":7,"key":"SMITH"},{"floor":11,"key":"REST"},{"data":"Conserve Battery","floor":15,"key":"SMITH"},{"data":"Loop","floor":24,"key":"SMITH"},{"data":"Amplify","floor":29,"key":"SMITH"},{"data":"Coolheaded","floor":32,"key":"SMITH"},{"floor":46,"key":"RECALL"},{"data":"Coolheaded","floor":49,"key":"SMITH"},{"data":"Panacea","floor":52,"key":"SMITH"}],"circlet_count":0,"master_deck":["Defend_B","Defend_B","Dualcast","Conserve Battery+1","Hologram","Electrodynamics+1","Cold Snap+1","Cold Snap","Ball Lightning+1","Amplify+1","Conserve Battery+1","Consume+1","Chill+1","Coolheaded+1","Capacitor+1","Loop+1","Self Repair","All For One+1","Echo Form+1","Fusion+1","Echo Form+1","All For One+1","Coolheaded+1","Panache+1","Panacea+1","Creative AI+1","Echo Form+1","Hologram+1","Master of Strategy"],"relics":["Snecko Eye","DataDisk","CeramicFish","Omamori","Matryoshka","Astrolabe","Molten Egg 2","Orichalcum","StrikeDummy","Symbiotic Virus","Frozen Egg 2","Bottled Tornado","PreservedInsect","Mummified Hand","Medical Kit","Eternal Feather","Runic Dome","Nunchaku","Cables","Sundial","Gremlin Horn","Whetstone","White Beast Statue","Strange Spoon","HornCleat","Emotion Chip"],"acts_visited":["Exordium","TheCity","TheBeyond","TheEnding"],"potions_floor_usage":[6,10,13],"damage_taken":[{"damage":1,"enemies":"Cultist","floor":1,"turns":3},{"damage":5,"enemies":"Jaw Worm","floor":3,"turns":5},{"damage":0,"enemies":"Small Slimes","floor":4,"turns":3},{"damage":0,"enemies":"Looter","floor":5,"turns":4},{"damage":47,"enemies":"Gremlin Nob","floor":6,"turns":6},{"damage":16,"enemies":"Lagavulin","floor":10,"turns":5},{"damage":16,"enemies":"Gremlin Nob","floor":12,"turns":5},{"damage":9,"enemies":"Lots of Slimes","floor":13,"turns":2},{"damage":0,"enemies":"Gremlin Gang","floor":14,"turns":2},{"damage":0,"enemies":"Hexaghost","floor":16,"turns":9},{"damage":0,"enemies":"Chosen","floor":18,"turns":3},{"damage":0,"enemies":"Spheric Guardian","floor":19,"turns":3},{"damage":0,"enemies":"Slavers","floor":23,"turns":4},{"damage":0,"enemies":"Book of Stabbing","floor":25,"turns":4},{"damage":0,"enemies":"Slavers","floor":27,"turns":4},{"damage":0,"enemies":"Gremlin Leader","floor":30,"turns":3},{"damage":0,"enemies":"Snecko","floor":31,"turns":5},{"damage":0,"enemies":"Collector","floor":33,"turns":8},{"damage":4,"enemies":"3 Shapes","floor":35,"turns":3},{"damage":0,"enemies":"3 Darklings","floor":36,"turns":1},{"damage":1,"enemies":"4 Shapes","floor":38,"turns":2},{"damage":0,"enemies":"Nemesis","floor":40,"turns":3},{"damage":0,"enemies":"Reptomancer","floor":42,"turns":3},{"damage":0,"enemies":"Sphere and 2 Shapes","floor":44,"turns":3},{"damage":0,"enemies":"Giant Head","floor":45,"turns":4},{"damage":0,"enemies":"Reptomancer","floor":47,"turns":2},{"damage":0,"enemies":"Maw","floor":48,"turns":4},{"damage":0,"enemies":"Time Eater","floor":50,"turns":7},{"damage":0,"enemies":"Shield and Spear","floor":54,"turns":2},{"damage":0,"enemies":"The Heart","floor":55,"turns":7}],"seed_played":"-5341819162500931540","potions_obtained":[{"floor":1,"key":"Weak Potion"},{"floor":5,"key":"ColorlessPotion"},{"floor":12,"key":"ColorlessPotion"},{"floor":16,"key":"DuplicationPotion"},{"floor":18,"key":"BlessingOfTheForge"},{"floor":31,"key":"EssenceOfSteel"},{"floor":33,"key":"PotionOfCapacity"}],"is_trial":false,"path_per_floor":["M","?","M","M","M","E","R","?","T","E","R","E","M","M","R","B",null,"M","M","$","T","?","E","R","E","T","E","$","R","E","M","R","B",null,"M","M","?","M","$","E","?","E","T","M","E","R","E","M","R","B",null,"R","$","E","B",null],"character_chosen":"DEFECT","items_purchased":["Coolheaded","Capacitor","Molten Egg 2","Mummified Hand","Medical Kit","All For One+1","Echo Form+1","All For One+1","Coolheaded","Panache+1","Nunchaku","Panacea","Master of Strategy","Strange Spoon","HornCleat"],"campfire_rested":1,"item_purchase_floors":[20,20,20,28,28,28,39,39,39,39,39,39,53,53,53],"current_hp_per_floor":[74,75,70,70,70,23,23,23,23,7,29,13,4,4,4,4,75,75,75,75,75,75,75,75,75,75,75,75,75,75,75,75,75,75,71,75,75,75,75,75,75,75,75,75,75,75,75,75,75,75,75,75,75,75,75],"gold":669,"neow_bonus":"BOSS_RELIC","is_daily":false,"chose_seed":false,"campfire_upgraded":7,"win_rate":0.0,"timestamp":1613624177,"path_taken":["M","?","?","M","M","E","R","?","T","E","R","E","M","M","R","BOSS","M","M","$","?","?","E","R","E","T","E","$","R","E","M","R","BOSS","M","?","?","M","$","E","?","E","T","?","E","R","E","M","R","BOSS","R","$","E","BOSS"],"items_purchased_type":["Card","Card","Relic","Relic","Relic","Card","Card","Card","Card","Card","Relic","Card","Card","Relic","Relic"],"build_version":"2020-12-18","purchased_purges":2,"victory":true,"max_hp_per_floor":[75,75,75,75,75,75,75,75,75,75,75,75,75,75,75,75,75,75,75,75,75,75,75,75,75,75,75,75,75,75,75,75,75,75,75,75,75,75,75,75,75,75,75,75,75,75,75,75,75,75,75,75,75,75,75],"card_choices":[{"not_picked":["Scrape","Barrage","Stack"],"picked":"SKIP","floor":1},{"not_picked":["Gash","Lockon","Sweeping Beam"],"picked":"SKIP","floor":3},{"not_picked":["Self Repair","Blizzard"],"picked":"Conserve Battery","floor":4},{"not_picked":["Steam","Sweeping Beam"],"picked":"Hologram","floor":5},{"not_picked":["Reinforced Body","Hologram"],"picked":"Electrodynamics","floor":6},{"not_picked":["Stack","Tempest"],"picked":"Cold Snap","floor":10},{"not_picked":["Leap","Sweeping Beam","Scrape"],"picked":"SKIP","floor":12},{"not_picked":["FTL","Redo"],"picked":"Cold Snap","floor":13},{"not_picked":["Stack","Go for the Eyes"],"picked":"Ball Lightning","floor":14},{"not_picked":["Fission","Hyperbeam"],"picked":"Amplify","floor":16},{"not_picked":["Redo+1","Compile Driver","Go for the Eyes"],"picked":"SKIP","floor":18},{"not_picked":["Streamline","Ball Lightning","Rebound"],"picked":"SKIP","floor":19},{"not_picked":["Compile Driver+1","Coolheaded"],"picked":"Loop","floor":23},{"not_picked":["Hyperbeam+1","Chill"],"picked":"Self Repair","floor":25},{"not_picked":["Gash+1","Conserve Battery","Steam"],"picked":"SKIP","floor":27},{"not_picked":["Fusion","FTL+1","Cold Snap+1"],"picked":"SKIP","floor":30},{"not_picked":["Beam Cell+1","Steam","Blizzard+1"],"picked":"SKIP","floor":31},{"not_picked":["Biased Cognition+1","Buffer+1"],"picked":"Echo Form+1","floor":33},{"not_picked":["Coolheaded","Hologram+1"],"picked":"Fusion+1","floor":35},{"not_picked":["Barrage+1","Turbo","Conserve Battery+1"],"picked":"SKIP","floor":36},{"not_picked":["BootSequence+1","Beam Cell+1","Conserve Battery+1"],"picked":"SKIP","floor":38},{"not_picked":["Redo+1","Fusion"],"picked":"Creative AI+1","floor":40},{"not_picked":["Go for the Eyes+1","Force Field"],"picked":"Hologram+1","floor":42},{"not_picked":["Lockon+1","Coolheaded","Streamline+1"],"picked":"SKIP","floor":44},{"not_picked":["Gash+1","Auto Shields+1","Barrage+1"],"picked":"SKIP","floor":45},{"not_picked":["Compile Driver+1","Leap","Barrage+1"],"picked":"SKIP","floor":47},{"not_picked":["Redo","Streamline+1","Sweeping Beam+1"],"picked":"SKIP","floor":48},{"not_picked":["Tempest","Hello World+1","Creative AI+1"],"picked":"SKIP","floor":54}],"player_experience":2419380,"relics_obtained":[{"floor":6,"key":"DataDisk"},{"floor":9,"key":"CeramicFish"},{"floor":10,"key":"Omamori"},{"floor":12,"key":"Matryoshka"},{"floor":21,"key":"Orichalcum"},{"floor":23,"key":"StrikeDummy"},{"floor":25,"key":"Symbiotic Virus"},{"floor":26,"key":"Frozen Egg 2"},{"floor":26,"key":"Bottled Tornado"},{"floor":27,"key":"PreservedInsect"},{"floor":30,"key":"Eternal Feather"},{"floor":40,"key":"Cables"},{"floor":42,"key":"Sundial"},{"floor":43,"key":"Gremlin Horn"},{"floor":45,"key":"Whetstone"},{"floor":47,"key":"White Beast Statue"},{"floor":54,"key":"Emotion Chip"}],"event_choices":[{"damage_healed":1,"gold_gain":0,"player_choice":"Full Heal","damage_taken":0,"max_hp_gain":0,"max_hp_loss":0,"event_name":"Wheel of Change","floor":2,"gold_loss":0},{"cards_removed":["Strike_B"],"damage_healed":0,"gold_gain":0,"player_choice":"Offered Basic","damage_taken":0,"max_hp_gain":0,"max_hp_loss":0,"event_name":"Bonfire Elementals","floor":8,"gold_loss":0},{"damage_healed":0,"gold_gain":0,"player_choice":"Upgraded","damage_taken":0,"max_hp_gain":0,"max_hp_loss":0,"event_name":"Upgrade Shrine","floor":22,"gold_loss":0,"cards_upgraded":["Capacitor"]},{"cards_removed":["Defend_B"],"damage_healed":0,"gold_gain":0,"player_choice":"Removed Skill","damage_taken":0,"max_hp_gain":0,"max_hp_loss":0,"event_name":"Falling","floor":37,"gold_loss":0},{"damage_healed":0,"gold_gain":0,"player_choice":"Copied","damage_taken":0,"max_hp_gain":0,"max_hp_loss":0,"event_name":"Duplicator","floor":41,"gold_loss":0,"cards_obtained":["Echo Form"]}],"is_beta":true,"boss_relics":[{"not_picked":["Coffee Dripper","Busted Crown"],"picked":"Astrolabe"},{"not_picked":["Philosopher\u0027s Stone","Runic Pyramid"],"picked":"Runic Dome"}],"items_purged_floors":[39,53],"is_endless":false,"potions_floor_spawned":[1,5,12,16,18,31,33,35,44,45,48,54],"ascension_level":1}}