{"host":"bwf6jt0gyax88i3l","time":1613689819,"event":{"mods":["AchievementEnabler","Act Like it!","BaseMod","Colored Map","Colored Powertips","Conspire","Downfall","Gensokyo","Hermit","Hero for Fun","Highlight Path","Hubris","Infinite Spire","Jorbs\u0027s Wanderer Trilogy","Koishi","Minty Spire (QoL Compilation)","Quick Restart","Shop Mod","StSLib","Td1madao Mod","The Administrix","The Bladedancer","The Bug Knight","The Cursed","The Hierophant","The Mystic","The Wild Card"],"gold_per_floor":[117,117,117,132,152,166,166,191,191,215,232,59,59,59,59,134,134,147,168,185,185,185,199,42,74,74,91,107,139,139,171,171,151,151],"floor_reached":33,"language":"ENG","playtime":1177,"items_purged":["hierophant:FieryStrike"],"score":340,"play_id":"73114155-3bca-419d-b77f-c16ca546061f","local_time":"20210218151019","is_ascension_mode":false,"campfire_choices":[{"data":"hierophant:Zeal","floor":7.0,"key":"SMITH"},{"data":"hierophant:HolyVerse","floor":15.0,"key":"SMITH"},{"floor":30,"key":"REST"},{"data":"hierophant:Invocation","floor":32,"key":"SMITH"}],"circlet_count":0,"master_deck":["hierophant:Strike_Hierophant","hierophant:Strike_Hierophant","hierophant:Punish","hierophant:Defend_Hierophant","hierophant:Defend_Hierophant","hierophant:Defend_Hierophant","hierophant:Defend_Hierophant","hierophant:ChurchCoffers","hierophant:Zeal","hierophant:Zeal+1","hierophant:OrnateBuckler","hierophant:MorningPrayer","hierophant:Batter","hierophant:HolyVerse+1","hierophant:Smite","hierophant:SealAway","hierophant:PassingBell","hierophant:Invocation+1"],"relics":["hierophant:PropheticMaskRelic","NeowsBlessing","PreservedInsect","Bronze Scales","infinitespire:FocusingShard","infinitespire:PuzzleCube","Philosopher\u0027s Stone","MealTicket","Boot","Ornamental Fan","Shuriken"],"acts_visited":["Exordium","TheCity"],"potions_floor_usage":[27,28,28,29],"damage_taken":[{"damage":2.0,"enemies":"conspire:RoseBush","floor":1.0,"turns":1.0},{"damage":0.0,"enemies":"Cultist","floor":4.0,"turns":1.0},{"damage":0.0,"enemies":"Jaw Worm","floor":5.0,"turns":1.0},{"damage":5.0,"enemies":"HollowMod:MossKnight","floor":6.0,"turns":8.0},{"damage":26.0,"enemies":"Lagavulin","floor":8.0,"turns":4.0},{"damage":0.0,"enemies":"Exordium Wildlife","floor":11.0,"turns":3.0},{"damage":31.0,"enemies":"Slime Boss","floor":16.0,"turns":6.0},{"damage":0,"enemies":"Shell Parasite","floor":18,"turns":2},{"damage":7,"enemies":"Snake Plant","floor":19,"turns":2},{"damage":2,"enemies":"3 Cultists","floor":20,"turns":3},{"damage":24,"enemies":"Centurion and Healer","floor":23,"turns":4},{"damage":0,"enemies":"Gremlin Leader","floor":25,"turns":3},{"damage":18,"enemies":"Snake Plant","floor":27,"turns":3},{"damage":6,"enemies":"3 Cultists","floor":28,"turns":4},{"damage":0,"enemies":"HollowMod:Nosk","floor":29,"turns":1},{"damage":0,"enemies":"conspire:Head Lice","floor":31,"turns":4},{"damage":60,"enemies":"hubris:MusketHawk","floor":33,"turns":6}],"seed_played":"5562799829585767701","potions_obtained":[{"floor":1.0,"key":"champ:CounterPotion"},{"floor":4.0,"key":"CultistPotion"},{"floor":11.0,"key":"EssenceOfSteel"},{"floor":16.0,"key":"Weak Potion"},{"floor":20,"key":"BlessingOfTheForge"},{"floor":23,"key":"ColorlessPotion"},{"floor":27,"key":"SteroidPotion"},{"floor":28,"key":"SneckoOil"}],"is_trial":false,"path_per_floor":["M","?","$","M","M","E","R","E","T","T","M","$","?","?","R","B",null,"M","M","M","?","?","M","$","E","T","M","M","E","R","E","R","B"],"character_chosen":"HIEROPHANT","items_purchased":["hierophant:HolyVerse","hierophant:Smite","MealTicket"],"campfire_rested":1,"item_purchase_floors":[12,12,24],"current_hp_per_floor":[73,75,75,75,75,70,70,44,44,44,44,44,44,44,44,13,75,75,68,66,66,66,42,42,42,42,24,18,18,40,40,40,0,0],"gold":151,"neow_bonus":"THREE_ENEMY_KILL","is_daily":false,"chose_seed":false,"campfire_upgraded":3,"win_rate":0.0,"timestamp":1613689819,"path_taken":["M","?","$","?","M","E","R","E","T","?","M","$","?","?","R","BOSS","M","M","?","?","?","M","$","E","T","M","?","E","R","E","R","BOSS"],"items_purchased_type":["Card","Card","Relic"],"build_version":"2020-12-22","purchased_purges":1,"victory":false,"max_hp_per_floor":[75,75,75,75,75,75,75,75,75,75,75,75,75,75,75,75,75,75,75,75,75,75,75,75,75,75,75,75,75,75,75,75,75,75],"card_choices":[{"not_picked":["hierophant:Alms","hierophant:Rebuild"],"picked":"hierophant:Zeal","floor":1.0},{"not_picked":["hierophant:ThreeLashes","hierophant:ConvertCurrency"],"picked":"hierophant:FieryStrike","floor":4.0},{"not_picked":["hierophant:Chorus","hierophant:Flagellation"],"picked":"hierophant:Zeal","floor":5.0},{"not_picked":["hierophant:Remorse","hierophant:ThreeLashes"],"picked":"hierophant:OrnateBuckler","floor":6.0},{"not_picked":["hierophant:FieryStrike","hierophant:AuricBeam"],"picked":"hierophant:MorningPrayer","floor":8.0},{"not_picked":["hierophant:ConvertCurrency","hierophant:FaithHealing"],"picked":"hierophant:Batter","floor":11.0},{"not_picked":["hierophant:Purify","hierophant:Doubloon"],"picked":"hierophant:SealAway","floor":18},{"not_picked":["hierophant:ThreeLashes","hierophant:Purify+1","hierophant:Racketeering"],"picked":"SKIP","floor":19},{"not_picked":["hierophant:FlamingChariot","hierophant:SolarFlare","hierophant:Prophecy"],"picked":"SKIP","floor":20},{"not_picked":["hierophant:Purify","hierophant:CoinFling","hierophant:RustyCrate+1"],"picked":"SKIP","floor":23},{"not_picked":["hierophant:Batter","hierophant:Doubloon","hierophant:HolyVerse"],"picked":"SKIP","floor":25},{"not_picked":["hierophant:Encroach+1","hierophant:RustyCrate","hierophant:Community+1"],"picked":"SKIP","floor":27},{"not_picked":["hierophant:Doomsaying","hierophant:MorningPrayer","hierophant:Zeal+1"],"picked":"SKIP","floor":28},{"not_picked":["hierophant:RustyCrate+1","hierophant:HolyVerse"],"picked":"hierophant:PassingBell","floor":29},{"not_picked":["hierophant:PassingBell+1","hierophant:Glossolalia"],"picked":"hierophant:Invocation","floor":31}],"player_experience":59966,"relics_obtained":[{"floor":6.0,"key":"PreservedInsect"},{"floor":8.0,"key":"Bronze Scales"},{"floor":9.0,"key":"infinitespire:FocusingShard"},{"floor":10.0,"key":"infinitespire:PuzzleCube"},{"floor":25,"key":"Boot"},{"floor":29,"key":"Ornamental Fan"},{"floor":31,"key":"Shuriken"}],"event_choices":[{"damage_healed":2.0,"max_hp_gain":0.0,"max_hp_loss":0.0,"gold_gain":0.0,"event_name":"Wheel of Change","player_choice":"Full Heal","floor":2.0,"gold_loss":0.0,"damage_taken":0.0},{"damage_healed":0.0,"max_hp_gain":0.0,"max_hp_loss":0.0,"gold_gain":0.0,"event_name":"Shining Light","player_choice":"Ignored","floor":13.0,"gold_loss":0.0,"damage_taken":0.0},{"cards_removed":["hierophant:Strike_Hierophant"],"damage_healed":0.0,"max_hp_gain":0.0,"max_hp_loss":0.0,"gold_gain":0.0,"event_name":"Purifier","player_choice":"Purged","floor":14.0,"gold_loss":0.0,"damage_taken":0.0},{"cards_removed":["hierophant:Strike_Hierophant"],"damage_healed":0,"gold_gain":0,"player_choice":"Offered Basic","damage_taken":0,"max_hp_gain":0,"max_hp_loss":0,"event_name":"Bonfire Elementals","floor":22,"gold_loss":0}],"is_beta":false,"boss_relics":[{"not_picked":["Tiny House","Ectoplasm"],"picked":"Philosopher\u0027s Stone"}],"items_purged_floors":[12],"is_endless":false,"potions_floor_spawned":[1,4,11,16,20,23,27,28],"killed_by":"hubris:MusketHawk","ascension_level":0}}