{"host":"2l3i55whvwk76mom","time":1613624591,"event":{"mods":["BaseMod","Googly Eyes","Hubris","Minty Spire (QoL Compilation)","Replay The Spire","StSLib"],"gold_per_floor":[13,13,34,55,73,73,97,132,200,162,162,187,231,246,246,377,477,501,517,517,517],"floor_reached":20,"language":"ENG","playtime":997,"items_purged":[],"score":256,"play_id":"8b82ab81-f09a-4129-b9da-c6b13a0065dc","local_time":"20210217210311","is_ascension_mode":true,"campfire_choices":[{"data":"Neutralize","floor":6,"key":"SMITH"},{"floor":11,"key":"REST"},{"floor":15,"key":"REST"}],"circlet_count":0,"master_deck":["Strike_G","Strike_G","Strike_G","Strike_G","Strike_G","Defend_G","Defend_G","Defend_G","Defend_G","Defend_G","Survivor","Neutralize+1","Sadistic Nature","Backflip","Prepared","Poisoned Stab","Bane","ReplayTheSpireMod:Exploit Weakness","Bouncing Flask","Bane","Poisoned Stab","Calculated Gamble","ReplayTheSpireMod:Necrosis","Toxin Wave","Caltrops"],"relics":["Ring of the Snake","Golden Idol","Replay:Bottled Steam","Onion Ring","hubris:AncientText","Replay:Wanted Poster"],"acts_visited":["Exordium","TheCity"],"potions_floor_usage":[13,20,20,20],"damage_taken":[{"damage":3,"enemies":"2 Louse","floor":1,"turns":3},{"damage":5,"enemies":"Small Slimes","floor":3,"turns":5},{"damage":3,"enemies":"Jaw Worm","floor":4,"turns":6},{"damage":0,"enemies":"Looter","floor":5,"turns":3},{"damage":16,"enemies":"Large Slime","floor":7,"turns":7},{"damage":22,"enemies":"3 Sentries","floor":8,"turns":10},{"damage":4,"enemies":"3 Louse","floor":12,"turns":3},{"damage":0,"enemies":"Replay:BlueRogue","floor":13,"turns":3},{"damage":17,"enemies":"Gremlin Gang","floor":14,"turns":3},{"damage":25,"enemies":"The Guardian","floor":16,"turns":7},{"damage":20,"enemies":"Shell Parasite","floor":18,"turns":5},{"damage":17,"enemies":"Spheric Guardian","floor":19,"turns":4},{"damage":34,"enemies":"Shelled Parasite and Fungi","floor":20,"turns":4}],"seed_played":"-3537581690598719463","potions_obtained":[{"floor":8,"key":"Cursed Concoction"},{"floor":12,"key":"Block Potion"},{"floor":16,"key":"Milkshake"},{"floor":19,"key":"ColorlessPotion"}],"is_trial":false,"path_per_floor":["M","?","M","M","M","R","M","E","T","?","R","M","E","M","R","B",null,"M","M","M"],"character_chosen":"THE_SILENT","items_purchased":[],"campfire_rested":2,"item_purchase_floors":[],"current_hp_per_floor":[67,65,60,57,57,57,41,19,19,19,38,34,34,17,36,11,65,45,28,0,0],"gold":517,"neow_bonus":"RANDOM_COLORLESS_2","is_daily":false,"chose_seed":false,"campfire_upgraded":1,"win_rate":0.0,"timestamp":1613624591,"path_taken":["M","?","M","M","M","R","M","E","T","?","R","M","E","M","R","BOSS","M","M","M"],"items_purchased_type":[],"build_version":"2020-12-22","purchased_purges":0,"victory":false,"max_hp_per_floor":[70,65,65,65,65,65,65,65,65,65,65,65,65,65,65,65,65,65,65,65,65],"card_choices":[{"not_picked":["Thinking Ahead","Metamorphosis"],"picked":"Sadistic Nature","floor":0},{"not_picked":["Bane","Reflex"],"picked":"Backflip","floor":1},{"not_picked":["Bane","ReplayTheSpireMod:Tripwire"],"picked":"Prepared","floor":3},{"not_picked":["Underhanded Strike","Caltrops"],"picked":"Poisoned Stab","floor":4},{"not_picked":["Underhanded Strike","Quick Slash"],"picked":"Bane","floor":5},{"not_picked":["ReplayTheSpireMod:Tripwire","Bane"],"picked":"ReplayTheSpireMod:Exploit Weakness","floor":7},{"not_picked":["Slice","hubris:TrickCloak"],"picked":"Bouncing Flask","floor":8},{"not_picked":["Prepared","ReplayTheSpireMod:Shiv Toss"],"picked":"Bane","floor":12},{"not_picked":["Acrobatics","Flying Knee"],"picked":"Poisoned Stab","floor":13},{"not_picked":["Dagger Throw","ReplayTheSpireMod:Exploit Weakness"],"picked":"Calculated Gamble","floor":14},{"not_picked":["Envenom","Doppelganger"],"picked":"ReplayTheSpireMod:Necrosis","floor":16},{"not_picked":["Blade Dance+1","Dagger Spray"],"picked":"Toxin Wave","floor":18},{"not_picked":["Prepared+1","Poisoned Stab"],"picked":"Caltrops","floor":19}],"player_experience":387081,"relics_obtained":[{"floor":8,"key":"Replay:Bottled Steam"},{"floor":9,"key":"Onion Ring"},{"floor":13,"key":"hubris:AncientText"}],"event_choices":[{"damage_healed":0,"gold_gain":0,"player_choice":"Lose Max HP","damage_taken":0,"relics_obtained":["Golden Idol"],"max_hp_gain":0,"max_hp_loss":5,"event_name":"Golden Idol","floor":2,"gold_loss":0},{"damage_healed":0,"gold_gain":0,"player_choice":"Left Gold","damage_taken":0,"max_hp_gain":0,"max_hp_loss":0,"event_name":"World of Goop","floor":10,"gold_loss":38}],"is_beta":false,"boss_relics":[{"not_picked":["Kintsugi","Replay:Bronze Core"],"picked":"Replay:Wanted Poster"}],"items_purged_floors":[],"is_endless":false,"potions_floor_spawned":[8,12,16,19],"killed_by":"Shelled Parasite and Fungi","ascension_level":4}}