{"host":"7ue15d6wz1o7m0ar","time":1613621872,"event":{"mods":["BaseMod","Hermit","Minty Spire (QoL Compilation)","Replay The Spire","StSLib"],"gold_per_floor":[109,128,128,138,138,175,199,2,26,46,74,74,74,84,84,188,188,204,14,30,120,133,133,133],"floor_reached":23,"language":"ENG","playtime":10826,"items_purged":["Strike_R","Strike_R"],"score":244,"play_id":"a4a1df48-6dab-4eaa-bd0f-fcd1b7119f38","local_time":"20210217221752","is_ascension_mode":true,"campfire_choices":[{"floor":12.0,"key":"REST"},{"floor":15.0,"key":"DIG"}],"circlet_count":0,"master_deck":["Strike_R","Strike_R+1","Defend_R+1","Defend_R","Defend_R","Defend_R","Bash","Spot Weakness","ReplayTheSpireMod:Corrosion Curse","Replay:Undeath\u0027s Touch","Headbutt","Battle Trance","Spot Weakness","Replay:BasicMightCard","True Grit","Armaments","Eclipse","Cleave","Barricade","Armaments+1","Sword Boomerang","Rampage","Run Through+1","Warcry+1"],"relics":["Burning Blood","MawBank","ReplayTheSpireMod:Spearhead","Simple Rune","Replay:Bottled Snecko","Bottled Flame","Ooze Armor"],"acts_visited":["Exordium","TheCity"],"potions_floor_usage":[22,23],"damage_taken":[{"damage":0.0,"enemies":"Small Slimes","floor":1.0,"turns":3.0},{"damage":6.0,"enemies":"Cultist","floor":2.0,"turns":3.0},{"damage":8.0,"enemies":"2 Louse","floor":4.0,"turns":3.0},{"damage":41.0,"enemies":"Gremlin Nob","floor":6.0,"turns":4.0},{"damage":0.0,"enemies":"Large Slime","floor":7.0,"turns":5.0},{"damage":0.0,"enemies":"2 Fungi Beasts","floor":10.0,"turns":3.0},{"damage":29.0,"enemies":"Lagavulin","floor":11.0,"turns":9.0},{"damage":3.0,"enemies":"Red Slaver","floor":14.0,"turns":3.0},{"damage":24.0,"enemies":"Hexaghost","floor":16.0,"turns":8.0},{"damage":17.0,"enemies":"Shell Parasite","floor":18.0,"turns":5.0},{"damage":37,"enemies":"Spheric Guardian","floor":20,"turns":6},{"damage":10,"enemies":"Snake Plant","floor":22,"turns":4},{"damage":48,"enemies":"Slavers","floor":23,"turns":3}],"seed_played":"-2892719191678721201","potions_obtained":[{"floor":1.0,"key":"ColorlessPotion"},{"floor":2.0,"key":"BlessingOfTheForge"},{"floor":10.0,"key":"ElixirPotion"},{"floor":16.0,"key":"BloodPotion"},{"floor":20,"key":"SkillPotion"},{"floor":22,"key":"Regen Potion"}],"is_trial":false,"path_per_floor":["M","M","?","M","?","E","M","$","T","M","E","R","?","M","R","B",null,"M","$","M","?","M","E"],"character_chosen":"IRONCLAD","items_purchased":["Replay:BasicMightCard","True Grit","Sword Boomerang","Rampage"],"campfire_rested":1,"item_purchase_floors":[8,8,19,19],"current_hp_per_floor":[80,80,80,78,53,18,24,24,24,30,7,31,31,34,34,16,80,69,69,38,26,38,0,0],"gold":133,"neow_bonus":"THREE_CARDS","is_daily":false,"chose_seed":false,"campfire_upgraded":0,"win_rate":0.0,"timestamp":1613621872,"path_taken":["M","M","?","?","?","E","M","$","T","M","E","R","?","M","R","BOSS","M","$","M","?","?","E"],"items_purchased_type":["Card","Card","Card","Card"],"build_version":"2020-12-22","purchased_purges":2,"victory":false,"max_hp_per_floor":[80,80,80,80,80,80,80,80,80,80,80,80,80,80,80,80,80,80,80,80,80,80,80,80],"card_choices":[{"not_picked":["Sever Soul","Run Through"],"picked":"Spot Weakness","floor":0.0},{"not_picked":["ReplayTheSpireMod:Muscle Training","Evolve"],"picked":"ReplayTheSpireMod:Corrosion Curse","floor":1.0},{"not_picked":["Run Through","Twin Strike"],"picked":"Replay:Undeath\u0027s Touch","floor":2.0},{"not_picked":["Armaments","Run Through"],"picked":"Headbutt","floor":4.0},{"not_picked":["Run Through","Hemokinesis"],"picked":"Battle Trance","floor":6.0},{"not_picked":["Rage","Brutality"],"picked":"Spot Weakness","floor":7.0},{"not_picked":["Pummel","Bloodletting"],"picked":"Armaments","floor":10.0},{"not_picked":["Havoc","Clothesline"],"picked":"Eclipse","floor":11.0},{"not_picked":["Body Slam","Reckless Charge"],"picked":"Cleave","floor":14.0},{"not_picked":["Offering","Corruption"],"picked":"Barricade","floor":16.0},{"not_picked":["Clash","Combust"],"picked":"Armaments+1","floor":18.0},{"not_picked":["Anger","True Grit"],"picked":"Run Through+1","floor":20},{"not_picked":["Dark Embrace","Searing Blow"],"picked":"Warcry+1","floor":22}],"player_experience":471795,"relics_obtained":[{"floor":6.0,"key":"ReplayTheSpireMod:Spearhead"},{"floor":9.0,"key":"Simple Rune"},{"floor":11.0,"key":"Replay:Bottled Snecko"},{"floor":15.0,"key":"Bottled Flame"}],"event_choices":[{"cards_removed":["Strike_R"],"damage_healed":0.0,"max_hp_gain":0.0,"max_hp_loss":0.0,"gold_gain":0.0,"event_name":"Purifier","player_choice":"Purged","floor":3.0,"gold_loss":0.0,"damage_taken":0.0},{"damage_healed":0.0,"max_hp_gain":0.0,"max_hp_loss":0.0,"gold_gain":0.0,"event_name":"Scrap Ooze","player_choice":"Success","floor":5.0,"gold_loss":0.0,"damage_taken":25.0,"relics_obtained":["MawBank"]},{"damage_healed":0.0,"max_hp_gain":0.0,"max_hp_loss":0.0,"gold_gain":0.0,"event_name":"Shining Light","player_choice":"Ignored","floor":13.0,"gold_loss":0.0,"damage_taken":0.0},{"damage_healed":0,"gold_gain":90,"player_choice":"GOLD ","damage_taken":12,"max_hp_gain":0,"max_hp_loss":0,"event_name":"Knowing Skull","floor":21,"potions_obtained":[],"gold_loss":0,"cards_obtained":[]}],"is_beta":false,"boss_relics":[{"not_picked":["Mark of Pain","Empty Cage"],"picked":"Ooze Armor"}],"items_purged_floors":[8,19],"is_endless":false,"potions_floor_spawned":[1,2,10,16,20,22],"killed_by":"Slavers","ascension_level":4}}