{"host":"nz11ypxva4e39b7q","time":1613685088,"event":{"mods":["BaseMod","Better Third Choice","Better Vampires","Colored Map","Minty Spire (QoL Compilation)","Quick Restart","Shapeshifter Mod","StSLib"],"gold_per_floor":[114,131,141,141,70,99,109,137,164,192,192,226,236,248,248,351,401,412,412,511,129,129,129,162,62,87,87,100,11,11,11,11,111,111,121,121,121,121,31,62,62,91,140,140,160,180,180,195,195,195,195,195,0,28,28,28],"floor_reached":55,"language":"ENG","playtime":3312,"items_purged":["Bite","StSShapeShifter:OakBlade","Decay"],"score":1120,"play_id":"f03bf6bc-8755-4193-9e7c-19976887d20e","local_time":"20210218225128","is_ascension_mode":true,"campfire_choices":[{"data":"StSShapeShifter:EntForm","floor":15.0,"key":"SMITH"},{"data":"StSShapeShifter:BurstingSpore","floor":23.0,"key":"SMITH"},{"data":"StSShapeShifter:Sapling","floor":27.0,"key":"SMITH"},{"data":"StSShapeShifter:VineHandcuffs","floor":30.0,"key":"SMITH"},{"data":"Bite","floor":32.0,"key":"SMITH"},{"data":"StSShapeShifter:Summer","floor":41.0,"key":"SMITH"},{"data":"StSShapeShifter:BurstingSpore","floor":44.0,"key":"SMITH"},{"floor":49.0,"key":"RECALL"},{"data":"StSShapeShifter:Consume","floor":52.0,"key":"SMITH"}],"circlet_count":0,"master_deck":["StSShapeShifter:ShapeShifter_Defend","StSShapeShifter:ShapeShifter_Defend","StSShapeShifter:ShapeShifter_Defend+1","StSShapeShifter:ShapeShifter_Defend","StSShapeShifter:Tortoise_Form","StSShapeShifter:PoisonIvy+1","StSShapeShifter:Consume+1","StSShapeShifter:Sapling+1","StSShapeShifter:ReplenishingNectar","StSShapeShifter:OakBlade","StSShapeShifter:BurstingSpore+1","StSShapeShifter:EntForm+1","StSShapeShifter:Efflorescence","StSShapeShifter:BurstingSpore+1","Bite+1","Bite","Bite","StSShapeShifter:Garden+1","StSShapeShifter:VineHandcuffs+1","Flash of Steel","StSShapeShifter:Summer+1","StSShapeShifter:WolfsBane+1","Flash of Steel+1","StSShapeShifter:Synchronicity+1","StSShapeShifter:BarkSkin+1","Flash of Steel","Dramatic Entrance","Secret Technique","Purity","StSShapeShifter:Sapling+1","StSShapeShifter:WolfForm"],"relics":["StSShapeShifter:TheShapeShiftersMagnolia","SlaversCollar","Ancient Tea Set","StSShapeShifter:EmeraldPantherFigurine","Whetstone","Happy Flower","Mercury Hourglass","Tiny House","Calipers","Dream Catcher","Meat on the Bone","Vajra","Astrolabe","StSShapeShifter:FruitTree","Singing Bowl","The Courier","StSShapeShifter:AlchemistsNecklace"],"acts_visited":["Exordium","TheCity","TheBeyond","TheEnding"],"potions_floor_usage":[55,55],"damage_taken":[{"damage":9.0,"enemies":"2 Louse","floor":1.0,"turns":3.0},{"damage":4.0,"enemies":"Small Slimes","floor":2.0,"turns":4.0},{"damage":10.0,"enemies":"Cultist","floor":3.0,"turns":5.0},{"damage":12.0,"enemies":"Gremlin Nob","floor":6.0,"turns":3.0},{"damage":7.0,"enemies":"Blue Slaver","floor":7.0,"turns":8.0},{"damage":19.0,"enemies":"3 Sentries","floor":8.0,"turns":9.0},{"damage":22.0,"enemies":"Gremlin Nob","floor":10.0,"turns":3.0},{"damage":15.0,"enemies":"Lagavulin","floor":12.0,"turns":5.0},{"damage":6.0,"enemies":"Looter","floor":13.0,"turns":4.0},{"damage":11.0,"enemies":"2 Fungi Beasts","floor":14.0,"turns":5.0},{"damage":18.0,"enemies":"Hexaghost","floor":16.0,"turns":9.0},{"damage":14.0,"enemies":"Shell Parasite","floor":18.0,"turns":8.0},{"damage":46.0,"enemies":"Slavers","floor":24.0,"turns":4.0},{"damage":2.0,"enemies":"3 Byrds","floor":28.0,"turns":4.0},{"damage":7.0,"enemies":"Champ","floor":33.0,"turns":12.0},{"damage":5.0,"enemies":"3 Shapes","floor":35.0,"turns":5.0},{"damage":48.0,"enemies":"Nemesis","floor":40.0,"turns":9.0},{"damage":5.0,"enemies":"Giant Head","floor":42.0,"turns":7.0},{"damage":11.0,"enemies":"Orb Walker","floor":45.0,"turns":3.0},{"damage":74.0,"enemies":"Writhing Mass","floor":46.0,"turns":6.0},{"damage":31.0,"enemies":"Reptomancer","floor":47.0,"turns":5.0},{"damage":51.0,"enemies":"Sphere and 2 Shapes","floor":48.0,"turns":6.0},{"damage":69.0,"enemies":"Time Eater","floor":50.0,"turns":14.0},{"damage":78.0,"enemies":"Shield and Spear","floor":54.0,"turns":5.0},{"damage":67,"enemies":"The Heart","floor":55,"turns":3}],"seed_played":"4019372061314592684","potions_obtained":[{"floor":2.0,"key":"Regen Potion"},{"floor":3.0,"key":"FearPotion"},{"floor":7.0,"key":"FearPotion"},{"floor":8.0,"key":"AttackPotion"},{"floor":14.0,"key":"LiquidBronze"},{"floor":17.0,"key":"SmokeBomb"},{"floor":18.0,"key":"Ancient Potion"},{"floor":28.0,"key":"Swift Potion"},{"floor":40.0,"key":"SpeedPotion"},{"floor":54.0,"key":"Fruit Juice"}],"is_trial":false,"path_per_floor":["M","M","M","?","$","E","M","E","T","E","?","E","M","M","R","B",null,"M","?","?","$","?","R","E","$","T","R","M","$","R","?","R","B",null,"M","T","?","?","$","E","R","E","T","R","M","M","E","M","R","B",null,"R","$","E","B"],"character_chosen":"SHAPESHIFTER","items_purchased":["StSShapeShifter:ReplenishingNectar","Calipers","Flash of Steel","Purity","StSShapeShifter:PolyBeastPotion","Energy Potion"],"campfire_rested":0,"item_purchase_floors":[5,21,29,39,53,53],"current_hp_per_floor":[69,65,55,60,60,48,42,40,40,21,21,19,27,31,31,35,88,86,61,61,61,61,61,32,32,32,32,50,50,50,50,50,61,61,61,61,61,51,51,36,36,60,60,60,67,45,46,35,35,20,69,69,69,36,0,0],"gold":28,"neow_bonus":"BOSS_RELIC","is_daily":false,"chose_seed":false,"campfire_upgraded":8,"win_rate":0.0,"timestamp":1613685088,"path_taken":["M","M","M","?","$","E","M","E","T","E","?","E","M","M","R","BOSS","M","?","?","$","?","R","E","$","T","R","M","?","R","?","R","BOSS","BOSS","M","?","?","?","?","E","R","E","T","R","M","M","E","M","R","BOSS","R","$","E","BOSS"],"items_purchased_type":["Card","Relic","Card","Card","Undefined","Potion"],"build_version":"2020-12-22","purchased_purges":3,"victory":false,"max_hp_per_floor":[78,78,78,83,83,83,83,83,83,83,83,83,83,83,83,83,88,88,61,61,61,61,61,61,61,61,61,61,61,61,61,61,61,61,61,61,61,61,61,63,63,65,65,65,67,69,69,69,69,69,69,69,69,69,74,74],"card_choices":[{"not_picked":["StSShapeShifter:Guard","StSShapeShifter:Consume"],"picked":"StSShapeShifter:PoisonIvy","floor":1.0},{"not_picked":["StSShapeShifter:MultiSpiritedStrike","StSShapeShifter:Guard"],"picked":"StSShapeShifter:Consume","floor":2.0},{"not_picked":["StSShapeShifter:VineHandcuffs","StSShapeShifter:SunflowerShuriken"],"picked":"StSShapeShifter:Sapling","floor":3.0},{"not_picked":["StSShapeShifter:ThornToss","StSShapeShifter:Rest"],"picked":"StSShapeShifter:OakBlade","floor":6.0},{"not_picked":["StSShapeShifter:OakBlade","StSShapeShifter:SquirrelForm"],"picked":"StSShapeShifter:BurstingSpore","floor":7.0},{"not_picked":["StSShapeShifter:Forgiveness","StSShapeShifter:FesteringBite","StSShapeShifter:DeerForm"],"picked":"SKIP","floor":8.0},{"not_picked":["StSShapeShifter:MonkeyForm","StSShapeShifter:LeapingSlash"],"picked":"StSShapeShifter:EntForm","floor":10.0},{"not_picked":["StSShapeShifter:BloomingSlash","StSShapeShifter:MonkeyForm"],"picked":"StSShapeShifter:OakBlade","floor":12.0},{"not_picked":["StSShapeShifter:BladeOfGrass","StSShapeShifter:IntimidatingAura"],"picked":"StSShapeShifter:Efflorescence","floor":13.0},{"not_picked":["StSShapeShifter:Rabid","StSShapeShifter:FallingLeaves","StSShapeShifter:DeepWound"],"picked":"SKIP","floor":14.0},{"not_picked":["StSShapeShifter:MonkeyForm","StSShapeShifter:PoisonIvy"],"picked":"StSShapeShifter:BurstingSpore","floor":17.0},{"not_picked":["StSShapeShifter:PantherForm","StSShapeShifter:ThornToss","StSShapeShifter:RockSlide"],"picked":"SKIP","floor":18.0},{"not_picked":["StSShapeShifter:FallingLeaves","StSShapeShifter:GoldenBerries"],"picked":"StSShapeShifter:Garden+1","floor":24.0},{"not_picked":["StSShapeShifter:MonkeyForm","StSShapeShifter:Rest+1"],"picked":"StSShapeShifter:VineHandcuffs","floor":28.0},{"not_picked":["StSShapeShifter:SkullBash","StSShapeShifter:RestoreBalance"],"picked":"StSShapeShifter:Summer","floor":33.0},{"not_picked":["StSShapeShifter:VineHandcuffs+1","StSShapeShifter:BloomingSlash+1"],"picked":"StSShapeShifter:BarkSkin+1","floor":35.0},{"not_picked":["Transmutation","Chrysalis"],"picked":"Flash of Steel","floor":38.0},{"not_picked":["Bandage Up","Blind"],"picked":"Dramatic Entrance","floor":38.0},{"not_picked":["Mayhem","Discovery"],"picked":"Secret Technique","floor":38.0},{"not_picked":["StSShapeShifter:SunflowerShuriken","StSShapeShifter:MultiSpiritedStrike+1","StSShapeShifter:Rest"],"picked":"Singing Bowl","floor":40.0},{"not_picked":["StSShapeShifter:Mystical_Branch","StSShapeShifter:Pounce","StSShapeShifter:RockSlide+1"],"picked":"Singing Bowl","floor":42.0},{"not_picked":["StSShapeShifter:Rest+1","StSShapeShifter:Ensconce+1","StSShapeShifter:MonkeyForm"],"picked":"Singing Bowl","floor":45.0},{"not_picked":["StSShapeShifter:FlowerShield+1","StSShapeShifter:WaspSwarmForm","StSShapeShifter:BloomingSlash"],"picked":"Singing Bowl","floor":46.0},{"not_picked":["StSShapeShifter:FesteringBite","StSShapeShifter:Roar"],"picked":"StSShapeShifter:Sapling+1","floor":48.0},{"not_picked":["StSShapeShifter:Hunt","StSShapeShifter:PowerShifter"],"picked":"StSShapeShifter:WolfForm","floor":54.0}],"player_experience":1059733,"relics_obtained":[{"floor":6.0,"key":"Ancient Tea Set"},{"floor":8.0,"key":"StSShapeShifter:EmeraldPantherFigurine"},{"floor":9.0,"key":"Whetstone"},{"floor":10.0,"key":"Happy Flower"},{"floor":12.0,"key":"Mercury Hourglass"},{"floor":24.0,"key":"Meat on the Bone"},{"floor":26.0,"key":"Vajra"},{"floor":36.0,"key":"StSShapeShifter:FruitTree"},{"floor":40.0,"key":"Singing Bowl"},{"floor":42.0,"key":"The Courier"},{"floor":54.0,"key":"StSShapeShifter:AlchemistsNecklace"}],"event_choices":[{"damage_healed":0.0,"max_hp_gain":5.0,"max_hp_loss":0.0,"gold_gain":0.0,"event_name":"Big Fish","player_choice":"Donut","floor":4.0,"gold_loss":0.0,"damage_taken":0.0},{"damage_healed":0.0,"max_hp_gain":0.0,"max_hp_loss":0.0,"gold_gain":0.0,"event_name":"Upgrade Shrine","player_choice":"Upgraded","floor":11.0,"gold_loss":0.0,"damage_taken":0.0,"cards_upgraded":["StSShapeShifter:PoisonIvy"]},{"damage_healed":0.0,"max_hp_gain":0.0,"max_hp_loss":27.0,"gold_gain":0.0,"event_name":"Vampires","player_choice":"Became a vampire","floor":19.0,"gold_loss":0.0,"damage_taken":0.0,"cards_obtained":["Bite","Bite","Bite","Bite","Bite"]},{"damage_healed":0.0,"max_hp_gain":0.0,"max_hp_loss":0.0,"gold_gain":99.0,"event_name":"betterThird:BetterNest","player_choice":"Steal","floor":20.0,"gold_loss":0.0,"damage_taken":0.0},{"damage_healed":0.0,"max_hp_gain":0.0,"max_hp_loss":0.0,"gold_gain":0.0,"event_name":"The Mausoleum","player_choice":"Opened","floor":22.0,"gold_loss":0.0,"damage_taken":0.0,"relics_obtained":["Dream Catcher"]},{"damage_healed":0.0,"max_hp_gain":0.0,"max_hp_loss":0.0,"gold_gain":0.0,"event_name":"Wheel of Change","player_choice":"Cursed","floor":31.0,"gold_loss":0.0,"damage_taken":0.0,"cards_obtained":["Decay"]},{"damage_healed":0.0,"max_hp_gain":0.0,"max_hp_loss":0.0,"gold_gain":0.0,"event_name":"Tomb of Lord Red Mask","player_choice":"Ignored","floor":37.0,"gold_loss":0.0,"damage_taken":0.0},{"damage_healed":0.0,"max_hp_gain":0.0,"max_hp_loss":0.0,"gold_gain":0.0,"event_name":"SensoryStone","player_choice":"Memory 3","floor":38.0,"gold_loss":0.0,"damage_taken":10.0}],"is_beta":false,"boss_relics":[{"not_picked":["Fusion Hammer","Calling Bell"],"picked":"Tiny House"},{"not_picked":["Busted Crown","StSShapeShifter:LemurHeaddress"],"picked":"Astrolabe"}],"items_purged_floors":[21,25,53],"is_endless":false,"potions_floor_spawned":[2,3,7,8,14,18,28,33,40,47,54],"killed_by":"The Heart","ascension_level":3}}