{"host":"iovigr651ajk16h5","time":1613624126,"event":{"mods":["2.2 Compatiblity","AchievementEnabler","Aspiration","BaseMod","Better Altar","Better Match","Better Note","Better Sensory Stone","Better Skull","Better Third Choice","Block Reminder","Colored Map","Ekko","Energized Spire","GifTheSpireLib","GungeonMod","Halation","Hermit","Highlight Path","Hubris","Infinite Spire","Koishi","Luminous","Marisa????????","Minty Spire (QoL Compilation)","Nova Terra(??·??)","Onozuka Komachi Mod","Permanent Neow","Prisma Mod","Quick Restart","Railgun Mod","Remilia??????","Replay The Spire","StSLib","Stuff the Spire","Td1madao Mod","The Administrix","The Bladedancer","The Bug Knight","The Construct","The Marked","TheSwordswoman","Trackpad","Waifu the Spire","WarShipGirlsR/????R mod","everything is the same but u backflip on backflip"],"gold_per_floor":[109,127,127,150,166,192,202,202,225,256,271,271,271,124,124,222,222,236,247,247,261,278,278,278,278,278,278,305,317,242,254,271,271,271,369,369,383,398,398,398,398,398,412,412,412,110,110,110,122,132,132,132,132,132,132,166,166],"floor_reached":58,"language":"ENG","playtime":3125,"items_purged":["Decay","Koishi:BasicStrike","Koishi:BasicDefend"],"score":1019,"play_id":"ce5abaa4-6977-4d01-a306-a5a11c48dc77","local_time":"20210217235526","is_ascension_mode":false,"campfire_choices":[{"floor":8.0,"key":"REST"},{"floor":13.0,"key":"REST"},{"floor":15.0,"key":"REST"},{"floor":23.0,"key":"REST"},{"data":"Koishi:Heartbroken","floor":26.0,"key":"SMITH"},{"data":"Koishi:Vanish","floor":34.0,"key":"SMITH"},{"data":"Koishi:Untouchable","floor":42.0,"key":"SMITH"},{"floor":44.0,"key":"RECALL"},{"data":"Koishi:UnansweredLove","floor":51.0,"key":"SMITH"},{"data":"Koishi:VengefulSpirit","floor":54.0,"key":"SMITH"}],"circlet_count":0,"master_deck":["Koishi:BasicDefend+1","Koishi:BasicDefend+1","Koishi:Provoke","Koishi:HauntingSlash","Koishi:UnansweredLove+1","Koishi:RacingHeart","Koishi:Vanish+1","Koishi:VengefulSpirit+1","Koishi:Heartbroken+1","Koishi:PhantomStrike","Koishi:GrowingPain","Koishi:SilentAndRestless","Koishi:PhantomBarrier+1","Koishi:UnseenTerror+1","Koishi:DanmakuParanoia","Koishi:Possession+1","Koishi:PhantomBarrier+1","Koishi:UnseenTerror+1","Koishi:GrowingPain","Koishi:Untouchable+1","Koishi:StrangeCloudFist+1","Koishi:UnseenTerror+1","Koishi:FleetingPhantom","Koishi:DNAsFlaw","Koishi:UnseenTerror+1","Parasite","Koishi:UnansweredLove+1","Koishi:UnansweredLove+1"],"relics":["Koishi:ImaginaryFriend","NeowsBlessing","DemoMod:WhiteGuonStone","StuffTheSpire:Rhapsscallions","Replay:Wax Seal","Incense Burner","SlaversCollar","trackpad:SappingStone","War Paint","energizedSpire:DeadBattery","Anchor","halation:ForbiddenBikini"],"acts_visited":["Exordium","TheCity","TheBeyond","TheEnding"],"potions_floor_usage":[],"damage_taken":[{"damage":0.0,"enemies":"2 Louse","floor":1.0,"turns":1.0},{"damage":0.0,"enemies":"Jaw Worm","floor":2.0,"turns":1.0},{"damage":0.0,"enemies":"Cultist","floor":5.0,"turns":1.0},{"damage":17.0,"enemies":"Gremlin Nob","floor":6.0,"turns":6.0},{"damage":19.0,"enemies":"Exordium Thugs","floor":7.0,"turns":7.0},{"damage":23.0,"enemies":"3 Sentries","floor":10.0,"turns":10.0},{"damage":20.0,"enemies":"Lots of Slimes","floor":11.0,"turns":7.0},{"damage":14.0,"enemies":"Slime Boss","floor":16.0,"turns":8.0},{"damage":21.0,"enemies":"Shell Parasite","floor":18.0,"turns":6.0},{"damage":9.0,"enemies":"Cultist and Chosen","floor":19.0,"turns":4.0},{"damage":23.0,"enemies":"Snake Plant","floor":21.0,"turns":5.0},{"damage":5.0,"enemies":"Centurion and Healer","floor":22.0,"turns":8.0},{"damage":4.0,"enemies":"Cultist and Chosen","floor":29.0,"turns":6.0},{"damage":4.0,"enemies":"Shelled Parasite and Fungi","floor":31.0,"turns":6.0},{"damage":5.0,"enemies":"Chosen and Byrds","floor":32.0,"turns":7.0},{"damage":11.0,"enemies":"Automaton","floor":35.0,"turns":8.0},{"damage":4.0,"enemies":"Orb Walker","floor":37.0,"turns":5.0},{"damage":0.0,"enemies":"3 Shapes","floor":38.0,"turns":4.0},{"damage":0.0,"enemies":"Sphere and 2 Shapes","floor":43.0,"turns":8.0},{"damage":0.0,"enemies":"Transient","floor":49.0,"turns":4.0},{"damage":0.0,"enemies":"Writhing Mass","floor":50.0,"turns":4.0},{"damage":1.0,"enemies":"Replay:Hell Engine","floor":52.0,"turns":12.0},{"damage":0.0,"enemies":"Shield and Spear","floor":56.0,"turns":6.0},{"damage":56,"enemies":"The Heart","floor":57,"turns":11}],"seed_played":"-8659507668817478726","potions_obtained":[{"floor":6.0,"key":"Swift Potion"},{"floor":7.0,"key":"Languid Potion"},{"floor":10.0,"key":"Elixir"},{"floor":19.0,"key":"Swift Potion"},{"floor":21.0,"key":"Strength Potion"},{"floor":31.0,"key":"BlessingOfTheForge"},{"floor":38.0,"key":"SpeedPotion"}],"is_trial":false,"path_per_floor":["M","M","?","T","M","E","M","R","T","E","M","?","R","$","R","B",null,"M","M","?","M","M","R","PTL","PTL","R","?","T","M","?","M","M","T","R","B",null,"M","M","?","?","$","R","M","R","T","$","?","AVR","M","M","R","B",null,"R","$","E","B",null],"character_chosen":"KOISHI","items_purchased":["Koishi:GrowingPain","Anchor","Koishi:FleetingPhantom"],"campfire_rested":4,"item_purchase_floors":[14,46,46],"current_hp_per_floor":[60,60,53,53,53,48,38,57,57,38,19,19,38,38,57,43,65,48,40,40,23,27,46,46,46,46,46,46,46,46,56,61,61,61,59,65,65,65,62,62,57,57,62,62,62,62,62,62,62,62,62,62,62,62,62,62,26],"gold":166,"neow_bonus":"THREE_ENEMY_KILL","is_daily":false,"chose_seed":false,"campfire_upgraded":5,"win_rate":0.0,"timestamp":1613624126,"path_taken":["M","M","?","?","M","E","M","R","T","E","M","?","R","$","R","BOSS","M","?","?","M","?","R","PTL","PTL","R","?","T","?","?","M","M","?","R","BOSS","M","M","?","?","?","R","?","R","T","$","?","AVR","M","M","R","BOSS","R","$","E","BOSS"],"items_purchased_type":["Card","Relic","Card"],"build_version":"2020-12-22","purchased_purges":3,"victory":true,"max_hp_per_floor":[60,60,60,60,60,65,65,65,65,65,65,65,65,65,65,65,65,65,65,65,65,65,65,65,65,65,65,65,65,65,65,65,65,65,65,65,65,65,62,62,62,62,62,62,62,62,62,62,62,62,62,62,62,62,62,62,62],"card_choices":[{"not_picked":["Koishi:Jaunt","Koishi:SpiritedAway"],"picked":"Koishi:UnansweredLove","floor":1.0},{"not_picked":["Koishi:UnconsciousUprising","Koishi:ReflexRadar"],"picked":"Koishi:RacingHeart","floor":2.0},{"not_picked":["Koishi:YoukaiPolygraph","Koishi:CatchAndRose"],"picked":"Koishi:Vanish","floor":5.0},{"not_picked":["Koishi:CatchAndRose","Koishi:Jaunt","Koishi:HeartfeltFancy"],"picked":"SKIP","floor":6.0},{"not_picked":["Koishi:JumpScare","Koishi:Bloodlust"],"picked":"Koishi:VengefulSpirit","floor":7.0},{"not_picked":["Koishi:Jaunt","Koishi:CatchAndRose"],"picked":"Koishi:Heartbroken","floor":10.0},{"not_picked":["Koishi:VengefulSpirit","Koishi:UnconsciousUprising"],"picked":"Koishi:PhantomStrike","floor":11.0},{"not_picked":["Koishi:RollingInRichesHeart","Koishi:Heartbroken"],"picked":"Koishi:SilentAndRestless","floor":16.0},{"not_picked":["Koishi:StingingMind","Koishi:Jaunt+1"],"picked":"Koishi:PhantomBarrier+1","floor":18.0},{"not_picked":["Koishi:SpiritedAway+1","Koishi:SubterraneanRose"],"picked":"Koishi:UnseenTerror+1","floor":19.0},{"not_picked":["Koishi:Prune","Koishi:MindNumbingTerror"],"picked":"Koishi:DanmakuParanoia","floor":21.0},{"not_picked":["Koishi:PhantomStrike","Koishi:SilentAndRestless"],"picked":"Koishi:Possession","floor":22.0},{"not_picked":["Koishi:BloodcurdlingScream","Koishi:RoseHell"],"picked":"Koishi:PhantomBarrier+1","floor":29.0},{"not_picked":["Koishi:PhilosophyOfTheDespised","Koishi:SubconsciousSweep","Koishi:Jaunt"],"picked":"SKIP","floor":31.0},{"not_picked":["Koishi:TraumaticStroke+1","Koishi:Jaunt"],"picked":"Koishi:UnseenTerror+1","floor":32.0},{"not_picked":["Koishi:FadingMemory","Koishi:RuptureMind"],"picked":"Koishi:GrowingPain","floor":35.0},{"not_picked":["Koishi:BloodcurdlingScream","Koishi:HeartfeltFancy+1"],"picked":"Koishi:Untouchable","floor":37.0},{"not_picked":["Koishi:IdleWhim+1","Koishi:PhantomBarrier"],"picked":"Koishi:StrangeCloudFist+1","floor":38.0},{"not_picked":["Koishi:EmbryosDream+1","Koishi:UnconsciousUprising+1"],"picked":"Koishi:UnseenTerror+1","floor":43.0},{"not_picked":["Koishi:Prune+1","Koishi:DNAsFlaw"],"picked":"Koishi:UnseenTerror+1","floor":49.0},{"not_picked":["Koishi:PhantomStrike","Koishi:DreadfulBlow+1"],"picked":"Koishi:UnansweredLove+1","floor":50.0},{"not_picked":["Koishi:BramblyRoseGarden","Koishi:SilentAndRestless"],"picked":"Koishi:UnansweredLove+1","floor":56.0}],"player_experience":363100,"relics_obtained":[{"floor":4.0,"key":"DemoMod:WhiteGuonStone"},{"floor":6.0,"key":"StuffTheSpire:Rhapsscallions"},{"floor":9.0,"key":"Replay:Wax Seal"},{"floor":10.0,"key":"Incense Burner"},{"floor":28.0,"key":"trackpad:SappingStone"},{"floor":33.0,"key":"War Paint"}],"event_choices":[{"cards_removed":["Koishi:BasicStrike"],"damage_healed":0.0,"max_hp_gain":0.0,"max_hp_loss":0.0,"gold_gain":0.0,"event_name":"Golden Wing","player_choice":"Card Removal","floor":3.0,"gold_loss":0.0,"damage_taken":7.0},{"damage_healed":0.0,"max_hp_gain":0.0,"max_hp_loss":0.0,"gold_gain":0.0,"event_name":"Wheel of Change","player_choice":"Cursed","floor":12.0,"gold_loss":0.0,"damage_taken":0.0,"cards_obtained":["Decay"]},{"damage_healed":0.0,"max_hp_gain":0.0,"max_hp_loss":0.0,"gold_gain":0.0,"event_name":"betterNote:BetterNote","player_choice":"Ignored","floor":20.0,"gold_loss":0.0,"damage_taken":0.0,"cards_obtained":["MaximisePower"]},{"damage_healed":0.0,"max_hp_gain":0.0,"max_hp_loss":0.0,"gold_gain":0.0,"event_name":"Accursed Blacksmith","player_choice":"Forge","floor":27.0,"gold_loss":0.0,"damage_taken":0.0,"cards_upgraded":["Koishi:Possession"]},{"cards_removed":["Koishi:BasicStrike"],"damage_healed":0.0,"max_hp_gain":0.0,"max_hp_loss":0.0,"gold_gain":0.0,"event_name":"Beggar","player_choice":"Gave Gold","floor":30.0,"gold_loss":75.0,"damage_taken":0.0},{"damage_healed":0.0,"max_hp_gain":0.0,"max_hp_loss":3.0,"gold_gain":0.0,"event_name":"Winding Halls","player_choice":"Max HP","floor":39.0,"gold_loss":0.0,"damage_taken":0.0},{"damage_healed":0.0,"max_hp_gain":0.0,"max_hp_loss":0.0,"gold_gain":3.0,"event_name":"betterStone:BetterStone","player_choice":"1","floor":40.0,"gold_loss":0.0,"damage_taken":0.0},{"damage_healed":0.0,"max_hp_gain":0.0,"max_hp_loss":0.0,"gold_gain":0.0,"cards_transformed":["Koishi:BasicDefend"],"event_name":"Transmorgrifier","player_choice":"Transformed","floor":47.0,"gold_loss":0.0,"damage_taken":0.0,"cards_obtained":["Koishi:DNAsFlaw"]}],"is_beta":false,"boss_relics":[{"not_picked":["StuffTheSpire:ModemDavis","halation:HeavySnake"],"picked":"SlaversCollar"},{"not_picked":["StuffTheSpire:RunicHypercube","aspiration:SilentSkillbook"],"picked":"energizedSpire:DeadBattery"}],"items_purged_floors":[14,41,46],"is_endless":false,"potions_floor_spawned":[6,7,10,18,19,21,31,38,43],"ascension_level":0}}