{"host":"00f1p9ihhzi7hxfk","time":1613660773,"event":{"mods":["AchievementEnabler","BaseMod","Colored Map","Colored Powertips","Minty Spire (QoL Compilation)","Rare Cards Sparkle","Relic Stats"],"gold_per_floor":[112,132,63,63,79,79,97,116,116,136,136,147,160,13,13,13,13],"floor_reached":16,"language":"DEU","playtime":650,"items_purged":[],"score":96,"play_id":"a79596e8-a72c-463f-8eec-0d005baa47cf","local_time":"20210218160613","is_ascension_mode":false,"campfire_choices":[{"data":"Carnage","floor":6,"key":"SMITH"},{"floor":11,"key":"REST"},{"floor":15,"key":"REST"}],"circlet_count":0,"master_deck":["Strike_R","Strike_R","Strike_R","Strike_R","Strike_R","Defend_R","Defend_R","Defend_R","Defend_R","Bash","Headbutt","Carnage+1","Shrug It Off","Sword Boomerang","Pommel Strike","Battle Trance"],"relics":["Burning Blood","Du-Vu Doll","Bag of Marbles"],"acts_visited":["Exordium"],"potions_floor_usage":[],"damage_taken":[{"damage":5,"enemies":"Cultist","floor":1,"turns":4},{"damage":2,"enemies":"Small Slimes","floor":2,"turns":5},{"damage":0,"enemies":"2 Louse","floor":5,"turns":2},{"damage":11,"enemies":"Large Slime","floor":7,"turns":4},{"damage":12,"enemies":"Blue Slaver","floor":8,"turns":2},{"damage":5,"enemies":"Exordium Thugs","floor":10,"turns":4},{"damage":8,"enemies":"2 Fungi Beasts","floor":12,"turns":3},{"damage":13,"enemies":"3 Louse","floor":13,"turns":5},{"damage":80,"enemies":"Hexaghost","floor":16,"turns":9}],"seed_played":"-167737724749618930","potions_obtained":[{"floor":0,"key":"Block Potion"},{"floor":0,"key":"EntropicBrew"},{"floor":0,"key":"Explosive Potion"},{"floor":2,"key":"SneckoOil"},{"floor":5,"key":"Dexterity Potion"},{"floor":8,"key":"Fire Potion"}],"is_trial":false,"path_per_floor":["M","M","$","?","M","R","M","M","T","M","R","M","M","$","R","B"],"character_chosen":"IRONCLAD","items_purchased":["Carnage","Bag of Marbles"],"campfire_rested":2,"item_purchase_floors":[3,14],"current_hp_per_floor":[80,80,80,80,80,80,75,69,69,70,80,78,71,71,80,0,0],"gold":13,"neow_bonus":"THREE_SMALL_POTIONS","is_daily":false,"chose_seed":false,"campfire_upgraded":1,"win_rate":0.0,"timestamp":1613660773,"path_taken":["M","M","?","?","M","R","M","M","T","M","R","M","M","$","R","BOSS"],"items_purchased_type":["Card","Relic"],"build_version":"2020-12-22","purchased_purges":0,"victory":false,"max_hp_per_floor":[80,80,80,80,80,80,80,80,80,80,80,80,80,80,80,80,80],"relic_stats":{"counters":[9,38],"obtain_stats":[{"Du-Vu Doll":9,"Bag of Marbles":14,"Burning Blood":0},{"Du-Vu Doll":5,"Bag of Marbles":8,"Burning Blood":0},{"Du-Vu Doll":17,"Bag of Marbles":29,"Burning Blood":0}],"Burning Blood":37},"card_choices":[{"not_picked":["Wild Strike","Body Slam","Havoc"],"picked":"SKIP","floor":1},{"not_picked":["Evolve","Combust"],"picked":"Headbutt","floor":2},{"not_picked":["True Grit","Dual Wield"],"picked":"Shrug It Off","floor":5},{"not_picked":["Anger","Clash"],"picked":"Sword Boomerang","floor":7},{"not_picked":["Thunderclap","Juggernaut","Perfected Strike"],"picked":"SKIP","floor":8},{"not_picked":["True Grit","Warcry","Headbutt"],"picked":"SKIP","floor":10},{"not_picked":["Twin Strike","Warcry"],"picked":"Pommel Strike","floor":12},{"not_picked":["Sword Boomerang","Wild Strike"],"picked":"Battle Trance","floor":13}],"player_experience":115117,"relics_obtained":[{"floor":9,"key":"Du-Vu Doll"}],"event_choices":[{"damage_healed":26,"gold_gain":0,"player_choice":"Banana","damage_taken":0,"max_hp_gain":0,"max_hp_loss":0,"event_name":"Big Fish","floor":4,"gold_loss":0}],"is_beta":false,"boss_relics":[],"items_purged_floors":[],"is_endless":false,"potions_floor_spawned":[2,5,8,10],"killed_by":"Hexaghost","ascension_level":0}}