{"host":"o6j8h35axmoodbwy","time":1613655003,"event":{"mods":["2.2 Compatiblity","Act Like it!","BaseMod","Colored Map","Colored Powertips","Faster Ascension Climbing","MarisaÅiñ∂âJÅ@ñÇóùçπÅj","Minty Spire (QoL Compilation)","Prisma Mod","Quick Restart","Shop Mod","StSLib","SuperFastMode","Td1madao Mod"],"gold_per_floor":[119,119,44,61,136,171,171,185,185,185,204,256,256,268,268,368,368,386,386,403,403,420,453,453,487,510,510,510,523,557,482,482,578,578,598,598,598],"floor_reached":38,"language":"JPN","playtime":1715,"items_purged":["PrismaMod:ChloeCommonAttack"],"score":853,"play_id":"1fdbc741-f7ee-47b9-a859-f0730d384ae7","local_time":"20210218223003","is_ascension_mode":true,"campfire_choices":[{"data":"PrismaMod:ChloeCaladbolg","floor":7,"key":"SMITH"},{"data":"PrismaMod:ChloeCheapAttackTwo","floor":10,"key":"SMITH"},{"floor":13,"key":"REST"},{"data":"PrismaMod:ChloeAnyPowerTrace","floor":15,"key":"SMITH"},{"data":"PrismaMod:ChloeCheapDefend","floor":24,"key":"SMITH"},{"data":"PrismaMod:ChloeAnyPowerTrace","floor":27,"key":"SMITH"},{"data":"PrismaMod:ChloeGaeBolg","floor":32,"key":"SMITH"}],"circlet_count":0,"master_deck":["PrismaMod:ChloeCommonAttack","PrismaMod:ChloeCommonAttack","PrismaMod:ChloeCommonDefend","PrismaMod:ChloeCommonDefend","PrismaMod:ChloeCommonDefend","PrismaMod:ChloeCommonDefend","PrismaMod:ChloeCommonDefend","PrismaMod:ChloeCheapAttack","PrismaMod:ChloeCheapDefend+1","PrismaMod:ChloeCheapAttackTwo+1","PrismaMod:ChloeCaladbolg+1","PrismaMod:ChloeEyeOfTheEuryale","PrismaMod:ChloeChristmas","PrismaMod:ChloeAnyPowerTrace+1","PrismaMod:ChloeCarnivalDefend","PrismaMod:ChloeCheapDefendTwo+1","PrismaMod:ChloeAnyPowerTrace+1","PrismaMod:ChloeGaeBolg+1","PrismaMod:ChloeGaeBolg+1"],"relics":["PrismaMod:PrismaTraceOn","NeowsBlessing","Pantograph","Omamori","Mummified Hand","StoneCalendar","Velvet Choker","Necronomicon","Blue Candle","Bottled Lightning","Lantern","Oddly Smooth Stone","Sozu"],"acts_visited":["Exordium","TheCity","TheBeyond"],"potions_floor_usage":[16,20,37,37],"damage_taken":[{"damage":0,"enemies":"Small Slimes","floor":1,"turns":2},{"damage":0,"enemies":"Jaw Worm","floor":4,"turns":1},{"damage":0,"enemies":"Gremlin Nob","floor":6,"turns":1},{"damage":2,"enemies":"2 Louse","floor":8,"turns":2},{"damage":1,"enemies":"Red Slaver","floor":11,"turns":3},{"damage":14,"enemies":"Lagavulin","floor":12,"turns":5},{"damage":0,"enemies":"Looter","floor":14,"turns":3},{"damage":0,"enemies":"The Guardian","floor":16,"turns":6},{"damage":0,"enemies":"3 Byrds","floor":18,"turns":3},{"damage":0,"enemies":"Chosen","floor":20,"turns":5},{"damage":3,"enemies":"Centurion and Healer","floor":22,"turns":7},{"damage":2,"enemies":"Slavers","floor":23,"turns":3},{"damage":20,"enemies":"Book of Stabbing","floor":25,"turns":4},{"damage":0,"enemies":"Cultist and Chosen","floor":29,"turns":2},{"damage":0,"enemies":"Gremlin Leader","floor":30,"turns":3},{"damage":0,"enemies":"Automaton","floor":33,"turns":3},{"damage":0,"enemies":"3 Darklings","floor":35,"turns":1},{"damage":30,"enemies":"Awakened One","floor":37,"turns":6}],"seed_played":"444381538548744814","potions_obtained":[{"floor":6,"key":"Swift Potion"},{"floor":8,"key":"PowerPotion"},{"floor":11,"key":"DistilledChaos"},{"floor":14,"key":"SkillPotion"},{"floor":18,"key":"Weak Potion"},{"floor":25,"key":"SpeedPotion"}],"is_trial":false,"path_per_floor":["M","?","$","M","?","E","R","M","T","R","M","E","R","M","R","B",null,"M","?","M","?","M","E","R","E","T","R","?","M","E","?","R","B",null,"M","?","B",null],"character_chosen":"CHLOE","items_purchased":[],"campfire_rested":1,"item_purchase_floors":[],"current_hp_per_floor":[75,57,57,57,46,46,46,44,44,44,43,29,51,51,51,75,75,75,59,59,59,70,68,68,48,48,48,34,41,55,55,55,80,80,80,80,50],"gold":598,"neow_bonus":"THREE_ENEMY_KILL","is_daily":false,"chose_seed":false,"campfire_upgraded":6,"win_rate":0.0,"timestamp":1613655003,"path_taken":["M","?","$","M","?","E","R","M","T","R","M","E","R","M","R","BOSS","M","?","M","?","?","E","R","E","T","R","?","M","E","?","R","BOSS","M","?","BOSS"],"items_purchased_type":[],"build_version":"2020-12-22","purchased_purges":1,"victory":true,"max_hp_per_floor":[75,75,75,75,75,75,75,75,75,75,75,75,75,75,75,75,75,75,75,75,75,75,75,75,75,75,75,80,80,80,80,80,80,80,80,80,80],"card_choices":[{"not_picked":["PrismaMod:ChloeCommonAOEAttack","PrismaMod:ChloeCheapDefend"],"picked":"PrismaMod:ChloeCheapAttackTwo","floor":1},{"not_picked":["PrismaMod:ChloeEyeOfTheEuryale","PrismaMod:ChloeCheapDefendTwo"],"picked":"PrismaMod:ChloeCaladbolg","floor":4},{"not_picked":["PrismaMod:ChloeCommonAOEAttack","PrismaMod:ChloeAnyAttackTrace","PrismaMod:ChloeCheapAttackTwo"],"picked":"SKIP","floor":6},{"not_picked":["PrismaMod:ChloeCommonAOEAttack","PrismaMod:ChloeCheapDefend","PrismaMod:ChloeExhaustTwo"],"picked":"SKIP","floor":8},{"not_picked":["PrismaMod:ChloeCheapAttackTwo","PrismaMod:ChloeDiscardRecovery"],"picked":"PrismaMod:ChloeEyeOfTheEuryale","floor":11},{"not_picked":["PrismaMod:ChloeCheapAttackTwo","PrismaMod:ChloeExhaustOne"],"picked":"PrismaMod:ChloeChristmas","floor":12},{"not_picked":["PrismaMod:ChloeExcalibur","PrismaMod:ChloeRhongomyniad"],"picked":"PrismaMod:ChloeAnyPowerTrace","floor":14},{"not_picked":["PrismaMod:ChloeReshuffleDiscard","PrismaMod:ChloeAnySkillTrace"],"picked":"PrismaMod:ChloeCarnivalDefend","floor":16},{"not_picked":["PrismaMod:ChloeCheapAttackTwo","PrismaMod:ChloeRuleBreaker+1","PrismaMod:ChloeExhaustOne"],"picked":"SKIP","floor":18},{"not_picked":["PrismaMod:ChloeCheapAttack+1","PrismaMod:ChloeUncommonAOEAttack"],"picked":"PrismaMod:ChloeCheapDefendTwo+1","floor":20},{"not_picked":["PrismaMod:ChloeCheapDefend","PrismaMod:ChloeChristmas","PrismaMod:ChloeDiscardRecovery"],"picked":"SKIP","floor":22},{"not_picked":["PrismaMod:ChloeUncommonAttack+1","PrismaMod:ChloeCheapAttack","PrismaMod:ChloeCheapAttackTwo"],"picked":"SKIP","floor":23},{"not_picked":["PrismaMod:ChloeExhaustOne","PrismaMod:ChloeChristmas"],"picked":"PrismaMod:ChloeAnyPowerTrace","floor":25},{"not_picked":["PrismaMod:ChloeCheapDefendTwo","PrismaMod:ChloeCommonAOEAttack","PrismaMod:ChloeCheapAttackTwo+1"],"picked":"SKIP","floor":29},{"not_picked":["PrismaMod:ChloeDiscardRecovery+1","PrismaMod:ChloeCheapDefend"],"picked":"PrismaMod:ChloeGaeBolg","floor":30},{"not_picked":["PrismaMod:ChloeCommonAOEAttack","PrismaMod:ChloeDiscardRecovery"],"picked":"PrismaMod:ChloeGaeBolg+1","floor":35}],"player_experience":449426,"relics_obtained":[{"floor":6,"key":"Omamori"},{"floor":9,"key":"Mummified Hand"},{"floor":12,"key":"StoneCalendar"},{"floor":19,"key":"Necronomicon"},{"floor":23,"key":"Blue Candle"},{"floor":25,"key":"Bottled Lightning"},{"floor":26,"key":"Lantern"},{"floor":30,"key":"Oddly Smooth Stone"}],"event_choices":[{"damage_healed":0,"gold_gain":0,"player_choice":"Success","damage_taken":18,"relics_obtained":["Pantograph"],"max_hp_gain":0,"max_hp_loss":0,"event_name":"Scrap Ooze","floor":2,"gold_loss":0},{"damage_healed":0,"gold_gain":75,"player_choice":"Gather Gold","damage_taken":11,"max_hp_gain":0,"max_hp_loss":0,"event_name":"World of Goop","floor":5,"gold_loss":0},{"damage_healed":0,"gold_gain":0,"player_choice":"Obtained Book","damage_taken":16,"max_hp_gain":0,"max_hp_loss":0,"event_name":"Cursed Tome","floor":19,"gold_loss":0},{"cards_removed":["PrismaMod:ChloeCommonAttack"],"damage_healed":0,"gold_gain":0,"player_choice":"Offered Basic","damage_taken":0,"max_hp_gain":0,"max_hp_loss":0,"event_name":"Bonfire Elementals","floor":21,"gold_loss":0},{"damage_healed":0,"gold_gain":0,"player_choice":"Shed Blood","damage_taken":19,"max_hp_gain":5,"max_hp_loss":0,"event_name":"Forgotten Altar","floor":28,"gold_loss":0},{"cards_removed":["PrismaMod:ChloeCommonAttack"],"damage_healed":0,"gold_gain":0,"player_choice":"Gave Gold","damage_taken":0,"max_hp_gain":0,"max_hp_loss":0,"event_name":"Beggar","floor":31,"gold_loss":75},{"damage_healed":0,"gold_gain":0,"player_choice":"Took Portal","damage_taken":0,"max_hp_gain":0,"max_hp_loss":0,"event_name":"SecretPortal","floor":36,"gold_loss":0}],"is_beta":false,"boss_relics":[{"not_picked":["Astrolabe","Tiny House"],"picked":"Velvet Choker"},{"not_picked":["Snecko Eye","SlaversCollar"],"picked":"Sozu"}],"items_purged_floors":[3],"is_endless":false,"potions_floor_spawned":[6,8,11,14,18,25,29],"ascension_level":1}}