{"host":"dmtlrev5pkc1867p","time":1613661112,"event":{"mods":["A Magickal Journey","AchievementEnabler","BaseMod","Colored Map","Colored Powertips","Downfall","Hermit","Highlight Path","Hubris","Infinite Spire","Marisa¡]Ãú«B¡@Å]²z¨F¡^","Minty Spire (QoL Compilation)","Permanent Neow","Quick Restart","Rare Cards Sparkle","Relic Sorter","Relic Stats","Replay The Spire","StSLib","SuperFastMode","The Construct","The Cursed","The Disciple","The Hierophant","The Necromancer","The Runesmith","The Servant 0.9.4"],"gold_per_floor":[112,187,187,187,208,208,247,247,247,262,262,262,211,224,224,348,348,369,569,191,211,21,21,56,56,56],"floor_reached":25,"language":"ZHS","playtime":560,"items_purged":["KidneyShot"],"score":304,"play_id":"15c7bdb2-e9c4-49e3-82db-50feffc6bc1e","local_time":"20210218231152","is_ascension_mode":true,"campfire_choices":[{"floor":6.0,"key":"REST"},{"floor":11.0,"key":"REST"},{"floor":15.0,"key":"REST"},{"floor":23.0,"key":"REST"}],"circlet_count":0,"master_deck":["Strike_R","Strike_R","Strike_R+1","Strike_R","Strike_R","Defend_R","Defend_R","Defend_R","Defend_R","Bash","bronze:Strike","Headbutt","Pommel Strike","Warcry","Flex","Uppercut+1","Pommel Strike","Limit Break","Run Through+1","Pot Of Greed","Pot Of Greed","Flame Barrier","Shrug It Off","Whirlwind"],"relics":["Burning Blood","hubris:64BitClover","Golden Idol","infinitespire:Bottled Soul","Mummified Hand","Fusion Hammer","hubris:FunFungus","Grinning Jar","Bag of Marbles","Runesmith:Locket"],"acts_visited":["Exordium","TheCity"],"potions_floor_usage":[],"damage_taken":[{"damage":0.0,"enemies":"2 Louse","floor":1.0,"turns":2.0},{"damage":12.0,"enemies":"Small Slimes","floor":5.0,"turns":3.0},{"damage":40.0,"enemies":"Lagavulin","floor":7.0,"turns":6.0},{"damage":2.0,"enemies":"Jaw Worm","floor":10.0,"turns":3.0},{"damage":13.0,"enemies":"Large Slime","floor":14.0,"turns":5.0},{"damage":65.0,"enemies":"Hexaghost","floor":16.0,"turns":10.0},{"damage":30.0,"enemies":"2 Thieves","floor":18.0,"turns":3.0},{"damage":11.0,"enemies":"Spheric Guardian","floor":21.0,"turns":3.0},{"damage":59,"enemies":"Nightmare","floor":24,"turns":9},{"damage":0,"enemies":"3 Cultists","floor":25,"turns":2}],"seed_played":"4708192978460576263","potions_obtained":[{"floor":5.0,"key":"PowerPotion"},{"floor":7.0,"key":"Slimebound:ThreeZeroPotion"},{"floor":16.0,"key":"champ:CounterPotion"},{"floor":21.0,"key":"SpeedPotion"}],"is_trial":false,"path_per_floor":["M","?","$","?","M","R","E","?","T","M","R","?","$","M","R","B",null,"M","?","$","M","$","R","NM","M"],"character_chosen":"IRONCLAD","items_purchased":["Uppercut+1","hubris:FunFungus","Bag of Marbles","Shrug It Off"],"campfire_rested":4,"item_purchase_floors":[13,20,22,22],"current_hp_per_floor":[78,67,67,47,41,65,31,31,31,35,59,59,59,52,76,17,64,40,40,40,35,35,59,7,7,7],"gold":56,"neow_bonus":"ONE_RARE_RELIC","is_daily":false,"chose_seed":false,"campfire_upgraded":0,"win_rate":0.0,"timestamp":1613661112,"path_taken":["M","?","$","?","M","R","E","?","T","M","R","?","$","M","R","BOSS","M","?","$","M","$","R","NM","?"],"items_purchased_type":["Card","Relic","Relic","Card"],"build_version":"2020-12-22","purchased_purges":1,"victory":false,"max_hp_per_floor":[80,80,80,80,80,80,80,80,80,80,80,80,80,80,80,80,80,80,80,80,80,80,80,80,80,80],"relic_stats":{"counters":[10,46],"Golden Idol":66,"Mummified Hand":[0],"obtain_stats":[{"hubris:64BitClover":0,"Golden Idol":4,"infinitespire:Bottled Soul":7,"Mummified Hand":9,"Runesmith:Locket":24,"Fusion Hammer":17,"hubris:FunFungus":20,"Bag of Marbles":22,"Grinning Jar":21,"Burning Blood":0},{"hubris:64BitClover":0,"Golden Idol":1,"infinitespire:Bottled Soul":3,"Mummified Hand":3,"Runesmith:Locket":9,"Fusion Hammer":6,"hubris:FunFungus":7,"Bag of Marbles":8,"Grinning Jar":8,"Burning Blood":0},{"hubris:64BitClover":0,"Golden Idol":2,"infinitespire:Bottled Soul":11,"Mummified Hand":11,"Runesmith:Locket":44,"Fusion Hammer":29,"hubris:FunFungus":32,"Bag of Marbles":35,"Grinning Jar":35,"Burning Blood":0}],"Burning Blood":54},"card_choices":[{"not_picked":["hubris:CleavingFinish","Flex"],"picked":"Headbutt","floor":1.0},{"not_picked":["True Grit","Clash"],"picked":"Pommel Strike","floor":5.0},{"not_picked":["Flame Barrier","Perfected Strike"],"picked":"Warcry","floor":7.0},{"not_picked":["Defy Death","Perfected Strike"],"picked":"Flex","floor":10.0},{"not_picked":["Anger","Flex"],"picked":"Pommel Strike","floor":14.0},{"not_picked":["Replay:Many Hands","Impervious"],"picked":"Limit Break","floor":16.0},{"not_picked":["Clothesline","Sword Boomerang"],"picked":"Run Through+1","floor":18.0},{"not_picked":["Warcry","Bloodletting"],"picked":"Flame Barrier","floor":21.0},{"not_picked":["Perfected Strike","Thunderclap"],"picked":"Whirlwind","floor":24}],"player_experience":723916,"relics_obtained":[{"floor":7.0,"key":"infinitespire:Bottled Soul"},{"floor":9.0,"key":"Mummified Hand"},{"floor":21.0,"key":"Grinning Jar"},{"floor":24,"key":"Runesmith:Locket"}],"event_choices":[{"damage_healed":0.0,"max_hp_gain":0.0,"max_hp_loss":0.0,"gold_gain":75.0,"event_name":"World of Goop","player_choice":"Gather Gold","floor":2.0,"gold_loss":0.0,"damage_taken":11.0},{"damage_healed":0.0,"max_hp_gain":0.0,"max_hp_loss":0.0,"gold_gain":0.0,"event_name":"Golden Idol","player_choice":"Take Damage","floor":4.0,"gold_loss":0.0,"damage_taken":20.0,"relics_obtained":["Golden Idol"]},{"damage_healed":0.0,"max_hp_gain":0.0,"max_hp_loss":0.0,"gold_gain":200.0,"event_name":"Wheel of Change","player_choice":"Gold","floor":19.0,"gold_loss":0.0,"damage_taken":0.0}],"is_beta":false,"boss_relics":[{"not_picked":["Replay:Grab Bag","Tiny House"],"picked":"Fusion Hammer"}],"items_purged_floors":[20],"is_endless":false,"potions_floor_spawned":[5,7,16,21],"killed_by":"3 Cultists","ascension_level":8}}