{"host":"1xo5g347e5o4auts","time":1613638546,"event":{"mods":["BaseMod","Minty Spire (QoL Compilation)","Permanent Neow","StSLib"],"gold_per_floor":[118,133,152,172,189,221,240,240,309,309,274,274,286,317,317,394,394,406,406,331,331,350,382,400,400,470,498,508,508,201,216,216,289,289,306,581,259,277,295,295,320,336,336,370,386,186,196,222,222,222,222,222,222,18,46,46],"floor_reached":57,"language":"ENG","playtime":2501,"items_purged":["Strike_G+1","Regret","Strike_G+1"],"score":3392,"play_id":"7092026f-f82b-4cdb-a515-d8803f4a2160","local_time":"20210218105546","is_ascension_mode":true,"campfire_choices":[{"data":"Glass Knife","floor":10.0,"key":"SMITH"},{"data":"Poisoned Stab","floor":12.0,"key":"SMITH"},{"data":"Noxious Fumes","floor":15.0,"key":"SMITH"},{"data":"After Image","floor":25.0,"key":"SMITH"},{"data":"Envenom","floor":29.0,"key":"SMITH"},{"data":"Footwork","floor":32.0,"key":"SMITH"},{"data":"Burst","floor":40.0,"key":"SMITH"},{"floor":49.0,"key":"RECALL"},{"data":"Crippling Poison","floor":53.0,"key":"SMITH"}],"circlet_count":0,"master_deck":["AscendersBane","Strike_G+1","Defend_G+1","Defend_G+1","Defend_G+1","Defend_G+1","Defend_G+1","Survivor+1","Neutralize","Bouncing Flask","Poisoned Stab+1","Glass Knife+1","Skewer","Dash","Well Laid Plans","Bane","Noxious Fumes+1","After Image+1","Acrobatics+1","PiercingWail+1","Terror","Envenom+1","Footwork+1","Blade Dance","Leg Sweep","Dagger Spray","Burst+1","Blur+1","Venomology","Cloak And Dagger","Backflip","Tactician","Crippling Poison+1","Escape Plan","Footwork","Catalyst"],"relics":["Ring of the Snake","Ancient Tea Set","Ninja Scroll","Shuriken","Du-Vu Doll","Coffee Dripper","Thread and Needle","Bronze Scales","Runic Pyramid","Orrery","Juzu Bracelet","Snake Skull","Happy Flower","War Paint","Oddly Smooth Stone","Nunchaku"],"acts_visited":["Exordium","TheCity","TheBeyond","TheEnding"],"potions_floor_usage":[56],"damage_taken":[{"damage":0.0,"enemies":"Cultist","floor":1.0,"turns":4.0},{"damage":0.0,"enemies":"Small Slimes","floor":2.0,"turns":5.0},{"damage":0.0,"enemies":"2 Louse","floor":3.0,"turns":2.0},{"damage":4.0,"enemies":"2 Fungi Beasts","floor":4.0,"turns":4.0},{"damage":5.0,"enemies":"Gremlin Gang","floor":5.0,"turns":6.0},{"damage":29.0,"enemies":"3 Sentries","floor":6.0,"turns":8.0},{"damage":11.0,"enemies":"Exordium Thugs","floor":7.0,"turns":4.0},{"damage":0.0,"enemies":"Lots of Slimes","floor":13.0,"turns":2.0},{"damage":0.0,"enemies":"Gremlin Nob","floor":14.0,"turns":3.0},{"damage":0.0,"enemies":"Slime Boss","floor":16.0,"turns":5.0},{"damage":0.0,"enemies":"Spheric Guardian","floor":18.0,"turns":2.0},{"damage":7.0,"enemies":"2 Thieves","floor":22.0,"turns":3.0},{"damage":28.0,"enemies":"Book of Stabbing","floor":23.0,"turns":5.0},{"damage":0.0,"enemies":"Shelled Parasite and Fungi","floor":24.0,"turns":3.0},{"damage":0.0,"enemies":"Gremlin Leader","floor":27.0,"turns":4.0},{"damage":0.0,"enemies":"Sentry and Sphere","floor":28.0,"turns":4.0},{"damage":0.0,"enemies":"Snake Plant","floor":31.0,"turns":3.0},{"damage":0.0,"enemies":"Collector","floor":33.0,"turns":6.0},{"damage":0.0,"enemies":"Orb Walker","floor":35.0,"turns":2.0},{"damage":1.0,"enemies":"3 Darklings","floor":38.0,"turns":6.0},{"damage":0.0,"enemies":"Sphere and 2 Shapes","floor":39.0,"turns":5.0},{"damage":10.0,"enemies":"Nemesis","floor":41.0,"turns":11.0},{"damage":0.0,"enemies":"Writhing Mass","floor":42.0,"turns":6.0},{"damage":1.0,"enemies":"Reptomancer","floor":44.0,"turns":7.0},{"damage":6.0,"enemies":"Spire Growth","floor":45.0,"turns":5.0},{"damage":0.0,"enemies":"Transient","floor":47.0,"turns":6.0},{"damage":0.0,"enemies":"Giant Head","floor":48.0,"turns":8.0},{"damage":0.0,"enemies":"Donu and Deca","floor":50.0,"turns":10.0},{"damage":11.0,"enemies":"Time Eater","floor":51.0,"turns":12.0},{"damage":38.0,"enemies":"Shield and Spear","floor":55.0,"turns":7.0},{"damage":69,"enemies":"The Heart","floor":56,"turns":11}],"seed_played":"2366280342567317754","potions_obtained":[{"floor":3.0,"key":"BlessingOfTheForge"},{"floor":6.0,"key":"SpeedPotion"},{"floor":7.0,"key":"Regen Potion"},{"floor":13.0,"key":"Energy Potion"},{"floor":21.0,"key":"SpeedPotion"},{"floor":27.0,"key":"CunningPotion"},{"floor":33.0,"key":"FairyPotion"},{"floor":35.0,"key":"BlessingOfTheForge"}],"is_trial":false,"path_per_floor":["M","M","M","M","M","E","M","?","T","R","?","R","M","E","R","B",null,"M","?","?","?","M","E","M","R","T","E","M","R","$","M","R","B",null,"M","?","$","M","M","R","E","M","T","E","M","$","M","E","R","B","B",null,"R","$","E","B",null],"character_chosen":"THE_SILENT","items_purchased":["Footwork","Blade Dance","Leg Sweep","Orrery","Backflip","Crippling Poison","Oddly Smooth Stone","Footwork"],"campfire_rested":0,"item_purchase_floors":[30,30,30,37,37,46,54,54],"current_hp_per_floor":[59,59,59,55,50,21,10,10,10,10,26,26,26,26,26,40,60,60,60,60,60,53,25,25,25,25,25,25,25,25,25,25,25,56,56,56,56,55,55,55,45,45,45,44,38,38,38,38,38,38,27,56,56,56,18,4],"gold":46,"neow_bonus":"RANDOM_COMMON_RELIC","is_daily":false,"chose_seed":false,"campfire_upgraded":8,"win_rate":0.0,"timestamp":1613638546,"path_taken":["M","?","M","?","M","E","M","?","T","R","?","R","M","E","R","BOSS","M","?","?","?","?","E","M","R","T","E","M","R","$","M","R","BOSS","M","?","$","?","M","R","E","M","T","E","M","?","M","E","R","BOSS","BOSS","R","$","E","BOSS"],"items_purchased_type":["Card","Card","Card","Relic","Card","Card","Relic","Card"],"build_version":"2020-12-22","purchased_purges":3,"victory":true,"max_hp_per_floor":[66,66,66,66,66,66,66,66,66,66,66,66,66,66,66,66,66,66,66,66,66,66,66,66,66,66,66,66,66,66,66,66,66,66,66,66,66,66,66,66,66,66,66,66,66,66,66,66,66,66,66,66,66,66,66,66],"card_choices":[{"not_picked":["Dodge and Roll","Riddle With Holes","Bane"],"picked":"SKIP","floor":1.0},{"not_picked":["Prepared","Outmaneuver"],"picked":"Bouncing Flask","floor":2.0},{"not_picked":["Finisher","Deflect"],"picked":"Poisoned Stab","floor":3.0},{"not_picked":["Accuracy","Dagger Spray"],"picked":"Glass Knife","floor":4.0},{"not_picked":["Slice","Outmaneuver"],"picked":"Skewer","floor":5.0},{"not_picked":["Cloak And Dagger","Acrobatics","Flechettes"],"picked":"SKIP","floor":6.0},{"not_picked":["Prepared","Infinite Blades"],"picked":"Dash","floor":7.0},{"not_picked":["Eviscerate","Distraction"],"picked":"Bane","floor":13.0},{"not_picked":["Backflip","Flechettes"],"picked":"Noxious Fumes","floor":14.0},{"not_picked":["Unload","Wraith Form v2"],"picked":"After Image","floor":16.0},{"not_picked":["Deadly Poison","Dagger Spray"],"picked":"Acrobatics+1","floor":18.0},{"not_picked":["Poisoned Stab","Deadly Poison","Flying Knee"],"picked":"SKIP","floor":22.0},{"not_picked":["Cloak And Dagger","Dagger Throw"],"picked":"PiercingWail","floor":23.0},{"not_picked":["Cloak And Dagger","Bane"],"picked":"Terror","floor":24.0},{"not_picked":["Backflip","Prepared"],"picked":"Envenom","floor":27.0},{"not_picked":["Deflect","Prepared","Underhanded Strike"],"picked":"SKIP","floor":28.0},{"not_picked":["Underhanded Strike","Sucker Punch"],"picked":"Dagger Spray","floor":31.0},{"not_picked":["Phantasmal Killer","Glass Knife"],"picked":"Burst","floor":33.0},{"not_picked":["Choke","Deadly Poison+1","Skewer"],"picked":"SKIP","floor":35.0},{"not_picked":["Sucker Punch","Flechettes"],"picked":"Blur+1","floor":37.0},{"not_picked":["Deflect","Infinite Blades"],"picked":"Venomology","floor":37.0},{"not_picked":["Tools of the Trade","Poisoned Stab"],"picked":"Cloak And Dagger","floor":37.0},{"not_picked":["Bouncing Flask","Accuracy","Bane"],"picked":"SKIP","floor":38.0},{"not_picked":["Blade Dance","Backflip","Sucker Punch+1"],"picked":"SKIP","floor":39.0},{"not_picked":["A Thousand Cuts","Dash","Underhanded Strike"],"picked":"SKIP","floor":41.0},{"not_picked":["A Thousand Cuts","Dash","Underhanded Strike"],"picked":"SKIP","floor":41.0},{"not_picked":["Outmaneuver","Flying Knee","Masterful Stab"],"picked":"SKIP","floor":42.0},{"not_picked":["Setup","A Thousand Cuts"],"picked":"Tactician","floor":44.0},{"not_picked":["Bane","Deadly Poison","Dagger Spray+1"],"picked":"SKIP","floor":45.0},{"not_picked":["Backflip","Reflex+1"],"picked":"Escape Plan","floor":47.0},{"not_picked":["Outmaneuver+1","Grand Finale","Dagger Spray+1"],"picked":"SKIP","floor":48.0},{"not_picked":["Reflex","PiercingWail"],"picked":"Catalyst","floor":55.0}],"player_experience":1500108,"relics_obtained":[{"floor":6.0,"key":"Ninja Scroll"},{"floor":9.0,"key":"Shuriken"},{"floor":14.0,"key":"Du-Vu Doll"},{"floor":23.0,"key":"Thread and Needle"},{"floor":27.0,"key":"Bronze Scales"},{"floor":41.0,"key":"Juzu Bracelet"},{"floor":43.0,"key":"Snake Skull"},{"floor":44.0,"key":"Happy Flower"},{"floor":48.0,"key":"War Paint"},{"floor":55.0,"key":"Nunchaku"}],"event_choices":[{"damage_healed":0.0,"max_hp_gain":0.0,"max_hp_loss":0.0,"gold_gain":0.0,"cards_transformed":["Strike_G"],"event_name":"Living Wall","player_choice":"Change","floor":8.0,"gold_loss":0.0,"damage_taken":0.0,"cards_obtained":["Well Laid Plans"]},{"damage_healed":16.0,"max_hp_gain":0.0,"max_hp_loss":0.0,"gold_gain":0.0,"event_name":"The Cleric","player_choice":"Healed","floor":11.0,"gold_loss":35.0,"damage_taken":0.0},{"damage_healed":0.0,"max_hp_gain":0.0,"max_hp_loss":0.0,"gold_gain":0.0,"event_name":"Back to Basics","player_choice":"Simplicity","floor":19.0,"gold_loss":0.0,"damage_taken":0.0,"cards_upgraded":["Strike_G","Strike_G","Strike_G","Strike_G","Defend_G","Defend_G","Defend_G","Defend_G","Defend_G"]},{"cards_removed":["Strike_G"],"damage_healed":0.0,"max_hp_gain":0.0,"max_hp_loss":0.0,"gold_gain":0.0,"event_name":"Beggar","player_choice":"Gave Gold","floor":20.0,"gold_loss":75.0,"damage_taken":0.0},{"damage_healed":0.0,"max_hp_gain":0.0,"max_hp_loss":0.0,"gold_gain":0.0,"event_name":"Lab","player_choice":"Got Potions","floor":21.0,"gold_loss":0.0,"damage_taken":0.0},{"damage_healed":0.0,"max_hp_gain":0.0,"max_hp_loss":0.0,"gold_gain":275.0,"event_name":"Golden Shrine","player_choice":"Desecrate","floor":36.0,"gold_loss":0.0,"damage_taken":0.0,"cards_obtained":["Regret"]}],"is_beta":false,"boss_relics":[{"not_picked":["Ectoplasm","Empty Cage"],"picked":"Coffee Dripper"},{"not_picked":["Black Star","Ring of the Serpent"],"picked":"Runic Pyramid"}],"items_purged_floors":[30,37,46],"is_endless":false,"potions_floor_spawned":[3,6,7,13,22,27,33,35,42,45,48],"ascension_level":20}}