{"host":"p9fmk1zxjhqthrxg","time":1613677814,"event":{"mods":["BaseMod","Bestiary","Colored Map","Colored Powertips","Friendly Minions","Highlight Path","Minty Spire (QoL Compilation)","Random Character Button","Rare Cards Sparkle"],"gold_per_floor":[20,40,60,77,77,107,122,197,222,251,251,267,277,293,293,293,293],"floor_reached":16,"language":"ENG","playtime":751,"items_purged":[],"score":116,"play_id":"c71ce256-3988-4253-bac1-f93975cc12c4","local_time":"20210218135014","is_ascension_mode":false,"campfire_choices":[{"floor":11,"key":"REST"},{"floor":15,"key":"REST"}],"circlet_count":0,"master_deck":["Strike_R","Strike_R","Strike_R","Strike_R","Strike_R","Defend_R","Defend_R","Defend_R","Bash","Immolate","Anger","Perfected Strike","Reaper","Anger","Anger","Infernal Blade","Uppercut","Rampage","Iron Wave","Iron Wave"],"relics":["Burning Blood","White Beast Statue","Red Skull","PreservedInsect"],"acts_visited":["Exordium"],"potions_floor_usage":[16],"damage_taken":[{"damage":10,"enemies":"Small Slimes","floor":1,"turns":2},{"damage":6,"enemies":"Cultist","floor":2,"turns":3},{"damage":0,"enemies":"2 Louse","floor":3,"turns":1},{"damage":7,"enemies":"2 Fungi Beasts","floor":4,"turns":2},{"damage":34,"enemies":"Gremlin Nob","floor":6,"turns":5},{"damage":11,"enemies":"3 Louse","floor":7,"turns":2},{"damage":26,"enemies":"Lagavulin","floor":10,"turns":4},{"damage":10,"enemies":"Looter","floor":12,"turns":3},{"damage":6,"enemies":"Exordium Thugs","floor":13,"turns":3},{"damage":14,"enemies":"Blue Slaver","floor":14,"turns":3},{"damage":63,"enemies":"The Guardian","floor":16,"turns":8}],"seed_played":"364661921035007280","potions_obtained":[{"floor":1,"key":"BlessingOfTheForge"},{"floor":4,"key":"Dexterity Potion"},{"floor":7,"key":"ElixirPotion"},{"floor":10,"key":"DistilledChaos"},{"floor":12,"key":"LiquidBronze"},{"floor":13,"key":"EntropicBrew"}],"is_trial":false,"path_per_floor":["M","M","M","M","?","E","M","?","T","E","R","M","M","M","R","B"],"character_chosen":"IRONCLAD","items_purchased":[],"campfire_rested":2,"item_purchase_floors":[],"current_hp_per_floor":[76,76,80,79,79,55,50,39,39,26,50,46,46,38,62,0,0],"gold":293,"neow_bonus":"THREE_RARE_CARDS","is_daily":false,"chose_seed":false,"campfire_upgraded":0,"win_rate":0.0,"timestamp":1613677814,"path_taken":["M","M","M","M","?","E","?","?","T","E","R","M","M","M","R","BOSS"],"items_purchased_type":[],"build_version":"2020-12-22","purchased_purges":0,"victory":false,"max_hp_per_floor":[80,80,80,80,80,80,80,80,80,80,80,80,80,80,80,80,80],"card_choices":[{"not_picked":["Brutality","Bludgeon"],"picked":"Immolate","floor":0},{"not_picked":["Thunderclap","Sever Soul"],"picked":"Anger","floor":1},{"not_picked":["Clothesline","Anger"],"picked":"Perfected Strike","floor":2},{"not_picked":["Armaments","Havoc"],"picked":"Reaper","floor":3},{"not_picked":["Battle Trance","Seeing Red"],"picked":"Anger","floor":4},{"not_picked":["Shrug It Off","Dark Embrace"],"picked":"Anger","floor":6},{"not_picked":["Wild Strike","Clash"],"picked":"Infernal Blade","floor":7},{"not_picked":["Clash","Wild Strike"],"picked":"Uppercut","floor":10},{"not_picked":["Headbutt","Searing Blow"],"picked":"Rampage","floor":12},{"not_picked":["Offering","Headbutt"],"picked":"Iron Wave","floor":13},{"not_picked":["Carnage","Sword Boomerang"],"picked":"Iron Wave","floor":14}],"player_experience":135205,"relics_obtained":[{"floor":6,"key":"White Beast Statue"},{"floor":9,"key":"Red Skull"},{"floor":10,"key":"PreservedInsect"}],"event_choices":[{"cards_removed":["Defend_R"],"damage_healed":0,"gold_gain":0,"player_choice":"Card Removal","damage_taken":0,"max_hp_gain":0,"max_hp_loss":0,"event_name":"Wheel of Change","floor":5,"gold_loss":0},{"damage_healed":0,"gold_gain":75,"player_choice":"Gather Gold","damage_taken":11,"max_hp_gain":0,"max_hp_loss":0,"event_name":"World of Goop","floor":8,"gold_loss":0}],"is_beta":false,"boss_relics":[],"items_purged_floors":[],"is_endless":false,"potions_floor_spawned":[1,4,7,10,12,13,14],"killed_by":"The Guardian","ascension_level":0}}