{"host":"iggyqwhh1tk9qczq","time":1613634532,"event":{"mods":["BaseMod","Minty Spire (QoL Compilation)","StSLib","The Disciple","The Mystic","The Necromancer","The Runesmith","The Servant 0.9.4","Together in Spire","Yuri Mod"],"gold_per_floor":[117,3,3,14,32,63,78,153,178,196,57,68,101,117,117,220,220,235,235,235,86,67,102,102,131,143,155,183,209,221,249,261,369,381,405,429,441,453,465,510,533,578,590,602,625,73,73,93,93,93],"floor_reached":51,"language":"ENG","playtime":4119,"items_purged":["Strike_P","Strike_P","Strike_P","BattleHymn"],"score":759,"play_id":"fb0312f8-b934-419c-80f7-61abbcb7e9bf","local_time":"20210217234852","is_ascension_mode":false,"campfire_choices":[{"data":"Omniscience","floor":15.0,"key":"SMITH"},{"data":"Judgement","floor":24.0,"key":"SMITH"},{"data":"MentalFortress","floor":27.0,"key":"SMITH"},{"data":"TalkToTheHand","floor":30.0,"key":"SMITH"},{"data":"ClearTheMind","floor":32.0,"key":"SMITH"},{"data":"Alpha","floor":44,"key":"SMITH"},{"floor":47,"key":"REST"},{"floor":49,"key":"REST"}],"circlet_count":0,"master_deck":["Eruption","Vigilance+1","DeusExMachina+1","MentalFortress+1","Bandage Up","TalkToTheHand+1","BowlingBash+1","Consecrate","MentalFortress","BattleHymn+1","PathToVictory","Consecrate+1","ClearTheMind+1","LessonLearned+1","PathToVictory","Halt+1","Judgement+1","WindmillStrike+1","MasterReality","Crescendo+1","WaveOfTheHand","DeusExMachina","JustLucky","Alpha+1","PathToVictory+1"],"relics":["HolyWater","Ancient Tea Set","Damaru","CaptainsWheel","Bottled Tornado","MawBank","yuri:PortableGlitches","Pandora\u0027s Box","Pocketwatch","Singing Bowl","Meat on the Bone","Blood Vial","Ornamental Fan"],"acts_visited":[],"potions_floor_usage":[48,50,50],"damage_taken":[{"damage":0.0,"enemies":"2 Louse","floor":1.0,"turns":1.0},{"damage":0.0,"enemies":"Cultist","floor":4.0,"turns":2.0},{"damage":0.0,"enemies":"Jaw Worm","floor":5.0,"turns":2.0},{"damage":22.0,"enemies":"3 Sentries","floor":6.0,"turns":4.0},{"damage":7.0,"enemies":"3 Louse","floor":7.0,"turns":3.0},{"damage":3.0,"enemies":"Exordium Wildlife","floor":10.0,"turns":2.0},{"damage":0.0,"enemies":"2 Fungi Beasts","floor":12.0,"turns":2.0},{"damage":0.0,"enemies":"Gremlin Nob","floor":13.0,"turns":2.0},{"damage":0.0,"enemies":"Blue Slaver","floor":14.0,"turns":2.0},{"damage":1.0,"enemies":"Hexaghost","floor":16.0,"turns":4.0},{"damage":0.0,"enemies":"Shell Parasite","floor":18.0,"turns":3.0},{"damage":4.0,"enemies":"2 Thieves","floor":22.0,"turns":3.0},{"damage":1.0,"enemies":"Slavers","floor":23.0,"turns":4.0},{"damage":15.0,"enemies":"Book of Stabbing","floor":25.0,"turns":3.0},{"damage":0.0,"enemies":"Cultist and Chosen","floor":28.0,"turns":3.0},{"damage":17.0,"enemies":"Shelled Parasite and Fungi","floor":29.0,"turns":3.0},{"damage":0.0,"enemies":"Snecko","floor":31.0,"turns":3.0},{"damage":18.0,"enemies":"Collector","floor":33.0,"turns":5.0},{"damage":0.0,"enemies":"3 Shapes","floor":35.0,"turns":2.0},{"damage":12.0,"enemies":"3 Darklings","floor":36.0,"turns":3.0},{"damage":3,"enemies":"Giant Head","floor":40,"turns":4},{"damage":10,"enemies":"Sphere and 2 Shapes","floor":41,"turns":4},{"damage":22,"enemies":"Nemesis","floor":42,"turns":3},{"damage":27,"enemies":"Writhing Mass","floor":45,"turns":3},{"damage":7,"enemies":"4 Shapes","floor":48,"turns":2},{"damage":64,"enemies":"Time Eater","floor":50,"turns":8}],"seed_played":"718704687657020506","potions_obtained":[{"floor":4.0,"key":"Strength Potion"},{"floor":7.0,"key":"Ancient Potion"},{"floor":12.0,"key":"Strength Potion"},{"floor":16.0,"key":"Ancient Potion"},{"floor":23.0,"key":"ColorlessPotion"},{"floor":25.0,"key":"Regen Potion"},{"floor":28.0,"key":"Ancient Potion"},{"floor":33.0,"key":"BottledMiracle"},{"floor":45,"key":"LiquidBronze"}],"is_trial":false,"path_per_floor":["M","$","?","M","M","E","M","?","T","M","$","M","E","M","R","B",null,"M","?","?","$","M","E","R","E","T","R","M","M","R","M","R","B",null,"M","M","?","?","?","E","M","E","T","R","M","$","R","M","R","B",null],"character_chosen":"WATCHER","items_purchased":["BattleHymn","BattleHymn","PathToVictory","Blood Vial","Ornamental Fan"],"campfire_rested":2,"item_purchase_floors":[2,11,21,46,46],"current_hp_per_floor":[72,72,72,72,72,54,51,40,40,41,41,41,45,45,45,48,72,72,72,72,72,71,72,72,57,57,57,70,57,57,57,57,43,72,72,60,60,60,60,61,51,31,31,31,18,18,39,48,70,20],"gold":93,"neow_bonus":"ONE_RANDOM_RARE_CARD","is_daily":false,"chose_seed":false,"campfire_upgraded":6,"win_rate":0.0,"timestamp":1613634532,"path_taken":["M","$","?","?","M","E","M","?","T","M","$","M","E","M","R","BOSS","M","?","?","?","M","E","R","E","T","R","M","M","R","M","R","BOSS","M","M","?","?","?","E","M","E","T","R","M","$","R","M","R","BOSS"],"items_purchased_type":["Card","Card","Card","Relic","Relic"],"build_version":"2020-12-22","purchased_purges":4,"victory":true,"max_hp_per_floor":[72,72,72,72,72,72,72,72,72,72,72,72,72,72,72,72,72,72,72,72,72,72,72,72,72,72,72,72,72,72,72,72,72,72,72,72,72,72,68,68,68,70,70,70,72,72,72,74,74,74],"card_choices":[{"not_picked":["Crescendo","CrushJoints"],"picked":"MentalFortress","floor":1.0},{"not_picked":["SashWhip","FollowUp"],"picked":"BowlingBash","floor":4.0},{"not_picked":["CrushJoints","WreathOfFlame"],"picked":"Consecrate","floor":5.0},{"not_picked":["Pray","EmptyBody"],"picked":"Omniscience","floor":6.0},{"not_picked":["FlurryOfBlows","ThirdEye","Prostrate"],"picked":"SKIP","floor":7.0},{"not_picked":["Crescendo","CrushJoints"],"picked":"MentalFortress","floor":10.0},{"not_picked":["Evaluate","SashWhip"],"picked":"PathToVictory","floor":12.0},{"not_picked":["EmptyBody","WreathOfFlame"],"picked":"Consecrate","floor":13.0},{"not_picked":["CutThroughFate","CrushJoints"],"picked":"ClearTheMind","floor":14.0},{"not_picked":["Devotion","Blasphemy"],"picked":"LessonLearned","floor":16.0},{"not_picked":["Fasting2","EmptyBody","FlurryOfBlows+1"],"picked":"SKIP","floor":18.0},{"not_picked":["EmptyMind","Perseverance"],"picked":"Halt+1","floor":22.0},{"not_picked":["Conclude","DeceiveReality"],"picked":"Judgement","floor":23.0},{"not_picked":["InnerPeace","EmptyMind"],"picked":"WindmillStrike+1","floor":25.0},{"not_picked":["ThirdEye","EmptyBody","CutThroughFate"],"picked":"SKIP","floor":28.0},{"not_picked":["WreathOfFlame","FlurryOfBlows","Evaluate"],"picked":"SKIP","floor":29.0},{"not_picked":["Evaluate","Halt+1","JustLucky"],"picked":"SKIP","floor":31.0},{"not_picked":["Omniscience","ConjureBlade"],"picked":"MasterReality","floor":33.0},{"not_picked":["Protect+1","FlurryOfBlows+1","Evaluate+1"],"picked":"SKIP","floor":35.0},{"not_picked":["Prostrate+1","Halt","Fasting2+1"],"picked":"SKIP","floor":36.0},{"not_picked":["Crescendo","CrushJoints+1"],"picked":"Alpha","floor":40},{"not_picked":["Protect+1","FollowUp+1"],"picked":"PathToVictory+1","floor":41},{"not_picked":["BattleHymn+1","Tantrum+1","Evaluate"],"picked":"Singing Bowl","floor":42},{"not_picked":["Nirvana","Consecrate+1","EmptyBody+1"],"picked":"Singing Bowl","floor":45},{"not_picked":["Omniscience","PathToVictory","FlurryOfBlows"],"picked":"Singing Bowl","floor":48}],"player_experience":125322,"relics_obtained":[{"floor":6.0,"key":"Ancient Tea Set"},{"floor":9.0,"key":"Damaru"},{"floor":13.0,"key":"CaptainsWheel"},{"floor":23.0,"key":"Bottled Tornado"},{"floor":25.0,"key":"MawBank"},{"floor":26.0,"key":"yuri:PortableGlitches"},{"floor":40,"key":"Pocketwatch"},{"floor":42,"key":"Singing Bowl"},{"floor":43,"key":"Meat on the Bone"}],"event_choices":[{"damage_healed":0.0,"max_hp_gain":0.0,"max_hp_loss":0.0,"gold_gain":0.0,"event_name":"Match and Keep!","player_choice":"2 cards matched","floor":3.0,"gold_loss":0.0,"damage_taken":0.0,"cards_obtained":["Bandage Up","TalkToTheHand"]},{"damage_healed":0.0,"max_hp_gain":0.0,"max_hp_loss":0.0,"gold_gain":0.0,"event_name":"Match and Keep!","player_choice":"2 cards matched","floor":3.0,"gold_loss":0.0,"damage_taken":0.0,"cards_obtained":["Bandage Up","TalkToTheHand"]},{"damage_healed":0.0,"max_hp_gain":0.0,"max_hp_loss":0.0,"gold_gain":75.0,"event_name":"World of Goop","player_choice":"Gather Gold","floor":8.0,"gold_loss":0.0,"damage_taken":11.0},{"cards_removed":["Strike_P"],"damage_healed":0.0,"max_hp_gain":0.0,"max_hp_loss":0.0,"gold_gain":0.0,"event_name":"Back to Basics","player_choice":"Elegance","floor":19.0,"gold_loss":0.0,"damage_taken":0.0},{"damage_healed":0.0,"max_hp_gain":0.0,"max_hp_loss":0.0,"gold_gain":0.0,"event_name":"Vampires","player_choice":"Ignored","floor":20.0,"gold_loss":0.0,"damage_taken":0.0},{"cards_removed":["Omniscience"],"damage_healed":0.0,"max_hp_gain":0.0,"max_hp_loss":0.0,"gold_gain":0.0,"event_name":"Falling","player_choice":"Removed Skill","floor":37.0,"gold_loss":0.0,"damage_taken":0.0},{"damage_healed":0.0,"max_hp_gain":0.0,"max_hp_loss":0.0,"gold_gain":0.0,"event_name":"Mysterious Sphere","player_choice":"Ignored","floor":38.0,"gold_loss":0.0,"damage_taken":0.0},{"damage_healed":0.0,"max_hp_gain":0.0,"max_hp_loss":4.0,"gold_gain":0.0,"event_name":"Winding Halls","player_choice":"Max HP","floor":39.0,"gold_loss":0.0,"damage_taken":0.0}],"is_beta":false,"boss_relics":[{"not_picked":["Runesmith:UraniumAnvil","Astrolabe"],"picked":"HolyWater"},{"not_picked":["Calling Bell","Fusion Hammer"],"picked":"Pandora\u0027s Box"}],"items_purged_floors":[2,11,21,46],"is_endless":false,"potions_floor_spawned":[4,7,12,16,23,25,28,33,36,42,45],"ascension_level":0}}