{"host":"mu5qkq7030l6349q","time":1613681577,"event":{"mods":["AchievementEnabler","BaseMod","Colored Powertips","Downfall","Highlight Path","Minty Spire (QoL Compilation)","Permanent Neow","Rare Cards Sparkle","Replay The Spire","StSLib"],"gold_per_floor":[99,114,129,129,129,139,165,178,194,221,235,76,76,96,113,213,213,213,223,236,247,347,360,409,472,622,647,713,713,713,723,723,739,751,751,751,751],"floor_reached":35,"language":"ENG","playtime":2804,"items_purged":["Shame"],"score":289,"play_id":"2eda54dc-ac54-4c04-8361-e4756aa98bc0","local_time":"20210218215257","is_ascension_mode":false,"campfire_choices":[{"data":"Madness","floor":1,"key":"SMITH"},{"data":"bronze:WhirlingStrike","floor":13,"key":"SMITH"},{"data":"bronze:Virus","floor":18,"key":"SMITH"},{"data":"bronze:DigitalCarnage","floor":32,"key":"SMITH"}],"circlet_count":0,"master_deck":["bronze:Strike","bronze:Defend","bronze:Defend","bronze:Defend","bronze:Replicate","bronze:Goto","Madness+1","bronze:WhirlingStrike+1","bronze:Deprecate","bronze:BronzeOrb","bronze:CleanCode","bronze:DelayedSlice","bronze:Repulsor","bronze:GetLatest","bronze:Branch","bronze:HardenedForm","bronze:Virus+1","bronze:FollowUp","bronze:CutThrough","bronze:FineTuning+1","bronze:DigitalCarnage+1","bronze:Fortify+1","bronze:FollowUp","bronze:ChosenStrike"],"relics":["bronze:BronzeCore","PreservedInsect","Strawberry","Coffee Dripper","downfall:CloakOfManyFaces","CultistMask","FaceOfCleric","NlothsMask","GremlinMask","SsserpentHead","Potion Belt"],"acts_visited":["Exordium","TheCity"],"potions_floor_usage":[16,35],"damage_taken":[{"damage":2,"enemies":"Small Slimes","floor":2,"turns":3},{"damage":3,"enemies":"2 Louse","floor":3,"turns":2},{"damage":0,"enemies":"Cultist","floor":6,"turns":4},{"damage":1,"enemies":"downfall:LooterAlt","floor":8,"turns":3},{"damage":2,"enemies":"Lots of Slimes","floor":9,"turns":3},{"damage":15,"enemies":"3 Sentries","floor":10,"turns":6},{"damage":10,"enemies":"Large Slime","floor":11,"turns":8},{"damage":0,"enemies":"downfall:FleeingMerchant","floor":12,"turns":4},{"damage":0,"enemies":"Gremlin Gang","floor":14,"turns":2},{"damage":0,"enemies":"Exordium Wildlife","floor":15,"turns":2},{"damage":18,"enemies":"WA_ARCHETYPE_RETAIN","floor":16,"turns":7},{"damage":0,"enemies":"Chosen","floor":19,"turns":3},{"damage":9,"enemies":"downfall:LooterAlt2","floor":20,"turns":2},{"damage":0,"enemies":"Cultist and Chosen","floor":21,"turns":3},{"damage":2,"enemies":"downfall:FaceTrader","floor":22,"turns":5},{"damage":5,"enemies":"3 Cultists","floor":23,"turns":4},{"damage":11,"enemies":"Snake Plant","floor":25,"turns":6},{"damage":2,"enemies":"Slavers","floor":27,"turns":3},{"damage":11,"enemies":"Shelled Parasite and Fungi","floor":28,"turns":4},{"damage":9,"enemies":"Centurion and Healer","floor":31,"turns":5},{"damage":0,"enemies":"Chosen and Byrds","floor":33,"turns":4},{"damage":12,"enemies":"Snecko","floor":34,"turns":5},{"damage":25,"enemies":"DF_ARCHETYPE_CLAW","floor":35,"turns":4}],"seed_played":"5807475960192496898","potions_obtained":[{"floor":8,"key":"sneckomod:MuddlingPotion"},{"floor":9,"key":"bronze:CleanCodePotion"},{"floor":10,"key":"BlessingOfTheForge"},{"floor":14,"key":"AttackPotion"},{"floor":20,"key":"Swift Potion"},{"floor":28,"key":"Swift Potion"},{"floor":33,"key":"AttackPotion"}],"is_trial":false,"path_per_floor":["R","M","M","?","?","M","T","M","M","E","M","$","R","M","M","B",null,"R","M","M","M","?","M","T","M","?","E","M","PTL","PTL","M","R","M","M","B"],"character_chosen":"THE_AUTOMATON","items_purchased":["bronze:GetLatest"],"campfire_rested":0,"item_purchase_floors":[12],"current_hp_per_floor":[70,68,65,65,65,65,65,64,62,54,44,44,44,44,44,26,77,77,77,68,68,66,62,62,52,52,51,41,41,41,33,33,34,23,0,0,0],"gold":751,"neow_bonus":"RANDOM_COLORLESS","is_daily":false,"chose_seed":false,"campfire_upgraded":4,"win_rate":0.0,"timestamp":1613681577,"path_taken":["R","M","M","?","?","M","T","M","M","E","?","$","R","M","M","BOSS","R","M","M","M","?","M","T","?","?","E","?","PTL","PTL","M","R","M","M","BOSS"],"items_purchased_type":["Card"],"build_version":"2020-12-22","purchased_purges":1,"victory":false,"max_hp_per_floor":[70,70,70,70,70,70,70,70,70,77,77,77,77,77,77,77,77,77,77,77,77,77,78,78,79,79,80,81,81,81,82,82,83,84,84,84,84],"card_choices":[{"not_picked":["Dramatic Entrance","Good Instincts"],"picked":"Madness","floor":0},{"not_picked":["bronze:ForceShield","bronze:Shell"],"picked":"bronze:WhirlingStrike","floor":2},{"not_picked":["bronze:BuggyMess","bronze:Turbo"],"picked":"bronze:Deprecate","floor":3},{"not_picked":["bronze:OilSpill","bronze:Deprecate","bronze:ForLoop"],"picked":"SKIP","floor":6},{"not_picked":["bronze:Shield","bronze:DelayedGuard"],"picked":"bronze:BronzeOrb","floor":8},{"not_picked":["bronze:OilSpill","bronze:ForLoop","bronze:Shield"],"picked":"SKIP","floor":9},{"not_picked":["bronze:ItsAFeature","bronze:NullPointer"],"picked":"bronze:CleanCode","floor":10},{"not_picked":["bronze:Overload","bronze:Frontload"],"picked":"bronze:DelayedSlice","floor":11},{"not_picked":["bronze:Shell","bronze:Safeguard"],"picked":"bronze:Repulsor","floor":12},{"not_picked":["bronze:Overheat","bronze:Deprecate"],"picked":"bronze:Branch","floor":14},{"not_picked":["bronze:Frontload","bronze:BitShift"],"picked":"bronze:HardenedForm","floor":15},{"not_picked":["bronze:BurnOut","bronze:Break"],"picked":"bronze:Virus","floor":16},{"not_picked":["bronze:Frontload+1","bronze:Overheat+1","bronze:WildBeam+1"],"picked":"SKIP","floor":19},{"not_picked":["bronze:Return+1","bronze:Repulsor","bronze:BronzeArmor"],"picked":"SKIP","floor":20},{"not_picked":["bronze:OilSpill","bronze:CloningBeam"],"picked":"bronze:FollowUp","floor":21},{"not_picked":["bronze:OilSpill+1","bronze:BugBarrage"],"picked":"bronze:CutThrough","floor":22},{"not_picked":["bronze:WhirlingStrike","bronze:Mutator"],"picked":"bronze:FineTuning+1","floor":23},{"not_picked":["bronze:Overheat","bronze:Shield+1","bronze:OilSpill"],"picked":"SKIP","floor":25},{"not_picked":["bronze:BronzeArmor","bronze:Allocate"],"picked":"bronze:DigitalCarnage","floor":27},{"not_picked":["bronze:NullPointer","bronze:BitShift"],"picked":"bronze:Fortify+1","floor":28},{"not_picked":["bronze:BugBarrage","bronze:Shield"],"picked":"bronze:FollowUp","floor":31},{"not_picked":["bronze:Mutator","bronze:DelayedSlice","bronze:Invalidate"],"picked":"SKIP","floor":33},{"not_picked":["bronze:Invalidate","bronze:Turbo"],"picked":"bronze:ChosenStrike","floor":34}],"player_experience":52545,"relics_obtained":[{"floor":7,"key":"PreservedInsect"},{"floor":10,"key":"Strawberry"},{"floor":22,"key":"downfall:CloakOfManyFaces"},{"floor":27,"key":"Potion Belt"}],"event_choices":[{"cards_removed":["bronze:Strike"],"damage_healed":0,"gold_gain":0,"player_choice":"Card Removal","damage_taken":0,"max_hp_gain":0,"max_hp_loss":0,"event_name":"The Cleric","floor":4,"gold_loss":0}],"is_beta":false,"boss_relics":[{"not_picked":["Philosopher\u0027s Stone","Velvet Choker"],"picked":"Coffee Dripper"}],"items_purged_floors":[12],"is_endless":false,"potions_floor_spawned":[8,9,10,14,20,21,22,25,28,33],"killed_by":"DF_ARCHETYPE_CLAW","ascension_level":0}}