{"host":"1dkd4flhdqbv9eyg","time":1613606932,"event":{"mods":["AchievementEnabler","BaseMod","Better Note","Evolution","Gold Saver","Minty Spire (QoL Compilation)","Spicy Shops","StSLib"],"gold_per_floor":[824,136,136,151,151,184,207,242,242,242,15,15,48,79,79,205,205,220,239,29,50,69,103,128,33,33,54,54,54,70,111,111,230,230,245,53,78,103,103,134,134,167,218,218,243,266,22,42,42,42,42,42,18,49,49,49],"floor_reached":55,"language":"ENG","playtime":4390,"items_purged":[],"score":812,"play_id":"04cd7942-0535-4975-933f-17eb3f2fc697","local_time":"20210217160852","is_ascension_mode":false,"campfire_choices":[{"data":"Inflame","floor":10,"key":"SMITH"},{"floor":12,"key":"RECALL"},{"data":"Entrench","floor":15,"key":"SMITH"},{"floor":28,"key":"REST"},{"floor":32,"key":"REST"},{"floor":41,"key":"REST"},{"floor":49,"key":"REST"},{"floor":52,"key":"REST"}],"circlet_count":0,"master_deck":["Strike_R","Strike_R","Strike_R","Strike_R","Strike_R","Defend_R","Defend_R","Defend_R","Defend_R","Bash","Rampage","Shrug It Off","Headbutt","Body Slam","Entrench+1","Inflame+1","Iron Wave","Pommel Strike","Shrug It Off+1","Body Slam","Juggernaut","True Grit+1","Headbutt","Flex","Metallicize","Armaments","Rampage+1","Flash of Steel","Shrug It Off+1","Anger","Barricade","True Grit","Body Slam+1","Secret Technique","Enlightenment","Intimidate+1","Infernal Blade+1","Ghostly Armor+1","True Grit+1","Spot Weakness+1"],"relics":["Burning Blood","EVO:Axolotl","NeowsBlessing","Incense Burner","Bronze Scales","Golden Idol","Happy Flower","Du-Vu Doll","Oddly Smooth Stone","Odd Mushroom","PreservedInsect","Fusion Hammer","TheAbacus","Blue Candle","Calipers","Paper Frog","Velvet Choker","StoneCalendar","Gremlin Horn","Orichalcum","Toxic Egg 2","War Paint","Torii"],"acts_visited":["Exordium","TheCity","TheBeyond","TheEnding"],"potions_floor_usage":[14,16,16,18,19,23,33,33,40,50],"damage_taken":[{"damage":0,"enemies":"Jaw Worm","floor":1,"turns":1},{"damage":0,"enemies":"2 Louse","floor":4,"turns":1},{"damage":0,"enemies":"3 Sentries","floor":6,"turns":1},{"damage":0,"enemies":"Small Slimes","floor":7,"turns":3},{"damage":5,"enemies":"Gremlin Nob","floor":8,"turns":4},{"damage":7,"enemies":"The Mushroom Lair","floor":13,"turns":3},{"damage":9,"enemies":"Lagavulin","floor":14,"turns":5},{"damage":1,"enemies":"The Guardian","floor":16,"turns":8},{"damage":1,"enemies":"Shell Parasite","floor":18,"turns":4},{"damage":3,"enemies":"3 Byrds","floor":19,"turns":2},{"damage":12,"enemies":"3 Cultists","floor":21,"turns":4},{"damage":7,"enemies":"Shelled Parasite and Fungi","floor":22,"turns":5},{"damage":24,"enemies":"Slavers","floor":23,"turns":4},{"damage":21,"enemies":"Centurion and Healer","floor":24,"turns":6},{"damage":7,"enemies":"Chosen and Byrds","floor":27,"turns":5},{"damage":12,"enemies":"Snecko","floor":30,"turns":6},{"damage":8,"enemies":"Gremlin Leader","floor":31,"turns":5},{"damage":10,"enemies":"Champ","floor":33,"turns":7},{"damage":6,"enemies":"3 Darklings","floor":35,"turns":6},{"damage":14,"enemies":"3 Shapes","floor":37,"turns":4},{"damage":3,"enemies":"3 Darklings","floor":38,"turns":6},{"damage":62,"enemies":"Reptomancer","floor":40,"turns":8},{"damage":9,"enemies":"Nemesis","floor":42,"turns":6},{"damage":8,"enemies":"Transient","floor":45,"turns":5},{"damage":14,"enemies":"Sphere and 2 Shapes","floor":46,"turns":6},{"damage":11,"enemies":"4 Shapes","floor":48,"turns":5},{"damage":32,"enemies":"Awakened One","floor":50,"turns":11},{"damage":84,"enemies":"Shield and Spear","floor":54,"turns":7},{"damage":86,"enemies":"The Heart","floor":55,"turns":6}],"seed_played":"-2225943419965638932","potions_obtained":[{"floor":1,"key":"Block Potion"},{"floor":4,"key":"SkillPotion"},{"floor":8,"key":"HeartOfIron"},{"floor":16,"key":"LiquidMemories"},{"floor":18,"key":"Fruit Juice"},{"floor":19,"key":"GamblersBrew"},{"floor":30,"key":"PowerPotion"},{"floor":31,"key":"PowerPotion"},{"floor":33,"key":"Weak Potion"},{"floor":35,"key":"GamblersBrew"},{"floor":37,"key":"SpeedPotion"}],"is_trial":false,"path_per_floor":["M","$","?","M","?","E","M","E","T","R","$","R","?","E","R","B",null,"M","M","$","M","M","E","M","$","T","M","R","$","M","E","R","B",null,"M","$","M","M","?","E","R","E","T","T","M","M","$","M","R","B",null,"R","$","E","B"],"character_chosen":"IRONCLAD","items_purchased":["Incense Burner","Shrug It Off","Headbutt","Bronze Scales","Body Slam","Entrench","Pommel Strike","Oddly Smooth Stone","TheAbacus","Flex","Flash of Steel","FairyPotion","War Paint","CultistPotion","True Grit+1"],"campfire_rested":5,"item_purchase_floors":[2,2,2,2,2,2,11,11,20,20,25,36,47,47,53],"current_hp_per_floor":[80,80,80,80,60,66,72,73,73,73,73,73,72,69,69,74,80,85,85,85,79,78,60,45,45,45,44,69,69,63,61,85,81,85,85,85,77,80,75,19,44,41,41,41,39,31,31,26,51,25,85,85,85,7,0,0],"gold":49,"neow_bonus":"THREE_ENEMY_KILL","is_daily":false,"chose_seed":false,"campfire_upgraded":2,"win_rate":0.0,"timestamp":1613606932,"path_taken":["M","$","?","M","?","E","M","E","T","R","$","R","?","E","R","BOSS","M","M","$","M","M","E","M","$","T","M","R","$","M","E","R","BOSS","M","$","M","M","?","E","R","E","T","?","?","M","$","M","R","BOSS","R","$","E","BOSS"],"items_purchased_type":["Relic","Card","Card","Relic","Card","Card","Card","Relic","Relic","Card","Card","Potion","Relic","Potion","Card"],"build_version":"2020-12-22","purchased_purges":0,"victory":false,"max_hp_per_floor":[80,80,80,80,80,80,80,80,80,80,80,80,80,80,80,80,80,85,85,85,85,85,85,85,85,85,85,85,85,85,85,85,85,85,85,85,85,85,85,85,85,85,85,85,85,85,85,85,85,85,85,85,85,85,85,85],"card_choices":[{"not_picked":["Thunderclap","Clothesline"],"picked":"Rampage","floor":1},{"not_picked":["Havoc","Feel No Pain"],"picked":"Inflame","floor":4},{"not_picked":["Cleave","Sword Boomerang"],"picked":"Iron Wave","floor":6},{"not_picked":["Uppercut","Cleave","Shockwave"],"picked":"SKIP","floor":7},{"not_picked":["Heavy Blade","Bludgeon","Second Wind"],"picked":"SKIP","floor":8},{"not_picked":["Thunderclap","Infernal Blade"],"picked":"Shrug It Off","floor":13},{"not_picked":["Clothesline","Wild Strike"],"picked":"Body Slam","floor":14},{"not_picked":["Exhume","Double Tap"],"picked":"Juggernaut","floor":16},{"not_picked":["Dropkick","Blood for Blood"],"picked":"True Grit+1","floor":18},{"not_picked":["Cleave","Sword Boomerang+1"],"picked":"Headbutt","floor":19},{"not_picked":["Ghostly Armor+1","Hemokinesis"],"picked":"Metallicize","floor":21},{"not_picked":["Flex","Thunderclap"],"picked":"Armaments","floor":22},{"not_picked":["Perfected Strike","Combust","Limit Break"],"picked":"SKIP","floor":23},{"not_picked":["Clash","True Grit"],"picked":"Rampage+1","floor":24},{"not_picked":["Clothesline","Pommel Strike"],"picked":"Shrug It Off","floor":27},{"not_picked":["Thunderclap+1","Clash"],"picked":"Anger","floor":30},{"not_picked":["Perfected Strike+1","Cleave","Headbutt+1"],"picked":"SKIP","floor":31},{"not_picked":["Corruption","Bludgeon"],"picked":"Barricade","floor":33},{"not_picked":["Clothesline+1","Pommel Strike"],"picked":"True Grit","floor":35},{"not_picked":["Dropkick","True Grit","Seeing Red+1"],"picked":"SKIP","floor":37},{"not_picked":["Combust+1","Cleave"],"picked":"Body Slam+1","floor":38},{"not_picked":["Flash of Steel","Enlightenment"],"picked":"Secret Technique","floor":39},{"not_picked":["Purity","Forethought"],"picked":"Enlightenment","floor":39},{"not_picked":["Whirlwind+1","Clash","Evolve"],"picked":"SKIP","floor":40},{"not_picked":["Flex","Pommel Strike+1"],"picked":"Intimidate+1","floor":42},{"not_picked":["Cleave","Havoc+1"],"picked":"Infernal Blade+1","floor":45},{"not_picked":["Thunderclap","Twin Strike"],"picked":"Ghostly Armor+1","floor":46},{"not_picked":["Battle Trance+1","Perfected Strike+1","Combust+1"],"picked":"SKIP","floor":48},{"not_picked":["Body Slam","Sword Boomerang"],"picked":"Spot Weakness+1","floor":54}],"player_experience":103583,"relics_obtained":[{"floor":6,"key":"Happy Flower"},{"floor":8,"key":"Du-Vu Doll"},{"floor":13,"key":"Odd Mushroom"},{"floor":14,"key":"PreservedInsect"},{"floor":23,"key":"Blue Candle"},{"floor":26,"key":"Calipers"},{"floor":31,"key":"Paper Frog"},{"floor":40,"key":"StoneCalendar"},{"floor":42,"key":"Gremlin Horn"},{"floor":43,"key":"Orichalcum"},{"floor":44,"key":"Toxic Egg 2"},{"floor":54,"key":"Torii"}],"event_choices":[{"damage_healed":0,"gold_gain":0,"player_choice":"Leave","damage_taken":0,"max_hp_gain":0,"max_hp_loss":0,"event_name":"The Cleric","floor":3,"gold_loss":0},{"damage_healed":0,"gold_gain":0,"player_choice":"Take Damage","damage_taken":20,"relics_obtained":["Golden Idol"],"max_hp_gain":0,"max_hp_loss":0,"event_name":"Golden Idol","floor":5,"gold_loss":0},{"damage_healed":0,"gold_gain":0,"player_choice":"Fought Mushrooms","damage_taken":0,"max_hp_gain":0,"max_hp_loss":0,"event_name":"Mushrooms","floor":13,"gold_loss":0},{"damage_healed":0,"gold_gain":0,"player_choice":"Memory 2","damage_taken":5,"max_hp_gain":0,"max_hp_loss":0,"event_name":"SensoryStone","floor":39,"gold_loss":0}],"is_beta":false,"boss_relics":[{"not_picked":["SacredBark","Empty Cage"],"picked":"Fusion Hammer"},{"not_picked":["Busted Crown","Coffee Dripper"],"picked":"Velvet Choker"}],"items_purged_floors":[],"is_endless":false,"potions_floor_spawned":[1,4,8,16,18,19,30,31,33,35,37],"killed_by":"The Heart","ascension_level":0}}