{"host":"kmd7yw11mgzs6kox","time":1613652037,"event":{"mods":["100% Spire Juice","ATMod(阿瑾Mod)","BaseMod","Decade(王小明)","Downfall","GungeonMod","Lobotomy","LobotomyExtend","Marisa（F雨　魔理沙）","Minty Spire (QoL Compilation)","Reliquary","Remilia（蕾米莉亚）","Replay The Spire","Shop Mod","StSLib","The Bladedancer","The Bug Knight","The Marked","The Poker Player","The Servant 0.9.4","TheWitcher","Waifu the Spire","WarShipGirlsR/战舰少女R mod","Warlord Emblem","Yakumo Yukari mod","Youmu（魂魄妖梦）","Yuri Mod","【遗物卡牌】REMEMod"],"gold_per_floor":[109,109,119,129,140,152,152,152,163,196,214,224,224,255,255,286,139,167,167,265,265,280,299,164,179,195,226,246,246,270,270,288,288,300,317,317,419,419,437,452,466,485,217,245,258,316,339,359,394,405,429,451,491,517,548,580,604,616,643,687,722,745,792,804,848,348,348,446,446,461,481,501,512,524,552,552,593,618,652,652,674,689,724,724,840,840,871,886,906,927,943,978,978,1017,1017,1017,1034,622,654,275,275,296],"floor_reached":51,"language":"ZHS","playtime":9842,"items_purged":["Parasite","WarlordEmblem:RealmStorm+1","WarlordEmblem:RealmStorm+1"],"score":1968,"play_id":"c05ac4ae-d154-46c1-a173-95c7359c67c1","local_time":"20210218204037","is_ascension_mode":true,"campfire_choices":[{"data":"WarlordEmblem:Frostmourne","floor":11.0,"key":"SMITH"},{"data":"AT_KingSlayer","floor":15.0,"key":"SMITH"},{"floor":32.0,"key":"REST"},{"data":"WarlordEmblem:HeartOfDeath","floor":12,"key":"SMITH"},{"data":"WarlordEmblem:FrozenTouch","floor":24,"key":"SMITH"},{"data":"WarlordEmblem:Withstand","floor":32,"key":"SMITH"},{"floor":41,"key":"REST"},{"floor":44,"key":"REST"},{"floor":49,"key":"REST"}],"circlet_count":0,"master_deck":["WarlordEmblem:RuneStrike","WarlordEmblem:RuneStrike","WarlordEmblem:RuneStrike","WarlordEmblem:Defend_DK","WarlordEmblem:Defend_DK+2","WarlordEmblem:Defend_DK","WarlordEmblem:RuneDefend+1","WarlordEmblem:Frostmourne+1","AT_KingSlayer+1","AT_FamilyPortrait+1","WarlordEmblem:EvilStrike+1","WarlordEmblem:HeartStrike+1","WarlordEmblem:SevereWinter","WarlordEmblem:RealmRider+1","WarlordEmblem:RuneInspire","WarlordEmblem:Withstand","WarlordEmblem:Execute+1","WarlordEmblem:SevereWinter+1","WarlordEmblem:DeathShake+1","WarlordEmblem:Hanging+1","WarlordEmblem:DeathWither+1","WarlordEmblem:Withstand+1","WarlordEmblem:HungeringCold+1","EndlessPower+1","WarlordEmblem:RuneRegen+1","WarlordEmblem:FrostbiteStrike+1","WarlordEmblem:RuneMelter+1","WarlordEmblem:HeartOfDeath+1","WarlordEmblem:FrostbiteStrike+1","WarlordEmblem:WinterHorn","WarlordEmblem:FrostbiteStrike+1","WarlordEmblem:FrostbiteStrike+1","WarlordEmblem:WinterHorn+1","WarlordEmblem:Withstand+1","WarlordEmblem:GhostStrike+1","WarlordEmblem:DeathStrike+1","WarlordEmblem:BloodStrike+1","WarlordEmblem:RealmRider","WarlordEmblem:DeathStrike+1","WarlordEmblem:RuneBlade+1","WarlordEmblem:FrostbiteStrike+1","WarlordEmblem:BlackCommand","REME_HeartOfCthun+1","WarlordEmblem:FrozenTouch+1","WarlordEmblem:BlackCommand","WarlordEmblem:DeathCoil+1","WarlordEmblem:Execute+1","WarlordEmblem:NoLightShield"],"relics":["WarlordEmblem:RuneSword","WarlordEmblem:DKHelm","AT_ATBox","REME_ComplimentaryCards","RabbitCall","WarlordEmblem:DK_Ghoul","reliquary:Firecrackers","War Paint","Molten Egg 2","Orichalcum","Lee\u0027s Waffle","Replay:Kaleidoscope","Snecko Eye","Simple Rune","AT_BellDemon","DemoMod:WhiteGuonStone","Strawberry","reliquary:SilkGlove","WarlordEmblem:IceDragon","reliquary:CitrusReamer","AT_ForceNature","DemoMod:Metronome","reliquary:QuartzCube","reliquary:RoseTintedGlasses","Sundial","DemoMod:Orange","reliquary:Aerogel","MawBank","AT_SunfireAegis","WarlordEmblem:EvilRealm","ShedSkin_r","reliquary:BoilingFlask","LetterFromLob","Torii","MealTicket","AT_DeathDance","Eternal Feather","reliquary:PurpleTingedLeaf","AT_Manta","DemoMod:BigBoy","DemoMod:ClearGuonStone","Prayer Wheel","Pen Nib","reliquary:WeakTea","reliquary:Sideboard","Replay:Rubber Ducky","AT_ImmortalShieldbow","Bottled Lightning","REME_DuelDisc","Replay:Towering Pillar of Hats","reliquary:RosewoodLute","reliquary:BallBearing","ReplayTheSpireMod:Shallot","reliquary:Knoch","REME_PuzzleBoxRelic","Replay:Bandana","AT_TimeSand","DemoMod:OrangeGuonStone","ReplayTheSpireMod:Ninjato","AT_ArcaneBoots","Golden Egg","Mango","Pet Ghost","Juzu Bracelet","Dream Catcher","reliquary:PartyBalloon","AT_TrinityForce","reliquary:NewFriend","ReplayFunnel","Bag of Preparation","Iron Hammer","Gremlin Food","reliquary:Vitrine","Replay:PocketPolymizer","ScarletDevilRocket","Boot","InkBottle","Whetstone","AT_RedTearstoneRing","Guide Book","reliquary:ExpiredCoupon","reliquary:Sod"],"acts_visited":["Exordium","TheCity","TheBeyond","TheCity","TheBeyond"],"potions_floor_usage":[30,51,51],"damage_taken":[{"damage":10.0,"enemies":"Small Slimes","floor":1.0,"turns":4.0},{"damage":9.0,"enemies":"Cultist","floor":3.0,"turns":5.0},{"damage":0.0,"enemies":"2 Louse","floor":4.0,"turns":2.0},{"damage":0.0,"enemies":"2 Louse","floor":1.0,"turns":2.0},{"damage":1.0,"enemies":"Jaw Worm","floor":2.0,"turns":2.0},{"damage":0.0,"enemies":"Small Slimes","floor":5.0,"turns":2.0},{"damage":0.0,"enemies":"3 Sentries","floor":6.0,"turns":3.0},{"damage":11.0,"enemies":"Exordium Wildlife","floor":7.0,"turns":2.0},{"damage":0.0,"enemies":"Exordium Thugs","floor":8.0,"turns":1.0},{"damage":14.0,"enemies":"Lagavulin","floor":10.0,"turns":3.0},{"damage":0.0,"enemies":"Gremlin Nob","floor":12.0,"turns":3.0},{"damage":0.0,"enemies":"3 Sentries","floor":14.0,"turns":2.0},{"damage":27.0,"enemies":"Hexaghost","floor":16.0,"turns":4.0},{"damage":0.0,"enemies":"Chosen","floor":18.0,"turns":3.0},{"damage":0.0,"enemies":"Spheric Guardian","floor":19.0,"turns":3.0},{"damage":0.0,"enemies":"Cultist and Chosen","floor":21.0,"turns":2.0},{"damage":1.0,"enemies":"Snake Plant","floor":22.0,"turns":2.0},{"damage":5.0,"enemies":"Replay:Snechameleon","floor":23.0,"turns":3.0},{"damage":0.0,"enemies":"Snecko","floor":24.0,"turns":2.0},{"damage":7.0,"enemies":"Chosen and Byrds","floor":28.0,"turns":2.0},{"damage":0.0,"enemies":"Centurion and Healer","floor":30.0,"turns":1.0},{"damage":12.0,"enemies":"Shelled Parasite and Fungi","floor":31.0,"turns":2.0},{"damage":0.0,"enemies":"Automaton","floor":33.0,"turns":4.0},{"damage":0.0,"enemies":"Orb Walker","floor":35.0,"turns":2.0},{"damage":0.0,"enemies":"3 Darklings","floor":36.0,"turns":2.0},{"damage":0.0,"enemies":"Sphere and 2 Shapes","floor":37.0,"turns":1.0},{"damage":0.0,"enemies":"Writhing Mass","floor":38.0,"turns":2.0},{"damage":5.0,"enemies":"R_Hoarder","floor":40.0,"turns":3.0},{"damage":0.0,"enemies":"Jaw Worm Horde","floor":41.0,"turns":1.0},{"damage":2,"enemies":"Sphere and 2 Shapes","floor":44,"turns":3},{"damage":0,"enemies":"Reptomancer","floor":45,"turns":2},{"damage":0,"enemies":"Maw","floor":46,"turns":3},{"damage":0,"enemies":"3 Darklings","floor":47,"turns":3},{"damage":0,"enemies":"Writhing Mass","floor":48,"turns":2},{"damage":0,"enemies":"Small Slimes","floor":1,"turns":1},{"damage":0,"enemies":"Cultist","floor":2,"turns":1},{"damage":0,"enemies":"2 Louse","floor":3,"turns":1},{"damage":0,"enemies":"Lots of Slimes","floor":4,"turns":1},{"damage":0,"enemies":"Exordium Thugs","floor":5,"turns":1},{"damage":0,"enemies":"3 Louse","floor":7,"turns":1},{"damage":0,"enemies":"HollowMod:MossKnight","floor":8,"turns":2},{"damage":0,"enemies":"Blue Slaver","floor":10,"turns":1},{"damage":0,"enemies":"Lagavulin","floor":11,"turns":2},{"damage":0,"enemies":"Gremlin Nob","floor":13,"turns":1},{"damage":2,"enemies":"Fading Forest","floor":16,"turns":4},{"damage":0,"enemies":"Shell Parasite","floor":18,"turns":1},{"damage":0,"enemies":"Snake Plant","floor":19,"turns":1},{"damage":0,"enemies":"Chosen and Byrds","floor":20,"turns":2},{"damage":0,"enemies":"3 Cultists","floor":21,"turns":3},{"damage":0,"enemies":"Sentry and Sphere","floor":22,"turns":1},{"damage":0,"enemies":"Slavers","floor":23,"turns":3},{"damage":0,"enemies":"Book of Stabbing","floor":25,"turns":1},{"damage":0,"enemies":"REME_1_Revenger","floor":27,"turns":1},{"damage":0,"enemies":"Snecko","floor":29,"turns":1},{"damage":0,"enemies":"Shelled Parasite and Fungi","floor":30,"turns":1},{"damage":2,"enemies":"Book of Stabbing","floor":31,"turns":1},{"damage":2,"enemies":"Automaton","floor":33,"turns":2},{"damage":0,"enemies":"3 Darklings","floor":35,"turns":3},{"damage":0,"enemies":"Orb Walker","floor":36,"turns":1},{"damage":0,"enemies":"3 Darklings","floor":37,"turns":3},{"damage":0,"enemies":"Spire Growth","floor":38,"turns":1},{"damage":0,"enemies":"Maw","floor":39,"turns":2},{"damage":0,"enemies":"Nemesis","floor":40,"turns":1},{"damage":0,"enemies":"Reptomancer","floor":42,"turns":1},{"damage":0,"enemies":"Sphere and 2 Shapes","floor":45,"turns":1},{"damage":2,"enemies":"3 Darklings","floor":47,"turns":3},{"damage":2,"enemies":"Replay:Hell Engine","floor":50,"turns":2},{"damage":0,"enemies":"Malkuth","floor":51,"turns":2},{"damage":0,"enemies":"Hod","floor":51,"turns":3},{"damage":19,"enemies":"Geburah","floor":51,"turns":8},{"damage":20,"enemies":"Binah","floor":51,"turns":8},{"damage":16,"enemies":"Angela","floor":51,"turns":4}],"seed_played":"6555167422915207329","potions_obtained":[{"floor":1.0,"key":"Fire Potion"},{"floor":4.0,"key":"Regen Potion"},{"floor":2.0,"key":"SteroidPotion"},{"floor":6.0,"key":"Energy Potion"},{"floor":19.0,"key":"Swift Potion"},{"floor":28.0,"key":"LifebloodPotion"},{"floor":37.0,"key":"WarlordEmblem:ReserveRunePotion"},{"floor":11,"key":"Languid Potion"},{"floor":30,"key":"REME_GoldPotion"},{"floor":31,"key":"SteroidPotion"}],"is_trial":false,"path_per_floor":["M","?","M","M","M","M","M","?","?","M","E","M","M","T","E","R","E","$","E","R","B",null,"M","M","$","M","M","E","M","?","T","?","M","?","M","M","R","B",null,"M","M","M","M","$","E","M","?","T","M","E","M","M","M","R","M","M","M","M","M","E","M","E","T","M","E","R","E","$","R","B",null,"M","M","M","M","M","E","R","E","T","E","?","M","M","E","R","B",null,"M","M","M","M","M","E","R","E","T","R","M","$","M","$","R","B",null],"character_chosen":"DeathKnight","items_purchased":["Lee\u0027s Waffle","WarlordEmblem:DeathWither+1","reliquary:CitrusReamer","WarlordEmblem:WinterHorn","WarlordEmblem:BlackCommand","AT_ImmortalShieldbow","REME_HeartOfCthun+1","AT_RedTearstoneRing","Guide Book","reliquary:Sod"],"campfire_rested":4,"item_purchase_floors":[13,20,39,39,14,14,14,46,46,48],"current_hp_per_floor":[70,70,61,61,80,79,79,79,79,79,68,68,68,54,54,54,87,87,87,60,87,87,87,87,87,86,81,81,81,81,81,74,74,81,69,94,94,94,94,94,94,94,91,86,86,86,86,84,96,96,96,96,103,103,103,103,103,88,88,88,88,89,99,103,103,103,103,101,103,103,103,103,103,103,103,103,103,103,103,103,117,117,116,117,115,117,117,117,117,117,117,117,117,117,117,117,117,117,115,117,117,117],"gold":405,"neow_bonus":"","is_daily":false,"chose_seed":false,"campfire_upgraded":5,"win_rate":0.0,"timestamp":1613652037,"path_taken":["M","?","M","?","M","M","M","?","?","M","E","M","M","T","E","R","E","$","E","R","BOSS","M","M","$","M","M","E","M","?","T","?","M","?","M","M","R","BOSS","M","M","M","M","$","E","M","?","T","M","E","M","M","M","R","M","M","M","M","M","E","M","E","T","M","E","R","E","$","R","BOSS","M","M","M","M","M","E","R","E","T","E","?","M","M","E","R","BOSS","M","M","M","M","M","E","R","E","T","R","M","$","M","$","R","BOSS"],"items_purchased_type":["Relic","Card","Relic","Card","Card","Relic","Card","Relic","Relic","Relic"],"build_version":"2020-12-22","purchased_purges":3,"victory":true,"max_hp_per_floor":[80,80,80,80,80,80,80,80,80,80,80,80,80,80,80,80,87,87,87,87,87,87,87,87,87,87,87,87,87,87,87,87,87,94,94,94,94,94,94,94,94,94,91,91,91,91,91,91,103,103,103,103,103,103,103,103,103,103,103,103,103,103,103,103,103,103,103,103,103,103,103,103,103,103,103,103,103,103,103,103,117,117,117,117,117,117,117,117,117,117,117,117,117,117,117,117,117,117,117,117,117,118],"card_choices":[{"not_picked":["WarlordEmblem:SevereWinter","WarlordEmblem:Potential"],"picked":"WarlordEmblem:RuneRegen","floor":1.0},{"not_picked":["WarlordEmblem:CurseStrike","WarlordEmblem:BodyStrike"],"picked":"WarlordEmblem:EvilStrike","floor":3.0},{"not_picked":["WarlordEmblem:WindStrike","WarlordEmblem:FrostbiteStrike"],"picked":"WarlordEmblem:HeartStrike","floor":4.0},{"not_picked":["WarlordEmblem:ForceDeflexion","WarlordEmblem:CurseStrike","WarlordEmblem:DiseaseCloud"],"picked":"SKIP","floor":1.0},{"not_picked":["WarlordEmblem:DeathStrike","WarlordEmblem:BodyStrike"],"picked":"WarlordEmblem:SevereWinter","floor":2.0},{"not_picked":["WarlordEmblem:CurseStrike","WarlordEmblem:Infect","WarlordEmblem:DeathGateway"],"picked":"SKIP","floor":5.0},{"not_picked":["WarlordEmblem:SwordWave","WarlordEmblem:Execute"],"picked":"WarlordEmblem:RealmRider","floor":6.0},{"not_picked":["WarlordEmblem:Execute","WarlordEmblem:EvilStrike"],"picked":"WarlordEmblem:RuneInspire","floor":7.0},{"not_picked":["WarlordEmblem:Annihilation","WarlordEmblem:RuneRecast"],"picked":"WarlordEmblem:Withstand","floor":8.0},{"not_picked":["WarlordEmblem:ForceDeflexion","WarlordEmblem:RuneInspire"],"picked":"WarlordEmblem:Execute+1","floor":10.0},{"not_picked":["WarlordEmblem:HeartStrike+1","WarlordEmblem:UltimateCold"],"picked":"WarlordEmblem:SevereWinter+1","floor":12.0},{"not_picked":["WarlordEmblem:RuneRecast","WarlordEmblem:BloodMask"],"picked":"WarlordEmblem:DeathShake+1","floor":14.0},{"not_picked":["WarlordEmblem:RuneIndex","WarlordEmblem:HungeringCold+1"],"picked":"WarlordEmblem:Hanging+1","floor":16.0},{"not_picked":["WarlordEmblem:WrathOfSindragosa","WarlordEmblem:BodyStrike+1"],"picked":"WarlordEmblem:RealmStorm+1","floor":18.0},{"not_picked":["WarlordEmblem:RuneBlade+1","WarlordEmblem:DeathGateway+1"],"picked":"WarlordEmblem:UltimateCold","floor":19.0},{"not_picked":["WarlordEmblem:Infect","WarlordEmblem:FrozenWill"],"picked":"WarlordEmblem:WinterHorn","floor":21.0},{"not_picked":["WarlordEmblem:DeathCoil+1","WarlordEmblem:RuneBlade+1"],"picked":"WarlordEmblem:Withstand","floor":22.0},{"not_picked":["WarlordEmblem:BloodSacrifice+1","WarlordEmblem:BloodStrike+1"],"picked":"WarlordEmblem:HungeringCold+1","floor":23.0},{"not_picked":["WarlordEmblem:DeathCoil+1","WarlordEmblem:RuneExplode+1"],"picked":"WarlordEmblem:RealmStorm+1","floor":24.0},{"not_picked":["WarlordEmblem:FrozenDeath+1","WarlordEmblem:WinterHorn"],"picked":"WarlordEmblem:RuneRegen+1","floor":28.0},{"not_picked":["WarlordEmblem:Execute+1","WarlordEmblem:BodyStrike+1"],"picked":"WarlordEmblem:FrostbiteStrike+1","floor":30.0},{"not_picked":["WarlordEmblem:ForceDeflexion","WarlordEmblem:DeathCoil+1"],"picked":"WarlordEmblem:RuneMelter+1","floor":31.0},{"not_picked":["WarlordEmblem:RuneMultiplex","WarlordEmblem:EvilEager"],"picked":"WarlordEmblem:HeartOfDeath","floor":33.0},{"not_picked":["WarlordEmblem:FrozenWill","WarlordEmblem:BodyStrike+1","WarlordEmblem:VoidStrike+1"],"picked":"SKIP","floor":35.0},{"not_picked":["WarlordEmblem:DarkSimulation","WarlordEmblem:RuneFocus+1","WarlordEmblem:HeartStrike+1"],"picked":"SKIP","floor":36.0},{"not_picked":["WarlordEmblem:WillOfTheNecropolis","WarlordEmblem:UltimateCold+1"],"picked":"WarlordEmblem:FrostbiteStrike+1","floor":37.0},{"not_picked":["WarlordEmblem:RuneMelter","WarlordEmblem:EvilStrike+1","WarlordEmblem:RuneRecast+1"],"picked":"SKIP","floor":38.0},{"not_picked":["WarlordEmblem:RuneExplode+1","WarlordEmblem:EvilSee+1"],"picked":"WarlordEmblem:FrostbiteStrike+1","floor":40.0},{"not_picked":["WarlordEmblem:DarkSimulation+1","WarlordEmblem:Execute+1"],"picked":"WarlordEmblem:FrostbiteStrike+1","floor":41.0},{"not_picked":["WarlordEmblem:EvilEager","WarlordEmblem:RuneFocus"],"picked":"WarlordEmblem:WinterHorn+1","floor":42.0},{"not_picked":["WarlordEmblem:CurseStrike+1","WarlordEmblem:DeathCoil+1"],"picked":"WarlordEmblem:Withstand+1","floor":44},{"not_picked":["WarlordEmblem:DeathCoil+1","WarlordEmblem:EvilSee+1","WarlordEmblem:WindStrike+1"],"picked":"SKIP","floor":45},{"not_picked":["WarlordEmblem:FrozenDeath+1","WarlordEmblem:UndeadWill"],"picked":"WarlordEmblem:GhostStrike+1","floor":46},{"not_picked":["WarlordEmblem:VoidDefend","WarlordEmblem:RuneRecover+1"],"picked":"WarlordEmblem:DeathStrike+1","floor":47},{"not_picked":["WarlordEmblem:CurseStrike+1","WarlordEmblem:VoidDefend","WarlordEmblem:RuneRecast+1"],"picked":"SKIP","floor":48},{"not_picked":["WarlordEmblem:VoidStrike+1","WarlordEmblem:BodyStrike+1"],"picked":"WarlordEmblem:BloodStrike+1","floor":1},{"not_picked":["WarlordEmblem:VoidStrike+1","WarlordEmblem:BodyStrike+1","WarlordEmblem:DeathCoil+1"],"picked":"SKIP","floor":2},{"not_picked":["WarlordEmblem:Execute+1","WarlordEmblem:DeathCoil+1"],"picked":"WarlordEmblem:RealmRider","floor":3},{"not_picked":["WarlordEmblem:BodyStrike+1","WarlordEmblem:DeathCoil+1","WarlordEmblem:DeathContract+1"],"picked":"SKIP","floor":4},{"not_picked":["WarlordEmblem:RuneRecast","WarlordEmblem:EvilStrike+1"],"picked":"WarlordEmblem:DeathStrike+1","floor":5},{"not_picked":["WarlordEmblem:EvilSee","WarlordEmblem:CurseBlade"],"picked":"WarlordEmblem:RuneBlade+1","floor":7},{"not_picked":["WarlordEmblem:EvilSee","WarlordEmblem:BloodSacrifice","WarlordEmblem:RuneRecast"],"picked":"SKIP","floor":8},{"not_picked":["WarlordEmblem:BloodMask","WarlordEmblem:VoidDefend","WarlordEmblem:FrozenDeath+1"],"picked":"SKIP","floor":10},{"not_picked":["WarlordEmblem:Annihilation+1","WarlordEmblem:BloodMask"],"picked":"WarlordEmblem:FrostbiteStrike+1","floor":11},{"not_picked":["WarlordEmblem:HeartOfDeath","WarlordEmblem:Potential"],"picked":"WarlordEmblem:CondemnStrike+1","floor":13},{"not_picked":["WarlordEmblem:BloodBoiling","WarlordEmblem:Hanging+1"],"picked":"WarlordEmblem:FrozenTouch","floor":16},{"not_picked":["WarlordEmblem:HeartStrike+1","WarlordEmblem:RuneExplode+1"],"picked":"WarlordEmblem:EvilPower+1","floor":18},{"not_picked":["WarlordEmblem:BloodStrike+1","WarlordEmblem:DeathCoil+1"],"picked":"WarlordEmblem:EvilWorm+1","floor":18},{"not_picked":["WarlordEmblem:RuneBlade+1","WarlordEmblem:RuneRecast"],"picked":"WarlordEmblem:EvilStrike+1","floor":19},{"not_picked":["WarlordEmblem:VoidStrike+1","WarlordEmblem:RuneBlade+1"],"picked":"WarlordEmblem:Infect","floor":19},{"not_picked":["WarlordEmblem:RuneRecast","WarlordEmblem:RuneBlade+1","WarlordEmblem:RealmStorm+1"],"picked":"SKIP","floor":20},{"not_picked":["WarlordEmblem:HeartStrike+1","WarlordEmblem:RuneBlade+1","WarlordEmblem:AntiMagicShield"],"picked":"SKIP","floor":20},{"not_picked":["WarlordEmblem:VoidDefend","WarlordEmblem:RuneRecast+1"],"picked":"WarlordEmblem:BlackCommand","floor":21},{"not_picked":["WarlordEmblem:ForceDeflexion","WarlordEmblem:WindStrike+1","WarlordEmblem:Annihilation+1"],"picked":"SKIP","floor":21},{"not_picked":["WarlordEmblem:FrostbiteStrike+1","WarlordEmblem:BodyStrike+1","WarlordEmblem:Execute+1"],"picked":"SKIP","floor":22},{"not_picked":["WarlordEmblem:DarkSimulation","WarlordEmblem:RuneFocus","WarlordEmblem:BloodStrike+1"],"picked":"SKIP","floor":22},{"not_picked":["WarlordEmblem:DeathGateway+1","WarlordEmblem:FrozenWill"],"picked":"WarlordEmblem:FrozenHeart","floor":23},{"not_picked":["WarlordEmblem:LichBody","WarlordEmblem:VoidStrike+1","WarlordEmblem:EvilSee"],"picked":"SKIP","floor":25},{"not_picked":["WarlordEmblem:BloodStrike+1","WarlordEmblem:RealmStorm+1","WarlordEmblem:AntiMagicShield"],"picked":"SKIP","floor":27},{"not_picked":["WarlordEmblem:VoidDefend+1","WarlordEmblem:NoLightShield"],"picked":"WarlordEmblem:BlackCommand","floor":29},{"not_picked":["WarlordEmblem:WrathOfSindragosa","WarlordEmblem:EvilWorm+1","WarlordEmblem:BodyStrike+1"],"picked":"SKIP","floor":29},{"not_picked":["WarlordEmblem:WindStrike+1","WarlordEmblem:BloodSacrifice","WarlordEmblem:DarkSimulation"],"picked":"SKIP","floor":30},{"not_picked":["WarlordEmblem:RuneRecover+1","WarlordEmblem:VoidDefend","WarlordEmblem:UltimateCold"],"picked":"SKIP","floor":30},{"not_picked":["WarlordEmblem:Infect","WarlordEmblem:BodyStrike+1","WarlordEmblem:RuneBlade+1"],"picked":"SKIP","floor":31},{"not_picked":["WarlordEmblem:RuneInspire+1","WarlordEmblem:RuneBlade+1","WarlordEmblem:RuneRecast+1"],"picked":"SKIP","floor":35},{"not_picked":["WarlordEmblem:LichBody","WarlordEmblem:RuneDiffer","WarlordEmblem:RuneBlade+1"],"picked":"SKIP","floor":35},{"not_picked":["WarlordEmblem:HeartStrike+1","WarlordEmblem:RuneFocus","WarlordEmblem:FrozenDeath+1"],"picked":"SKIP","floor":36},{"not_picked":["WarlordEmblem:DeathCoil+1","WarlordEmblem:WinterHorn+1","WarlordEmblem:RuneExplode+1"],"picked":"SKIP","floor":36},{"not_picked":["WarlordEmblem:FrostbiteStrike+1","WarlordEmblem:WinterHorn+1","WarlordEmblem:FrozenWill"],"picked":"SKIP","floor":37},{"not_picked":["WarlordEmblem:FrozenHeart","WarlordEmblem:BodyStrike+1","WarlordEmblem:UltimateCold"],"picked":"SKIP","floor":37},{"not_picked":["WarlordEmblem:VoidDefend","WarlordEmblem:RuneRegen","WarlordEmblem:FrostbiteStrike+1"],"picked":"SKIP","floor":38},{"not_picked":["WarlordEmblem:HeartOfDeath","WarlordEmblem:RuneExplode+1","WarlordEmblem:CurseStrike+1"],"picked":"SKIP","floor":38},{"not_picked":["WarlordEmblem:BodyStrike+1","WarlordEmblem:WinterHorn","WarlordEmblem:RuneDiffer+1"],"picked":"SKIP","floor":39},{"not_picked":["WarlordEmblem:RuneInspire+1","WarlordEmblem:CurseStrike+1","WarlordEmblem:RealmStorm+1"],"picked":"SKIP","floor":39},{"not_picked":["WarlordEmblem:BloodSacrifice","WarlordEmblem:RuneDiffer+1","WarlordEmblem:WinterHorn+1"],"picked":"SKIP","floor":40},{"not_picked":["WarlordEmblem:RuneMelter","WarlordEmblem:RuneBlade+1"],"picked":"WarlordEmblem:SevereWinter+1","floor":41},{"not_picked":["WarlordEmblem:BodyStrike+1","WarlordEmblem:RuneRegen","WarlordEmblem:WrathOfSindragosa+1"],"picked":"SKIP","floor":42},{"not_picked":["WarlordEmblem:BloodMask+1","WarlordEmblem:UndeadWill+1","WarlordEmblem:EvilStrike+1"],"picked":"SKIP","floor":45},{"not_picked":["WarlordEmblem:RuneDiffer+1","WarlordEmblem:Infect","WarlordEmblem:RuneRegen"],"picked":"SKIP","floor":45},{"not_picked":["WarlordEmblem:RuneExplode+1","WarlordEmblem:FrozenDeath+1","WarlordEmblem:BloodMask+1"],"picked":"SKIP","floor":47},{"not_picked":["WarlordEmblem:RuneRecover+1","WarlordEmblem:LichBody+1","WarlordEmblem:NoLightShield"],"picked":"SKIP","floor":47}],"player_experience":83427,"relics_obtained":[{"floor":1.0,"key":"LetterFromLob"},{"floor":1.0,"key":"LetterFromLob"},{"floor":6.0,"key":"reliquary:Firecrackers"},{"floor":9.0,"key":"War Paint"},{"floor":10.0,"key":"Molten Egg 2"},{"floor":12.0,"key":"Orichalcum"},{"floor":14.0,"key":"Replay:Kaleidoscope"},{"floor":23.0,"key":"Simple Rune"},{"floor":26.0,"key":"AT_BellDemon"},{"floor":28.0,"key":"DemoMod:WhiteGuonStone"},{"floor":30.0,"key":"Strawberry"},{"floor":31.0,"key":"reliquary:SilkGlove"},{"floor":40.0,"key":"AT_ForceNature"},{"floor":41.0,"key":"DemoMod:Metronome"},{"floor":42.0,"key":"reliquary:QuartzCube"},{"floor":43.0,"key":"reliquary:RoseTintedGlasses"},{"floor":44,"key":"Sundial"},{"floor":45,"key":"DemoMod:Orange"},{"floor":45,"key":"reliquary:Aerogel"},{"floor":46,"key":"MawBank"},{"floor":47,"key":"AT_SunfireAegis"},{"floor":48,"key":"WarlordEmblem:EvilRealm"},{"floor":1,"key":"reliquary:BoilingFlask"},{"floor":1,"key":"LetterFromLob"},{"floor":2,"key":"Torii"},{"floor":3,"key":"MealTicket"},{"floor":4,"key":"AT_DeathDance"},{"floor":5,"key":"Eternal Feather"},{"floor":7,"key":"reliquary:PurpleTingedLeaf"},{"floor":8,"key":"AT_Manta"},{"floor":8,"key":"DemoMod:BigBoy"},{"floor":10,"key":"DemoMod:ClearGuonStone"},{"floor":11,"key":"Pen Nib"},{"floor":11,"key":"reliquary:WeakTea"},{"floor":13,"key":"reliquary:Sideboard"},{"floor":13,"key":"Replay:Rubber Ducky"},{"floor":16,"key":"Bottled Lightning"},{"floor":18,"key":"Replay:Towering Pillar of Hats"},{"floor":19,"key":"reliquary:RosewoodLute"},{"floor":20,"key":"reliquary:BallBearing"},{"floor":21,"key":"ReplayTheSpireMod:Shallot"},{"floor":22,"key":"reliquary:Knoch"},{"floor":23,"key":"REME_PuzzleBoxRelic"},{"floor":23,"key":"Replay:Bandana"},{"floor":25,"key":"AT_TimeSand"},{"floor":25,"key":"DemoMod:OrangeGuonStone"},{"floor":26,"key":"DemoMod:WeirdEgg"},{"floor":27,"key":"AT_SpeedBoots"},{"floor":27,"key":"Golden Egg"},{"floor":29,"key":"Mango"},{"floor":30,"key":"Pet Ghost"},{"floor":31,"key":"Juzu Bracelet"},{"floor":31,"key":"Dream Catcher"},{"floor":33,"key":"reliquary:PartyBalloon"},{"floor":35,"key":"reliquary:NewFriend"},{"floor":36,"key":"ReplayFunnel"},{"floor":37,"key":"Bag of Preparation"},{"floor":38,"key":"Iron Hammer"},{"floor":39,"key":"Gremlin Food"},{"floor":40,"key":"reliquary:Vitrine"},{"floor":40,"key":"Replay:PocketPolymizer"},{"floor":42,"key":"ScarletDevilRocket"},{"floor":42,"key":"Boot"},{"floor":43,"key":"InkBottle"},{"floor":45,"key":"Whetstone"},{"floor":47,"key":"reliquary:ExpiredCoupon"}],"event_choices":[{"cards_removed":["WarlordEmblem:RuneStrike"],"damage_healed":0.0,"max_hp_gain":0.0,"max_hp_loss":0.0,"gold_gain":0.0,"event_name":"Bonfire Elementals","player_choice":"Offered Basic","floor":2.0,"gold_loss":0.0,"damage_taken":0.0},{"damage_healed":0.0,"max_hp_gain":0.0,"max_hp_loss":0.0,"gold_gain":0.0,"event_name":"Liars Game","player_choice":"Ignored","floor":3.0,"gold_loss":0.0,"damage_taken":0.0},{"damage_healed":0.0,"max_hp_gain":0.0,"max_hp_loss":0.0,"gold_gain":0.0,"event_name":"Ghosts","player_choice":"Ignored","floor":27.0,"gold_loss":0.0,"damage_taken":0.0},{"cards_removed":["Wrath_TH"],"damage_healed":0.0,"max_hp_gain":0.0,"max_hp_loss":0.0,"gold_gain":0.0,"event_name":"Fountain of Cleansing","player_choice":"Removed Curses","floor":29.0,"gold_loss":0.0,"damage_taken":0.0},{"damage_healed":0,"gold_gain":0,"player_choice":"Ignored","damage_taken":0,"max_hp_gain":0,"max_hp_loss":0,"event_name":"Ghosts","floor":28,"gold_loss":0}],"is_beta":false,"boss_relics":[{"not_picked":["Philosopher\u0027s Stone","Sozu"],"picked":"Snecko Eye"},{"not_picked":["Kintsugi","Runic Dome"],"picked":"WarlordEmblem:IceDragon"},{"not_picked":["ChewingGum","REME_DemonsWealth"],"picked":"REME_DuelDisc"},{"not_picked":["reliquary:RedPaperclip","Calling Bell"],"picked":"AT_TrinityForce"}],"items_purged_floors":[39,46,48],"is_endless":false,"potions_floor_spawned":[1,4,2,6,7,10,19,24,28,30,31,37,40,47,48,1,2,4,5,11,19,22,23,25,30,31,35,39,40],"ascension_level":3}}