{"host":"y4mx56vxqys6xwyn","time":1613688342,"event":{"mods":["BaseMod","Hermit","Minty Spire (QoL Compilation)","StSLib","The Bug Knight"],"gold_per_floor":[109,128,128,148,148,148,177,12,37,37,51,51,68,84,84,186,186,199,199,149,59,69,96,96,106,133,33,33,33,68,98,98,199,199,212,62,62,62,73,73,120,133,179,6,56,56,72,86,86,86],"floor_reached":51,"language":"ENG","playtime":5101,"items_purged":["HollowMod:SiblingsShadow","HollowMod:SiblingsSouls","HollowMod:QuickDashStart+1"],"score":663,"play_id":"9c539890-8cd6-4f2c-b664-d89b00afbfb8","local_time":"20210218164542","is_ascension_mode":false,"campfire_choices":[{"data":"HollowMod:CycloneSlash","floor":6,"key":"SMITH"},{"data":"HollowMod:LifebloodCocoon","floor":10,"key":"SMITH"},{"floor":12,"key":"REST"},{"data":"Dramatic Entrance","floor":15,"key":"SMITH"},{"floor":24,"key":"REST"},{"floor":32,"key":"REST"},{"data":"HollowMod:HowlingWraiths","floor":40,"key":"SMITH"},{"data":"HollowMod:DesolateDive","floor":46,"key":"SMITH"},{"floor":49,"key":"REST"}],"circlet_count":0,"master_deck":["HollowMod:NailStrikeStart+1","HollowMod:NailStrikeStart+1","HollowMod:NailStrikeStart+1","HollowMod:QuickDashStart+1","HollowMod:QuickDashStart+1","HollowMod:FocusHealStart","HollowMod:PogoStrike+1","HollowMod:CycloneSlash+1","HollowMod:LifebloodCocoon+1","HollowMod:Weaversong","HollowMod:HowlingWraiths+1","Dramatic Entrance+1","HollowMod:HuntersJournal+1","HollowMod:SharpenedNail","HollowMod:Weaversong+1","CurseOfTheBell","HollowMod:InfectedCysts+1","HollowMod:PureNailStrike+1","HollowMod:GoodIntentions+1","Dramatic Entrance+1","HollowMod:SharpenedNail","HollowMod:theNailsmith","HollowMod:CloakDash+1","HollowMod:CloakDash+1","HollowMod:CloakDash+1","HollowMod:DesolateDive+1","HollowMod:DashSlash+1","HollowMod:CycloneSlash","HollowMod:HornetsHelp","HollowMod:GreatSlash+1","HollowMod:PerfectDash","HollowMod:DashSlash+1","HollowMod:HowlingWraiths"],"relics":["HollowMod:VesselMask","NeowsBlessing","InkBottle","Whetstone","Happy Flower","Calling Bell","Juzu Bracelet","Kunai","Dead Branch","Ancient Tea Set","Bag of Preparation","HollowMod:GreatKnightMask","Red Mask","Sozu","HollowMod:StagPassRelic","Prayer Wheel","Omamori","Du-Vu Doll"],"acts_visited":["Exordium","TheCity","TheBeyond"],"potions_floor_usage":[7,16,16,25,33,50,50],"damage_taken":[{"damage":0,"enemies":"Cultist","floor":1,"turns":1},{"damage":0,"enemies":"Jaw Worm","floor":2,"turns":1},{"damage":0,"enemies":"2 Louse","floor":4,"turns":1},{"damage":33,"enemies":"Lagavulin","floor":7,"turns":6},{"damage":13,"enemies":"Red Slaver","floor":11,"turns":3},{"damage":0,"enemies":"Blue Slaver","floor":13,"turns":3},{"damage":0,"enemies":"Gremlin Gang","floor":14,"turns":2},{"damage":4,"enemies":"Hexaghost","floor":16,"turns":9},{"damage":18,"enemies":"3 Byrds","floor":18,"turns":4},{"damage":17,"enemies":"Spheric Guardian","floor":22,"turns":4},{"damage":35,"enemies":"Slavers","floor":23,"turns":3},{"damage":4,"enemies":"Snake Plant","floor":25,"turns":2},{"damage":0,"enemies":"HollowMod:Zote","floor":30,"turns":2},{"damage":0,"enemies":"Masked Bandits","floor":31,"turns":1},{"damage":31,"enemies":"HollowMod:NKGrimm","floor":33,"turns":14},{"damage":0,"enemies":"3 Darklings","floor":35,"turns":2},{"damage":0,"enemies":"Orb Walker","floor":39,"turns":2},{"damage":0,"enemies":"2 Orb Walkers","floor":41,"turns":2},{"damage":0,"enemies":"Sphere and 2 Shapes","floor":42,"turns":2},{"damage":0,"enemies":"Mind Bloom Boss Battle","floor":45,"turns":3},{"damage":0,"enemies":"Transient","floor":47,"turns":5},{"damage":0,"enemies":"Spire Growth","floor":48,"turns":4},{"damage":42,"enemies":"HollowMod:Radiance","floor":50,"turns":15}],"seed_played":"3839356698601505851","potions_obtained":[{"floor":4,"key":"LiquidMemories"},{"floor":11,"key":"DistilledChaos"},{"floor":13,"key":"Ancient Potion"},{"floor":14,"key":"ColorlessPotion"},{"floor":22,"key":"Swift Potion"},{"floor":23,"key":"BlessingOfTheForge"},{"floor":33,"key":"Ancient Potion"}],"is_trial":false,"path_per_floor":["M","M","T","M","?","R","E","$","T","R","M","R","M","M","R","B",null,"M","?","?","?","M","E","R","M","T","$","?","$","?","?","R","B",null,"M","?","?","?","M","R","?","M","T","$","?","R","M","M","R","B",null],"character_chosen":"THE_BUGKNIGHT","items_purchased":["Dramatic Entrance","HollowMod:CycloneSlash"],"campfire_rested":4,"item_purchase_floors":[8,44],"current_hp_per_floor":[75,75,75,75,75,75,42,42,42,42,29,51,57,57,57,59,75,57,57,57,57,40,5,27,23,23,23,23,23,23,23,45,24,75,75,75,75,75,75,75,75,75,75,75,75,75,75,75,75,33],"gold":86,"neow_bonus":"THREE_ENEMY_KILL","is_daily":false,"chose_seed":false,"campfire_upgraded":5,"win_rate":0.0,"timestamp":1613688342,"path_taken":["M","M","?","?","?","R","E","$","T","R","M","R","M","?","R","BOSS","M","?","?","?","M","E","R","M","T","?","?","$","?","?","R","BOSS","M","?","?","?","M","R","?","M","T","?","?","R","M","M","R","BOSS"],"items_purchased_type":["Card","Card"],"build_version":"2020-12-22","purchased_purges":3,"victory":true,"max_hp_per_floor":[75,75,75,75,75,75,75,75,75,75,75,75,75,75,75,75,75,75,75,75,75,75,75,75,75,75,75,75,75,75,75,75,75,75,75,75,75,75,75,75,75,75,75,75,75,75,75,75,75,75],"card_choices":[{"not_picked":["HollowMod:GoodIntentions","HollowMod:AbyssShriek"],"picked":"HollowMod:CycloneSlash","floor":1},{"not_picked":["HollowMod:NewLittleFool","HollowMod:MothsMistake"],"picked":"HollowMod:LifebloodCocoon","floor":2},{"not_picked":["HollowMod:NewLittleFool","HollowMod:DoubleDash"],"picked":"HollowMod:Weaversong","floor":4},{"not_picked":["HollowMod:MawleksShell","HollowMod:DreamGate"],"picked":"HollowMod:HowlingWraiths","floor":7},{"not_picked":["HollowMod:NewJinnsSoul","HollowMod:CornifersMapStart"],"picked":"HollowMod:HuntersJournal","floor":11},{"not_picked":["HollowMod:HowlingWraiths","HollowMod:SoulEater"],"picked":"HollowMod:SharpenedNail","floor":13},{"not_picked":["HollowMod:WraithStrike","HollowMod:NewJinnsSoul","HollowMod:SharpenedShadows"],"picked":"SKIP","floor":14},{"not_picked":["HollowMod:SoulMaster","HollowMod:Hiveblood"],"picked":"HollowMod:Weaversong","floor":16},{"not_picked":["HollowMod:SiblingsShadow","HollowMod:VengefulVoid"],"picked":"HollowMod:SiblingsSouls","floor":18},{"not_picked":["HollowMod:MonarchWings","HollowMod:ShapeofUnn+1"],"picked":"HollowMod:InfectedCysts+1","floor":22},{"not_picked":["HollowMod:DashSlash","HollowMod:CrystalDash"],"picked":"HollowMod:PureNailStrike+1","floor":23},{"not_picked":["HollowMod:LifebloodCocoon","HollowMod:SiblingsSouls"],"picked":"HollowMod:GoodIntentions+1","floor":25},{"not_picked":["HollowMod:WraithStrike","HollowMod:RecoilStrike"],"picked":"HollowMod:SharpenedNail","floor":31},{"not_picked":["HollowMod:SoulMaster","HollowMod:VoidDash"],"picked":"HollowMod:theNailsmith","floor":33},{"not_picked":["HollowMod:NewLittleFool+1","HollowMod:SiblingsSouls"],"picked":"HollowMod:CloakDash+1","floor":35},{"not_picked":["HollowMod:DungDefenderAura","HollowMod:HowlingWraiths"],"picked":"HollowMod:CloakDash+1","floor":39},{"not_picked":["HollowMod:NewInfectedGuardian","HollowMod:CornifersMapStart+1"],"picked":"HollowMod:CloakDash+1","floor":41},{"not_picked":["HollowMod:HeavyBlow","HollowMod:NewJinnsSoul+1"],"picked":"HollowMod:DesolateDive","floor":42},{"not_picked":["HollowMod:CornifersMapStart","HollowMod:InfectedAttack"],"picked":"HollowMod:DashSlash+1","floor":42},{"not_picked":["HollowMod:LifebloodCocoon","HollowMod:DreamGate"],"picked":"HollowMod:HornetsHelp","floor":45},{"not_picked":["HollowMod:TaintedHusks+1","HollowMod:ShapeofUnn+1"],"picked":"HollowMod:GreatSlash+1","floor":47},{"not_picked":["HollowMod:DoubleDash","HollowMod:HeavyBlow+1"],"picked":"HollowMod:PerfectDash","floor":47},{"not_picked":["HollowMod:ChannelNail+1","HollowMod:VengefulVoid"],"picked":"HollowMod:DashSlash+1","floor":48},{"not_picked":["HollowMod:ChannelNail+1","HollowMod:AwokenDreamNail"],"picked":"HollowMod:HowlingWraiths","floor":48}],"player_experience":74591,"relics_obtained":[{"floor":3,"key":"InkBottle"},{"floor":7,"key":"Whetstone"},{"floor":9,"key":"Happy Flower"},{"floor":17,"key":"Juzu Bracelet"},{"floor":17,"key":"Kunai"},{"floor":17,"key":"Dead Branch"},{"floor":23,"key":"Ancient Tea Set"},{"floor":26,"key":"Bag of Preparation"},{"floor":30,"key":"HollowMod:GreatKnightMask"},{"floor":31,"key":"Red Mask"},{"floor":41,"key":"Prayer Wheel"},{"floor":43,"key":"Omamori"},{"floor":45,"key":"Du-Vu Doll"}],"event_choices":[{"damage_healed":0,"gold_gain":0,"cards_transformed":["HollowMod:QuickDashStart"],"player_choice":"Transformed","damage_taken":0,"max_hp_gain":0,"max_hp_loss":0,"event_name":"Transmorgrifier","floor":5,"gold_loss":0,"cards_obtained":["HollowMod:SiblingsShadow"]},{"damage_healed":0,"gold_gain":0,"player_choice":"Simplicity","damage_taken":0,"max_hp_gain":0,"max_hp_loss":0,"event_name":"Back to Basics","floor":19,"gold_loss":0,"cards_upgraded":["HollowMod:NailStrikeStart","HollowMod:NailStrikeStart","HollowMod:NailStrikeStart","HollowMod:QuickDashStart","HollowMod:QuickDashStart","HollowMod:QuickDashStart"]},{"damage_healed":0,"gold_gain":0,"player_choice":"Bet on Murderer","damage_taken":0,"max_hp_gain":0,"max_hp_loss":0,"event_name":"The Joust","floor":20,"gold_loss":50},{"cards_removed":["HollowMod:NailStrikeStart"],"damage_healed":0,"gold_gain":0,"player_choice":"Upgrade and Remove","damage_taken":0,"max_hp_gain":0,"max_hp_loss":0,"event_name":"Designer","floor":21,"gold_loss":90,"cards_upgraded":["HollowMod:Weaversong"]},{"damage_healed":0,"gold_gain":0,"player_choice":"Copied","damage_taken":0,"max_hp_gain":0,"max_hp_loss":0,"event_name":"Duplicator","floor":28,"gold_loss":0,"cards_obtained":["Dramatic Entrance"]},{"damage_healed":0,"gold_gain":0,"player_choice":"Fought Bandits","damage_taken":0,"max_hp_gain":0,"max_hp_loss":0,"event_name":"Masked Bandits","floor":31,"gold_loss":0},{"damage_healed":0,"gold_gain":0,"player_choice":"Forge","damage_taken":0,"max_hp_gain":0,"max_hp_loss":0,"event_name":"Accursed Blacksmith","floor":37,"gold_loss":0,"cards_upgraded":["HollowMod:HuntersJournal"]},{"damage_healed":0,"gold_gain":0,"player_choice":"Fight","damage_taken":0,"max_hp_gain":0,"max_hp_loss":0,"event_name":"Mysterious Sphere","floor":41,"gold_loss":0},{"damage_healed":0,"gold_gain":0,"player_choice":"Fight","damage_taken":0,"max_hp_gain":0,"max_hp_loss":0,"event_name":"MindBloom","floor":45,"gold_loss":0}],"is_beta":false,"boss_relics":[{"not_picked":["Ectoplasm","Empty Cage"],"picked":"Calling Bell"},{"not_picked":["Fusion Hammer","Coffee Dripper"],"picked":"Sozu"}],"items_purged_floors":[8,27,44],"is_endless":false,"potions_floor_spawned":[4,11,13,14,22,23,33,42,45],"ascension_level":0}}