{"host":"ihsge0lre3slh6sc","time":1613661273,"event":{"mods":["Act Like it!","Arknights","BaseMod","CapriCore","Highlight Path","Lobotomy","LobotomyExtend","Minty Spire (QoL Compilation)","MostiFishMod","Quick Restart","Shop Mod","StSLib","TestMod","The Immortal","Waifu the Spire","WarShipGirlsR/战舰少女R mod","[IsaacMod]以撒尖塔","【遗物卡牌】REMEMod","篝火指南"],"gold_per_floor":[120,120,520,536,561,435,470,496,496,528,703,-868,-868,-833,-833,-698,-698,-698,-698,19,42,105,156,156,201,224,37,37,37,231,231,156,283,283,306,331,353,379,291,112,154,154,154,225,248,274,334,365,365,386,403,478,496,496,496,551,207,285,329,329,377,422,503,10,23,23,23,573,606,619],"floor_reached":56,"language":"ZHS","playtime":2181,"items_purged":["ats:Strike G","Doubt","ats:Strike C","ats:Strike S","ats:Defend","ats:Defend","ats:Strike V","ats:Explosion Area Strengthen","ats:Defend","ats:True Silver Slash"],"score":2240,"play_id":"4946b36e-6b72-487c-87b8-2aa011de9c68","local_time":"20210218231433","is_ascension_mode":true,"campfire_choices":[{"data":"Well Laid Plans","floor":15.0,"key":"SMITH"},{"data":"ats:Emotion Absorption","floor":24.0,"key":"SMITH"},{"data":"ats:Shadow Assault","floor":28.0,"key":"SMITH"},{"data":"ats:Sword Rain","floor":49,"key":"SMITH"},{"floor":40,"key":"RECALL"},{"data":"ats:Armor Crushing Shot","floor":52,"key":"SMITH"}],"circlet_count":0,"master_deck":["ats:Armor Crushing Shot+1","ats:Defend+1","ats:Emotion Absorption+1","Well Laid Plans+1","ats:Shell Defense+1","ats:Shadow Assault+1","ats:Guard Mode+1","ats:Calcification","ats:Nebulous Foxfire","ats:Disruption Kick","ats:Closed Bolt Burst Fire","ats:Demon Strength","ats:Sword Rain+1","ats:Sashimi Platter","ats:Mental Burst","ats:Closed Bolt Burst Fire"],"relics":["ats:Sanity","HushsDoor","testmod-TestBox","DaveBox","Membership Card","testmod-DeterminationOfClimber","TheBean","LetterFromLob","MerchantsRug","ats:Originium","Bag of Marbles","Nunchaku","DeadEye","DeathBook","SynthV:MejaisSoulstealer","Mummified Hand","xbg","GuppysHead","Nilry\u0027s Codex","Sozu","Akabeko","Lizard Tail","testmod-ObsoleteBoomerang","Gremlin Horn","Kunai","BirthdayGift-Icosahedron","ats:Berate","AnarchistCookbook"],"acts_visited":["Exordium","TheCity","TheBeyond","TheEnding"],"potions_floor_usage":[],"damage_taken":[{"damage":3.0,"enemies":"ats:Genji","floor":1.0,"turns":3.0},{"damage":0.0,"enemies":"2 Louse","floor":4.0,"turns":2.0},{"damage":38.0,"enemies":"Gremlin Nob","floor":7.0,"turns":5.0},{"damage":5.0,"enemies":"Small Slimes","floor":8.0,"turns":2.0},{"damage":15.0,"enemies":"3 Sentries","floor":10.0,"turns":4.0},{"damage":0.0,"enemies":"Lagavulin","floor":14.0,"turns":3.0},{"damage":0.0,"enemies":"Slime Boss","floor":16.0,"turns":3.0},{"damage":0.0,"enemies":"2 Thieves","floor":20.0,"turns":2.0},{"damage":0.0,"enemies":"Shell Parasite","floor":21.0,"turns":2.0},{"damage":1.0,"enemies":"Book of Stabbing","floor":23.0,"turns":3.0},{"damage":0.0,"enemies":"Slavers","floor":25.0,"turns":2.0},{"damage":0.0,"enemies":"Colosseum Slavers","floor":30.0,"turns":2.0},{"damage":0.0,"enemies":"Colosseum Nobs","floor":30.0,"turns":3.0},{"damage":0.0,"enemies":"Collector","floor":33.0,"turns":3.0},{"damage":4.0,"enemies":"3 Darklings","floor":35.0,"turns":2.0},{"damage":0,"enemies":"Orb Walker","floor":36,"turns":1},{"damage":0,"enemies":"Spire Growth","floor":37,"turns":1},{"damage":0,"enemies":"Jaw Worm Horde","floor":38,"turns":1},{"damage":0,"enemies":"Nemesis","floor":41,"turns":1},{"damage":0,"enemies":"Mind Bloom Boss Battle","floor":44,"turns":1},{"damage":0,"enemies":"Sphere and 2 Shapes","floor":45,"turns":1},{"damage":0,"enemies":"4 Shapes","floor":46,"turns":2},{"damage":0,"enemies":"Giant Head","floor":47,"turns":2},{"damage":0,"enemies":"Writhing Mass","floor":48,"turns":1},{"damage":0,"enemies":"3 Shapes","floor":35,"turns":1},{"damage":0,"enemies":"Orb Walker","floor":36,"turns":1},{"damage":0,"enemies":"Mind Bloom Boss Battle","floor":37,"turns":1},{"damage":0,"enemies":"3 Darklings","floor":38,"turns":1},{"damage":8,"enemies":"Giant Head","floor":41,"turns":2},{"damage":0,"enemies":"Nemesis","floor":44,"turns":3},{"damage":0,"enemies":"Transient","floor":46,"turns":2},{"damage":0,"enemies":"Giant Head","floor":47,"turns":2},{"damage":0,"enemies":"Awakened One","floor":50,"turns":2},{"damage":0,"enemies":"Shield and Spear","floor":54,"turns":1},{"damage":0,"enemies":"The Heart","floor":55,"turns":2}],"seed_played":"8824809432795834437","potions_obtained":[{"floor":4.0,"key":"REME_GoldPotion"},{"floor":8.0,"key":"Ancient Potion"},{"floor":14.0,"key":"Swift Potion"},{"floor":22.0,"key":"REME_GoldPotion"},{"floor":23.0,"key":"ats:Top Emergency Sanity Potion"},{"floor":31.0,"key":"SkillPotion"}],"is_trial":false,"path_per_floor":["M","?","?","M","T","R","E","M","T","E","?","$","T","E","R","B",null,"M","$","M","M","?","E","R","E","T","$","R","?","?","?","R","B",null,"M","M","M","M","$","R","E","?","T","?","M","M","E","M","R","M","M","?","M","?","R","E","R","T","E","T","M","E","?","R","B",null,"R","$","E","B",null],"character_chosen":"DOCTOR_CLASS","items_purchased":["MerchantsRug","ats:Explosion Area Strengthen","DeathBook","SynthV:MejaisSoulstealer","ats:Nebulous Foxfire","GuppysHead","ats:Disruption Kick","Question Card","ats:Sword Rain","Akabeko","War Paint","testmod-ObsoleteBoomerang","BirthdayGift-Icosahedron","ats:Mental Burst","ats:Berate"],"campfire_rested":0,"item_purchase_floors":[6,6,12,12,17,17,17,27,34,40,42,42,49,53,53],"current_hp_per_floor":[63,60,60,60,60,60,22,18,18,6,6,6,6,10,10,16,32,32,32,37,37,42,42,42,42,42,42,42,26,40,40,40,42,39,39,39,39,39,39,39,39,39,39,39,39,39,39,39,39,39,39,39,39,39,39,39,39,39,41,41,43,45,35,35,50,50,50,50,50,50],"gold":619,"neow_bonus":"RANDOM_COLORLESS_2","is_daily":false,"chose_seed":false,"campfire_upgraded":5,"win_rate":0.0,"timestamp":1613661273,"path_taken":["M","?","?","M","?","R","E","M","T","E","?","$","?","E","R","BOSS","M","?","M","M","?","E","R","E","T","$","R","?","?","?","R","BOSS","M","M","M","M","$","R","E","?","T","?","M","M","E","M","R","M","M","?","M","?","R","E","R","T","E","?","M","E","?","R","BOSS","R","$","E","BOSS"],"items_purchased_type":["Relic","Card","Relic","Relic","Card","Relic","Card","Relic","Card","Relic","Relic","Relic","Relic","Card","Relic"],"build_version":"2020-12-22","purchased_purges":10,"victory":true,"max_hp_per_floor":[65,60,60,60,60,60,60,60,60,60,60,60,60,60,60,60,37,37,37,37,37,42,42,42,42,42,42,42,42,42,42,42,42,39,39,39,39,39,39,39,39,39,39,39,39,39,39,39,39,39,39,39,39,39,39,39,39,39,41,41,43,45,50,50,50,50,50,50,50,50],"card_choices":[{"not_picked":["ats:Guard Mode","ats:Defend Order"],"picked":"ats:Shell Defense","floor":1.0},{"not_picked":["ats:Spore Proliferation","ats:Charging Defense","ats:Flexible Camouflage"],"picked":"SKIP","floor":4.0},{"not_picked":["ats:Support Order","ats:Flame Of Heaven","ats:Leaping Hammer"],"picked":"SKIP","floor":7.0},{"not_picked":["ats:Ignite","ats:Literary Storm"],"picked":"ats:Shadow Assault","floor":8.0},{"not_picked":["ats:Powerful Strike","ats:Spore Proliferation"],"picked":"ats:Guard Mode","floor":10.0},{"not_picked":["ats:Assault Order","ats:Shell Defense","ats:Chain Hook"],"picked":"SKIP","floor":14.0},{"not_picked":["ats:Volcano","ats:Nebulous Foxfire"],"picked":"ats:Calcification","floor":16.0},{"not_picked":["ats:Guard Mode","ats:Poison Spread+1"],"picked":"ats:Closed Bolt Burst Fire","floor":20.0},{"not_picked":["ats:Hook Shot","ats:Revitalization","ats:Apocalypse"],"picked":"SKIP","floor":21.0},{"not_picked":["ats:Thorns","ats:Cat Scratch+1"],"picked":"ats:Demon Strength","floor":23.0},{"not_picked":["ats:Overload","ats:Very Hot Blade","ats:Poison Spread+1"],"picked":"SKIP","floor":25.0},{"not_picked":["ats:Ambush","ats:Soul Rend","ats:Durian"],"picked":"ats:True Silver Slash","floor":33.0},{"not_picked":["ats:Spore Proliferation+1","ats:Cat Scratch+1","ats:Hammer On+1","ats:Revitalization"],"picked":"SKIP","floor":35.0},{"not_picked":["ats:Magnetic Hammer+1","ats:Assault Order+1","ats:Ignite","ats:Serious Mode+1"],"picked":"SKIP","floor":36},{"not_picked":["ats:Directed Diagnosis+1","ats:Literary Storm","ats:Guardian Obelisk+1","ats:Red Shift"],"picked":"SKIP","floor":37},{"not_picked":["ats:Flexible Camouflage","ats:Revitalization","ats:Encircling Forest","ats:Red Shift+1"],"picked":"SKIP","floor":38},{"not_picked":["ats:Apocalypse+1","ats:Rapid Magazine","ats:Explosion Area Strengthen","ats:Thorns"],"picked":"SKIP","floor":41},{"not_picked":["ats:Cat Scratch","ats:Consecutive Shot Auto","ats:Ignite+1","ats:Poison Spread+1"],"picked":"SKIP","floor":45},{"not_picked":["ats:Hammer On","ats:Healing Strengthening","ats:Directed Diagnosis+1","ats:Thorns+1"],"picked":"SKIP","floor":46},{"not_picked":["ats:Chain Hook+1","ats:True Silver Slash","ats:Composite Medical Shells","ats:Directed Diagnosis"],"picked":"SKIP","floor":47},{"not_picked":["ats:Shell Defense+1","ats:Curse Doll+1","ats:Blood Oath+1","ats:Support Order+1"],"picked":"SKIP","floor":48},{"not_picked":["ats:Automatic Cover","ats:Shell Defense","ats:Apocalypse+1"],"picked":"ats:Sashimi Platter","floor":35},{"not_picked":["ats:Collapsing Strike+1","ats:Closed Bolt Burst Fire","ats:Chain Hook","ats:Blood Oath+1"],"picked":"SKIP","floor":36},{"not_picked":["ats:Red Shift+1","ats:Guard Mode","ats:Consecutive Shot Auto","ats:Nebulous Foxfire"],"picked":"SKIP","floor":38},{"not_picked":["ats:Assault Order+1","ats:Consecutive Shot Auto+1","ats:Apocalypse","ats:Phantom"],"picked":"SKIP","floor":41},{"not_picked":["ats:Shadow Raid","ats:Explosion Area Strengthen","ats:Closed Bolt Burst Fire+1","ats:Charging Defense+1"],"picked":"Singing Bowl","floor":44},{"not_picked":["ats:Very Hot Blade","ats:Flexible Camouflage+1","ats:Directed Diagnosis","ats:Thermite Blade+1"],"picked":"Singing Bowl","floor":46},{"not_picked":["ats:Rapid Magazine+1","ats:Blood Oath","ats:Counter Healing Mode+1","ats:Beaten Up"],"picked":"Singing Bowl","floor":47},{"not_picked":["ats:Hammer On","ats:Composite Medical Shells"],"picked":"ats:Closed Bolt Burst Fire","floor":54}],"player_experience":738198,"relics_obtained":[{"floor":1.0,"key":"LetterFromLob"},{"floor":5.0,"key":"Juzu Bracelet"},{"floor":7.0,"key":"ats:Originium"},{"floor":7.0,"key":"Bag of Marbles"},{"floor":9.0,"key":"Nunchaku"},{"floor":10.0,"key":"ats:Originium"},{"floor":10.0,"key":"DeadEye"},{"floor":13.0,"key":"Mummified Hand"},{"floor":14.0,"key":"ats:Originium"},{"floor":14.0,"key":"testmod-Antiphasic"},{"floor":23.0,"key":"ats:Originium"},{"floor":23.0,"key":"BloodDonationMachine"},{"floor":25.0,"key":"GnawedLeaf"},{"floor":29.0,"key":"Nilry\u0027s Codex"},{"floor":30.0,"key":"StrikeDummy"},{"floor":30.0,"key":"ForgetMeNow"},{"floor":41,"key":"TuHaoJin"},{"floor":43,"key":"Mercury Hourglass"},{"floor":44,"key":"Lizard Tail"},{"floor":47,"key":"SharpPlug"},{"floor":37,"key":"PunchingBag"},{"floor":41,"key":"Meat on the Bone"},{"floor":43,"key":"Singing Bowl"},{"floor":44,"key":"Potion Belt"},{"floor":45,"key":"Gremlin Horn"},{"floor":47,"key":"Kunai"},{"floor":54,"key":"AnarchistCookbook"}],"event_choices":[{"damage_healed":0.0,"max_hp_gain":0.0,"max_hp_loss":5.0,"gold_gain":0.0,"event_name":"Golden Idol","player_choice":"Lose Max HP","floor":2.0,"gold_loss":0.0,"damage_taken":0.0,"relics_obtained":["Golden Idol"]},{"damage_healed":0.0,"max_hp_gain":0.0,"max_hp_loss":0.0,"gold_gain":400.0,"event_name":"恩洛斯的盘子","player_choice":"Sell","floor":3.0,"relics_lost":["REME_ComplimentaryCards"],"gold_loss":0.0,"damage_taken":0.0},{"damage_healed":0.0,"max_hp_gain":0.0,"max_hp_loss":0.0,"gold_gain":175.0,"event_name":"Liars Game","player_choice":"AGREE","floor":11.0,"gold_loss":0.0,"damage_taken":0.0,"cards_obtained":["Doubt"]},{"damage_healed":0.0,"max_hp_gain":0.0,"max_hp_loss":0.0,"gold_gain":0.0,"event_name":"给自己的盒子","player_choice":"Swap Relic","floor":22.0,"relics_lost":["Tiny House"],"gold_loss":0.0,"damage_taken":0.0,"relics_obtained":["Tiny House"]},{"damage_healed":0.0,"max_hp_gain":0.0,"max_hp_loss":0.0,"gold_gain":0.0,"event_name":"Cursed Tome","player_choice":"Obtained Book","floor":29.0,"gold_loss":0.0,"damage_taken":16.0},{"damage_healed":0.0,"max_hp_gain":0.0,"max_hp_loss":0.0,"gold_gain":0.0,"event_name":"Colosseum","player_choice":"Fight","floor":30.0,"gold_loss":0.0,"damage_taken":0.0},{"damage_healed":0.0,"max_hp_gain":0.0,"max_hp_loss":0.0,"gold_gain":0.0,"event_name":"Colosseum","player_choice":"Fought Nobs","floor":30.0,"gold_loss":0.0,"damage_taken":0.0},{"damage_healed":0.0,"max_hp_gain":0.0,"max_hp_loss":0.0,"gold_gain":0.0,"event_name":"Lab","player_choice":"Got Potions","floor":31.0,"gold_loss":0.0,"damage_taken":0.0},{"damage_healed":0,"gold_gain":0,"player_choice":"Fight","damage_taken":0,"max_hp_gain":0,"max_hp_loss":0,"event_name":"MindBloom","floor":44,"gold_loss":0},{"damage_healed":0,"gold_gain":0,"player_choice":"Fight","damage_taken":0,"max_hp_gain":0,"max_hp_loss":0,"event_name":"MindBloom","floor":37,"gold_loss":0}],"is_beta":false,"boss_relics":[{"not_picked":["testmod-CardMagician","testmod-Nine"],"picked":"xbg"},{"not_picked":[]},{"not_picked":["testmod-EnergyCheck","Snecko Eye"],"picked":"Sozu"},{"not_picked":[]}],"items_purged_floors":[6,12,17,27,32,39,40,42,49,53],"is_endless":false,"potions_floor_spawned":[4,8,14,23,30,37,38,45,47,48,35,41,44],"ascension_level":5}}