{"host":"mo324zvkdr1xwprd","time":1613613446,"event":{"mods":["A Penny For Your Troubles","BaseMod","Better Note","Better Third Choice","BetterRewards","Hermit","Highlight Path","Hubris","Minty Spire (QoL Compilation)","Quick Restart","Rare Cards Sparkle","Shop Mod","StSLib","The Cursed","The Hierophant","The Servant 0.9.4","Transform Curses"],"gold_per_floor":[47,62,82,97,111,146,159,184,184,184,184,222,222,235,235,328,328,348,387,33,46,46,66,66,104,131,146,186,210,19,59,59,158,158,177,192,17,33,47,87,100,140,140,3,3,3,38,51,51,52,52,52,3,44,44],"floor_reached":56,"language":"ENG","playtime":3630,"items_purged":[],"score":2307,"play_id":"d087c25f-f6d6-4ea2-b028-691f49e443a5","local_time":"20210218015726","is_ascension_mode":true,"campfire_choices":[{"data":"Apotheosis","floor":10.0,"key":"SMITH"},{"floor":15.0,"key":"RECALL"},{"floor":24.0,"key":"REST"},{"data":"Panache","floor":32.0,"key":"SMITH"},{"data":"Juggernaut","floor":49.0,"key":"SMITH"},{"data":"Defend_R","floor":52.0,"key":"SMITH"}],"circlet_count":0,"master_deck":["AscendersBane","Strike_R","Strike_R","Strike_R","Strike_R","Strike_R","Defend_R","Defend_R","Defend_R+1","Defend_R","Bash","Dramatic Entrance","Armaments","Apotheosis+1","Havoc","Inflame","Iron Wave","Flex","Anger","Headbutt","Dark Embrace","True Grit","Headbutt","Clash","Impervious","Injury","Flex+1","Warcry+1","Juggernaut+1","Shockwave+1","Perfected Strike+1","Inflame","Secret Weapon+1","Cleave","Dual Wield+1","Havoc+1","Warcry+1","Disarm+1","Seeing Red+1","Dual Wield+1","Panache+1","Ghostly Armor+1","Barricade","Thunderclap","Clothesline","hubris:StunningStrike","Sentinel+1","Thunderclap","Perfected Strike","Shrug It Off+1","Rage+1","Perfected Strike","Juggernaut","Rage+1","Pommel Strike","Warcry+1","Perfected Strike+1"],"relics":["Burning Blood","hubris:DeadTorch","hubris:SlimyHat","Lee\u0027s Waffle","Calipers","Bag of Preparation","Toxic Egg 2","Golden Idol","Eternal Feather","hubris:TinFlute","SacredBark","Red Mask","hubris:MysteriousPyramids","HornCleat","Bag of Marbles","hubris:BlackHole","Pear","Gremlin Horn","hubris:ToyBattleship","hubris:Towel","Bronze Scales","Lantern"],"acts_visited":[],"potions_floor_usage":[55],"damage_taken":[{"damage":2.0,"enemies":"Cultist","floor":1.0,"turns":4.0},{"damage":7.0,"enemies":"Jaw Worm","floor":2.0,"turns":3.0},{"damage":2.0,"enemies":"Small Slimes","floor":3.0,"turns":4.0},{"damage":24.0,"enemies":"Exordium Wildlife","floor":4.0,"turns":5.0},{"damage":0.0,"enemies":"Lots of Slimes","floor":5.0,"turns":1.0},{"damage":10.0,"enemies":"3 Sentries","floor":6.0,"turns":6.0},{"damage":0.0,"enemies":"Looter","floor":7.0,"turns":2.0},{"damage":10.0,"enemies":"Gremlin Nob","floor":8.0,"turns":3.0},{"damage":8.0,"enemies":"Lagavulin","floor":12.0,"turns":5.0},{"damage":6.0,"enemies":"Exordium Wildlife","floor":14.0,"turns":2.0},{"damage":44.0,"enemies":"The Guardian","floor":16.0,"turns":8.0},{"damage":33.0,"enemies":"3 Byrds","floor":18.0,"turns":5.0},{"damage":63.0,"enemies":"Masked Bandits","floor":19.0,"turns":5.0},{"damage":9.0,"enemies":"Chosen","floor":21.0,"turns":5.0},{"damage":28.0,"enemies":"3 Cultists","floor":23.0,"turns":4.0},{"damage":63.0,"enemies":"Book of Stabbing","floor":25.0,"turns":7.0},{"damage":0.0,"enemies":"Centurion and Healer","floor":27.0,"turns":2.0},{"damage":0.0,"enemies":"Gremlin Leader","floor":28.0,"turns":3.0},{"damage":0.0,"enemies":"Shelled Parasite and Fungi","floor":29.0,"turns":4.0},{"damage":4.0,"enemies":"Slavers","floor":31.0,"turns":2.0},{"damage":49.0,"enemies":"hubris:MusketHawk","floor":33.0,"turns":9.0},{"damage":0.0,"enemies":"3 Shapes","floor":35.0,"turns":1.0},{"damage":0.0,"enemies":"3 Darklings","floor":36.0,"turns":2.0},{"damage":0.0,"enemies":"Sphere and 2 Shapes","floor":38.0,"turns":1.0},{"damage":0.0,"enemies":"4 Shapes","floor":39.0,"turns":3.0},{"damage":0.0,"enemies":"Nemesis","floor":40.0,"turns":5.0},{"damage":0.0,"enemies":"Jaw Worm Horde","floor":41.0,"turns":1.0},{"damage":1.0,"enemies":"Giant Head","floor":42.0,"turns":6.0},{"damage":0.0,"enemies":"Reptomancer","floor":47.0,"turns":1.0},{"damage":0.0,"enemies":"Writhing Mass","floor":48.0,"turns":2.0},{"damage":0.0,"enemies":"Awakened One","floor":50.0,"turns":5.0},{"damage":0.0,"enemies":"Shield and Spear","floor":54.0,"turns":1.0},{"damage":494,"enemies":"The Heart","floor":55,"turns":14}],"seed_played":"-2078180928747325556","potions_obtained":[{"floor":4.0,"key":"GamblersBrew"},{"floor":5.0,"key":"PowerPotion"},{"floor":6.0,"key":"BlessingOfTheForge"},{"floor":8.0,"key":"Block Potion"},{"floor":12.0,"key":"BloodPotion"},{"floor":14.0,"key":"PowerPotion"},{"floor":19.0,"key":"Swift Potion"},{"floor":25.0,"key":"Strength Potion"},{"floor":28.0,"key":"Swift Potion"},{"floor":29.0,"key":"SneckoOil"},{"floor":31.0,"key":"FairyPotion"},{"floor":35.0,"key":"Strength Potion"}],"is_trial":false,"path_per_floor":["M","M","M","M","M","E","M","E","T","R","?","E","T","M","R","B",null,"M","?","$","M","?","M","R","E","T","M","E","M","$","E","R","B",null,"M","M","$","M","M","E","M","E","T","$","?","$","E","M","R","B",null,"R","$","E","B",null],"character_chosen":"IRONCLAD","items_purchased":["Apotheosis","hubris:SlimyHat","Lee\u0027s Waffle","Havoc","Inflame","Iron Wave","Inflame","Secret Weapon+1","Regen Potion","Cleave","Panache","hubris:StunningStrike","Sentinel+1","Juggernaut","Warcry+1"],"campfire_rested":1,"item_purchase_floors":[0,0,0,0,0,0,20,20,20,20,30,37,37,44,53],"current_hp_per_floor":[91,94,99,86,93,108,116,114,114,114,114,118,118,119,134,132,140,117,67,67,105,105,88,158,112,112,123,133,146,146,153,177,141,189,205,224,224,235,249,285,293,331,331,331,331,331,341,354,354,401,401,401,401,424,295],"gold":44,"neow_bonus":"","is_daily":false,"chose_seed":false,"campfire_upgraded":4,"win_rate":0.0,"timestamp":1613613446,"path_taken":["M","M","M","M","M","E","M","E","T","R","?","E","?","M","R","BOSS","M","?","$","M","?","M","R","E","T","M","E","M","?","E","R","BOSS","M","M","$","M","M","E","M","E","T","?","?","?","E","M","R","BOSS","R","$","E","BOSS"],"items_purchased_type":["Card","Relic","Relic","Card","Card","Card","Card","Card","Potion","Card","Card","Card","Card","Card","Card"],"build_version":"2020-12-22","purchased_purges":0,"victory":true,"max_hp_per_floor":[91,95,99,104,105,124,126,128,128,128,128,134,134,135,135,143,143,147,154,154,161,161,166,166,177,177,182,186,193,193,198,198,205,205,215,228,228,235,249,285,293,331,331,331,331,331,341,354,354,401,401,401,401,424,483],"card_choices":[{"not_picked":["Dropkick","Evolve"],"picked":"Flex","floor":1.0},{"not_picked":["Uppercut","Twin Strike"],"picked":"Anger","floor":2.0},{"not_picked":["Fire Breathing","Combust"],"picked":"Headbutt","floor":3.0},{"not_picked":["Clash","Bloodletting"],"picked":"Dark Embrace","floor":4.0},{"not_picked":["Armaments","Sword Boomerang"],"picked":"True Grit","floor":5.0},{"not_picked":["Hemokinesis","Warcry"],"picked":"Headbutt","floor":6.0},{"not_picked":["Searing Blow","Iron Wave"],"picked":"Clash","floor":7.0},{"not_picked":["Rupture","Wild Strike"],"picked":"Impervious","floor":8.0},{"not_picked":["Sword Boomerang","Heavy Blade"],"picked":"Flex+1","floor":12.0},{"not_picked":["Pommel Strike","Power Through+1"],"picked":"Warcry+1","floor":14.0},{"not_picked":["Berserk","Impervious+1"],"picked":"Juggernaut","floor":16.0},{"not_picked":["Thunderclap+1","Armaments+1"],"picked":"Shockwave+1","floor":18.0},{"not_picked":["Wild Strike","True Grit+1"],"picked":"Perfected Strike+1","floor":19.0},{"not_picked":["Headbutt","Clothesline"],"picked":"Dual Wield+1","floor":21.0},{"not_picked":["Perfected Strike","Pommel Strike"],"picked":"Havoc+1","floor":23.0},{"not_picked":["Body Slam","Burning Pact+1"],"picked":"Warcry+1","floor":25.0},{"not_picked":["Uppercut","Armaments+1"],"picked":"Disarm+1","floor":27.0},{"not_picked":["Reckless Charge","Spot Weakness+1"],"picked":"Seeing Red+1","floor":28.0},{"not_picked":["Wild Strike","Inflame"],"picked":"Dual Wield+1","floor":29.0},{"not_picked":["Feed","Clothesline"],"picked":"Ghostly Armor+1","floor":31.0},{"not_picked":["Offering+1","Bludgeon"],"picked":"Barricade","floor":33.0},{"not_picked":["Fire Breathing","Spot Weakness+1"],"picked":"Thunderclap","floor":35.0},{"not_picked":["Anger","Iron Wave"],"picked":"Clothesline","floor":36.0},{"not_picked":["Twin Strike","Rampage"],"picked":"Thunderclap","floor":38.0},{"not_picked":["True Grit+1","Armaments+1"],"picked":"Perfected Strike","floor":39.0},{"not_picked":["Dual Wield+1","Power Through+1"],"picked":"Shrug It Off+1","floor":40.0},{"not_picked":["Havoc+1","Sword Boomerang"],"picked":"Rage+1","floor":41.0},{"not_picked":["Rampage","Disarm+1"],"picked":"Perfected Strike","floor":42.0},{"not_picked":["Perfected Strike","Corruption"],"picked":"Rage+1","floor":47.0},{"not_picked":["Wild Strike+1","Warcry+1"],"picked":"Pommel Strike","floor":48.0},{"not_picked":["Flex+1","Shrug It Off+1"],"picked":"Perfected Strike+1","floor":54.0}],"player_experience":746728,"relics_obtained":[{"floor":6.0,"key":"Calipers"},{"floor":8.0,"key":"Bag of Preparation"},{"floor":9.0,"key":"Toxic Egg 2"},{"floor":12.0,"key":"Eternal Feather"},{"floor":13.0,"key":"hubris:TinFlute"},{"floor":19.0,"key":"Red Mask"},{"floor":25.0,"key":"hubris:MysteriousPyramids"},{"floor":28.0,"key":"HornCleat"},{"floor":31.0,"key":"Bag of Marbles"},{"floor":40.0,"key":"Pear"},{"floor":42.0,"key":"Gremlin Horn"},{"floor":43.0,"key":"hubris:ToyBattleship"},{"floor":47.0,"key":"Bronze Scales"},{"floor":54.0,"key":"Lantern"}],"event_choices":[{"damage_healed":0.0,"max_hp_gain":0.0,"max_hp_loss":0.0,"gold_gain":0.0,"event_name":"Golden Idol","player_choice":"Take Wound","floor":11.0,"gold_loss":0.0,"damage_taken":0.0,"relics_obtained":["Golden Idol"],"cards_obtained":["Injury"]},{"damage_healed":0.0,"max_hp_gain":0.0,"max_hp_loss":0.0,"gold_gain":0.0,"event_name":"Masked Bandits","player_choice":"Fought Bandits","floor":19.0,"gold_loss":0.0,"damage_taken":0.0},{"damage_healed":0.0,"max_hp_gain":0.0,"max_hp_loss":0.0,"gold_gain":0.0,"event_name":"Vampires","player_choice":"Ignored","floor":22.0,"gold_loss":0.0,"damage_taken":0.0}],"is_beta":false,"boss_relics":[{"not_picked":["hubris:ScarierMask","hubris:CrackedHourglass"],"picked":"SacredBark"},{"not_picked":["Coffee Dripper","Runic Cube"],"picked":"hubris:BlackHole"}],"items_purged_floors":[],"is_endless":false,"potions_floor_spawned":[4,5,6,8,12,14,19,25,28,29,31,35,39,42],"ascension_level":13}}