{"host":"w4b7hmige5bnqipq","time":1613673808,"event":{"mods":["2.2 Compatiblity","BaseMod","Colored Map","DeckTracker","Keyboard Shortcuts","Minty Spire (QoL Compilation)","Permanent Neow","Rare Cards Sparkle","SuperFastMode","everything is the same but u backflip on backflip","slay the spire mod where everything is the same but ironclad has a cowboy hat"],"gold_per_floor":[117,167,5,21,21,21,48,48,72,99,130,146,71,102,102,102,102],"floor_reached":16,"language":"KOR","playtime":333,"items_purged":["Strike_G"],"score":232,"play_id":"787ec51b-3c1d-44f2-a637-4b13bbe75e3a","local_time":"20210219024328","is_ascension_mode":true,"campfire_choices":[{"data":"Crippling Poison","floor":6,"key":"SMITH"},{"data":"Bouncing Flask","floor":8,"key":"SMITH"},{"floor":15,"key":"REST"}],"circlet_count":0,"master_deck":["AscendersBane","Strike_G","Strike_G","Strike_G","Strike_G","Defend_G","Defend_G","Defend_G","Defend_G","Defend_G","Survivor","Neutralize","After Image","Crippling Poison+1","Deadly Poison","Bouncing Flask+1","Reflex","Tactician"],"relics":["Ring of the Snake","TwistedFunnel","Gremlin Horn","Akabeko","Bag of Marbles","Tiny Chest","Potion Belt"],"acts_visited":["Exordium"],"potions_floor_usage":[7,14],"damage_taken":[{"damage":0.0,"enemies":"Cultist","floor":1.0,"turns":5.0},{"damage":0,"enemies":"Jaw Worm","floor":4,"turns":5},{"damage":21,"enemies":"Gremlin Nob","floor":7,"turns":4},{"damage":6,"enemies":"3 Sentries","floor":11,"turns":7},{"damage":0,"enemies":"2 Louse","floor":12,"turns":2},{"damage":12,"enemies":"Lagavulin","floor":14,"turns":5},{"damage":27,"enemies":"Slime Boss","floor":16,"turns":8}],"seed_played":"-1050010012869415978","potions_obtained":[{"floor":1.0,"key":"Poison Potion"},{"floor":7,"key":"Poison Potion"},{"floor":11,"key":"Ancient Potion"}],"is_trial":false,"path_per_floor":["M","?","$","M","$","R","E","R","T","T","E","M","$","E","R","B"],"character_chosen":"THE_SILENT","items_purchased":["TwistedFunnel"],"campfire_rested":1,"item_purchase_floors":[3],"current_hp_per_floor":[59,53,53,53,53,53,32,32,32,32,26,26,26,14,32,5,5],"gold":102,"neow_bonus":"THREE_RARE_CARDS","is_daily":false,"chose_seed":false,"campfire_upgraded":2,"win_rate":0.0,"timestamp":1613673808,"path_taken":["M","?","$","?","?","R","E","R","T","?","E","?","$","E","R","BOSS"],"items_purchased_type":["Relic"],"build_version":"2020-12-22","purchased_purges":1,"victory":false,"max_hp_per_floor":[60,60,60,60,60,60,60,60,60,60,60,60,60,60,60,60,60],"card_choices":[{"not_picked":["Storm of Steel","Doppelganger"],"picked":"After Image","floor":0.0},{"not_picked":["Heel Hook","Well Laid Plans"],"picked":"Crippling Poison","floor":1.0},{"not_picked":["Bane","Crippling Poison"],"picked":"Deadly Poison","floor":4},{"not_picked":["Deflect","Prepared"],"picked":"Bouncing Flask","floor":7},{"not_picked":["Blade Dance","Deadly Poison"],"picked":"Reflex","floor":11},{"not_picked":["Quick Slash","Cloak And Dagger","Outmaneuver"],"picked":"SKIP","floor":12},{"not_picked":["Caltrops","Deflect"],"picked":"Tactician","floor":14}],"player_experience":779639,"relics_obtained":[{"floor":7,"key":"Gremlin Horn"},{"floor":9,"key":"Akabeko"},{"floor":10,"key":"Bag of Marbles"},{"floor":11,"key":"Tiny Chest"},{"floor":14,"key":"Potion Belt"}],"event_choices":[{"damage_healed":0,"gold_gain":50,"player_choice":"Touch","damage_taken":6,"max_hp_gain":0,"max_hp_loss":0,"event_name":"FaceTrader","floor":2,"gold_loss":0}],"is_beta":false,"boss_relics":[],"items_purged_floors":[13],"is_endless":false,"potions_floor_spawned":[1,7,11],"killed_by":"Slime Boss","ascension_level":20}}