{"host":"8rqsnaeml9gxb0kp","time":1613684350,"event":{"mods":["AchievementEnabler","BaseMod","Colored Powertips","Dark Map","Minty Spire (QoL Compilation)","Rare Cards Sparkle","Relic Stats","StSLib","slay the spire mod where everything is the same but ironclad has a cowboy hat"],"gold_per_floor":[110,121,196,211,231,231,249,249,296,296,349,349,360,375,375,471,471,490,509,509,520,534,534,554,554,554,328,328,338,358,368,368,471,471,488,488,513,513,528,528,443,443,443,443,459,459,472,472,472,472,472],"floor_reached":50,"language":"ENG","playtime":2079,"items_purged":[],"score":438,"play_id":"ad3cc961-4733-4470-a406-4f698150c442","local_time":"20210218133910","is_ascension_mode":false,"campfire_choices":[{"data":"True Grit","floor":6.0,"key":"SMITH"},{"data":"Flame Barrier","floor":12.0,"key":"SMITH"},{"data":"Clothesline","floor":15.0,"key":"SMITH"},{"floor":23.0,"key":"REST"},{"floor":25.0,"key":"REST"},{"data":"Sentinel","floor":28.0,"key":"SMITH"},{"floor":32.0,"key":"REST"},{"floor":40.0,"key":"REST"},{"data":"Offering","floor":42.0,"key":"SMITH"},{"floor":49.0,"key":"REST"}],"circlet_count":0,"master_deck":["Strike_R","Strike_R","Strike_R","Strike_R","Defend_R","Defend_R","Defend_R","Defend_R","Bash","Demon Form","True Grit+1","Anger","Flame Barrier+1","Anger","Clothesline+1","Twin Strike","Feed","Dark Embrace","Clothesline+1","Seeing Red+1","Sentinel+1","Ghostly Armor","Inflame","Disarm+1","Pummel+1","Sentinel","Offering+1","Pummel","Spot Weakness+1","Sword Boomerang","Dual Wield","Pommel Strike+1","Armaments+1","Jack Of All Trades"],"relics":["Burning Blood"],"acts_visited":["Exordium","TheCity","TheBeyond"],"potions_floor_usage":[50],"damage_taken":[{"damage":0.0,"enemies":"Small Slimes","floor":1.0,"turns":3.0},{"damage":0.0,"enemies":"2 Louse","floor":2.0,"turns":2.0},{"damage":11.0,"enemies":"Jaw Worm","floor":4.0,"turns":3.0},{"damage":0.0,"enemies":"Large Slime","floor":5.0,"turns":6.0},{"damage":2.0,"enemies":"Lots of Slimes","floor":7.0,"turns":4.0},{"damage":11.0,"enemies":"Exordium Thugs","floor":13.0,"turns":5.0},{"damage":0.0,"enemies":"Exordium Wildlife","floor":14.0,"turns":3.0},{"damage":27.0,"enemies":"Hexaghost","floor":16.0,"turns":9.0},{"damage":29.0,"enemies":"Shell Parasite","floor":18.0,"turns":6.0},{"damage":9.0,"enemies":"3 Byrds","floor":19.0,"turns":5.0},{"damage":1.0,"enemies":"Centurion and Healer","floor":21.0,"turns":9.0},{"damage":33.0,"enemies":"Snake Plant","floor":22.0,"turns":5.0},{"damage":33.0,"enemies":"Shelled Parasite and Fungi","floor":24.0,"turns":8.0},{"damage":23.0,"enemies":"Snecko","floor":29.0,"turns":5.0},{"damage":16.0,"enemies":"Snake Plant","floor":30.0,"turns":6.0},{"damage":10.0,"enemies":"Cultist and Chosen","floor":31.0,"turns":8.0},{"damage":111.0,"enemies":"Automaton","floor":33.0,"turns":11.0},{"damage":54.0,"enemies":"3 Shapes","floor":35.0,"turns":11.0},{"damage":39.0,"enemies":"Orb Walker","floor":39.0,"turns":7.0},{"damage":33.0,"enemies":"4 Shapes","floor":45.0,"turns":6.0},{"damage":49.0,"enemies":"Jaw Worm Horde","floor":47.0,"turns":5.0},{"damage":76,"enemies":"Awakened One","floor":50,"turns":6}],"seed_played":"-2834022061525845527","potions_obtained":[{"floor":1.0,"key":"SteroidPotion"},{"floor":4.0,"key":"Block Potion"},{"floor":7.0,"key":"EntropicBrew"},{"floor":13.0,"key":"BloodPotion"},{"floor":19.0,"key":"DistilledChaos"},{"floor":21.0,"key":"LiquidBronze"},{"floor":33.0,"key":"GamblersBrew"},{"floor":35.0,"key":"Regen Potion"},{"floor":39.0,"key":"DistilledChaos"},{"floor":47.0,"key":"Weak Potion"}],"is_trial":false,"path_per_floor":["M","M","?","M","M","R","M","?","T","?","T","R","M","M","R","B",null,"M","M","?","M","M","R","M","R","T","$","R","M","M","M","R","B",null,"M","?","T","$","M","R","$","R","T","?","M","?","M","?","R","B"],"character_chosen":"IRONCLAD","items_purchased":["Ghostly Armor","Inflame","GamblersBrew","Sword Boomerang","Dual Wield"],"campfire_rested":5,"item_purchase_floors":[27,27,27,41,41],"current_hp_per_floor":[80,80,69,64,70,70,74,74,74,79,79,79,74,80,80,59,85,62,59,53,61,34,60,36,63,63,63,63,46,36,35,63,18,94,49,49,49,49,31,60,60,60,60,60,33,85,45,45,71,0,0],"gold":472,"neow_bonus":"ONE_RANDOM_RARE_CARD","is_daily":false,"chose_seed":false,"campfire_upgraded":5,"win_rate":0.0,"timestamp":1613684350,"path_taken":["M","M","?","M","M","R","M","?","T","?","?","R","M","?","R","BOSS","M","M","?","M","M","R","M","R","T","$","R","M","?","M","R","BOSS","M","?","?","$","?","R","$","R","T","?","M","?","M","?","R","BOSS"],"items_purchased_type":["Card","Card","Potion","Card","Card"],"build_version":"2020-12-22","purchased_purges":0,"victory":false,"max_hp_per_floor":[80,80,80,80,80,80,80,80,80,85,85,85,85,85,85,85,85,85,85,85,88,88,88,91,91,91,91,91,91,91,94,94,94,94,97,97,97,97,97,97,97,97,97,97,97,85,88,88,88,91,91],"relic_stats":{"counters":[22,133],"obtain_stats":[{"Burning Blood":0},{"Burning Blood":0},{"Burning Blood":0}],"Burning Blood":114},"card_choices":[{"not_picked":["Dual Wield","Searing Blow"],"picked":"True Grit","floor":1.0},{"not_picked":["Searing Blow","Power Through"],"picked":"Anger","floor":2.0},{"not_picked":["Heavy Blade","Iron Wave"],"picked":"Flame Barrier","floor":4.0},{"not_picked":["Carnage","Havoc"],"picked":"Anger","floor":5.0},{"not_picked":["True Grit","Body Slam"],"picked":"Clothesline","floor":7.0},{"not_picked":["Pommel Strike","Havoc"],"picked":"Twin Strike","floor":13.0},{"not_picked":["Entrench","Thunderclap","Havoc"],"picked":"SKIP","floor":14.0},{"not_picked":["Bludgeon","Brutality"],"picked":"Feed","floor":16.0},{"not_picked":["Rupture+1","Rampage+1"],"picked":"Dark Embrace","floor":18.0},{"not_picked":["Combust","Clash"],"picked":"Clothesline+1","floor":19.0},{"not_picked":["Anger+1","Pommel Strike"],"picked":"Seeing Red+1","floor":21.0},{"not_picked":["Armaments","Clothesline+1","Anger"],"picked":"SKIP","floor":22.0},{"not_picked":["Cleave","Shrug It Off"],"picked":"Sentinel","floor":24.0},{"not_picked":["Blood for Blood","Twin Strike"],"picked":"Disarm+1","floor":29.0},{"not_picked":["Dual Wield","Shrug It Off"],"picked":"Pummel+1","floor":30.0},{"not_picked":["Body Slam","Cleave"],"picked":"Sentinel","floor":31.0},{"not_picked":["Limit Break","Exhume"],"picked":"Offering","floor":33.0},{"not_picked":["Iron Wave+1","Blood for Blood"],"picked":"Pummel","floor":35.0},{"not_picked":["Sword Boomerang","Rupture+1"],"picked":"Spot Weakness+1","floor":39.0},{"not_picked":["Whirlwind","Warcry+1"],"picked":"Pommel Strike+1","floor":45.0},{"not_picked":["Thunderclap","Pommel Strike"],"picked":"Armaments+1","floor":47.0},{"not_picked":["Panacea","Purity"],"picked":"Jack Of All Trades","floor":48.0}],"player_experience":283124,"relics_obtained":[],"event_choices":[{"damage_healed":0.0,"max_hp_gain":0.0,"max_hp_loss":0.0,"gold_gain":75.0,"event_name":"World of Goop","player_choice":"Gather Gold","floor":3.0,"gold_loss":0.0,"damage_taken":11.0},{"damage_healed":0.0,"max_hp_gain":0.0,"max_hp_loss":0.0,"gold_gain":0.0,"cards_transformed":["Strike_R"],"event_name":"Living Wall","player_choice":"Change","floor":8.0,"gold_loss":0.0,"damage_taken":0.0,"cards_obtained":["Bludgeon"]},{"damage_healed":0.0,"max_hp_gain":5.0,"max_hp_loss":0.0,"gold_gain":0.0,"event_name":"Big Fish","player_choice":"Donut","floor":10.0,"gold_loss":0.0,"damage_taken":0.0},{"damage_healed":0.0,"max_hp_gain":0.0,"max_hp_loss":0.0,"gold_gain":0.0,"event_name":"Knowing Skull","player_choice":"","floor":20.0,"potions_obtained":[],"gold_loss":0.0,"damage_taken":6.0,"cards_obtained":[]},{"damage_healed":0.0,"max_hp_gain":0.0,"max_hp_loss":0.0,"gold_gain":0.0,"event_name":"Tomb of Lord Red Mask","player_choice":"Ignored","floor":36.0,"gold_loss":0.0,"damage_taken":0.0},{"cards_removed":["Bludgeon"],"damage_healed":0.0,"max_hp_gain":0.0,"max_hp_loss":0.0,"gold_gain":0.0,"event_name":"Falling","player_choice":"Removed Attack","floor":44.0,"gold_loss":0.0,"damage_taken":0.0},{"damage_healed":85.0,"max_hp_gain":0.0,"max_hp_loss":12.0,"gold_gain":0.0,"event_name":"The Moai Head","player_choice":"Heal","floor":46.0,"gold_loss":0.0,"damage_taken":0.0},{"damage_healed":0.0,"max_hp_gain":0.0,"max_hp_loss":0.0,"gold_gain":0.0,"event_name":"SensoryStone","player_choice":"Memory 1","floor":48.0,"gold_loss":0.0,"damage_taken":0.0}],"is_beta":false,"boss_relics":[{"not_picked":["Pandora\u0027s Box","Sozu","Ectoplasm"]},{"not_picked":["Empty Cage","Calling Bell","Coffee Dripper"]}],"items_purged_floors":[],"is_endless":false,"potions_floor_spawned":[1,4,7,13,19,21,29,33,35,39,47],"killed_by":"Awakened One","ascension_level":0}}