{"host":"ufhw4cf0hh51lveu","time":1613650110,"event":{"mods":["BaseMod","DeckTracker","Lobotomy","Minty Spire (QoL Compilation)","SuperFastMode"],"gold_per_floor":[116,116,131,144,144,144,160,160,160,160,85,85,85,101,101,101,101],"floor_reached":16,"language":"KOR","playtime":339,"items_purged":["Injury"],"score":90,"play_id":"ca095a06-c0c2-43c5-bf90-2b8fd8c27343","local_time":"20210218210830","is_ascension_mode":false,"campfire_choices":[{"floor":6,"key":"REST"}],"circlet_count":0,"master_deck":["SpecialBullet","SpecialBullet","SpecialBullet","SpecialBullet","SpecialBullet","SpecialBullet","SpecialBullet","SpecialBullet","InformationCode","TrainingCode","SecurityCode","MeatLantern","CherryBlossoms","WristCuter","Horn","OSAHOGD","Penitence","Lamp"],"relics":["CogitoBucket","Golden Idol","Shovel"],"acts_visited":["Exordium"],"potions_floor_usage":[16],"damage_taken":[{"damage":0,"enemies":"2 Louse","floor":1,"turns":2},{"damage":6,"enemies":"Jaw Worm","floor":3,"turns":2},{"damage":50,"enemies":"Small Slimes","floor":4,"turns":2},{"damage":10,"enemies":"Looter","floor":7,"turns":3},{"damage":0,"enemies":"3 Louse","floor":14,"turns":3},{"damage":86,"enemies":"Hexaghost","floor":16,"turns":5}],"seed_played":"6970417580298952762","potions_obtained":[{"floor":14,"key":"DistilledChaos"}],"is_trial":false,"path_per_floor":["M","?","M","M","?","R","M","R","T","R","$","R","?","M","R","B"],"character_chosen":"Angela","items_purchased":[],"campfire_rested":1,"item_purchase_floors":[],"current_hp_per_floor":[77,77,77,35,35,58,59,59,59,59,59,59,59,70,70,0,0],"gold":101,"neow_bonus":"TEN_PERCENT_HP_BONUS","is_daily":false,"chose_seed":false,"campfire_upgraded":0,"win_rate":0.0,"timestamp":1613650110,"path_taken":["M","?","M","M","?","R","M","R","T","R","?","R","?","M","R","BOSS"],"items_purchased_type":[],"build_version":"2020-12-22","purchased_purges":1,"victory":false,"max_hp_per_floor":[77,77,77,77,77,77,77,77,77,77,77,77,77,77,77,77,77],"card_choices":[{"not_picked":["Murderer","SpiderBud"],"picked":"MeatLantern","floor":1},{"not_picked":["FourthMatchFlame","MagicBullet"],"picked":"SKIP","floor":1},{"not_picked":["FairyFestival","OldLady"],"picked":"CherryBlossoms","floor":3},{"not_picked":["CherryBlossom"],"picked":"WristCuter","floor":3},{"not_picked":["Tough"],"picked":"Horn","floor":4},{"not_picked":["SpiderBud","Variant"],"picked":"OSAHOGD","floor":7},{"not_picked":["GoldRush"],"picked":"Penitence","floor":7},{"not_picked":["Lantern"],"picked":"Lamp","floor":14}],"player_experience":56308,"relics_obtained":[{"floor":9,"key":"Shovel"}],"event_choices":[{"damage_healed":0,"gold_gain":0,"player_choice":"Take Wound","damage_taken":0,"relics_obtained":["Golden Idol"],"max_hp_gain":0,"max_hp_loss":0,"event_name":"Golden Idol","floor":2,"gold_loss":0,"cards_obtained":["Injury"]},{"damage_healed":0,"gold_gain":0,"player_choice":"Ignored","damage_taken":0,"max_hp_gain":0,"max_hp_loss":0,"event_name":"Liars Game","floor":5,"gold_loss":0},{"damage_healed":0,"gold_gain":0,"player_choice":"Ignored","damage_taken":0,"max_hp_gain":0,"max_hp_loss":0,"event_name":"Golden Wing","floor":13,"gold_loss":0}],"is_beta":false,"boss_relics":[],"items_purged_floors":[11],"is_endless":false,"potions_floor_spawned":[14],"killed_by":"Hexaghost","ascension_level":0}}