{"host":"y080dcqw8fj32q7d","time":1613662937,"event":{"mods":["AchievementEnabler","BaseMod","Colored Map","Colored Powertips","DeckTracker","Minty Spire (QoL Compilation)","Relic Sorter"],"gold_per_floor":[112,126,301,318,51,86,86,86,86,36,46,73,26,37,37,142,142,157,172,191,191,2,37,37,55,55,89,102,128,57,57,57,153,153,164,164,177,189,14,14,14],"floor_reached":40,"language":"ENG","playtime":2596,"items_purged":["Doubt","Strike_R","Dual Wield"],"score":479,"play_id":"003bc7bd-fcdc-4d83-817d-2236419eae55","local_time":"20210218184217","is_ascension_mode":true,"campfire_choices":[{"data":"Immolate","floor":8,"key":"SMITH"},{"floor":15,"key":"RECALL"},{"data":"Double Tap","floor":24,"key":"SMITH"},{"floor":32,"key":"REST"}],"circlet_count":0,"master_deck":["Bash","Clumsy","Immolate+1","Second Wind","Twin Strike","Rampage","Bandage Up","Cleave","Fire Breathing","Bludgeon","Cleave","Double Tap+1","Power Through+1","Immolate","Bandage Up","Cleave+1","Twin Strike+1","Blood for Blood+1","Metallicize","Havoc","Reaper+1","Discovery","Reaper+1","Reckless Charge+1","Demon Form","Bloodletting","Twin Strike+1","Fiend Fire+1","Immolate+1","Madness","Madness","Blood for Blood+1","Armaments"],"relics":["Burning Blood","Paper Frog","Omamori","Bag of Marbles","Calling Bell","Vajra","Blue Candle","Incense Burner","Molten Egg 2","StoneCalendar","HornCleat","Boot","Turnip","Pandora\u0027s Box"],"acts_visited":["Exordium","TheCity","TheBeyond"],"potions_floor_usage":[6,16,18,23,28,28,28,29,37],"damage_taken":[{"damage":1,"enemies":"Cultist","floor":1,"turns":3},{"damage":2,"enemies":"2 Louse","floor":2,"turns":2},{"damage":9,"enemies":"Jaw Worm","floor":4,"turns":4},{"damage":37,"enemies":"Gremlin Nob","floor":6,"turns":6},{"damage":7,"enemies":"Blue Slaver","floor":11,"turns":2},{"damage":17,"enemies":"3 Sentries","floor":12,"turns":4},{"damage":0,"enemies":"Exordium Wildlife","floor":14,"turns":1},{"damage":15,"enemies":"Slime Boss","floor":16,"turns":6},{"damage":33,"enemies":"3 Byrds","floor":18,"turns":4},{"damage":16,"enemies":"2 Thieves","floor":19,"turns":3},{"damage":5,"enemies":"Cultist and Chosen","floor":20,"turns":5},{"damage":40,"enemies":"Slavers","floor":23,"turns":4},{"damage":1,"enemies":"Snecko","floor":25,"turns":3},{"damage":13,"enemies":"Gremlin Leader","floor":27,"turns":5},{"damage":8,"enemies":"Snake Plant","floor":28,"turns":2},{"damage":3,"enemies":"Slavers","floor":29,"turns":2},{"damage":52,"enemies":"Collector","floor":33,"turns":10},{"damage":18,"enemies":"3 Darklings","floor":35,"turns":4},{"damage":23,"enemies":"Orb Walker","floor":37,"turns":4},{"damage":18,"enemies":"3 Darklings","floor":38,"turns":4},{"damage":115,"enemies":"Giant Head","floor":40,"turns":8}],"seed_played":"-6746401749276964870","potions_obtained":[{"floor":1,"key":"BlessingOfTheForge"},{"floor":2,"key":"Block Potion"},{"floor":6,"key":"AttackPotion"},{"floor":16,"key":"AttackPotion"},{"floor":19,"key":"EssenceOfSteel"},{"floor":23,"key":"SpeedPotion"},{"floor":27,"key":"LiquidBronze"},{"floor":28,"key":"DistilledChaos"},{"floor":35,"key":"GamblersBrew"}],"is_trial":false,"path_per_floor":["M","M","?","M","$","E","T","R","T","?","M","E","$","M","R","B",null,"M","M","M","?","$","E","R","M","T","E","M","E","$","?","R","B",null,"M","?","M","M","$","E"],"character_chosen":"IRONCLAD","items_purchased":["Bandage Up","Cleave","Fire Breathing","Cleave","Bandage Up","Metallicize","Armaments"],"campfire_rested":1,"item_purchase_floors":[5,5,5,13,22,30,39],"current_hp_per_floor":[80,80,80,77,77,50,50,50,50,50,49,42,42,48,48,43,80,57,51,56,56,56,26,26,31,31,32,34,37,37,37,61,42,80,72,62,63,73,73,0,0],"gold":14,"neow_bonus":"THREE_RARE_CARDS","is_daily":false,"chose_seed":false,"campfire_upgraded":2,"win_rate":0.0,"timestamp":1613662937,"path_taken":["M","?","?","M","$","E","?","R","T","?","M","E","$","M","R","BOSS","M","M","M","?","$","E","R","M","T","E","M","E","$","?","R","BOSS","M","?","M","M","$","E"],"items_purchased_type":["Card","Card","Card","Card","Card","Card","Card"],"build_version":"2020-12-22","purchased_purges":3,"victory":false,"max_hp_per_floor":[80,80,80,80,80,80,80,80,80,80,80,80,80,80,80,80,80,80,80,80,80,80,80,80,80,80,80,80,80,80,80,80,80,80,80,80,80,80,80,80,80],"card_choices":[{"not_picked":["Fiend Fire","Offering"],"picked":"Immolate","floor":0},{"not_picked":["Hemokinesis","Clothesline"],"picked":"Second Wind","floor":1},{"not_picked":["Havoc","Dark Embrace"],"picked":"Twin Strike","floor":2},{"not_picked":["Searing Blow","Anger"],"picked":"Rampage","floor":4},{"not_picked":["Dual Wield","True Grit"],"picked":"Bludgeon","floor":6},{"not_picked":["Sentinel","Wild Strike","Bloodletting"],"picked":"SKIP","floor":11},{"not_picked":["Dual Wield","Rupture","Warcry"],"picked":"SKIP","floor":12},{"not_picked":["Disarm","Whirlwind","Anger"],"picked":"SKIP","floor":14},{"not_picked":["Exhume","Limit Break"],"picked":"Double Tap","floor":16},{"not_picked":["Perfected Strike+1","Wild Strike+1","True Grit"],"picked":"SKIP","floor":18},{"not_picked":["Cleave+1","Hemokinesis"],"picked":"Power Through+1","floor":19},{"not_picked":["Flex+1","Havoc"],"picked":"Immolate","floor":20},{"not_picked":["Pummel+1","Intimidate","Carnage+1"],"picked":"SKIP","floor":23},{"not_picked":["Thunderclap+1","Warcry"],"picked":"Cleave+1","floor":25},{"not_picked":["Clash+1","Sword Boomerang+1","Clothesline+1"],"picked":"SKIP","floor":27},{"not_picked":["Flex","Clash+1"],"picked":"Twin Strike+1","floor":28},{"not_picked":["Rupture","Flex+1"],"picked":"Blood for Blood+1","floor":29},{"not_picked":["Impervious","Fiend Fire+1"],"picked":"Reaper+1","floor":33},{"not_picked":["Anger+1","Dark Embrace+1","Clothesline+1"],"picked":"SKIP","floor":35},{"not_picked":["Pommel Strike+1","Brutality","Havoc+1"],"picked":"SKIP","floor":37},{"not_picked":["Havoc+1","Dropkick+1"],"picked":"Blood for Blood+1","floor":38}],"player_experience":329303,"relics_obtained":[{"floor":6,"key":"Paper Frog"},{"floor":7,"key":"Omamori"},{"floor":12,"key":"Bag of Marbles"},{"floor":17,"key":"Vajra"},{"floor":17,"key":"Blue Candle"},{"floor":17,"key":"Incense Burner"},{"floor":23,"key":"StoneCalendar"},{"floor":26,"key":"HornCleat"},{"floor":27,"key":"Boot"},{"floor":29,"key":"Turnip"}],"event_choices":[{"damage_healed":0,"gold_gain":175,"player_choice":"AGREE","damage_taken":0,"max_hp_gain":0,"max_hp_loss":0,"event_name":"Liars Game","floor":3,"gold_loss":0,"cards_obtained":["Doubt"]},{"cards_removed":["Strike_R"],"damage_healed":0,"gold_gain":0,"player_choice":"Card Removal","damage_taken":0,"max_hp_gain":0,"max_hp_loss":0,"event_name":"The Cleric","floor":10,"gold_loss":50},{"damage_healed":0,"gold_gain":0,"player_choice":"Stole Relic","damage_taken":0,"relics_obtained":["Molten Egg 2"],"max_hp_gain":0,"max_hp_loss":0,"event_name":"Addict","floor":21,"gold_loss":0,"cards_obtained":["Shame"]},{"damage_healed":0,"gold_gain":0,"player_choice":"3 cards matched","damage_taken":0,"max_hp_gain":0,"max_hp_loss":0,"event_name":"Match and Keep!","floor":31,"gold_loss":0,"cards_obtained":["Havoc","Reaper","Discovery"]},{"damage_healed":0,"gold_gain":0,"player_choice":"Embrace Madness","damage_taken":10,"max_hp_gain":0,"max_hp_loss":0,"event_name":"Winding Halls","floor":36,"gold_loss":0,"cards_obtained":["Madness","Madness"]}],"is_beta":false,"boss_relics":[{"not_picked":["Black Star","Runic Cube"],"picked":"Calling Bell"},{"not_picked":["SacredBark","Tiny House"],"picked":"Pandora\u0027s Box"}],"items_purged_floors":[5,22,39],"is_endless":false,"potions_floor_spawned":[1,2,6,16,19,23,27,28,35],"killed_by":"Giant Head","ascension_level":1}}