{"host":"dpjm9ksidutf4nb4","time":1613614986,"event":{"mods":["2.2 Compatiblity","AchievementEnabler","Bartender","BaseMod","BetterRewards","Duelist Mod","Fireblade Mod","Hermit","Infinite Spire","Minty Spire (QoL Compilation)","Rare Cards Sparkle","Replay The Spire","Shade Mod","Small Relic Pack","StSLib","The Bladedancer","The Cursed","The Judge","The Servant 0.9.4","The Wild Card","Yuri Mod"],"gold_per_floor":[113,113,9,22,22,22,49,49,49,49,66,85,114,134,134,232,232,252,252,76,96,108,137,137,137,183,183,208,224,224,243,243,338,338,350,400,420,433,199,199,0,0,0,0,25,25,25,85,85,95,95,95,41,76,102],"floor_reached":56,"language":"ENG","playtime":2693,"items_purged":["WordoMod:Infected"],"score":1237,"play_id":"51555a55-707f-40cf-8d7a-1b0321992e68","local_time":"20210217202306","is_ascension_mode":true,"campfire_choices":[{"floor":6.0,"key":"REST"},{"floor":10.0,"key":"REST"},{"data":"theWildCard:TheArcanaUnleashed","floor":15.0,"key":"SMITH"},{"floor":24.0,"key":"REST"},{"floor":27.0,"key":"RECALL"},{"floor":32.0,"key":"REST"},{"floor":40.0,"key":"REST"},{"floor":42.0,"key":"REST"},{"floor":44.0,"key":"REST"},{"floor":49.0,"key":"REST"},{"floor":52.0,"key":"REST"}],"circlet_count":0,"master_deck":["theWildCard:BasicDefend+1","theWildCard:BasicDefend","theWildCard:BasicDefend","theWildCard:BasicDefend","theWildCard:CallToAdventure","theWildCard:Arsene+1","theWildCard:IdentityTheft","theWildCard:SacrificialStroke","infinitespire:Oblivion","theWildCard:PowerOfTheArcana","theWildCard:PaleRider","theWildCard:EnergizedStroke","theWildCard:TheArcanaUnleashed+1","theWildCard:IdentityTheft","theWildCard:ArchaicAssault","theWildCard:ArchaicAssault","theWildCard:Patience","theWildCard:TheGreatSeal","theWildCard:Ruination","theWildCard:MagicMettle","theWildCard:StalwartBlade+1","theWildCard:CryOfAgony","theWildCard:EnergyTheft+1","theWildCard:SeveringSlash","theWildCard:PowerOfTheArcana","theWildCard:UnderLockAndKey","theWildCard:UnendingRitual+1","theWildCard:MaskChange","CommonCold","theWildCard:MagicMettle","theWildCard:FinalHour","theWildCard:StingingStrike+1","theWildCard:Salvation+1","theWildCard:Ruination","theWildCard:MagicMettle+1","Sadistic Nature","Regret","theWildCard:Sakuya+1","theWildCard:SacrificialStroke","Flash of Steel","Jack Of All Trades","Replay:Sssssssssshield","Writhe","theWildCard:StingingStrike+1","theWildCard:ArcanaArtistry+1","theWildCard:Safeguard+1","theWildCard:MagicalMight+1"],"relics":["theWildCard:VelvetContract","relicPack:DSword","Toy Ornithopter","Bottled Lightning","Replay:PocketPolymizer","Fusion Hammer","Enchiridion","ClockworkSouvenir","Torii","Vajra","Durian","infinitespire:PuzzleCube","Cursed Key","Replay:Towering Pillar of Hats","ReplayTheSpireMod:CursedCoin","Juzu Bracelet","Red Mask","Pear","infinitespire:Midas Blood","War Paint"],"acts_visited":["Exordium","TheCity","TheBeyond","TheEnding"],"potions_floor_usage":[55,55,55],"damage_taken":[{"damage":7.0,"enemies":"Small Slimes","floor":1.0,"turns":3.0},{"damage":0.0,"enemies":"Jaw Worm","floor":4.0,"turns":1.0},{"damage":4.0,"enemies":"Replay:BlueRogue","floor":7.0,"turns":4.0},{"damage":6.0,"enemies":"2 Louse","floor":11.0,"turns":3.0},{"damage":6.0,"enemies":"Lots of Slimes","floor":12.0,"turns":2.0},{"damage":0.0,"enemies":"Lagavulin","floor":13.0,"turns":5.0},{"damage":0.0,"enemies":"2 Fungi Beasts","floor":14.0,"turns":2.0},{"damage":8.0,"enemies":"Hexaghost","floor":16.0,"turns":6.0},{"damage":6.0,"enemies":"3 Byrds","floor":18.0,"turns":3.0},{"damage":11.0,"enemies":"2 Thieves","floor":21.0,"turns":2.0},{"damage":8.0,"enemies":"Cultist and Chosen","floor":22.0,"turns":3.0},{"damage":0.0,"enemies":"theDuelist:KaibaA2","floor":23.0,"turns":3.0},{"damage":7.0,"enemies":"Replay:Snechameleon","floor":28.0,"turns":4.0},{"damage":9.0,"enemies":"Centurion and Healer","floor":29.0,"turns":3.0},{"damage":0.0,"enemies":"Snecko","floor":31.0,"turns":2.0},{"damage":13.0,"enemies":"Automaton","floor":33.0,"turns":5.0},{"damage":18.0,"enemies":"3 Shapes","floor":35.0,"turns":3.0},{"damage":16.0,"enemies":"2 Orb Walkers","floor":36.0,"turns":4.0},{"damage":0.0,"enemies":"3 Darklings","floor":37.0,"turns":2.0},{"damage":0.0,"enemies":"Transient","floor":38.0,"turns":5.0},{"damage":9.0,"enemies":"Giant Head","floor":45.0,"turns":5.0},{"damage":39.0,"enemies":"Replay:Hell Engine","floor":50.0,"turns":4.0},{"damage":25.0,"enemies":"Shield and Spear","floor":54.0,"turns":5.0},{"damage":40,"enemies":"The Heart","floor":55,"turns":5}],"seed_played":"-4730023341899069523","potions_obtained":[{"floor":11.0,"key":"SpeedPotion"},{"floor":12.0,"key":"infinitespire:BlackPotion"},{"floor":18.0,"key":"Dexterity Potion"},{"floor":21.0,"key":"Reflective Coating"},{"floor":22.0,"key":"Elixir"},{"floor":33.0,"key":"Fire Potion"},{"floor":37.0,"key":"Strength Potion"},{"floor":38.0,"key":"Energy Potion"},{"floor":54.0,"key":"Regen Potion"}],"is_trial":false,"path_per_floor":["M","?","$","M","?","R","E","?","T","R","M","M","E","M","R","B",null,"M","?","$","M","M","E","R","?","T","R","E","M","?","M","R","B",null,"M","?","M","M","$","R","?","R","T","R","E","?","?","?","R","B",null,"R","$","E","B",null],"character_chosen":"THE_WILD_CARD","items_purchased":["theWildCard:PowerOfTheArcana","theWildCard:PaleRider","ClockworkSouvenir","theWildCard:StalwartBlade+1","ReplayTheSpireMod:CursedCoin","Sadistic Nature","Juzu Bracelet","theWildCard:Safeguard+1"],"campfire_rested":9,"item_purchase_floors":[3,3,20,20,39,39,39,53],"current_hp_per_floor":[53,37,37,37,2,20,16,16,16,34,28,22,27,27,27,24,60,54,38,38,27,19,24,42,42,42,42,40,31,31,31,50,37,65,47,36,36,36,36,55,55,65,65,65,66,66,56,56,75,36,75,75,75,50,71],"gold":102,"neow_bonus":"THREE_CARDS","is_daily":false,"chose_seed":false,"campfire_upgraded":1,"win_rate":0.0,"timestamp":1613614986,"path_taken":["M","?","$","M","?","R","E","?","T","R","M","?","E","M","R","BOSS","M","?","$","M","M","E","R","?","T","R","E","M","?","M","R","BOSS","M","?","M","M","$","R","?","R","T","R","E","?","?","?","R","BOSS","R","$","E","BOSS"],"items_purchased_type":["Card","Card","Relic","Card","Relic","Card","Relic","Card"],"build_version":"2020-12-22","purchased_purges":1,"victory":true,"max_hp_per_floor":[60,60,60,60,60,60,60,60,60,60,60,60,60,60,60,60,60,60,60,60,60,60,60,60,60,60,60,65,65,65,65,65,65,65,65,65,65,65,65,65,65,65,65,65,75,75,75,75,75,75,75,75,75,75,75],"card_choices":[{"not_picked":["theWildCard:Patience","theWildCard:ArcaneArts"],"picked":"theWildCard:IdentityTheft","floor":0.0},{"not_picked":["theWildCard:SeveringSlash","theWildCard:Salvation"],"picked":"theWildCard:SacrificialStroke","floor":1.0},{"not_picked":["infinitespire:UltimateForm","infinitespire:Fortify"],"picked":"infinitespire:Oblivion","floor":2.0},{"not_picked":["theWildCard:ArchaicAssault","theWildCard:SeveringSlash"],"picked":"theWildCard:EnergizedStroke","floor":4.0},{"not_picked":["theWildCard:Scathach","theWildCard:Abstinence"],"picked":"theWildCard:TheArcanaUnleashed","floor":7.0},{"not_picked":["theWildCard:Unburden","theWildCard:SacrificialStroke"],"picked":"theWildCard:IdentityTheft","floor":11.0},{"not_picked":["theWildCard:SacrificialStroke","theWildCard:Patience"],"picked":"theWildCard:ArchaicAssault","floor":12.0},{"not_picked":["theWildCard:Safeguard","theWildCard:Salvation"],"picked":"theWildCard:ArchaicAssault","floor":13.0},{"not_picked":["theWildCard:UnderLockAndKey","theWildCard:Salvation"],"picked":"theWildCard:Patience","floor":14.0},{"not_picked":["theWildCard:FuelForTheFire","theWildCard:Thanatos"],"picked":"theWildCard:Ruination","floor":16.0},{"not_picked":["theWildCard:EnergizedStroke","theWildCard:ArcaneArts+1"],"picked":"theWildCard:MagicMettle","floor":18.0},{"not_picked":["theWildCard:Scathach+1","theWildCard:Sakuya"],"picked":"theWildCard:CryOfAgony","floor":21.0},{"not_picked":["theWildCard:SeveringSlash","theWildCard:Unburden"],"picked":"theWildCard:EnergyTheft+1","floor":22.0},{"not_picked":["theWildCard:SacrificialStroke","theWildCard:UnderLockAndKey"],"picked":"theWildCard:SeveringSlash","floor":23.0},{"not_picked":["theWildCard:EnergizedStroke","theWildCard:ArcaneArts+1"],"picked":"theWildCard:UnendingRitual+1","floor":28.0},{"not_picked":["theWildCard:EnergizedStroke+1","theWildCard:BladeOfGenerations"],"picked":"theWildCard:MaskChange","floor":29.0},{"not_picked":["theWildCard:Proficiency+1","theWildCard:BladeOfGenerations"],"picked":"theWildCard:MagicMettle","floor":31.0},{"not_picked":["theWildCard:TheUniverse","theWildCard:FuelForTheFire"],"picked":"theWildCard:FinalHour","floor":33.0},{"not_picked":["theWildCard:SeveringSlash","theWildCard:Loki"],"picked":"theWildCard:StingingStrike+1","floor":35.0},{"not_picked":["theWildCard:Proficiency+1","theWildCard:EnergizedStroke"],"picked":"theWildCard:Salvation+1","floor":36.0},{"not_picked":["theWildCard:StalwartBlade","theWildCard:PaleRider"],"picked":"theWildCard:Ruination","floor":37.0},{"not_picked":["theWildCard:EnergizedStroke","theWildCard:ArcaneArts"],"picked":"theWildCard:MagicMettle+1","floor":38.0},{"not_picked":["theWildCard:Loki","theWildCard:EnergyTheft+1"],"picked":"theWildCard:Sakuya+1","floor":45.0},{"not_picked":["Replay:Parry","PanicButton"],"picked":"Flash of Steel","floor":47.0},{"not_picked":["Blind","Flash of Steel"],"picked":"Jack Of All Trades","floor":47.0},{"not_picked":["Good Instincts","Swift Strike"],"picked":"Replay:Sssssssssshield","floor":47.0},{"not_picked":["theWildCard:SacrificialStroke+1","theWildCard:Polydeuces"],"picked":"theWildCard:StingingStrike+1","floor":48.0},{"not_picked":["theWildCard:Proficiency+1","theWildCard:SacrificialStroke+1"],"picked":"theWildCard:ArcanaArtistry+1","floor":48.0},{"not_picked":["theWildCard:Metatron","theWildCard:ArcanaArtistry"],"picked":"theWildCard:MagicalMight+1","floor":54.0}],"player_experience":723243,"relics_obtained":[{"floor":7.0,"key":"Toy Ornithopter"},{"floor":9.0,"key":"Bottled Lightning"},{"floor":13.0,"key":"Replay:PocketPolymizer"},{"floor":19.0,"key":"Enchiridion"},{"floor":23.0,"key":"Torii"},{"floor":26.0,"key":"Vajra"},{"floor":28.0,"key":"Durian"},{"floor":36.0,"key":"Replay:Towering Pillar of Hats"},{"floor":45.0,"key":"Pear"},{"floor":48.0,"key":"infinitespire:Midas Blood"},{"floor":54.0,"key":"War Paint"}],"event_choices":[{"cards_removed":["theWildCard:BasicStrike"],"damage_healed":0.0,"max_hp_gain":0.0,"max_hp_loss":0.0,"gold_gain":0.0,"event_name":"Wheel of Change","player_choice":"Card Removal","floor":8.0,"gold_loss":0.0,"damage_taken":0.0},{"damage_healed":0.0,"max_hp_gain":0.0,"max_hp_loss":0.0,"gold_gain":0.0,"event_name":"Cursed Tome","player_choice":"Obtained Book","floor":19.0,"gold_loss":0.0,"damage_taken":16.0},{"damage_healed":0.0,"max_hp_gain":0.0,"max_hp_loss":0.0,"gold_gain":0.0,"event_name":"Vampires","player_choice":"Ignored","floor":25.0,"gold_loss":0.0,"damage_taken":0.0},{"damage_healed":0.0,"max_hp_gain":0.0,"max_hp_loss":0.0,"gold_gain":0.0,"event_name":"Mysterious Sphere","player_choice":"Fight","floor":36.0,"gold_loss":0.0,"damage_taken":0.0},{"damage_healed":0.0,"max_hp_gain":0.0,"max_hp_loss":0.0,"gold_gain":0.0,"event_name":"Tomb of Lord Red Mask","player_choice":"Paid","floor":41.0,"gold_loss":199.0,"damage_taken":0.0,"relics_obtained":["Red Mask"]},{"damage_healed":0.0,"max_hp_gain":0.0,"max_hp_loss":0.0,"gold_gain":0.0,"event_name":"Duplicator","player_choice":"Copied","floor":46.0,"gold_loss":0.0,"damage_taken":0.0,"cards_obtained":["theWildCard:SacrificialStroke"]},{"damage_healed":0.0,"max_hp_gain":0.0,"max_hp_loss":0.0,"gold_gain":0.0,"event_name":"SensoryStone","player_choice":"Memory 3","floor":47.0,"gold_loss":0.0,"damage_taken":10.0}],"is_beta":false,"boss_relics":[{"not_picked":["Philosopher\u0027s Stone","Sozu"],"picked":"Fusion Hammer"},{"not_picked":["Replay:Ancient Bell","Snecko Eye"],"picked":"Cursed Key"}],"items_purged_floors":[39],"is_endless":false,"potions_floor_spawned":[11,12,18,21,22,33,37,38,54],"ascension_level":3}}