{"host":"6ulps5ednfgqn0to","time":1613638979,"event":{"mods":["AchievementEnabler","BaseMod","Colored Map","Highlight Path","Minty Spire (QoL Compilation)","Relic Sorter","Relic Stats","StSLib"],"gold_per_floor":[114,130,33,49,49,49,84,95,95,95,111,127,127,145,145,249,249,262,262,262,243,32,32,48,48,48,48,65,65,91,91,91],"floor_reached":31,"language":"ENG","playtime":1231,"items_purged":["Pain"],"score":296,"play_id":"01c97388-4513-4804-9650-268cfec9e1d2","local_time":"20210218110259","is_ascension_mode":true,"campfire_choices":[{"data":"Reprogram","floor":6,"key":"SMITH"},{"floor":10,"key":"REST"},{"floor":13,"key":"REST"},{"floor":15,"key":"REST"},{"floor":23,"key":"REST"},{"floor":29,"key":"REST"}],"circlet_count":0,"master_deck":["Strike_B","Strike_B","Strike_B","Defend_B","Defend_B","Defend_B","Zap","Dualcast","Buffer","Thunder Strike","Reprogram+1","Genetic Algorithm","Dramatic Entrance","Streamline","Genetic Algorithm","Streamline","Rip and Tear","Barrage","Capacitor+1","Rainbow","Coolheaded+1","RitualDagger","Coolheaded","Electrodynamics+1","Barrage","Writhe","Self Repair+1","Reprogram"],"relics":["Cracked Core","WarpedTongs","Cables","Frozen Egg 2","Inserter","Enchiridion","InkBottle","Matryoshka","Shuriken"],"acts_visited":["Exordium","TheCity"],"potions_floor_usage":[16,16,28,31],"damage_taken":[{"damage":7,"enemies":"Jaw Worm","floor":1,"turns":3},{"damage":6,"enemies":"Cultist","floor":2,"turns":5},{"damage":5,"enemies":"Small Slimes","floor":4,"turns":2},{"damage":23,"enemies":"Lagavulin","floor":7,"turns":7},{"damage":4,"enemies":"3 Louse","floor":8,"turns":2},{"damage":13,"enemies":"Looter","floor":11,"turns":3},{"damage":12,"enemies":"Red Slaver","floor":12,"turns":2},{"damage":3,"enemies":"2 Fungi Beasts","floor":14,"turns":4},{"damage":31,"enemies":"Slime Boss","floor":16,"turns":11},{"damage":26,"enemies":"Chosen","floor":18,"turns":5},{"damage":3,"enemies":"2 Thieves","floor":21,"turns":4},{"damage":34,"enemies":"Chosen and Byrds","floor":24,"turns":6},{"damage":0,"enemies":"Snecko","floor":28,"turns":4},{"damage":23,"enemies":"Gremlin Leader","floor":30,"turns":4},{"damage":26,"enemies":"Cultist and Chosen","floor":31,"turns":5}],"seed_played":"7354114855759606277","potions_obtained":[{"floor":4,"key":"LiquidMemories"},{"floor":8,"key":"AttackPotion"},{"floor":11,"key":"CultistPotion"},{"floor":24,"key":"LiquidMemories"},{"floor":28,"key":"SpeedPotion"}],"is_trial":false,"path_per_floor":["M","M","$","M","?","R","E","M","T","R","M","M","R","M","R","B",null,"M","?","?","M","$","R","M","$","T","?","M","R","E","M"],"character_chosen":"DEFECT","items_purchased":["Dramatic Entrance","Electrodynamics+1"],"campfire_rested":5,"item_purchase_floors":[3,22],"current_hp_per_floor":[47,41,41,36,36,36,13,9,9,31,18,6,28,25,47,16,75,49,33,27,24,24,46,12,12,12,12,12,34,21,0,0],"gold":91,"neow_bonus":"TRANSFORM_TWO_CARDS","is_daily":false,"chose_seed":false,"campfire_upgraded":1,"win_rate":0.0,"timestamp":1613638979,"path_taken":["M","M","$","M","?","R","E","?","T","R","M","?","R","M","R","BOSS","M","?","?","M","$","R","M","$","T","?","M","R","E","M"],"items_purchased_type":["Card","Card"],"build_version":"2020-12-22","purchased_purges":1,"victory":false,"max_hp_per_floor":[75,75,75,75,75,75,75,75,75,75,75,75,75,75,75,75,75,75,75,75,75,75,75,75,75,75,75,75,75,75,75,75],"relic_stats":{"Inserter":[14],"counters":[15,67],"Shuriken":[0],"obtain_stats":[{"Inserter":17,"Matryoshka":27,"Shuriken":30,"Enchiridion":19,"Frozen Egg 2":9,"Cracked Core":0,"InkBottle":26,"WarpedTongs":5,"Cables":7},{"Inserter":9,"Matryoshka":12,"Shuriken":14,"Enchiridion":10,"Frozen Egg 2":5,"Cracked Core":0,"InkBottle":12,"WarpedTongs":3,"Cables":4},{"Inserter":39,"Matryoshka":54,"Shuriken":62,"Enchiridion":44,"Frozen Egg 2":19,"Cracked Core":0,"InkBottle":54,"WarpedTongs":10,"Cables":17}],"InkBottle":[4],"WarpedTongs":[57],"Cables":[37,37,0,0,0]},"card_choices":[{"not_picked":["Streamline","Rebound"],"picked":"Reprogram","floor":1},{"not_picked":["Redo","Aggregate"],"picked":"Genetic Algorithm","floor":2},{"not_picked":["Rebound","Cold Snap"],"picked":"Streamline","floor":4},{"not_picked":["Streamline","Cold Snap"],"picked":"Genetic Algorithm","floor":7},{"not_picked":["Turbo","Compile Driver"],"picked":"Streamline","floor":8},{"not_picked":["Rainbow","Scrape"],"picked":"Rip and Tear","floor":11},{"not_picked":["Leap","Gash"],"picked":"Barrage","floor":12},{"not_picked":["Steam","Go for the Eyes"],"picked":"Capacitor+1","floor":14},{"not_picked":["Core Surge","Seek"],"picked":"Rainbow","floor":16},{"not_picked":["Turbo+1","Rebound"],"picked":"Coolheaded+1","floor":18},{"not_picked":["Consume","Gash+1"],"picked":"Coolheaded","floor":21},{"not_picked":["Fusion+1","BootSequence"],"picked":"Barrage","floor":24},{"not_picked":["Beam Cell","Fusion"],"picked":"Self Repair+1","floor":28},{"not_picked":["Sweeping Beam","Beam Cell"],"picked":"Reprogram","floor":30}],"player_experience":48574,"relics_obtained":[{"floor":7,"key":"Cables"},{"floor":9,"key":"Frozen Egg 2"},{"floor":19,"key":"Enchiridion"},{"floor":26,"key":"InkBottle"},{"floor":30,"key":"Shuriken"}],"event_choices":[{"damage_healed":0,"gold_gain":0,"player_choice":"Rummage","damage_taken":0,"relics_obtained":["WarpedTongs"],"max_hp_gain":0,"max_hp_loss":0,"event_name":"Accursed Blacksmith","floor":5,"gold_loss":0,"cards_obtained":["Pain"]},{"damage_healed":0,"gold_gain":0,"player_choice":"Obtained Book","damage_taken":16,"max_hp_gain":0,"max_hp_loss":0,"event_name":"Cursed Tome","floor":19,"gold_loss":0},{"damage_healed":0,"gold_gain":0,"player_choice":"Joined the Cult","damage_taken":6,"max_hp_gain":0,"max_hp_loss":0,"event_name":"Nest","floor":20,"gold_loss":0,"cards_obtained":["RitualDagger"]},{"damage_healed":0,"gold_gain":0,"player_choice":"Opened","damage_taken":0,"relics_obtained":["Matryoshka"],"max_hp_gain":0,"max_hp_loss":0,"event_name":"The Mausoleum","floor":27,"gold_loss":0,"cards_obtained":["Writhe"]}],"is_beta":false,"boss_relics":[{"not_picked":["Nuclear Battery","Busted Crown"],"picked":"Inserter"}],"items_purged_floors":[22],"is_endless":false,"potions_floor_spawned":[4,8,11,14,24,28],"killed_by":"Cultist and Chosen","ascension_level":3}}