{"host":"rantoq7h0pygex6x","time":1613659017,"event":{"mods":["AchievementEnabler","BaseMod","BetterRewards","Minty Spire (QoL Compilation)"],"gold_per_floor":[116,266,278,294,252,252,282,282,308,308,308,45,63,76,76,147,147,163,176,176,176],"floor_reached":20,"language":"ENG","playtime":642,"items_purged":["Strike_R"],"score":552,"play_id":"34a8fc0c-b472-48cb-9dd0-4bae56ff466a","local_time":"20210218223657","is_ascension_mode":true,"campfire_choices":[{"floor":6,"key":"REST"},{"data":"Armaments","floor":8,"key":"SMITH"},{"data":"Body Slam","floor":11,"key":"SMITH"},{"data":"Limit Break","floor":15,"key":"SMITH"}],"circlet_count":0,"master_deck":["AscendersBane","Strike_R","Strike_R","Strike_R","Strike_R","Defend_R","Defend_R","Defend_R","Defend_R","Bash","Inflame","Body Slam","Flame Barrier","Battle Trance","Armaments+1","Doubt","Body Slam+1","Uppercut","Fire Breathing","Shockwave","Limit Break+1","Limit Break","Spot Weakness+1","Fire Breathing+1"],"relics":["Black Blood","Strawberry","Boot","Ornamental Fan"],"acts_visited":["Exordium","TheCity"],"potions_floor_usage":[16,16,20],"damage_taken":[{"damage":10,"enemies":"Small Slimes","floor":1,"turns":3},{"damage":9,"enemies":"Jaw Worm","floor":3,"turns":5},{"damage":1,"enemies":"Cultist","floor":4,"turns":3},{"damage":31,"enemies":"Exordium Thugs","floor":5,"turns":5},{"damage":30,"enemies":"3 Sentries","floor":7,"turns":11},{"damage":9,"enemies":"Looter","floor":13,"turns":4},{"damage":4,"enemies":"3 Louse","floor":14,"turns":6},{"damage":24,"enemies":"Hexaghost","floor":16,"turns":8},{"damage":36,"enemies":"Chosen","floor":18,"turns":6},{"damage":22,"enemies":"3 Byrds","floor":19,"turns":6},{"damage":40,"enemies":"Snake Plant","floor":20,"turns":4}],"seed_played":"4201666523150520227","potions_obtained":[{"floor":1,"key":"EssenceOfSteel"},{"floor":7,"key":"CultistPotion"},{"floor":14,"key":"BlessingOfTheForge"},{"floor":18,"key":"GamblersBrew"}],"is_trial":false,"path_per_floor":["M","?","M","M","M","R","E","R","T","?","R","$","M","M","R","B",null,"M","M","M"],"character_chosen":"IRONCLAD","items_purchased":["Inflame","Body Slam","Flame Barrier","Battle Trance","Ornamental Fan"],"campfire_rested":1,"item_purchase_floors":[0,0,0,0,12],"current_hp_per_floor":[43,43,40,45,20,42,25,25,25,52,52,52,49,51,51,33,70,46,36,0,0],"gold":176,"neow_bonus":"","is_daily":false,"chose_seed":false,"campfire_upgraded":3,"win_rate":0.0,"timestamp":1613659017,"path_taken":["M","?","M","M","M","R","E","R","T","?","R","?","?","M","R","BOSS","M","M","M"],"items_purchased_type":["Card","Card","Card","Card","Relic"],"build_version":"2020-12-22","purchased_purges":1,"victory":false,"max_hp_per_floor":[75,75,75,75,75,75,82,82,82,82,82,82,82,82,82,82,82,82,82,82,82],"card_choices":[{"not_picked":["True Grit","Heavy Blade"],"picked":"Armaments","floor":1},{"not_picked":["Heavy Blade","Pommel Strike"],"picked":"Body Slam","floor":3},{"not_picked":["Heavy Blade","Havoc","Flex"],"picked":"SKIP","floor":4},{"not_picked":["Second Wind","Body Slam"],"picked":"Uppercut","floor":5},{"not_picked":["Battle Trance","Rupture"],"picked":"Fire Breathing","floor":7},{"not_picked":["Wild Strike","Sword Boomerang"],"picked":"Shockwave","floor":13},{"not_picked":["Headbutt","Heavy Blade"],"picked":"Limit Break","floor":14},{"not_picked":["Reaper","Barricade"],"picked":"Limit Break","floor":16},{"not_picked":["Warcry","Second Wind"],"picked":"Spot Weakness+1","floor":18},{"not_picked":["Havoc","Iron Wave"],"picked":"Fire Breathing+1","floor":19}],"player_experience":1001106,"relics_obtained":[{"floor":7,"key":"Strawberry"},{"floor":9,"key":"Boot"}],"event_choices":[{"damage_healed":0,"gold_gain":150,"player_choice":"AGREE","damage_taken":0,"max_hp_gain":0,"max_hp_loss":0,"event_name":"Liars Game","floor":2,"gold_loss":0,"cards_obtained":["Doubt"]},{"damage_healed":27,"gold_gain":0,"player_choice":"Banana","damage_taken":0,"max_hp_gain":0,"max_hp_loss":0,"event_name":"Big Fish","floor":10,"gold_loss":0}],"is_beta":false,"boss_relics":[{"not_picked":["Runic Dome","Tiny House"],"picked":"Black Blood"}],"items_purged_floors":[0],"is_endless":false,"potions_floor_spawned":[1,7,14,18],"killed_by":"Snake Plant","ascension_level":20}}