{"host":"5qewjvycy34u7aeo","time":1613646416,"event":{"mods":["BaseMod","Downfall","GifTheSpireLib","Hubris","Infinite Spire","Minty Spire (QoL Compilation)","Permanent Neow","Replay The Spire","StSLib","Wandering Minibosses"],"gold_per_floor":[99,111,125,125,138,158,158,175,185,185,205,237,237,237,249,354,354,354,365,378,397,412,425,494,521,25,44,61,73,73,86,96,201,201,101,117,136,154,183,204,204,145,45,45,83,136,11,11,50,50],"floor_reached":51,"language":"ENG","playtime":3680,"items_purged":["bronze:Strike","bronze:Strike","bronze:Strike"],"score":915,"play_id":"8bac0ed6-1663-4a46-9511-16bba999a474","local_time":"20210218050656","is_ascension_mode":false,"campfire_choices":[{"floor":1.0,"key":"DIG"},{"data":"bronze:GetLatest","floor":13,"key":"SMITH"},{"data":"bronze:BurnOut","floor":18,"key":"SMITH"},{"floor":30,"key":"REST"},{"floor":35,"key":"RECALL"},{"data":"bronze:Repulsor","floor":43,"key":"SMITH"},{"data":"bronze:ItsAFeature","floor":48,"key":"SMITH"}],"circlet_count":0,"master_deck":["bronze:Defend","bronze:Defend","bronze:Defend","bronze:Defend","bronze:Replicate+1","bronze:Goto+1","bronze:WhirlingStrike+1","bronze:GetLatest+1","Voices","bronze:OilSpill","bronze:WhirlingStrike+1","bronze:GetLatest+1","ReplayTheSpireMod:Splinters","bronze:Branch","bronze:BurnOut+1","bronze:Flail","bronze:Turbo","bronze:OilSpill","bronze:WildBeam","bronze:Branch+1","bronze:BugBarrage+1","bronze:Assembly","bronze:Optimize","bronze:BuggyMess","bronze:Repulsor+1","bronze:ItsAFeature+1","bronze:ShipIt","hubris:Greed","Voices","Hallucinations","hubris:Greed","bronze:Overheat+1","bronze:Break","hubris:Greed","bronze:Repulsor+1","bronze:ItsAFeature+1","hubris:Greed","bronze:DarkDash","bronze:BuggyMess+1","bronze:Allocate+1"],"relics":["bronze:BronzeCore","Happy Flower","PreservedInsect","Gremlin Horn","ReplayTheSpireMod:Ring of Collecting","Ring of Misfortune","ReplayFunnel","Painkiller Herb","Ring of Fury","hubris:BundleOfHerbs","InkBottle","Replay:Ancient Bell","infinitespire:Satchel","Toxic Egg 2","hubris:FunFungus","downfall:HeartBlessingBlue","Ring of Hypnosis","bronze:SilverBullet","ReplayTheSpireMod:Lightbulb","downfall:HeartBlessingRed","Omamori"],"acts_visited":["Exordium","TheCity","TheBeyond"],"potions_floor_usage":[12,50],"damage_taken":[{"damage":1.0,"enemies":"Cultist","floor":2.0,"turns":4.0},{"damage":4.0,"enemies":"2 Louse","floor":3.0,"turns":2.0},{"damage":1.0,"enemies":"Jaw Worm","floor":5.0,"turns":3.0},{"damage":14.0,"enemies":"Gremlin Gang","floor":6.0,"turns":3.0},{"damage":10.0,"enemies":"Large Slime","floor":8.0,"turns":5.0},{"damage":3.0,"enemies":"Red Slaver","floor":9.0,"turns":2.0},{"damage":0,"enemies":"Blue Slaver","floor":11,"turns":4},{"damage":0,"enemies":"3 Sentries","floor":12,"turns":4},{"damage":0,"enemies":"2 Fungi Beasts","floor":15,"turns":1},{"damage":17,"enemies":"DF_ARCHETYPE_STREAMLINE","floor":16,"turns":8},{"damage":0,"enemies":"Spheric Guardian","floor":19,"turns":2},{"damage":0,"enemies":"3 Byrds","floor":20,"turns":2},{"damage":0,"enemies":"Cultist and Chosen","floor":21,"turns":6},{"damage":0,"enemies":"Snecko","floor":22,"turns":3},{"damage":13,"enemies":"Snake Plant","floor":23,"turns":3},{"damage":8,"enemies":"Book of Stabbing","floor":25,"turns":3},{"damage":0,"enemies":"downfall:FleeingMerchant","floor":26,"turns":4},{"damage":6,"enemies":"Chosen and Byrds","floor":27,"turns":2},{"damage":0,"enemies":"Cultist and Chosen","floor":28,"turns":2},{"damage":21,"enemies":"Snake Plant","floor":29,"turns":2},{"damage":0,"enemies":"Snecko","floor":31,"turns":2},{"damage":13,"enemies":"Centurion and Healer","floor":32,"turns":2},{"damage":13,"enemies":"SI_MIRROR_ARCHETYPE","floor":33,"turns":4},{"damage":0,"enemies":"3 Shapes","floor":36,"turns":2},{"damage":3,"enemies":"3 Darklings","floor":37,"turns":3},{"damage":0,"enemies":"Maw","floor":38,"turns":5},{"damage":11,"enemies":"Sphere and 2 Shapes","floor":39,"turns":3},{"damage":11,"enemies":"4 Shapes","floor":40,"turns":3},{"damage":0,"enemies":"downfall:FleeingMerchant","floor":42,"turns":1},{"damage":0,"enemies":"Maw","floor":45,"turns":4},{"damage":0,"enemies":"Giant Head","floor":46,"turns":5},{"damage":7,"enemies":"Writhing Mass","floor":49,"turns":4},{"damage":19,"enemies":"IC_BLOCK_ARCHETYPE","floor":50,"turns":6}],"seed_played":"-7984916367820894970","potions_obtained":[{"floor":3.0,"key":"Elixir"},{"floor":5.0,"key":"hexamod:SoulburnPotion"},{"floor":9.0,"key":"Fruit Juice"},{"floor":12,"key":"EssenceOfSteel"},{"floor":22,"key":"DuplicationPotion"},{"floor":29,"key":"bronze:FreeFunctionsPotion"},{"floor":49,"key":"bronze:FreeFunctionsPotion"}],"is_trial":false,"path_per_floor":["R","M","M","?","M","M","T","M","M","?","M","E","R","?","M","B",null,"T","?","?","?","?","?","T","E","T","?","?","?","T","?","?","B",null,"T","?","?","?","?","?","T","T","T","?","?","E","T","T","?","B",null],"character_chosen":"THE_AUTOMATON","items_purchased":["bronze:Assembly","InkBottle","ReplayTheSpireMod:Lightbulb","bronze:ItsAFeature"],"campfire_rested":1,"item_purchase_floors":[26,26,42,42],"current_hp_per_floor":[70,69,65,65,64,50,50,40,37,37,37,42,42,42,42,25,75,75,75,75,75,75,62,62,54,54,48,54,33,55,55,42,29,75,85,85,82,85,76,68,68,68,68,68,70,71,71,71,66,56],"gold":50,"neow_bonus":"RANDOM_COMMON_RELIC","is_daily":false,"chose_seed":false,"campfire_upgraded":4,"win_rate":0.0,"timestamp":1613646416,"path_taken":["R","M","M","?","M","M","T","?","M","?","M","E","R","?","M","BOSS","T","?","?","?","?","?","T","E","?","?","?","?","T","?","?","BOSS","T","?","?","?","?","?","T","T","T","?","?","E","T","T","?","BOSS"],"items_purchased_type":["Card","Relic","Relic","Card"],"build_version":"2020-12-22","purchased_purges":3,"victory":true,"max_hp_per_floor":[70,70,70,70,70,70,70,70,70,70,70,75,75,75,75,75,75,75,75,75,75,75,75,75,75,75,75,75,75,75,75,75,75,75,85,85,85,85,85,85,85,85,85,85,85,85,85,85,85,85],"card_choices":[{"not_picked":["bronze:OilSpill","bronze:MaxOutput"],"picked":"bronze:WhirlingStrike","floor":2.0},{"not_picked":["bronze:FineTuning","bronze:BuggyMess","bronze:Turbo"],"picked":"SKIP","floor":3.0},{"not_picked":["bronze:BitShift","bronze:Frontload","bronze:ItsAFeature"],"picked":"SKIP","floor":5.0},{"not_picked":["bronze:Turbo","bronze:Invalidate","bronze:CutThrough"],"picked":"SKIP","floor":6.0},{"not_picked":["bronze:Turbo","bronze:DigitalCarnage","bronze:BuggyMess"],"picked":"SKIP","floor":8.0},{"not_picked":["bronze:FineTuning","bronze:Deprecate"],"picked":"bronze:GetLatest","floor":9.0},{"not_picked":["bronze:Shell","bronze:Safeguard"],"picked":"bronze:OilSpill","floor":11},{"not_picked":["bronze:Overload","bronze:Format","bronze:Iterate"],"picked":"SKIP","floor":12},{"not_picked":["bronze:FineTuning","bronze:WhirlingStrike"],"picked":"bronze:Branch","floor":15},{"not_picked":["bronze:Verify","bronze:HardenedForm"],"picked":"bronze:BurnOut","floor":16},{"not_picked":["bronze:Philosophize","bronze:FineTuning+1"],"picked":"bronze:Flail","floor":19},{"not_picked":["bronze:ForLoop","bronze:Safeguard"],"picked":"bronze:Turbo","floor":20},{"not_picked":["bronze:BitShift","bronze:BronzeArmor"],"picked":"bronze:OilSpill","floor":21},{"not_picked":["bronze:Invalidate","bronze:Optimize"],"picked":"bronze:WildBeam","floor":22},{"not_picked":["bronze:Invalidate","bronze:Format"],"picked":"bronze:Branch+1","floor":23},{"not_picked":["bronze:GetLatest","bronze:DelayedGuard+1"],"picked":"bronze:BugBarrage+1","floor":25},{"not_picked":["bronze:Flail","bronze:Branch","bronze:ChildClass"],"picked":"SKIP","floor":26},{"not_picked":["bronze:Shell","bronze:Overload","bronze:Iterate"],"picked":"SKIP","floor":27},{"not_picked":["bronze:Iterate","bronze:Turbo"],"picked":"bronze:Optimize","floor":28},{"not_picked":["bronze:FollowUp","bronze:Deprecate"],"picked":"bronze:BuggyMess","floor":29},{"not_picked":["bronze:DarkDash","bronze:Philosophize"],"picked":"bronze:Repulsor","floor":31},{"not_picked":["bronze:Deprecate","bronze:WhirlingStrike"],"picked":"bronze:ItsAFeature+1","floor":32},{"not_picked":["bronze:BurnOut","bronze:HardenedForm"],"picked":"bronze:ShipIt","floor":33},{"not_picked":["hubris:Compulsion","Pain"],"picked":"hubris:Greed","floor":34},{"not_picked":["Spreading Infection","hubris:Compulsion"],"picked":"Voices","floor":34},{"not_picked":["downfall:Haunted","Pain"],"picked":"Hallucinations","floor":34},{"not_picked":["bronze:Overheat+1","bronze:BitShift+1","bronze:Deprecate+1"],"picked":"SKIP","floor":36},{"not_picked":["bronze:BitShift+1","bronze:Format+1","bronze:ChosenStrike+1"],"picked":"SKIP","floor":37},{"not_picked":["bronze:ChosenStrike","bronze:Overheat+1","bronze:Iterate"],"picked":"SKIP","floor":38},{"not_picked":["bronze:CutThrough+1","bronze:Frontload+1"],"picked":"bronze:Overheat+1","floor":39},{"not_picked":["bronze:Boost+1","bronze:FineTuning+1"],"picked":"bronze:Break","floor":40},{"not_picked":["bronze:CloningBeam","bronze:DelayedGuard+1"],"picked":"bronze:Repulsor+1","floor":42},{"not_picked":["bronze:Fortify","bronze:FineTuning+1"],"picked":"bronze:DarkDash","floor":45},{"not_picked":["bronze:BitShift+1","bronze:ChildClass+1"],"picked":"bronze:BuggyMess+1","floor":46},{"not_picked":["bronze:DigitalCarnage","bronze:Shield+1"],"picked":"bronze:Allocate+1","floor":49}],"player_experience":450741,"relics_obtained":[{"floor":1.0,"key":"PreservedInsect"},{"floor":7.0,"key":"Gremlin Horn"},{"floor":10,"key":"ReplayTheSpireMod:Ring of Collecting"},{"floor":10,"key":"Ring of Misfortune"},{"floor":12,"key":"ReplayFunnel"},{"floor":24,"key":"Ring of Fury"},{"floor":25,"key":"hubris:BundleOfHerbs"},{"floor":41,"key":"Ring of Hypnosis"},{"floor":41,"key":"bronze:SilverBullet"},{"floor":46,"key":"Omamori"}],"event_choices":[{"cards_removed":["bronze:Strike"],"damage_healed":0,"gold_gain":0,"player_choice":"Card Removal","damage_taken":0,"max_hp_gain":0,"max_hp_loss":0,"event_name":"Wheel of Change","floor":44,"gold_loss":0}],"is_beta":false,"boss_relics":[{"not_picked":["Velvet Choker","Fusion Hammer"],"picked":"Painkiller Herb"},{"not_picked":["hubris:TerracottaHorce","Snecko Eye"],"picked":"Replay:Ancient Bell"},{"not_picked":["Bag of Preparation","Juzu Bracelet"],"picked":"infinitespire:Satchel"},{"not_picked":["hubris:DuctTape","hubris:CrystalStatue"],"picked":"Toxic Egg 2"},{"not_picked":["Mango","StoneCalendar"],"picked":"hubris:FunFungus"}],"items_purged_floors":[26,42,47],"is_endless":false,"potions_floor_spawned":[3,5,9,12,21,22,27,28,29,33,39,40,46,49],"ascension_level":0}}