{"host":"eawh33iyj6swubhn","time":1613630975,"event":{"mods":["Act Like it!","Arknights","BaseMod","Best Route Mod","Better Third Choice","Downfall","GifTheSpireLib","HololiveMod","Minty Spire (QoL Compilation)","Permanent Neow","Reliquary","Replay The Spire","StSLib","Stuff the Spire","The Animator","egg"],"gold_per_floor":[113,113,113,127,152,152,163,0,27,44,62,88,88,156,156,251,251,236,236,236,110,110,140,140,140,140,140,140],"floor_reached":27,"language":"ENG","playtime":2163,"items_purged":["ReplayTheSpireMod:Splinters"],"score":227,"play_id":"ac6c995d-bc86-4528-ab3d-d88a81bb2bf9","local_time":"20210218034935","is_ascension_mode":false,"campfire_choices":[{"data":"ats:Spore Proliferation","floor":6.0,"key":"SMITH"},{"floor":13.0,"key":"REST"},{"floor":15.0,"key":"REST"},{"floor":24.0,"key":"REST"}],"circlet_count":0,"master_deck":["ats:Strike C","ats:Strike G+1","ats:Strike S","ats:Strike V","ats:Armor Crushing Shot","ats:Defend","ats:Defend","ats:Defend","ats:Defend","ats:Emotion Absorption","ats:Spore Proliferation+1","Sickly","ats:Thorns","ats:Thermite Blade","ats:Very Hot Blade","Enlightenment","ats:Encircling Forest","ats:Defend Order","ats:Soul Absorption","ats:Assault Order","ats:Rapid Magazine","ats:Fractured Body","ats:Flame Of Heaven+1","StuffTheSpire:CuriosityCurse","ats:Support Order+1","ats:Explosion Area Strengthen"],"relics":["ats:Sanity","Ring of Hypnosis","Ring of Searing","reliquary:SilkGlove","Anchor","ats:Originium","StuffTheSpire:OldFever","reliquary:TuningFork","Ring of Chaos","Enchiridion","Replay:Bottled Snecko","reliquary:PartyBalloon","HornCleat"],"acts_visited":["Exordium","TheCity"],"potions_floor_usage":[],"damage_taken":[{"damage":0.0,"enemies":"2 Louse","floor":1.0,"turns":3.0},{"damage":15.0,"enemies":"Jaw Worm","floor":4.0,"turns":4.0},{"damage":5.0,"enemies":"Cultist","floor":7.0,"turns":3.0},{"damage":11.0,"enemies":"Exordium Thugs","floor":10.0,"turns":6.0},{"damage":13.0,"enemies":"Blue Slaver","floor":11.0,"turns":5.0},{"damage":21.0,"enemies":"3 Sentries","floor":12.0,"turns":5.0},{"damage":13.0,"enemies":"Slime Boss","floor":16.0,"turns":8.0},{"damage":17.0,"enemies":"2 Thieves","floor":18.0,"turns":4.0},{"damage":42.0,"enemies":"Replay:Snechameleon","floor":23.0,"turns":8.0},{"damage":29,"enemies":"Spheric Guardian","floor":27,"turns":5}],"seed_played":"2317686626762197696","potions_obtained":[{"floor":4.0,"key":"Strength Potion"},{"floor":10.0,"key":"Elixir"},{"floor":12.0,"key":"hexamod:SoulburnPotion"},{"floor":14.0,"key":"Swift Potion"},{"floor":18.0,"key":"Elixir"}],"is_trial":false,"path_per_floor":["M","?","?","M","T","R","M","?","T","M","M","E","R","?","R","B",null,"M","?","?","$","?","E","R","?","T","M"],"character_chosen":"DOCTOR_CLASS","items_purchased":["ats:Support Order+1"],"campfire_rested":3,"item_purchase_floors":[21],"current_hp_per_floor":[72,72,72,57,57,57,52,58,58,47,34,13,36,36,59,46,78,61,45,45,45,45,5,28,28,28,0,0],"gold":140,"neow_bonus":"RANDOM_EVENT","is_daily":false,"chose_seed":false,"campfire_upgraded":1,"win_rate":0.0,"timestamp":1613630975,"path_taken":["M","?","?","?","?","R","M","?","T","M","M","E","R","?","R","BOSS","M","?","?","$","?","E","R","?","T","M"],"items_purchased_type":["Card"],"build_version":"2020-12-13","purchased_purges":1,"victory":false,"max_hp_per_floor":[72,72,72,72,72,72,72,78,78,78,78,78,78,78,78,78,78,78,78,78,78,78,78,78,78,78,78,78],"card_choices":[{"not_picked":["ats:Guard Mode","ats:Explosion Area Strengthen"],"picked":"ats:Spore Proliferation","floor":1.0},{"not_picked":["ats:Healing Strengthening","ats:Shell Defense"],"picked":"ats:Thermite Blade","floor":4.0},{"not_picked":["ats:Guard Mode","ats:Consecutive Shot Auto"],"picked":"ats:Very Hot Blade","floor":7.0},{"not_picked":["ats:Healing Drone","ats:Flexible Camouflage"],"picked":"ats:Encircling Forest","floor":10.0},{"not_picked":["ats:Poison Spread","ats:Shadow Raid"],"picked":"ats:Defend Order","floor":11.0},{"not_picked":["ats:Healing Drone","ats:Flame Of Heaven"],"picked":"ats:Soul Absorption","floor":12.0},{"not_picked":["ats:Encircling Forest","ats:Poison Spread"],"picked":"ats:Assault Order","floor":14.0},{"not_picked":["ats:Part Time Job","ats:Shell Defense"],"picked":"ats:Rapid Magazine","floor":14.0},{"not_picked":["ats:Nebulous Foxfire","ats:Rat Pack"],"picked":"ats:Fractured Body","floor":16.0},{"not_picked":["ats:Very Hot Blade","ats:Assault Order"],"picked":"ats:Flame Of Heaven+1","floor":18.0},{"not_picked":["ats:Ignite","ats:Disruption Kick"],"picked":"ats:Explosion Area Strengthen","floor":23.0}],"player_experience":39052,"relics_obtained":[{"floor":2.0,"key":"Ring of Hypnosis"},{"floor":2.0,"key":"Ring of Searing"},{"floor":5.0,"key":"reliquary:SilkGlove"},{"floor":9.0,"key":"Anchor"},{"floor":12.0,"key":"ats:Originium"},{"floor":12.0,"key":"StuffTheSpire:OldFever"},{"floor":14.0,"key":"reliquary:TuningFork"},{"floor":19.0,"key":"Enchiridion"},{"floor":23.0,"key":"ats:Originium"},{"floor":23.0,"key":"reliquary:PartyBalloon"},{"floor":26,"key":"HornCleat"}],"event_choices":[{"damage_healed":0.0,"max_hp_gain":0.0,"max_hp_loss":0.0,"gold_gain":0.0,"event_name":"Match and Keep!","player_choice":"1 cards matched","floor":3.0,"gold_loss":0.0,"damage_taken":0.0,"cards_obtained":["ats:Thorns"]},{"damage_healed":0.0,"max_hp_gain":0.0,"max_hp_loss":0.0,"gold_gain":0.0,"event_name":"betterThird:BetterSerpent","player_choice":"RENOUNCE","floor":8.0,"gold_loss":163.0,"damage_taken":163.0,"cards_obtained":["Enlightenment"]},{"damage_healed":0.0,"max_hp_gain":0.0,"max_hp_loss":0.0,"gold_gain":0.0,"event_name":"Cursed Tome","player_choice":"Obtained Book","floor":19.0,"gold_loss":0.0,"damage_taken":16.0}],"is_beta":false,"boss_relics":[{"not_picked":["ats:Sanity Plus","bronze:MakeshiftBattery"],"picked":"Ring of Chaos"}],"items_purged_floors":[21],"is_endless":false,"potions_floor_spawned":[4,10,12,18],"killed_by":"Spheric Guardian","ascension_level":0}}