{"host":"onk0sru1v5nf4gev","time":1613685510,"event":{"mods":["AchievementEnabler","BaseMod","Downfall","Googly Eyes","Hermit","Minty Spire (QoL Compilation)","Quick Restart","Replay The Spire","StSLib","SuperFastMode","The Cursed"],"gold_per_floor":[117,137,137,137,9,9,61,15,15,15,15,50,70,70,83,101,101,203,203,213,232,47,0,81,81,6,6,33,45,68,80,92,122,134,244,256,287,299,330,262,262,262,292,292,292,292,309,309,359,371,371,371,371],"floor_reached":52,"language":"FRA","playtime":1539,"items_purged":[],"score":831,"play_id":"97eeda15-d714-4480-8ecb-c4042d41f2b4","local_time":"20210218225830","is_ascension_mode":true,"campfire_choices":[{"floor":6.0,"key":"REST"},{"floor":14.0,"key":"REST"},{"data":"ReplayTheSpireMod:Limb From Limb","floor":17.0,"key":"SMITH"},{"floor":25.0,"key":"REST"},{"data":"Heavy Blade","floor":27.0,"key":"SMITH"},{"data":"Inflame","floor":29.0,"key":"SMITH"},{"floor":42.0,"key":"REST"},{"floor":44.0,"key":"REST"},{"floor":46.0,"key":"REST"},{"floor":51,"key":"REST"}],"circlet_count":1,"master_deck":["Strike_R","Strike_R","Strike_R+1","Strike_R","Defend_R","Defend_R","Defend_R","Defend_R","Bash+1","Cleave+1","ReplayTheSpireMod:Limb From Limb+1","Inflame","Dark Shackles","Clash","Inflame+1","Shockwave","Battle Trance","Perfected Strike","Limit Break","Flex+1","Rampage+1","Heavy Blade+1","Limit Break","Whirlwind+1","Demon Form","Inflame+1","Infernal Blade","Flex","Inflame+1"],"relics":["Honey Jar","Replay:Bottled Steam","Circlet","Sozu","Blue Candle","MawBank","Chameleon Ring","Busted Crown","Molten Egg 2","Snack Pack","Replay:Arrowhead"],"acts_visited":["Exordium","TheCity","TheBeyond"],"potions_floor_usage":[],"damage_taken":[{"damage":4.0,"enemies":"Small Slimes","floor":1.0,"turns":4.0},{"damage":7.0,"enemies":"Jaw Worm","floor":2.0,"turns":3.0},{"damage":26.0,"enemies":"Lagavulin","floor":12.0,"turns":4.0},{"damage":2.0,"enemies":"2 Louse","floor":13.0,"turns":3.0},{"damage":16.0,"enemies":"Blue Slaver","floor":15.0,"turns":3.0},{"damage":0.0,"enemies":"Large Slime","floor":16.0,"turns":2.0},{"damage":12.0,"enemies":"Hexaghost","floor":18.0,"turns":5.0},{"damage":24.0,"enemies":"3 Byrds","floor":20.0,"turns":4.0},{"damage":19.0,"enemies":"Shell Parasite","floor":21.0,"turns":3.0},{"damage":25.0,"enemies":"Centurion and Healer","floor":30.0,"turns":3.0},{"damage":31.0,"enemies":"Cultist and Chosen","floor":33.0,"turns":5.0},{"damage":23.0,"enemies":"Pondfish","floor":35.0,"turns":6.0},{"damage":24.0,"enemies":"3 Darklings","floor":37.0,"turns":3.0},{"damage":23.0,"enemies":"3 Shapes","floor":39.0,"turns":2.0},{"damage":15.0,"enemies":"Nemesis","floor":43.0,"turns":3.0},{"damage":0.0,"enemies":"Sphere and 2 Shapes","floor":47.0,"turns":2.0},{"damage":0,"enemies":"Mind Bloom Boss Battle","floor":49,"turns":4},{"damage":49,"enemies":"Jaw Worm Horde","floor":50,"turns":3},{"damage":52,"enemies":"Replay:Hell Engine","floor":52,"turns":4}],"seed_played":"-5382924085947169048","potions_obtained":[{"floor":13.0,"key":"Cursed Concoction"}],"is_trial":false,"path_per_floor":["M","M","?","?","$","R","?","$","PTL","PTL","T","E","M","R","M","M","R","B",null,"M","M","$","?","T","R","?","R","T","R","M","?","T","M","R","B",null,"M","?","M","$","?","R","E","R","T","R","M","?","?","M","R","B"],"character_chosen":"IRONCLAD","items_purchased":["Inflame","Dark Shackles","Clash","Heavy Blade","Limit Break","Infernal Blade"],"campfire_rested":7,"item_purchase_floors":[5,5,8,22,22,40],"current_hp_per_floor":[76,69,53,53,53,77,77,77,77,77,77,51,49,73,57,57,57,45,80,56,37,37,37,37,61,61,61,61,61,36,36,36,5,29,6,80,56,56,33,33,33,57,42,66,66,80,80,76,76,27,49,0,0],"gold":371,"neow_bonus":"BOSS_RELIC","is_daily":false,"chose_seed":false,"campfire_upgraded":3,"win_rate":0.0,"timestamp":1613685510,"path_taken":["M","M","?","?","$","R","?","?","PTL","PTL","T","E","M","R","M","?","R","BOSS","M","M","$","?","?","R","?","R","T","R","M","?","?","?","R","BOSS","M","?","M","$","?","R","E","R","T","R","M","?","?","M","R","BOSS"],"items_purchased_type":["Card","Card","Card","Card","Card","Card"],"build_version":"2020-12-22","purchased_purges":0,"victory":false,"max_hp_per_floor":[80,80,80,80,80,80,80,80,80,80,80,80,80,80,80,80,80,80,80,80,80,80,80,80,80,80,80,80,80,80,80,80,80,80,80,80,80,80,80,80,80,80,80,80,80,80,80,76,76,76,76,76,76],"card_choices":[{"not_picked":["Pommel Strike","Sword Boomerang","Rupture"],"picked":"Cleave","floor":1.0},{"not_picked":["Pommel Strike","Cleave","True Grit"],"picked":"ReplayTheSpireMod:Limb From Limb","floor":2.0},{"not_picked":["Iron Wave","Cleave","ReplayReversal"],"picked":"Inflame","floor":12.0},{"not_picked":["ReplayTheSpireMod:Corrosion Curse","Run Through","Replay:Undeath\u0027s Touch"],"picked":"Shockwave","floor":13.0},{"not_picked":["Body Slam","Pommel Strike","Rupture"],"picked":"Battle Trance","floor":15.0},{"not_picked":["Berserk","ReplayTheSpireMod:Limb From Limb","Anger"],"picked":"Perfected Strike","floor":16.0},{"not_picked":["Hemogenesis","Brutality","Barricade"],"picked":"Limit Break","floor":18.0},{"not_picked":["Havoc","Warcry","Anger"],"picked":"Flex+1","floor":20.0},{"not_picked":["Replay:Undeath\u0027s Touch","Body Slam","Sword Boomerang+1"],"picked":"Rampage+1","floor":21.0},{"not_picked":["Twin Strike+1","Shrug It Off","Entrench","Dropkick"],"picked":"SKIP","floor":30.0},{"not_picked":["Feel No Pain","Bloodletting","Intimidate"],"picked":"Whirlwind+1","floor":33.0},{"not_picked":["Demonic Infusion","Eclipse","Barricade"],"picked":"Demon Form","floor":35.0},{"not_picked":["Twin Strike+1"],"picked":"Inflame+1","floor":37.0},{"not_picked":["Wild Strike","Cleave+1"],"picked":"SKIP","floor":39.0},{"not_picked":["Life Link"],"picked":"Flex","floor":43.0},{"not_picked":["Clash+1","Wild Strike+1"],"picked":"SKIP","floor":47.0},{"not_picked":["Sever Soul+1"],"picked":"Inflame+1","floor":49},{"not_picked":["Brutality","Cleave+1"],"picked":"SKIP","floor":50}],"player_experience":289267,"relics_obtained":[{"floor":11.0,"key":"Replay:Bottled Steam"},{"floor":12.0,"key":"Dead Branch"},{"floor":24.0,"key":"Blue Candle"},{"floor":28.0,"key":"MawBank"},{"floor":32.0,"key":"Chameleon Ring"},{"floor":43.0,"key":"Molten Egg 2"},{"floor":45.0,"key":"Snack Pack"},{"floor":49,"key":"Replay:Arrowhead"}],"event_choices":[{"damage_healed":0.0,"max_hp_gain":0.0,"max_hp_loss":0.0,"gold_gain":0.0,"event_name":"Shining Light","player_choice":"Entered Light","floor":3.0,"gold_loss":0.0,"damage_taken":16.0,"cards_upgraded":["Bash","Strike_R"]},{"damage_healed":0.0,"max_hp_gain":0.0,"max_hp_loss":0.0,"gold_gain":52.0,"event_name":"Golden Wing","player_choice":"Gained Gold","floor":7.0,"gold_loss":0.0,"damage_taken":0.0},{"damage_healed":0.0,"max_hp_gain":0.0,"max_hp_loss":0.0,"gold_gain":0.0,"event_name":"Masked Bandits","player_choice":"Paid Fearfully","floor":23.0,"gold_loss":47.0,"damage_taken":0.0},{"cards_removed":["Strike_R"],"damage_healed":0.0,"max_hp_gain":0.0,"max_hp_loss":0.0,"gold_gain":0.0,"event_name":"Beggar","player_choice":"Gave Gold","floor":26.0,"gold_loss":75.0,"damage_taken":0.0},{"damage_healed":0.0,"max_hp_gain":0.0,"max_hp_loss":0.0,"gold_gain":0.0,"event_name":"Tomb of Lord Red Mask","player_choice":"Ignored","floor":38.0,"gold_loss":0.0,"damage_taken":0.0},{"damage_healed":0.0,"max_hp_gain":0.0,"max_hp_loss":4.0,"gold_gain":0.0,"event_name":"Winding Halls","player_choice":"Max HP","floor":48.0,"gold_loss":0.0,"damage_taken":0.0},{"damage_healed":0,"gold_gain":0,"player_choice":"Fight","damage_taken":0,"max_hp_gain":0,"max_hp_loss":0,"event_name":"MindBloom","floor":49,"gold_loss":0}],"is_beta":false,"boss_relics":[{"not_picked":["bronze:MakeshiftBattery","Cursed Key"],"picked":"Sozu"},{"not_picked":["Painkiller Herb","Replay:Wanted Poster"],"picked":"Busted Crown"}],"items_purged_floors":[],"is_endless":false,"potions_floor_spawned":[13,21,33,37,43,50],"killed_by":"Replay:Hell Engine","ascension_level":4}}