{"host":"mu5qkq7030l6349q","time":1613687397,"event":{"mods":["AchievementEnabler","BaseMod","Colored Powertips","Downfall","Highlight Path","Minty Spire (QoL Compilation)","Permanent Neow","Rare Cards Sparkle","Replay The Spire","StSLib"],"gold_per_floor":[99,114,214,214,214,214,214,102,112,112,138,138,138,138,157,260,260,360,372,472,472,59,77,154,164,164,164,240,272,272,272,283,283,283,283],"floor_reached":33,"language":"ENG","playtime":856,"items_purged":[],"score":484,"play_id":"03187aa1-144d-4957-b491-f0541a94f4ed","local_time":"20210218232957","daily_mods":["Insanity","Vintage","ControlledChaos","Allstar","Heirloom","Flight","downfall:Improvised"],"is_ascension_mode":false,"campfire_choices":[{"floor":1,"key":"RECALL"},{"floor":26,"key":"DIG"}],"circlet_count":0,"master_deck":["Slimebound:SplitSpecialist","Slimebound:Prepare","Slimebound:SplitMire","Slimebound:RollThrough","Slimebound:HauntingLick","Slimebound:FinishingTackle","Slimebound:GoopSpray","Slimebound:HauntingLick","Slimebound:Schlurp","Slimebound:SlimeBrawl","Slimebound:LeechingTouch","Slimebound:LivingWall","Slimebound:Schlurp","Slimebound:SlimeSpikes","Slimebound:SpikyOuterGoop","Slimebound:LeechingTouch","Slimebound:GoopTackle","Slimebound:ProtectTheBoss","Slimebound:Repurpose","Slimebound:SpikyOuterGoop","Slimebound:SamplingLick","Slimebound:Equalize","Slimebound:ItLooksTasty","Slimebound:Chomp","Slimebound:SplitBruiser","Slimebound:DisruptingSlam","Slimebound:LeechEnergy","Slimebound:GoopSpray","Slimebound:GoopSpray","Slimebound:LeechEnergy","Slimebound:HauntingLick","Slimebound:SlimeBrawl","Slimebound:FlameTackle","Slimebound:LivingWall","Slimebound:SamplingLick","Slimebound:SlimeSpikes","Slimebound:DisruptingSlam","Slimebound:LeadByExample","Slimebound:ProtectTheBoss","Slimebound:Nibble","Slimebound:LeechEnergy","Slimebound:GoopSpray","Slimebound:SlimeTap","Slimebound:ServeAndProtect","Slimebound:FlameTackle","Slimebound:FormOfPuddle","Slimebound:SlimeBrawl","Slimebound:ItLooksTasty","sneckomod:UnknownCommonAttack","sneckomod:UnknownCommonAttack","sneckomod:UnknownCommonAttack","sneckomod:UnknownCommonSkill","sneckomod:UnknownCommonSkill","sneckomod:UnknownCommonSkill","sneckomod:UnknownUncommonAttack","sneckomod:UnknownUncommonSkill","sneckomod:UnknownUncommonPower","sneckomod:Unknown","Thinking Ahead","Apotheosis","ReplayTheSpireMod:Uncanny Aura","Chrysalis","Secret Technique","Defend_G","Defend_G","Pain","Regret","Overencumbered","Pain","Injury","Doubt","Slimebound:SlimeSpikes","bronze:Replicate","Defend_P","Slimebound:PrepareCrush","Slimebound:SplitBruiser","Slimebound:Prepare","J.A.X.","Slimebound:ItLooksTasty","Replay:BasicMightCard","Slimebound:SplitSpecialist","expansioncontent:QuickStudy","Replay:SS_hec_1","Pot Of Greed","Pot Of Greed","Pot Of Greed","Pot Of Greed","Pot Of Greed","Pot Of Greed","Pot Of Greed","AbeCurse","Pot Of Greed","Slimebound:TagTeam","Crow Ritual"],"relics":["Ring of Chaos","Du-Vu Doll","Incense Burner","Replay:Multitool","Velvet Choker","SlaversCollar","downfall:HeartBlessingRed","downfall:HeartBlessingBlue","Pocketwatch","Slimebound:TarBlob","Prayer Wheel","Fusion Hammer","champ:DeflectingBracers","Boot","Philosopher\u0027s Stone","MutagenicStrength","CaptainsWheel","Replay:Wanted Poster","Grinning Jar","Blue Doll","Onion Ring","Mango","Mirror","Abe\u0027s Treasure","Eternal Feather","Dream Catcher","Peace Pipe"],"acts_visited":["Exordium","TheCity"],"potions_floor_usage":[29],"damage_taken":[{"damage":0,"enemies":"Small Slimes","floor":2,"turns":3},{"damage":8,"enemies":"2 Louse","floor":9,"turns":2},{"damage":1,"enemies":"3 Sentries","floor":11,"turns":4},{"damage":0,"enemies":"Cultist","floor":15,"turns":2},{"damage":9,"enemies":"WA_ARCHETYPE_RETAIN","floor":16,"turns":3},{"damage":1,"enemies":"downfall:Augmenter","floor":18,"turns":3},{"damage":14,"enemies":"Chosen","floor":19,"turns":3},{"damage":10,"enemies":"downfall:FleeingMerchant","floor":22,"turns":4},{"damage":4,"enemies":"Spheric Guardian","floor":23,"turns":2},{"damage":5,"enemies":"Cultist and Chosen","floor":25,"turns":3},{"damage":33,"enemies":"Slavers","floor":29,"turns":4},{"damage":24,"enemies":"Shelled Parasite and Fungi","floor":32,"turns":3},{"damage":6,"enemies":"DF_ARCHETYPE_CLAW","floor":33,"turns":2}],"seed_played":"5638521723084455355","potions_obtained":[{"floor":2,"key":"FearPotion"},{"floor":19,"key":"Slimebound:SlimyTonguePotion"},{"floor":19,"key":"Flashbang"},{"floor":32,"key":"sneckomod:MuddlingPotion"}],"is_trial":true,"path_per_floor":["R","M","?","WH","WH","WH","T","R","M","WH","E","WH","WH","WH","M","B",null,"R","M","WH","WH","$","M","T","M","R","WH","R","E","WH","WH","M","B"],"character_chosen":"SLIMEBOUND","items_purchased":["expansioncontent:QuickStudy","Replay:SS_hec_1","Grinning Jar"],"campfire_rested":0,"item_purchase_floors":[22,22,22],"current_hp_per_floor":[65,65,65,65,65,65,65,75,67,67,75,75,75,75,75,69,75,74,60,60,60,50,50,50,59,59,59,59,26,26,26,6,0,0,0],"gold":283,"neow_bonus":"RANDOM_COLORLESS_2","is_daily":false,"chose_seed":false,"campfire_upgraded":0,"win_rate":0.0,"timestamp":1613687397,"path_taken":["R","M","?","WH","WH","WH","T","R","M","WH","E","WH","WH","WH","M","BOSS","R","M","WH","WH","$","M","T","?","R","WH","R","E","WH","WH","M","BOSS"],"items_purchased_type":["Card","Card","Relic"],"build_version":"2020-12-22","purchased_purges":0,"victory":false,"max_hp_per_floor":[65,65,65,65,65,65,65,75,75,75,75,75,75,75,75,75,75,75,75,75,75,75,75,75,89,89,89,89,89,89,81,81,81,81,81],"card_choices":[{"not_picked":["Slimebound:AcidTongue","Slimebound:PressTheAttack"],"picked":"Slimebound:SlimeSpikes","floor":11},{"not_picked":["Slimebound:CheckThePlaybook","Slimebound:Teamwork"],"picked":"Slimebound:PrepareCrush","floor":16},{"not_picked":[],"picked":"J.A.X.","floor":18},{"not_picked":["Slimebound:SamplingLick","Slimebound:Grow"],"picked":"Slimebound:ItLooksTasty","floor":18},{"not_picked":["Mind Blast","Dramatic Entrance"],"picked":"Replay:BasicMightCard","floor":21},{"not_picked":["Slimebound:RejuvenatingLick","Slimebound:PressTheAttack"],"picked":"Slimebound:SplitSpecialist","floor":22},{"not_picked":["Slimebound:ForwardTackle","Slimebound:LivingWall"],"picked":"Slimebound:TagTeam","floor":29},{"not_picked":["Secret Technique","Violence"],"picked":"Crow Ritual","floor":31}],"player_experience":57291,"relics_obtained":[{"floor":2,"key":"Incense Burner"},{"floor":9,"key":"Pocketwatch"},{"floor":11,"key":"Prayer Wheel"},{"floor":15,"key":"Boot"},{"floor":18,"key":"MutagenicStrength"},{"floor":19,"key":"CaptainsWheel"},{"floor":23,"key":"Blue Doll"},{"floor":24,"key":"Onion Ring"},{"floor":25,"key":"Mango"},{"floor":26,"key":"Mirror"},{"floor":29,"key":"Eternal Feather"},{"floor":32,"key":"Peace Pipe"}],"event_choices":[],"is_beta":false,"boss_relics":[{"not_picked":["Replay:Bronze Core","sneckomod:SneckoTalon"],"picked":"Philosopher\u0027s Stone"}],"items_purged_floors":[],"is_endless":false,"potions_floor_spawned":[2,19,23,32],"killed_by":"DF_ARCHETYPE_CLAW","ascension_level":0}}