{"host":"290egjt91b2tngam","time":1613660715,"event":{"mods":["BaseMod","Colored Map","Colored Powertips","Downfall","Hubris","Infinite Spire","Marisa????????","Minty Spire (QoL Compilation)","Replay The Spire","StSLib","The Bug Knight","The Cursed","The Servant 0.9.4"],"gold_per_floor":[99,114,129,129,144,174,174,204,204,234,249,279,114,144,159,259,259,342,357,372,56,56,56,81,111,126,141,141,171,171,201,216,316,316,316,331,346,361,376,376,451,466,466,496,511,541,556,556,571,671,671,571,571,571,586,601,631,631,631,661,661,676,706,706,736,751,851,851,851,866,881,881,896,911,941,956,956,616,631,661,661,691,706,806,806,906,921,921],"floor_reached":87,"language":"ENG","playtime":5659,"items_purged":["hubris:Envy","Decay"],"score":2490,"play_id":"79cb1051-36f3-46c1-9b9e-1145e503012e","local_time":"20210218220515","daily_mods":["Heirloom","Green Cards","Elite Swarm"],"is_ascension_mode":false,"campfire_choices":[{"data":"Zap","floor":1.0,"key":"SMITH"},{"data":"Buffer","floor":9.0,"key":"SMITH"},{"data":"hubris:PowerSurge","floor":23.0,"key":"SMITH"},{"data":"Mirror Shield","floor":28.0,"key":"SMITH"},{"data":"Burst","floor":30.0,"key":"SMITH"},{"data":"Echo Form","floor":35.0,"key":"SMITH"},{"data":"infinitespire:TheBestDefense","floor":43.0,"key":"SMITH"},{"floor":64.0,"key":"REST"},{"data":"A Thousand Cuts","floor":69.0,"key":"SMITH"},{"data":"Envenom","floor":77.0,"key":"SMITH"},{"data":"ReplayTheSpireMod:Omega Cannon","floor":81.0,"key":"SMITH"}],"circlet_count":1,"master_deck":["Strike_B","Strike_B","Strike_B","Strike_B","Defend_B","Defend_B","Defend_B","Defend_B","Zap+1","Dualcast","Sunder","Gash","Backstab","Buffer+1","hexamod:Toasty","Bullet Time","Conserve Battery","Adrenaline","Aggregate","Venomology","Outmaneuver","Burst+1","Flying Knee+1","hubris:PowerSurge+1","Atom Bomb","Atom Bomb","Mirror Shield+1","Dagger Spray+1","Echo Form+1","Adrenaline","Noxious Fumes+1","Burst","Beam Cell+1","Sneak Up+1","Conserve Battery+1","ReplayTheSpireMod:Repulse+1","Deflect+1","infinitespire:TheBestDefense+1","Electrodynamics","Adrenaline","Mirror Shield","Buffer+1","PiercingWail","Malaise","ReplayTheSpireMod:Omega Cannon+1","A Thousand Cuts+1","infinitespire:DeathsTouch","Hologram","infinitespire:Collect","Replay:Poison Smokescreen+1","Envenom+1","hubris:NaturalOne","Panic Button+1","Adrenaline","Echo Form","Corpse Explosion"],"relics":["m_HexaRing","Unceasing Top","infinitespire:Cubic Diamond","bronze:BronzeIdol","Anchor","infinitespire:PuzzleCube","sneckomod:BlankCard","hubris:BundleOfHerbs","Circlet","Quantum Egg","Nuclear Battery","Lee\u0027s Waffle","Potion Belt","Replay:Kaleidoscope","hexamod:BolsterEngine","Lantern","Replay:Bronze Core","Orrery","Bottled Tornado","hubris:RGBLights","Incense Burner","hubris:Icosahedron","Black Star","downfall:HeartBlessingGreen","downfall:ExtraCursedKey","hubris:SphereOfDissonance","Dream Catcher","hubris:Towel","expansioncontent:StudyCardRelic","Bronze Scales","InkBottle","hubris:ScarierMask"],"acts_visited":["TheBeyond"],"potions_floor_usage":[],"damage_taken":[{"damage":5.0,"enemies":"2 Louse","floor":2.0,"turns":2.0},{"damage":0.0,"enemies":"Cultist","floor":3.0,"turns":2.0},{"damage":1.0,"enemies":"Jaw Worm","floor":5.0,"turns":3.0},{"damage":6.0,"enemies":"Lagavulin","floor":6.0,"turns":5.0},{"damage":20.0,"enemies":"HollowMod:MossKnight","floor":8.0,"turns":8.0},{"damage":13.0,"enemies":"Lagavulin","floor":10.0,"turns":6.0},{"damage":0.0,"enemies":"3 Louse","floor":11.0,"turns":3.0},{"damage":4.0,"enemies":"Replay:BlueRogue","floor":12.0,"turns":6.0},{"damage":0.0,"enemies":"downfall:FleeingMerchant","floor":13.0,"turns":4.0},{"damage":0.0,"enemies":"3 Sentries","floor":14.0,"turns":5.0},{"damage":0.0,"enemies":"2 Fungi Beasts","floor":15.0,"turns":3.0},{"damage":0.0,"enemies":"WA_ARCHETYPE_RETAIN","floor":16.0,"turns":4.0},{"damage":0.0,"enemies":"Chosen","floor":19.0,"turns":6.0},{"damage":0.0,"enemies":"Spheric Guardian","floor":20.0,"turns":5.0},{"damage":0.0,"enemies":"downfall:FleeingMerchant","floor":21.0,"turns":5.0},{"damage":2.0,"enemies":"HollowMod:Nosk","floor":25.0,"turns":6.0},{"damage":0.0,"enemies":"Shelled Parasite and Fungi","floor":26.0,"turns":2.0},{"damage":0.0,"enemies":"Snake Plant","floor":27.0,"turns":2.0},{"damage":6.0,"enemies":"Book of Stabbing","floor":29.0,"turns":5.0},{"damage":0.0,"enemies":"Nightmare","floor":31.0,"turns":4.0},{"damage":0.0,"enemies":"Cultist and Chosen","floor":32.0,"turns":4.0},{"damage":43.0,"enemies":"SI_MIRROR_ARCHETYPE","floor":33.0,"turns":8.0},{"damage":0.0,"enemies":"Orb Walker","floor":36.0,"turns":4.0},{"damage":1.0,"enemies":"3 Darklings","floor":37.0,"turns":5.0},{"damage":15.0,"enemies":"Sphere and 2 Shapes","floor":38.0,"turns":3.0},{"damage":0.0,"enemies":"4 Shapes","floor":39.0,"turns":3.0},{"damage":0.0,"enemies":"Jaw Worm Horde","floor":42.0,"turns":2.0},{"damage":16.0,"enemies":"Reptomancer","floor":44.0,"turns":5.0},{"damage":11.0,"enemies":"Maw","floor":45.0,"turns":5.0},{"damage":0.0,"enemies":"Nemesis","floor":46.0,"turns":3.0},{"damage":0.0,"enemies":"Sphere and 2 Shapes","floor":47.0,"turns":2.0},{"damage":0.0,"enemies":"Writhing Mass","floor":49.0,"turns":4.0},{"damage":19.0,"enemies":"IC_BLOCK_ARCHETYPE","floor":50.0,"turns":8.0},{"damage":0.0,"enemies":"2 Louse","floor":55.0,"turns":2.0},{"damage":0.0,"enemies":"Cultist","floor":56.0,"turns":1.0},{"damage":0.0,"enemies":"Lagavulin","floor":57.0,"turns":3.0},{"damage":0.0,"enemies":"Gremlin Nob","floor":60.0,"turns":2.0},{"damage":0.0,"enemies":"Jaw Worm","floor":62.0,"turns":2.0},{"damage":0.0,"enemies":"Replay:BlueRogue","floor":63.0,"turns":3.0},{"damage":0.0,"enemies":"3 Sentries","floor":65.0,"turns":4.0},{"damage":0.0,"enemies":"Red Slaver","floor":66.0,"turns":2.0},{"damage":0.0,"enemies":"Fading Forest","floor":67.0,"turns":11.0},{"damage":0.0,"enemies":"Chosen","floor":70.0,"turns":2.0},{"damage":0.0,"enemies":"Shell Parasite","floor":71.0,"turns":4.0},{"damage":0.0,"enemies":"Centurion and Healer","floor":73.0,"turns":3.0},{"damage":0.0,"enemies":"Shelled Parasite and Fungi","floor":74.0,"turns":2.0},{"damage":0.0,"enemies":"Nightmare","floor":75.0,"turns":4.0},{"damage":0.0,"enemies":"Sentry and Sphere","floor":76.0,"turns":2.0},{"damage":0.0,"enemies":"downfall:FleeingMerchant","floor":78.0,"turns":5.0},{"damage":0.0,"enemies":"3 Cultists","floor":79.0,"turns":3.0},{"damage":0.0,"enemies":"Slavers","floor":80.0,"turns":3.0},{"damage":0.0,"enemies":"Gremlin Leader","floor":82.0,"turns":4.0},{"damage":0.0,"enemies":"Snecko","floor":83.0,"turns":4.0},{"damage":0.0,"enemies":"Pondfish","floor":84.0,"turns":6.0},{"damage":0,"enemies":"3 Darklings","floor":87,"turns":2}],"seed_played":"5535013652570512859","potions_obtained":[{"floor":2.0,"key":"Weak Potion"},{"floor":5.0,"key":"AttackPotion"},{"floor":12.0,"key":"Milkshake"},{"floor":14.0,"key":"Flashbang"},{"floor":26.0,"key":"FearPotion"},{"floor":29.0,"key":"champ:CounterPotion"},{"floor":32.0,"key":"BlessingOfTheForge"},{"floor":38.0,"key":"Explosive Potion"},{"floor":44.0,"key":"Block Potion"},{"floor":46.0,"key":"hexamod:SoulburnPotion"},{"floor":56.0,"key":"BlessingOfTheForge"},{"floor":63.0,"key":"LiquidMemories"},{"floor":67.0,"key":"SkillPotion"},{"floor":75.0,"key":"Doom Potion"},{"floor":79.0,"key":"FairyPotion"}],"is_trial":false,"path_per_floor":["R","M","M","?","M","E","T","E","R","E","M","E","$","E","M","B",null,"R_BF","M","M","$","?","R","T","E","M","M","R","E","R","NM","M","B",null,"R","M","M","M","M","AVR","T","M","R","E","M","E","M","?","M","B",null,"R_BF","?","?","M","M","E","T","?","E","?","M","E","R","E","M","B",null,"R","M","M","AVR","M","M","NM","M","R","$","M","E","R","E","M","B",null,"R_BF","M"],"character_chosen":"DEFECT","items_purchased":["HollowMod:JonisBlessing","Atom Bomb","Lee\u0027s Waffle","InkBottle"],"campfire_rested":1,"item_purchase_floors":[13,21,21,78],"current_hp_per_floor":[75,70,70,70,69,63,63,43,43,30,30,26,26,26,26,26,75,75,75,75,82,82,82,82,80,80,80,80,74,74,74,74,31,82,82,82,81,66,66,66,66,66,66,50,39,39,39,39,39,20,82,82,49,49,49,49,49,49,49,49,49,49,49,73,73,73,73,82,82,82,82,82,82,82,82,82,82,82,82,82,82,82,82,82,82,82,82,82],"gold":921,"neow_bonus":"","is_daily":true,"chose_seed":false,"campfire_upgraded":10,"win_rate":0.0,"timestamp":1613660715,"path_taken":["R","M","M","?","M","E","T","E","R","E","M","E","?","E","M","BOSS","R_BF","M","M","$","?","R","T","E","M","M","R","E","R","NM","M","BOSS","R","M","M","?","M","AVR","T","M","R","E","?","E","M","?","M","BOSS","R_BF","?","?","M","M","E","T","?","E","?","M","E","R","E","M","BOSS","R","M","M","AVR","M","M","NM","M","R","$","?","E","R","E","M","BOSS","R_BF","M"],"items_purchased_type":["Relic","Card","Relic","Relic"],"build_version":"2020-12-22","purchased_purges":2,"victory":false,"max_hp_per_floor":[75,75,75,75,75,75,75,75,75,75,75,75,75,75,75,75,75,75,75,75,82,82,82,82,82,82,82,82,82,82,82,82,82,82,82,82,82,82,82,82,82,82,82,82,82,82,82,82,82,82,82,82,82,82,82,82,82,82,82,82,82,82,82,82,82,82,82,82,82,82,82,82,82,82,82,82,82,82,82,82,82,82,82,82,82,82,82,82],"card_choices":[{"not_picked":["Dodge and Roll","hubris:Ukulele"],"picked":"Sunder","floor":2.0},{"not_picked":["ReplayTheSpireMod:Speed Training","Hologram"],"picked":"Gash","floor":3.0},{"not_picked":["Dagger Throw","Catalyst"],"picked":"Backstab","floor":5.0},{"not_picked":["hubris:SpecializedCircuitry","Poison Darts"],"picked":"Buffer","floor":6.0},{"not_picked":["Fission","Malaise"],"picked":"hexamod:Toasty","floor":8.0},{"not_picked":["hubris:DoWhile","Poison Darts"],"picked":"Bullet Time","floor":10.0},{"not_picked":["Catalyst","PiercingWail"],"picked":"Conserve Battery","floor":11.0},{"not_picked":["Malaise","Wraith Form v2"],"picked":"Adrenaline","floor":12.0},{"not_picked":["Dagger Throw","Bane"],"picked":"Aggregate","floor":13.0},{"not_picked":["Poison Darts","ReplayTheSpireMod:From All Sides"],"picked":"Venomology","floor":14.0},{"not_picked":["Dagger Throw","Redo"],"picked":"Outmaneuver","floor":15.0},{"not_picked":["hexamod:SearingWound","Glass Knife"],"picked":"Burst","floor":16.0},{"not_picked":["Sucker Punch","Endless Agony+1","Stack"],"picked":"SKIP","floor":19.0},{"not_picked":["Coolheaded","Predator"],"picked":"Flying Knee+1","floor":20.0},{"not_picked":["Coolheaded","Panic Button+1"],"picked":"hubris:PowerSurge","floor":21.0},{"not_picked":["Meteor Strike","Thunder Strike"],"picked":"Mirror Shield","floor":25.0},{"not_picked":["Blade Dance","Hidden Blade"],"picked":"Dagger Spray+1","floor":26.0},{"not_picked":["hubris:Ukulele","Rebound","Underhanded Strike"],"picked":"SKIP","floor":27.0},{"not_picked":["Poison Darts","Atom Bomb"],"picked":"Echo Form","floor":29.0},{"not_picked":["Electrodynamics","Thunder Strike"],"picked":"Adrenaline","floor":31.0},{"not_picked":["Rebound","Slice"],"picked":"Noxious Fumes+1","floor":32.0},{"not_picked":["Mirror Shield","Doppelganger"],"picked":"Burst","floor":33.0},{"not_picked":["FIFO Queue+1","Coolheaded+1"],"picked":"Beam Cell+1","floor":36.0},{"not_picked":["Turbo+1","Deadly Poison","Stack"],"picked":"SKIP","floor":37.0},{"not_picked":["Rebound","Genetic Algorithm+1"],"picked":"Sneak Up+1","floor":38.0},{"not_picked":["Reflex+1","Blade Dance+1"],"picked":"Conserve Battery+1","floor":39.0},{"not_picked":["Go for the Eyes","ReplayRNGCard"],"picked":"ReplayTheSpireMod:Repulse+1","floor":40.0},{"not_picked":["Hidden Blade+1","BasicCrystalCard+1"],"picked":"Deflect+1","floor":40.0},{"not_picked":["Flying Knee","Blur+1","Glass Knife"],"picked":"SKIP","floor":42.0},{"not_picked":["Multi-Cast","Bullet Time"],"picked":"Electrodynamics","floor":44.0},{"not_picked":["Deflect","Panic Button","Ball Lightning"],"picked":"SKIP","floor":45.0},{"not_picked":["Amplify","Biased Cognition"],"picked":"Adrenaline","floor":46.0},{"not_picked":["Quick Slash+1","Dagger Throw+1","BasicCrystalCard+1"],"picked":"SKIP","floor":47.0},{"not_picked":["Flying Knee","Panic Button+1","Ball Lightning+1"],"picked":"SKIP","floor":49.0},{"not_picked":["Atom Bomb","Tools of the Trade"],"picked":"Mirror Shield","floor":50.0},{"not_picked":["Panic Button","Steam","hexamod:FlamesFromBeyond"],"picked":"SKIP","floor":55.0},{"not_picked":["Undo","Crippling Poison","Slice"],"picked":"SKIP","floor":56.0},{"not_picked":["Multi-Cast","Thunder Strike","Doppelganger"],"picked":"SKIP","floor":57.0},{"not_picked":["Creative AI","Biased Cognition"],"picked":"Buffer","floor":60.0},{"not_picked":["Poisoned Stab","Sucker Punch"],"picked":"PiercingWail","floor":62.0},{"not_picked":["Biased Cognition","Storm of Steel"],"picked":"Malaise","floor":63.0},{"not_picked":["Die Die Die","infinitespire:Neurotoxin"],"picked":"ReplayTheSpireMod:Omega Cannon","floor":65.0},{"not_picked":["Escape Plan","Steam","Beam Cell"],"picked":"SKIP","floor":66.0},{"not_picked":["ReplayTheSpireMod:Necrosis","hexamod:Toasty"],"picked":"A Thousand Cuts","floor":67.0},{"not_picked":["infinitespire:Menacing","infinitespire:Gouge"],"picked":"infinitespire:DeathsTouch","floor":68.0},{"not_picked":["Compile Driver","Conserve Battery"],"picked":"Hologram","floor":70.0},{"not_picked":["Dagger Spray","Noxious Fumes","Infinite Blades"],"picked":"SKIP","floor":71.0},{"not_picked":["Leap","Go for the Eyes","ReplayTheSpireMod:Reroute Power"],"picked":"SKIP","floor":73.0},{"not_picked":["Go for the Eyes+1","Reinforced Body"],"picked":"Replay:Poison Smokescreen+1","floor":74.0},{"not_picked":["Biased Cognition","Wraith Form v2"],"picked":"Envenom","floor":75.0},{"not_picked":["Coolheaded","Cold Snap","ReplayTheSpireMod:Reroute Power"],"picked":"SKIP","floor":76.0},{"not_picked":["Calculated Gamble","Ball Lightning"],"picked":"Panic Button+1","floor":78.0},{"not_picked":["Chaos","Scrape+1","Compile Driver"],"picked":"SKIP","floor":79.0},{"not_picked":["hubris:DoWhile","Meteor Strike"],"picked":"Adrenaline","floor":80.0},{"not_picked":["Rainbow","Glass Knife"],"picked":"Echo Form","floor":82.0},{"not_picked":["Hologram","FIFO Queue","Deflect"],"picked":"SKIP","floor":83.0},{"not_picked":["Grand Finale","Atom Bomb"],"picked":"Corpse Explosion","floor":84.0},{"not_picked":["Dodge and Roll","Expertise+1","Blade Dance"],"picked":"SKIP","floor":87}],"player_experience":751938,"relics_obtained":[{"floor":6.0,"key":"bronze:BronzeIdol"},{"floor":7.0,"key":"Anchor"},{"floor":8.0,"key":"infinitespire:PuzzleCube"},{"floor":10.0,"key":"sneckomod:BlankCard"},{"floor":12.0,"key":"hubris:BundleOfHerbs"},{"floor":14.0,"key":"Quantum Egg"},{"floor":24.0,"key":"Potion Belt"},{"floor":25.0,"key":"Replay:Kaleidoscope"},{"floor":29.0,"key":"hexamod:BolsterEngine"},{"floor":31.0,"key":"Lantern"},{"floor":41.0,"key":"Bottled Tornado"},{"floor":44.0,"key":"hubris:RGBLights"},{"floor":46.0,"key":"Incense Burner"},{"floor":58.0,"key":"Dream Catcher"}],"event_choices":[{"damage_healed":0.0,"max_hp_gain":0.0,"max_hp_loss":0.0,"gold_gain":0.0,"event_name":"Scrap Ooze","player_choice":"Success","floor":53.0,"gold_loss":0.0,"damage_taken":33.0,"relics_obtained":["hubris:SphereOfDissonance"]}],"is_beta":false,"boss_relics":[{"not_picked":["Philosopher\u0027s Stone","SlaversCollar"],"picked":"Nuclear Battery"},{"not_picked":["Snecko Eye","hubris:Stopwatch"],"picked":"Replay:Bronze Core"},{"not_picked":["Kintsugi","hubris:CrackedHourglass"],"picked":"Black Star"},{"not_picked":["Tiny House","Astrolabe"],"picked":"expansioncontent:StudyCardRelic"},{"not_picked":["infinitespire:Cupcake","Sozu"],"picked":"hubris:ScarierMask"}],"items_purged_floors":[72,78],"is_endless":true,"potions_floor_spawned":[2,5,12,14,20,26,29,32,38,39,44,45,46,47,56,63,65,67,75,76,79,80,82,84,87],"killed_by":"3 Darklings","ascension_level":0}}