{"host":"ufhw4cf0hh51lveu","time":1613648802,"event":{"mods":["BaseMod","DeckTracker","Lobotomy","Minty Spire (QoL Compilation)","SuperFastMode"],"gold_per_floor":[274,32,46,65,84,84,103,137,160,160,170,195,209,229,229,330,330,349,349,349],"floor_reached":19,"language":"KOR","playtime":692,"items_purged":[],"score":183,"play_id":"f148fdc8-67fa-4401-9cab-e2e29524100f","local_time":"20210218204642","is_ascension_mode":false,"campfire_choices":[{"data":"Infinite Blades","floor":6,"key":"SMITH"},{"floor":15,"key":"REST"}],"circlet_count":0,"master_deck":["Survivor","Neutralize","Infinite Blades+1","Footwork","PiercingWail","Finisher","Dagger Throw","Cloak And Dagger","Poisoned Stab","Slice","Dagger Spray","Acrobatics","Deadly Poison","Dagger Throw","Burst","Noxious Fumes","After Image","Burst","Crippling Poison","Night Terror","Predator","Terror","Bouncing Flask","Venomology","Predator","Leg Sweep"],"relics":["Ring of the Snake","Chemical X","MealTicket","Juzu Bracelet","Anchor","Pandora\u0027s Box"],"acts_visited":["Exordium","TheCity"],"potions_floor_usage":[8,12,12,14,16,16,18,19],"damage_taken":[{"damage":0,"enemies":"Cultist","floor":1,"turns":4},{"damage":3,"enemies":"Jaw Worm","floor":3,"turns":5},{"damage":0,"enemies":"Small Slimes","floor":4,"turns":3},{"damage":2,"enemies":"Blue Slaver","floor":5,"turns":5},{"damage":4,"enemies":"Exordium Thugs","floor":7,"turns":6},{"damage":12,"enemies":"Lagavulin","floor":8,"turns":7},{"damage":10,"enemies":"2 Fungi Beasts","floor":11,"turns":4},{"damage":6,"enemies":"Gremlin Nob","floor":12,"turns":3},{"damage":10,"enemies":"Looter","floor":13,"turns":3},{"damage":0,"enemies":"Red Slaver","floor":14,"turns":4},{"damage":9,"enemies":"Slime Boss","floor":16,"turns":8},{"damage":34,"enemies":"Chosen","floor":18,"turns":5},{"damage":41,"enemies":"Spheric Guardian","floor":19,"turns":5}],"seed_played":"3238294576268559835","potions_obtained":[{"floor":7,"key":"BlessingOfTheForge"},{"floor":8,"key":"FearPotion"},{"floor":11,"key":"PowerPotion"},{"floor":12,"key":"Weak Potion"},{"floor":13,"key":"Weak Potion"},{"floor":14,"key":"CultistPotion"},{"floor":16,"key":"BlessingOfTheForge"}],"is_trial":false,"path_per_floor":["M","$","M","M","M","R","M","E","T","?","M","E","M","M","R","B",null,"M","M"],"character_chosen":"THE_SILENT","items_purchased":["Footwork","Chemical X","PiercingWail"],"campfire_rested":1,"item_purchase_floors":[2,2,2],"current_hp_per_floor":[70,70,67,67,65,65,61,49,49,49,39,33,23,23,44,35,70,36,0,0],"gold":349,"neow_bonus":"","is_daily":false,"chose_seed":false,"campfire_upgraded":1,"win_rate":0.0,"timestamp":1613648802,"path_taken":["M","$","M","M","M","R","M","E","T","?","M","E","M","M","R","BOSS","M","M"],"items_purchased_type":["Card","Relic","Card"],"build_version":"2020-12-22","purchased_purges":0,"victory":false,"max_hp_per_floor":[70,70,70,70,70,70,70,70,70,70,70,70,70,70,70,70,70,70,70,70],"card_choices":[{"not_picked":["Dagger Spray","Blur"],"picked":"Infinite Blades","floor":1},{"not_picked":["Underhanded Strike","Tactician"],"picked":"Finisher","floor":3},{"not_picked":["Dodge and Roll","Escape Plan"],"picked":"Dagger Throw","floor":4},{"not_picked":["Flechettes","Dodge and Roll"],"picked":"Cloak And Dagger","floor":5},{"not_picked":["Acrobatics","Flechettes"],"picked":"Poisoned Stab","floor":7},{"not_picked":["All Out Attack","Storm of Steel"],"picked":"Slice","floor":8},{"not_picked":["Bane","Underhanded Strike"],"picked":"Dagger Spray","floor":11},{"not_picked":["Underhanded Strike","Quick Slash"],"picked":"Acrobatics","floor":12},{"not_picked":["Backflip","Envenom"],"picked":"Deadly Poison","floor":13},{"not_picked":["Outmaneuver","Quick Slash"],"picked":"Dagger Throw","floor":14},{"not_picked":["Die Die Die","Tools of the Trade"],"picked":"Burst","floor":16},{"not_picked":["Bane+1","Deflect"],"picked":"Leg Sweep","floor":18}],"player_experience":54762,"relics_obtained":[{"floor":8,"key":"MealTicket"},{"floor":9,"key":"Juzu Bracelet"},{"floor":12,"key":"Anchor"}],"event_choices":[{"damage_healed":0,"gold_gain":0,"player_choice":"Fled","damage_taken":0,"max_hp_gain":0,"max_hp_loss":0,"event_name":"Scrap Ooze","floor":10,"gold_loss":0}],"is_beta":false,"boss_relics":[{"not_picked":["Fusion Hammer","Snecko Eye"],"picked":"Pandora\u0027s Box"}],"items_purged_floors":[],"is_endless":false,"potions_floor_spawned":[7,8,11,12,13,14,16],"killed_by":"Spheric Guardian","ascension_level":0}}