{"host":"8o45mh5p3pp1o2mi","time":1613611899,"event":{"mods":["BaseMod","Bestiary","Better Match","Better Third Choice","BetterRewards","Dark Map","Downfall","Fox Events","Minty Spire (QoL Compilation)","Rare Cards Sparkle","Relic Stats","Replay The Spire","Shop Mod","Spire Exporter","StSLib","everything is the same but u backflip on backflip"],"gold_per_floor":[0,16,28,28,88,88,113,182,82,109,128,21,60,70,90,197,197,197,221,235,34,234,234,259,259,270,287,287,318,318,347,360,457,457,357,369,382,382,399,409,435,462,500,514,514,525,525,556,456,456,456,482,16,16,16,16],"floor_reached":57,"language":"ENG","playtime":5436,"items_purged":["Normality","Regret","downfall:Aged","hexamod:Defend"],"score":1329,"play_id":"59ea5db8-3860-4741-82da-3a6fe24d5734","local_time":"20210218013139","is_ascension_mode":false,"campfire_choices":[{"data":"1","floor":6,"key":"LIFT"},{"data":"2","floor":9,"key":"LIFT"},{"data":"3","floor":18,"key":"LIFT"},{"data":"hexamod:ApocalypticArmor","floor":23,"key":"SMITH"},{"floor":30,"key":"RECALL"},{"data":"hexamod:FastForward","floor":35,"key":"SMITH"},{"data":"hexamod:GiftsFromTheDead","floor":45,"key":"SMITH"},{"floor":49,"key":"REST"},{"data":"expansioncontent:YouAreMine","floor":54,"key":"SMITH"}],"circlet_count":0,"master_deck":["hexamod:Strike","hexamod:Strike","hexamod:Defend","hexamod:Defend","hexamod:Sear","hexamod:Float","hexamod:NightmareStrike+1","hexamod:SoulSteal","hexamod:SpectersWail","hexamod:WildfireWeapon","hexamod:FastForward+1","hexamod:GhostLash","hexamod:TimeWarp","hexamod:FlamesFromBeyond+1","expansioncontent:AwakenDeath","hexamod:ApocalypticArmor+1","hexamod:FlamesFromBeyond+1","hexamod:Hexaguard","hexamod:ApocalypseNow","hexamod:SpectersWail+1","hexamod:TimeWarp","hexamod:RecurringNightmare+1","hexamod:EmpoweredFlame+1","hexamod:StepThrough","downfall:Haunted","hexamod:NightmareGuise","hexamod:GhostOfSpirePast","hexamod:PhantomCloak+1","hexamod:UnleashSpirits+1","hexamod:Hexaguard+1","hexamod:Rewind+1","hexamod:FirstSeal","hexamod:GiftsFromTheDead+1","hexamod:GhostflameBarrier","hexamod:RainOfEmbers","expansioncontent:YouAreMine+1","Replay:SS_hec_1","Blind"],"relics":["hexamod:UnbrokenSoul","Girya","ReplayTheSpireMod:CursedCoin","downfall:HeartBlessingBlue","Replay:Rubber Ducky","hexamod:TheBrokenSeal","Membership Card","ReplayTheSpireMod:TigerMarble","Replay:Bottled Eggs","NlothsMask","Simple Rune","Durian","downfall:HeartBlessingRed","Mango","ClockworkSouvenir","Meat on the Bone","MerchantsRug","Omamori","downfall:HeartBlessingGreen","ReplayTheSpireMod:Lightbulb","Lee\u0027s Waffle","Anchor","CaptainsWheel"],"acts_visited":["Exordium","TheCity","TheBeyond","TheEnding"],"potions_floor_usage":[15,33,36,48,50,56,56,56],"damage_taken":[{"damage":12,"enemies":"2 Louse","floor":2,"turns":3},{"damage":10,"enemies":"Jaw Worm","floor":3,"turns":5},{"damage":9,"enemies":"downfall:FleeingMerchant","floor":5,"turns":4},{"damage":14,"enemies":"Cultist","floor":10,"turns":4},{"damage":12,"enemies":"downfall:LooterAlt","floor":11,"turns":3},{"damage":13,"enemies":"downfall:FleeingMerchant","floor":12,"turns":4},{"damage":5,"enemies":"Lagavulin","floor":13,"turns":5},{"damage":9,"enemies":"Lots of Slimes","floor":14,"turns":3},{"damage":5,"enemies":"2 Fungi Beasts","floor":15,"turns":4},{"damage":0,"enemies":"SI_SHIV_ARCHETYPE","floor":16,"turns":6},{"damage":19,"enemies":"downfall:LooterAlt2","floor":19,"turns":6},{"damage":4,"enemies":"3 Byrds","floor":20,"turns":3},{"damage":8,"enemies":"downfall:FleeingMerchant","floor":21,"turns":4},{"damage":0,"enemies":"Snecko","floor":26,"turns":3},{"damage":8,"enemies":"Snake Plant","floor":27,"turns":3},{"damage":40,"enemies":"Gremlin Leader","floor":29,"turns":5},{"damage":12,"enemies":"Book of Stabbing","floor":31,"turns":4},{"damage":4,"enemies":"Shelled Parasite and Fungi","floor":32,"turns":4},{"damage":16,"enemies":"DF_ARCHETYPE_CLAW","floor":33,"turns":7},{"damage":11,"enemies":"3 Darklings","floor":36,"turns":3},{"damage":0,"enemies":"3 Shapes","floor":37,"turns":3},{"damage":0,"enemies":"Spire Growth","floor":39,"turns":4},{"damage":24,"enemies":"Maw","floor":40,"turns":7},{"damage":21,"enemies":"Giant Head","floor":42,"turns":6},{"damage":0,"enemies":"downfall:FleeingMerchant","floor":43,"turns":3},{"damage":8,"enemies":"4 Shapes","floor":44,"turns":4},{"damage":8,"enemies":"Jaw Worm Horde","floor":46,"turns":4},{"damage":35,"enemies":"Nemesis","floor":48,"turns":5},{"damage":11,"enemies":"IC_BLOCK_ARCHETYPE","floor":50,"turns":7},{"damage":35,"enemies":"downfall:CharBossMerchant","floor":52,"turns":6},{"damage":0,"enemies":"downfall:NeowBoss","floor":55,"turns":11},{"damage":37,"enemies":"downfall:NeowBossFinal","floor":56,"turns":10}],"seed_played":"-4127706172493527415","potions_obtained":[{"floor":2,"key":"BlessingOfTheForge"},{"floor":3,"key":"Milkshake"},{"floor":5,"key":"CultistPotion"},{"floor":10,"key":"Energy Potion"},{"floor":13,"key":"ColorlessPotion"},{"floor":15,"key":"SkillPotion"},{"floor":15,"key":"LiquidMemories"},{"floor":36,"key":"Guardian:BlockOnCardUsePotion"},{"floor":42,"key":"Elixir"},{"floor":48,"key":"champ:CounterPotion"}],"is_trial":false,"path_per_floor":["R","M","M","?","$","R","T","T","R","M","M","$","E","M","M","B",null,"R","M","M","$","?","R","T","?","M","M","?","E","R","E","M","B",null,"R","M","M","?","M","M","T","E","$","M","R","M","?","E","R","B",null,"E","$","R","B","B",null],"character_chosen":"THE_SPIRIT","items_purchased":["ReplayTheSpireMod:CursedCoin","BargainBundle","hexamod:TimeWarp","hexamod:FlamesFromBeyond","expansioncontent:AwakenDeath","Membership Card","hexamod:StepThrough","ClockworkSouvenir","Meat on the Bone","MerchantsRug","hexamod:GhostflameBarrier","Lee\u0027s Waffle","Anchor","CaptainsWheel","Flashbang","Blind"],"campfire_rested":1,"item_purchase_floors":[5,12,12,12,12,21,21,43,43,43,43,53,53,53,53,53],"current_hp_per_floor":[70,58,48,48,39,39,39,39,49,35,23,17,19,10,12,19,80,80,90,86,78,78,78,78,78,78,70,70,30,30,23,19,3,95,95,84,84,84,84,67,67,67,74,73,73,65,60,41,73,62,109,81,116,116,116,86],"gold":16,"neow_bonus":"THREE_RARE_CARDS","is_daily":false,"chose_seed":false,"campfire_upgraded":4,"win_rate":0.0,"timestamp":1613611899,"path_taken":["R","M","M","?","$","R","T","?","R","M","?","$","E","M","M","BOSS","R","M","M","$","?","R","T","?","M","?","?","E","R","E","M","BOSS","R","M","?","?","M","?","T","E","$","M","R","M","?","E","R","BOSS","E","$","R","BOSS","BOSS"],"items_purchased_type":["Relic","Relic","Card","Card","Card","Relic","Card","Relic","Relic","Relic","Card","Relic","Relic","Relic","Potion","Card"],"build_version":"2020-12-22","purchased_purges":4,"victory":true,"max_hp_per_floor":[70,70,70,70,70,70,70,70,80,80,80,80,80,80,80,80,80,80,90,90,90,90,90,90,90,90,90,90,90,90,95,95,95,95,95,95,95,95,95,95,95,109,109,109,109,109,109,109,109,109,109,109,116,116,116,116],"relic_stats":{"Lee\u0027s Waffle":35,"counters":[32,153],"obtain_stats":[{"Mango":42,"downfall:HeartBlessingGreen":49,"Whetstone":7,"Replay:Rubber Ducky":13,"ClockworkSouvenir":43,"downfall:HeartBlessingBlue":9,"Replay:Bottled Eggs":25,"hexamod:SpiritBrand":0,"Girya":4,"MerchantsRug":43,"BargainBundle":12,"Lee\u0027s Waffle":53,"downfall:HeartBlessingRed":35,"ReplayTheSpireMod:CursedCoin":5,"Astrolabe":34,"hexamod:TheBrokenSeal":19,"Omamori":48,"Anchor":53,"CaptainsWheel":53,"hexamod:UnbrokenSoul":17,"Simple Rune":29,"ReplayTheSpireMod:TigerMarble":24,"Durian":31,"Membership Card":21,"ReplayTheSpireMod:Lightbulb":52,"NlothsMask":28,"Meat on the Bone":43},{"Mango":24,"downfall:HeartBlessingGreen":28,"Whetstone":3,"Replay:Rubber Ducky":7,"ClockworkSouvenir":25,"downfall:HeartBlessingBlue":3,"Replay:Bottled Eggs":13,"hexamod:SpiritBrand":0,"Girya":2,"MerchantsRug":25,"BargainBundle":6,"Lee\u0027s Waffle":30,"downfall:HeartBlessingRed":19,"ReplayTheSpireMod:CursedCoin":3,"Astrolabe":19,"hexamod:TheBrokenSeal":11,"Omamori":28,"Anchor":30,"CaptainsWheel":30,"hexamod:UnbrokenSoul":10,"Simple Rune":16,"ReplayTheSpireMod:TigerMarble":13,"Durian":17,"Membership Card":13,"ReplayTheSpireMod:Lightbulb":30,"NlothsMask":15,"Meat on the Bone":25},{"Mango":103,"downfall:HeartBlessingGreen":119,"Whetstone":12,"Replay:Rubber Ducky":28,"ClockworkSouvenir":106,"downfall:HeartBlessingBlue":12,"Replay:Bottled Eggs":54,"hexamod:SpiritBrand":0,"Girya":8,"MerchantsRug":106,"BargainBundle":23,"Lee\u0027s Waffle":132,"downfall:HeartBlessingRed":80,"ReplayTheSpireMod:CursedCoin":12,"Astrolabe":80,"hexamod:TheBrokenSeal":46,"Omamori":119,"Anchor":132,"CaptainsWheel":132,"hexamod:UnbrokenSoul":41,"Simple Rune":65,"ReplayTheSpireMod:TigerMarble":54,"Durian":69,"Membership Card":54,"ReplayTheSpireMod:Lightbulb":132,"NlothsMask":60,"Meat on the Bone":106}],"Meat on the Bone":12},"card_choices":[{"not_picked":["hexamod:WildfireWeapon","hexamod:TimeOfNeed"],"picked":"hexamod:FifthSeal","floor":0},{"not_picked":["hexamod:SecondSeal","hexamod:FirstSeal"],"picked":"hexamod:SixthSeal","floor":2},{"not_picked":["hexamod:FastForward","hexamod:NightmareGuise"],"picked":"hexamod:SoulSteal","floor":2},{"not_picked":["hexamod:SixthSeal","hexamod:ThirdSeal"],"picked":"hexamod:FourthSeal","floor":3},{"not_picked":["hexamod:HauntingEcho","hexamod:InspiringFlames"],"picked":"hexamod:SpectersWail","floor":3},{"not_picked":["hexamod:SixthSeal","hexamod:FourthSeal"],"picked":"hexamod:SecondSeal","floor":5},{"not_picked":["hexamod:ShieldOfDarkness","hexamod:NightmareGuise"],"picked":"hexamod:WildfireWeapon","floor":5},{"not_picked":["hexamod:FourthSeal","hexamod:SixthSeal"],"picked":"hexamod:FirstSeal","floor":10},{"not_picked":["hexamod:RadiantFlame","hexamod:HauntingEcho"],"picked":"hexamod:FastForward","floor":10},{"not_picked":["hexamod:HeatMetal","hexamod:NightmareStrike","hexamod:HexaLevel"],"picked":"SKIP","floor":11},{"not_picked":["hexamod:Haunt","hexamod:Firestarter"],"picked":"hexamod:GhostLash","floor":12},{"not_picked":["hexamod:SwordOfDarkness","hexamod:BurningTouch"],"picked":"hexamod:ApocalypticArmor","floor":13},{"not_picked":["hexamod:AdvancingGuard","hexamod:StepThrough"],"picked":"hexamod:FlamesFromBeyond","floor":14},{"not_picked":["hexamod:FirstSeal","hexamod:SixthSeal"],"picked":"hexamod:ThirdSeal","floor":15},{"not_picked":["hexamod:GhostOfSpireFuture","hexamod:SuperheatedStrike"],"picked":"hexamod:Hexaguard","floor":15},{"not_picked":["hexamod:SixthSeal","hexamod:HexaLevel"],"picked":"hexamod:ApocalypseNow","floor":16},{"not_picked":["hexamod:Firestarter","hexamod:SwordOfDarkness+1"],"picked":"hexamod:SpectersWail+1","floor":19},{"not_picked":["hexamod:FirstSeal","hexamod:FastForward"],"picked":"hexamod:TimeWarp","floor":19},{"not_picked":["hexamod:StepThrough","hexamod:FlamesFromBeyond+1"],"picked":"hexamod:RecurringNightmare+1","floor":20},{"not_picked":["hexamod:SpectralAdrenaline+1","hexamod:HauntingEcho+1"],"picked":"hexamod:EmpoweredFlame+1","floor":21},{"not_picked":["hexamod:ExtraCrispy","hexamod:ThermalTransfer","hexamod:HeatShield"],"picked":"SKIP","floor":26},{"not_picked":["hexamod:SwordOfDarkness","hexamod:Rewind"],"picked":"hexamod:NightmareGuise","floor":27},{"not_picked":["hexamod:BurningTouch+1","hexamod:GhostflameInferno"],"picked":"hexamod:GhostOfSpirePast","floor":29},{"not_picked":["hexamod:NightmareStrike","hexamod:HauntingEcho","hexamod:SwordOfDarkness+1"],"picked":"SKIP","floor":31},{"not_picked":["hexamod:SwordOfDarkness","hexamod:HauntingEcho"],"picked":"hexamod:PhantomCloak+1","floor":32},{"not_picked":["hexamod:ForkedFlame","hexamod:FifthSeal"],"picked":"hexamod:UnleashSpirits","floor":33},{"not_picked":["hexamod:GhostOfSpirePast","hexamod:GhostLash","hexamod:NightmareStrike"],"picked":"SKIP","floor":36},{"not_picked":["hexamod:HeatMetal+1","hexamod:ExtraCrispy","hexamod:SwordOfDarkness+1"],"picked":"SKIP","floor":37},{"not_picked":["hexamod:HeatMetal+1","hexamod:SoulSteal+1"],"picked":"hexamod:FirstSeal","floor":39},{"not_picked":["hexamod:SoulSteal+1","hexamod:ThirdSeal","hexamod:SpectersWail"],"picked":"SKIP","floor":40},{"not_picked":["hexamod:RainOfEmbers","hexamod:HeatMetal"],"picked":"hexamod:GiftsFromTheDead","floor":42},{"not_picked":["hexamod:GhostOfSpireFuture+1","hexamod:NightmareStrike","hexamod:NightmareGuise+1"],"picked":"SKIP","floor":43},{"not_picked":["hexamod:HeatCrush+1","hexamod:ThermalTransfer+1","hexamod:InspiringFlames"],"picked":"SKIP","floor":44},{"not_picked":["hexamod:FastForward","hexamod:FirstSeal"],"picked":"hexamod:RainOfEmbers","floor":46},{"not_picked":["expansioncontent:LastStand","expansioncontent:AwakenDeath"],"picked":"expansioncontent:YouAreMine","floor":47},{"not_picked":["Replay:SS_fish_1","expansioncontent:PolyBeam"],"picked":"Replay:SS_hec_1","floor":47},{"not_picked":["hexamod:SwordOfDarkness","hexamod:HeatCrush","hexamod:SixthSeal"],"picked":"SKIP","floor":48},{"not_picked":["hexamod:InspiringFlames","hexamod:GhostShield","hexamod:HauntingEcho+1"],"picked":"SKIP","floor":52}],"player_experience":220962,"relics_obtained":[{"floor":7,"key":"Whetstone"},{"floor":13,"key":"Replay:Rubber Ducky"},{"floor":24,"key":"ReplayTheSpireMod:TigerMarble"},{"floor":29,"key":"Simple Rune"},{"floor":31,"key":"Durian"},{"floor":42,"key":"Mango"},{"floor":48,"key":"Omamori"},{"floor":52,"key":"ReplayTheSpireMod:Lightbulb"}],"event_choices":[{"damage_healed":0,"gold_gain":0,"player_choice":"Box","damage_taken":0,"relics_obtained":["Girya"],"max_hp_gain":0,"max_hp_loss":0,"event_name":"Big Fish","floor":4,"gold_loss":0,"cards_obtained":["Regret"]},{"damage_healed":0,"gold_gain":0,"player_choice":"Trade","damage_taken":0,"relics_obtained":["NlothsMask"],"max_hp_gain":0,"max_hp_loss":0,"event_name":"FaceTrader","floor":28,"gold_loss":0},{"damage_healed":0,"gold_gain":0,"player_choice":"Forge","damage_taken":0,"max_hp_gain":0,"max_hp_loss":0,"event_name":"Accursed Blacksmith","floor":38,"gold_loss":0,"cards_upgraded":["hexamod:UnleashSpirits"]}],"is_beta":false,"boss_relics":[{"not_picked":["bronze:MakeshiftBattery","Abe\u0027s Treasure"],"picked":"hexamod:UnbrokenSoul"},{"not_picked":["Snecko Eye","Runic Dome"],"picked":"Astrolabe"}],"items_purged_floors":[5,12,43,53],"is_endless":false,"potions_floor_spawned":[2,3,13,15,16,19,26,27,36,42,48],"ascension_level":0}}