{"host":"bq4pt811tk9yrmjl","time":1613608445,"event":{"mods":["AchievementEnabler","BaseMod","Colored Map","Colored Powertips","Defuse TimeMaze Blight","Minty Spire (QoL Compilation)","Smile Girya","StSLib","SuperFastMode"],"gold_per_floor":[119,119,2,2,15,15,40,40,66,66,66,66,95,95,95,193,193,204,204,204,303,228,253,253,286,286,286,286,300,335,354,354,453,453,468,468,494,794,102,134,158,158,158,169,169,185,185,185,185,185,185,185,39,73,73,73],"floor_reached":55,"language":"ENG","playtime":1009,"items_purged":["Writhe"],"score":865,"play_id":"97d99617-805d-45a4-b905-89a4634a934c","local_time":"20210217223405","is_ascension_mode":true,"campfire_choices":[{"data":"Accuracy","floor":6.0,"key":"SMITH"},{"data":"Blade Dance","floor":12.0,"key":"SMITH"},{"floor":15.0,"key":"REST"},{"data":"Malaise","floor":24,"key":"SMITH"},{"data":"Adrenaline","floor":27,"key":"SMITH"},{"data":"Blade Dance","floor":32,"key":"SMITH"},{"floor":47,"key":"RECALL"},{"data":"Cloak And Dagger","floor":49,"key":"SMITH"},{"data":"Deflect","floor":52,"key":"SMITH"}],"circlet_count":0,"master_deck":["Strike_G","Strike_G","Strike_G","Strike_G","Defend_G","Defend_G","Defend_G","Defend_G","Defend_G+1","Survivor","Neutralize+1","Flying Knee+1","Blade Dance+1","Accuracy+1","Slice","Malaise+1","Adrenaline+1","Slice","Deflect+1","Blade Dance+1","Leg Sweep+1","Cloak And Dagger+1","Infinite Blades+1","Blade Dance+1"],"relics":["Ring of the Snake","NeowsBlessing","Juzu Bracelet","Kunai","Tiny Chest","WristBlade","Frozen Egg 2","Anchor","Blood Vial","Centennial Puzzle","Letter Opener","White Beast Statue","Philosopher\u0027s Stone","Omamori","Sling","Torii","Matryoshka","Pocketwatch","Bag of Marbles","Akabeko","Snake Skull","Dream Catcher","Incense Burner"],"acts_visited":["Exordium","TheCity","TheBeyond","TheEnding"],"potions_floor_usage":[23,30,30,33,50,55,55,55],"damage_taken":[{"damage":0.0,"enemies":"Small Slimes","floor":1.0,"turns":1.0},{"damage":0.0,"enemies":"2 Louse","floor":5.0,"turns":1.0},{"damage":0.0,"enemies":"3 Sentries","floor":7.0,"turns":1.0},{"damage":2.0,"enemies":"Lagavulin","floor":13.0,"turns":6.0},{"damage":8.0,"enemies":"The Guardian","floor":16.0,"turns":10.0},{"damage":0,"enemies":"Chosen","floor":18,"turns":3},{"damage":0,"enemies":"Gremlin Leader","floor":23,"turns":9},{"damage":0,"enemies":"Book of Stabbing","floor":25,"turns":7},{"damage":3,"enemies":"3 Byrds","floor":29,"turns":5},{"damage":6,"enemies":"Slavers","floor":30,"turns":4},{"damage":2,"enemies":"Centurion and Healer","floor":31,"turns":4},{"damage":41,"enemies":"Collector","floor":33,"turns":8},{"damage":0,"enemies":"Orb Walker","floor":35,"turns":3},{"damage":1,"enemies":"Giant Head","floor":40,"turns":9},{"damage":0,"enemies":"3 Shapes","floor":44,"turns":2},{"damage":0,"enemies":"3 Darklings","floor":46,"turns":5},{"damage":27,"enemies":"Donu and Deca","floor":50,"turns":10},{"damage":1,"enemies":"Shield and Spear","floor":54,"turns":6},{"damage":85,"enemies":"The Heart","floor":55,"turns":11}],"seed_played":"3862597687550356330","potions_obtained":[{"floor":5.0,"key":"FearPotion"},{"floor":8.0,"key":"Dexterity Potion"},{"floor":8.0,"key":"Weak Potion"},{"floor":16.0,"key":"Energy Potion"},{"floor":23,"key":"Fire Potion"},{"floor":25,"key":"Regen Potion"},{"floor":31,"key":"Swift Potion"},{"floor":33,"key":"DuplicationPotion"},{"floor":35,"key":"Dexterity Potion"},{"floor":54,"key":"ColorlessPotion"}],"is_trial":false,"path_per_floor":["M","?","$","?","M","R","E","?","T","?","?","R","E","?","R","B",null,"M","?","?","?","$","E","R","E","T","R","T","M","E","M","R","B",null,"M","?","T","?","$","E","T","?","T","M","?","M","R","?","R","B",null,"R","$","E","B"],"character_chosen":"THE_SILENT","items_purchased":["Blade Dance","Accuracy","Sling","Torii","Matryoshka","Infinite Blades+1","DuplicationPotion"],"campfire_rested":1,"item_purchase_floors":[3,3,39,39,39,53,53],"current_hp_per_floor":[70,70,70,70,70,70,70,70,70,56,56,56,54,47,68,60,70,70,70,70,70,70,70,70,70,70,70,70,67,63,63,63,24,70,70,70,70,70,70,69,69,69,69,70,70,70,70,66,66,39,66,66,66,65,0,0],"gold":73,"neow_bonus":"THREE_ENEMY_KILL","is_daily":false,"chose_seed":false,"campfire_upgraded":7,"win_rate":0.0,"timestamp":1613608445,"path_taken":["M","?","$","?","?","R","E","?","T","?","?","R","E","?","R","BOSS","M","?","?","?","$","E","R","E","T","R","?","M","E","M","R","BOSS","M","?","?","?","$","E","?","?","T","M","?","M","R","?","R","BOSS","R","$","E","BOSS"],"items_purchased_type":["Card","Card","Relic","Relic","Relic","Card","Potion"],"build_version":"2020-12-22","purchased_purges":1,"victory":false,"max_hp_per_floor":[70,70,70,70,70,70,70,70,70,70,70,70,70,70,70,70,70,70,70,70,70,70,70,70,70,70,70,70,70,70,70,70,70,70,70,70,70,70,70,70,70,70,70,70,70,70,70,66,66,66,66,66,66,66,66,66],"card_choices":[{"not_picked":["Underhanded Strike","Endless Agony"],"picked":"Flying Knee","floor":1.0},{"not_picked":["Bouncing Flask","Finisher"],"picked":"Slice","floor":5.0},{"not_picked":["Footwork","Dodge and Roll"],"picked":"Malaise","floor":7.0},{"not_picked":["A Thousand Cuts","Sucker Punch","Deflect"],"picked":"SKIP","floor":13.0},{"not_picked":["Wraith Form v2","Night Terror"],"picked":"Adrenaline","floor":16.0},{"not_picked":["Terror","Endless Agony+1"],"picked":"Slice","floor":18},{"not_picked":["Dagger Throw+1","Concentrate"],"picked":"Deflect","floor":23},{"not_picked":["Eviscerate","All Out Attack","Acrobatics"],"picked":"SKIP","floor":25},{"not_picked":["Cloak And Dagger","Bane"],"picked":"Blade Dance","floor":29},{"not_picked":["Flechettes","Dagger Spray","Prepared"],"picked":"SKIP","floor":30},{"not_picked":["Dagger Spray","Bane+1"],"picked":"Leg Sweep","floor":31},{"not_picked":["Expertise","Setup","Sucker Punch+1"],"picked":"SKIP","floor":35},{"not_picked":["Dagger Spray","Caltrops+1","Acrobatics"],"picked":"SKIP","floor":40},{"not_picked":["Blade Dance","Dagger Spray"],"picked":"Cloak And Dagger","floor":44},{"not_picked":["Deflect+1","Concentrate","PiercingWail"],"picked":"SKIP","floor":46},{"not_picked":["Phantasmal Killer","Choke+1"],"picked":"Blade Dance+1","floor":54}],"player_experience":266089,"relics_obtained":[{"floor":7.0,"key":"Juzu Bracelet"},{"floor":13.0,"key":"Kunai"},{"floor":23,"key":"Anchor"},{"floor":25,"key":"Blood Vial"},{"floor":26,"key":"Centennial Puzzle"},{"floor":28,"key":"Letter Opener"},{"floor":30,"key":"White Beast Statue"},{"floor":37,"key":"Omamori"},{"floor":40,"key":"Pocketwatch"},{"floor":41,"key":"Bag of Marbles"},{"floor":41,"key":"Akabeko"},{"floor":43,"key":"Snake Skull"},{"floor":43,"key":"Dream Catcher"},{"floor":54,"key":"Incense Burner"}],"event_choices":[{"damage_healed":0.0,"max_hp_gain":0.0,"max_hp_loss":0.0,"gold_gain":0.0,"event_name":"Living Wall","player_choice":"Grow","floor":2.0,"gold_loss":0.0,"damage_taken":0.0,"cards_upgraded":["Neutralize"]},{"damage_healed":0.0,"max_hp_gain":0.0,"max_hp_loss":0.0,"gold_gain":0.0,"event_name":"Liars Game","player_choice":"Ignored","floor":4.0,"gold_loss":0.0,"damage_taken":0.0},{"damage_healed":0.0,"max_hp_gain":0.0,"max_hp_loss":0.0,"gold_gain":0.0,"event_name":"Lab","player_choice":"Got Potions","floor":8.0,"gold_loss":0.0,"damage_taken":0.0},{"damage_healed":0.0,"max_hp_gain":0.0,"max_hp_loss":0.0,"gold_gain":0.0,"event_name":"Shining Light","player_choice":"Entered Light","floor":10.0,"gold_loss":0.0,"damage_taken":14.0,"cards_upgraded":["Defend_G","Flying Knee"]},{"damage_healed":0.0,"max_hp_gain":0.0,"max_hp_loss":0.0,"gold_gain":0.0,"event_name":"The Woman in Blue","player_choice":"Bought 0 Potions","floor":11.0,"gold_loss":0.0,"damage_taken":0.0},{"damage_healed":0.0,"max_hp_gain":0.0,"max_hp_loss":0.0,"gold_gain":0.0,"event_name":"Scrap Ooze","player_choice":"Success","floor":14.0,"gold_loss":0.0,"damage_taken":7.0,"relics_obtained":["Tiny Chest"]},{"damage_healed":0,"gold_gain":0,"player_choice":"Opened","damage_taken":0,"relics_obtained":["Frozen Egg 2"],"max_hp_gain":0,"max_hp_loss":0,"event_name":"The Mausoleum","floor":19,"gold_loss":0,"cards_obtained":["Writhe"]},{"damage_healed":0,"gold_gain":0,"player_choice":"Ignored","damage_taken":0,"max_hp_gain":0,"max_hp_loss":0,"event_name":"Ghosts","floor":20,"gold_loss":0},{"damage_healed":0,"gold_gain":99,"player_choice":"Stole From Cult","damage_taken":0,"max_hp_gain":0,"max_hp_loss":0,"event_name":"Nest","floor":21,"gold_loss":0},{"cards_removed":["Strike_G"],"damage_healed":0,"gold_gain":0,"player_choice":"Removed Attack","damage_taken":0,"max_hp_gain":0,"max_hp_loss":0,"event_name":"Falling","floor":36,"gold_loss":0},{"damage_healed":0,"gold_gain":300,"player_choice":"Gold","damage_taken":0,"max_hp_gain":0,"max_hp_loss":0,"event_name":"Wheel of Change","floor":38,"gold_loss":0},{"damage_healed":0,"gold_gain":0,"player_choice":"Forge","damage_taken":0,"max_hp_gain":0,"max_hp_loss":0,"event_name":"Accursed Blacksmith","floor":42,"gold_loss":0,"cards_upgraded":["Leg Sweep"]},{"damage_healed":0,"gold_gain":0,"player_choice":"Ignored","damage_taken":0,"max_hp_gain":0,"max_hp_loss":0,"event_name":"Mysterious Sphere","floor":45,"gold_loss":0},{"damage_healed":0,"gold_gain":0,"player_choice":"Max HP","damage_taken":0,"max_hp_gain":0,"max_hp_loss":4,"event_name":"Winding Halls","floor":48,"gold_loss":0}],"is_beta":false,"boss_relics":[{"not_picked":["Calling Bell","HoveringKite"],"picked":"WristBlade"},{"not_picked":["Velvet Choker","Cursed Key"],"picked":"Philosopher\u0027s Stone"}],"items_purged_floors":[22],"is_endless":false,"potions_floor_spawned":[5,16,23,25,31,33,35,40,44,46,54],"killed_by":"The Heart","ascension_level":1}}