{"host":"phapnj0danpxvjlm","time":1613615460,"event":{"mods":["BaseMod","Better Note","Better Third Choice","Bossed Relics","Colored Powertips","Downfall","Hermit","Minty Spire (QoL Compilation)","Permanent Neow","Quick Restart","Rare Cards Sparkle","Spire Arcade","StSLib","The Animator","The Necromancer","The Wild Card"],"gold_per_floor":[216,149,166,182,182,182,207,207,231,247,247,93,107,123,123,222,222,238,252,252,106,124,124,138,138,165,165,2,39,49,49,49,49,49],"floor_reached":33,"language":"ENG","playtime":995,"items_purged":[],"score":249,"play_id":"0c471310-6ffb-4f36-bb3a-700c9e328d80","local_time":"20210218033100","is_ascension_mode":false,"campfire_choices":[{"data":"hermit:Glare","floor":6,"key":"SMITH"},{"floor":8,"key":"REST"},{"data":"hermit:Malice","floor":11,"key":"SMITH"},{"floor":15,"key":"REST"},{"floor":23,"key":"REST"},{"floor":27,"key":"REST"},{"floor":32,"key":"REST"}],"circlet_count":0,"master_deck":["hermit:Strike_Hermit","hermit:Strike_Hermit","hermit:Strike_Hermit","hermit:Strike_Hermit","hermit:Defend_Hermit","hermit:Defend_Hermit","hermit:Defend_Hermit","hermit:Defend_Hermit","hermit:Snapshot+1","hermit:TakeAim","hermit:Glare+1","hermit:Malice+1","hermit:Quickdraw","hermit:RoundhouseKick","hermit:Roulette+1","hermit:FlashPowder","hermit:FlashPowder","hermit:ItchyTrigger+1","hermit:HoleUp","Transmutation","hermit:Deadeye","hermit:EternalForm"],"relics":["hermit:Momento","Happy Flower","Nunchaku","HandDrill","SlaversCollar","DollysMirror","Vajra","Nilry\u0027s Codex"],"acts_visited":["Exordium","TheCity"],"potions_floor_usage":[7,10,16,16,30,33,33],"damage_taken":[{"damage":0,"enemies":"2 Louse","floor":1,"turns":3},{"damage":1,"enemies":"Jaw Worm","floor":3,"turns":3},{"damage":3,"enemies":"Small Slimes","floor":4,"turns":3},{"damage":35,"enemies":"3 Sentries","floor":7,"turns":8},{"damage":8,"enemies":"Gremlin Gang","floor":10,"turns":3},{"damage":8,"enemies":"Exordium Wildlife","floor":13,"turns":4},{"damage":0,"enemies":"Blue Slaver","floor":14,"turns":1},{"damage":41,"enemies":"The Guardian","floor":16,"turns":10},{"damage":17,"enemies":"Spheric Guardian","floor":18,"turns":4},{"damage":10,"enemies":"Shell Parasite","floor":19,"turns":3},{"damage":33,"enemies":"Centurion and Healer","floor":22,"turns":7},{"damage":5,"enemies":"Snake Plant","floor":24,"turns":3},{"damage":0,"enemies":"3 Cultists","floor":29,"turns":2},{"damage":1,"enemies":"Snecko","floor":30,"turns":6},{"damage":59,"enemies":"Automaton","floor":33,"turns":7}],"seed_played":"6711029725955124989","potions_obtained":[{"floor":1,"key":"PowerPotion"},{"floor":3,"key":"hermit:BlackBile"},{"floor":7,"key":"Explosive Potion"},{"floor":13,"key":"champ:CounterPotion"},{"floor":18,"key":"hermit:Tonic"},{"floor":19,"key":"DuplicationPotion"},{"floor":29,"key":"DistilledChaos"},{"floor":30,"key":"SneckoOil"}],"is_trial":false,"path_per_floor":["M","$","M","M","?","R","E","R","T","M","R","$","M","M","R","B",null,"M","M","?","$","M","R","M","?","T","R","$","M","M","?","R","B"],"character_chosen":"HERMIT","items_purchased":["hermit:TakeAim","HandDrill","DollysMirror","Transmutation"],"campfire_rested":5,"item_purchase_floors":[2,12,21,28],"current_hp_per_floor":[75,75,74,71,71,71,36,58,58,50,50,50,42,42,64,23,75,58,48,48,48,15,37,32,32,32,54,54,54,53,37,59,0,0],"gold":49,"neow_bonus":"HUNDRED_GOLD","is_daily":false,"chose_seed":false,"campfire_upgraded":2,"win_rate":0.0,"timestamp":1613615460,"path_taken":["M","$","M","M","?","R","E","R","T","M","R","$","M","M","R","BOSS","M","M","?","$","M","R","M","?","T","R","$","M","?","?","R","BOSS"],"items_purchased_type":["Card","Relic","Relic","Card"],"build_version":"2020-12-22","purchased_purges":0,"victory":false,"max_hp_per_floor":[75,75,75,75,75,75,75,75,75,75,75,75,75,75,75,75,75,75,75,75,75,75,75,75,75,75,75,75,75,75,75,75,75,75],"card_choices":[{"not_picked":["hermit:Dive","hermit:Manifest","hermit:HoleUp"],"picked":"SKIP","floor":1},{"not_picked":["hermit:TrackingShot","hermit:Gestalt"],"picked":"hermit:Glare","floor":3},{"not_picked":["hermit:Snipe","hermit:Manifest","hermit:HoleUp"],"picked":"SKIP","floor":4},{"not_picked":["hermit:HighNoon","hermit:SprayPray","hermit:Vantage"],"picked":"SKIP","floor":7},{"not_picked":["hermit:Determination","hermit:ItchyTrigger"],"picked":"hermit:Malice","floor":10},{"not_picked":["hermit:HoleUp","hermit:Manifest"],"picked":"hermit:Quickdraw","floor":13},{"not_picked":["hermit:Determination","hermit:Gestalt","hermit:LowProfile"],"picked":"SKIP","floor":14},{"not_picked":["hermit:Magnum","hermit:FatalDesire"],"picked":"hermit:RoundhouseKick","floor":16},{"not_picked":["hermit:Dive","hermit:Feint+1"],"picked":"hermit:Roulette+1","floor":18},{"not_picked":["hermit:Dive","hermit:Manifest"],"picked":"hermit:FlashPowder","floor":19},{"not_picked":["hermit:BodyArmor","hermit:NoHoldsBarred","hermit:Desperado"],"picked":"SKIP","floor":22},{"not_picked":["hermit:Glare","hermit:WideOpen"],"picked":"hermit:ItchyTrigger+1","floor":24},{"not_picked":["hermit:SprayPray","hermit:Desperado+1"],"picked":"hermit:Deadeye","floor":29},{"not_picked":["hermit:HighCaliber","hermit:ItchyTrigger+1"],"picked":"hermit:EternalForm","floor":30}],"player_experience":568392,"relics_obtained":[{"floor":7,"key":"Happy Flower"},{"floor":9,"key":"Nunchaku"},{"floor":26,"key":"Vajra"},{"floor":31,"key":"Nilry\u0027s Codex"}],"event_choices":[{"damage_healed":0,"gold_gain":0,"player_choice":"Grow","damage_taken":0,"max_hp_gain":0,"max_hp_loss":0,"event_name":"Living Wall","floor":5,"gold_loss":0,"cards_upgraded":["hermit:Snapshot"]},{"damage_healed":0,"gold_gain":0,"player_choice":"Ignored","damage_taken":0,"max_hp_gain":0,"max_hp_loss":0,"event_name":"betterNote:BetterNote","floor":20,"gold_loss":0,"cards_obtained":["Slimebound:MassRepurpose"]},{"damage_healed":0,"gold_gain":0,"cards_transformed":["hermit:Covet"],"player_choice":"Transformed","damage_taken":0,"max_hp_gain":0,"max_hp_loss":0,"event_name":"Transmorgrifier","floor":25,"gold_loss":0,"cards_obtained":["hermit:HoleUp"]},{"damage_healed":0,"gold_gain":0,"player_choice":"Obtained Book","damage_taken":16,"max_hp_gain":0,"max_hp_loss":0,"event_name":"Cursed Tome","floor":31,"gold_loss":0}],"is_beta":false,"boss_relics":[{"not_picked":["Sozu","Runic Pyramid"],"picked":"SlaversCollar"}],"items_purged_floors":[],"is_endless":false,"potions_floor_spawned":[1,3,7,13,18,19,29,30],"killed_by":"Automaton","ascension_level":0}}