{"host":"ufhw4cf0hh51lveu","time":1613634866,"event":{"mods":["BaseMod","DeckTracker","Lobotomy","Minty Spire (QoL Compilation)"],"gold_per_floor":[113,113,131,151,163,163,183,183,183,39,39,39,65,65,65,162,162,180,180,155,3,3,3,3,3],"floor_reached":24,"language":"KOR","playtime":969,"items_purged":["Strike_B","HeroicMonk"],"score":219,"play_id":"8a7c3466-0cfa-45b7-b86f-34c192c01af8","local_time":"20210218165426","is_ascension_mode":false,"campfire_choices":[{"data":"Redo","floor":6,"key":"SMITH"},{"data":"Double Energy","floor":8,"key":"SMITH"},{"data":"1","floor":12,"key":"LIFT"},{"floor":15,"key":"REST"},{"floor":23,"key":"REST"}],"circlet_count":0,"master_deck":["Defend_B","Defend_B","Defend_B","Defend_B","Zap","Beam Cell","MHz","Lockon","Redo+1","Murderer","Double Energy+1","Melter","CrumblingArmor","Cold Snap","LittlePrince","Buffer","SnowQueen","Leap","RedShoes","Streamline+1","Gash+1"],"relics":["Cracked Core","CogitoBucket","Girya","Mango","Empty Cage","AspirationHeart"],"acts_visited":["Exordium","TheCity"],"potions_floor_usage":[4,16,16],"damage_taken":[{"damage":0,"enemies":"Cultist","floor":1,"turns":3},{"damage":0,"enemies":"Small Slimes","floor":3,"turns":2},{"damage":0,"enemies":"2 Louse","floor":4,"turns":3},{"damage":10,"enemies":"Looter","floor":5,"turns":3},{"damage":8,"enemies":"Exordium Thugs","floor":7,"turns":3},{"damage":8,"enemies":"Gremlin Nob","floor":13,"turns":3},{"damage":57,"enemies":"Hexaghost","floor":16,"turns":9},{"damage":48,"enemies":"3 Byrds","floor":18,"turns":3},{"damage":38,"enemies":"2 Thieves","floor":20,"turns":5},{"damage":53,"enemies":"Sentry and Sphere","floor":24,"turns":5}],"seed_played":"-9202735799111004044","potions_obtained":[{"floor":1,"key":"LiquidBronze"},{"floor":2,"key":"Block Potion"},{"floor":2,"key":"EssenceOfSteel"},{"floor":5,"key":"PowerPotion"}],"is_trial":false,"path_per_floor":["M","?","M","M","M","R","M","R","T","$","?","R","E","?","R","B",null,"M","?","M","$","?","R","M"],"character_chosen":"DEFECT","items_purchased":["Melter","Gash"],"campfire_rested":2,"item_purchase_floors":[10,21],"current_hp_per_floor":[75,75,75,75,65,65,57,57,57,57,57,57,63,63,89,32,89,51,51,16,16,16,45,0,0],"gold":3,"neow_bonus":"","is_daily":false,"chose_seed":false,"campfire_upgraded":2,"win_rate":0.0,"timestamp":1613634866,"path_taken":["M","?","?","M","?","R","M","R","T","$","?","R","E","?","R","BOSS","M","?","?","$","?","R","M"],"items_purchased_type":["Card","Card"],"build_version":"2020-12-22","purchased_purges":2,"victory":false,"max_hp_per_floor":[75,75,75,75,75,75,75,75,75,75,75,75,89,89,89,89,89,99,99,99,99,99,99,99,99],"card_choices":[{"not_picked":["WhitesApple","VoidDream"],"picked":"HeroicMonk","floor":1},{"not_picked":["Sweeping Beam","Gash"],"picked":"Beam Cell","floor":1},{"not_picked":["BigBird","Bloodbath"],"picked":"OSAHOGD","floor":3},{"not_picked":["White Noise","Thunder Strike"],"picked":"Go for the Eyes","floor":3},{"not_picked":["CrumblingArmor","VoidDream"],"picked":"MHz","floor":4},{"not_picked":["Scrape","Cold Snap"],"picked":"Lockon","floor":4},{"not_picked":["Laetitia","Scorched","BigBird"],"picked":"Singing Bowl","floor":5},{"not_picked":["SpiderBud","Bloodbath"],"picked":"QueenBee","floor":5},{"not_picked":["Leap","Cold Snap"],"picked":"Redo","floor":5},{"not_picked":["CherryBlossoms","Bloodbath"],"picked":"Murderer","floor":7},{"not_picked":["Glacier","Consume"],"picked":"Double Energy","floor":7},{"not_picked":["LaLuna","OldLady"],"picked":"CrumblingArmor","floor":13},{"not_picked":["Chaos","Go for the Eyes"],"picked":"Cold Snap","floor":13},{"not_picked":["Scorched","OldLady"],"picked":"LittlePrince","floor":16},{"not_picked":["Thunder Strike","Fission"],"picked":"Buffer","floor":16},{"not_picked":["QueenBee","Mercenary"],"picked":"SnowQueen","floor":18},{"not_picked":["Chaos","Coolheaded+1"],"picked":"Leap","floor":18},{"not_picked":["WallGazer","SingingMachine"],"picked":"RedShoes","floor":20},{"not_picked":["Skim+1","Beam Cell"],"picked":"Streamline+1","floor":20}],"player_experience":45295,"relics_obtained":[{"floor":9,"key":"Girya"},{"floor":13,"key":"Mango"}],"event_choices":[{"damage_healed":0,"gold_gain":0,"player_choice":"Got Potions","damage_taken":0,"max_hp_gain":0,"max_hp_loss":0,"event_name":"Lab","floor":2,"gold_loss":0},{"damage_healed":0,"gold_gain":0,"player_choice":"Ignored","damage_taken":0,"max_hp_gain":0,"max_hp_loss":0,"event_name":"Shining Light","floor":11,"gold_loss":0},{"cards_removed":["Strike_B"],"damage_healed":0,"gold_gain":0,"player_choice":"Forget","damage_taken":0,"max_hp_gain":0,"max_hp_loss":0,"event_name":"Living Wall","floor":14,"gold_loss":0},{"cards_removed":["Strike_B"],"damage_healed":0,"gold_gain":0,"player_choice":"Purged","damage_taken":0,"max_hp_gain":0,"max_hp_loss":0,"event_name":"Purifier","floor":19,"gold_loss":0},{"damage_healed":0,"gold_gain":0,"player_choice":"Upgraded","damage_taken":0,"max_hp_gain":0,"max_hp_loss":0,"event_name":"Upgrade Shrine","floor":22,"gold_loss":0,"cards_upgraded":["Gash"]}],"is_beta":false,"boss_relics":[{"not_picked":["Philosopher\u0027s Stone","SacredBark"],"picked":"Empty Cage"}],"items_purged_floors":[10,21],"is_endless":false,"potions_floor_spawned":[1,5,13],"killed_by":"Sentry and Sphere","ascension_level":0}}