{"host":"pqs17sqrgflf4eqa","time":1613692176,"event":{"mods":["AchievementEnabler","BaseMod","Bestiary","Better Altar","Better Match","Better Skull","Block Reminder","Bossed Relics","Colored Map","Colored Powertips","Curses Come First","Dark Map","DeckTracker","Defective Defect","Displayed Cursed Tome","Emptier Cage","Googly Eyes","Highlight Path","Minty Spire (QoL Compilation)","Quick Restart","Slay-I","StSLib","SuperFastMode","Synergy Search","Thieving Mod","Transform Curses","everything is the same but u backflip on backflip","slay the spire mod where everything is the same but ironclad has a cowboy hat"],"gold_per_floor":[119,134,134,15,15,41,41,71,71,71,34,54,87,102,102,203,203,203,128,128,128,128,128,128,128,128],"floor_reached":25,"language":"ENG","playtime":643,"items_purged":[],"score":352,"play_id":"383516a6-3961-4dd8-9196-548d31e15fe5","local_time":"20210218184936","is_ascension_mode":true,"campfire_choices":[{"data":"Eruption","floor":7.0,"key":"SMITH"},{"floor":10.0,"key":"REST"},{"data":"ForeignInfluence","floor":15.0,"key":"SMITH"},{"floor":23,"key":"REST"}],"circlet_count":0,"master_deck":["Strike_P","Strike_P+1","Strike_P","Strike_P","Defend_P","Defend_P","Defend_P","Defend_P+1","Eruption+1","Vigilance","FollowUp","FearNoEvil","FlurryOfBlows","Blasphemy","Prostrate","ForeignInfluence+1","PathToVictory+1","ThirdEye+1","Ragnarok","Indignation+1","ClearTheMind+1","DeceiveReality+1","PathToVictory+1","Tantrum"],"relics":["PureWater","NeowsBlessing","Du-Vu Doll","Regal Pillow","Potion Belt","Letter Opener","Toxic Egg 2","Ectoplasm"],"acts_visited":["Exordium","TheCity"],"potions_floor_usage":[16,20,20,22],"damage_taken":[{"damage":0.0,"enemies":"Cultist","floor":1.0,"turns":1.0},{"damage":0.0,"enemies":"2 Louse","floor":2.0,"turns":1.0},{"damage":0.0,"enemies":"Lagavulin","floor":6.0,"turns":1.0},{"damage":29.0,"enemies":"3 Sentries","floor":8.0,"turns":5.0},{"damage":0.0,"enemies":"Small Slimes","floor":12.0,"turns":2.0},{"damage":0.0,"enemies":"Gremlin Nob","floor":13.0,"turns":2.0},{"damage":9.0,"enemies":"2 Fungi Beasts","floor":14.0,"turns":3.0},{"damage":29,"enemies":"The Guardian","floor":16,"turns":7},{"damage":0,"enemies":"Shell Parasite","floor":18,"turns":1},{"damage":36,"enemies":"2 Thieves","floor":19,"turns":4},{"damage":0,"enemies":"Sentry and Sphere","floor":20,"turns":3},{"damage":13,"enemies":"Snake Plant","floor":22,"turns":4},{"damage":100016,"enemies":"Book of Stabbing","floor":25,"turns":4}],"seed_played":"-8049045863263404816","potions_obtained":[{"floor":8.0,"key":"AttackPotion"},{"floor":13.0,"key":"SkillPotion"},{"floor":14.0,"key":"Swift Potion"},{"floor":16,"key":"SpeedPotion"},{"floor":19,"key":"SteroidPotion"},{"floor":20,"key":"StancePotion"}],"is_trial":false,"path_per_floor":["M","M","?","$","?","E","R","E","T","R","$","M","E","M","R","B",null,"M","M","M","?","M","R","?","E"],"character_chosen":"WATCHER","items_purchased":["FearNoEvil","FlurryOfBlows","ForeignInfluence"],"campfire_rested":2,"item_purchase_floors":[4,4,11],"current_hp_per_floor":[65,65,65,65,51,51,51,22,22,58,58,58,58,49,49,20,59,59,23,23,23,10,46,46,0,0],"gold":128,"neow_bonus":"THREE_ENEMY_KILL","is_daily":false,"chose_seed":false,"campfire_upgraded":2,"win_rate":0.0,"timestamp":1613692176,"path_taken":["M","?","?","?","?","E","R","E","T","R","$","M","E","M","R","BOSS","M","M","M","?","M","R","?","E"],"items_purchased_type":["Card","Card","Card"],"build_version":"2020-12-22","purchased_purges":0,"victory":false,"max_hp_per_floor":[72,72,72,72,72,72,72,72,72,72,72,72,72,72,72,72,72,72,72,72,72,72,72,72,72,72],"card_choices":[{"not_picked":["Crescendo","WindmillStrike"],"picked":"FollowUp","floor":1.0},{"not_picked":["JustLucky","Crescendo"],"picked":"Consecrate","floor":2.0},{"not_picked":["SashWhip","LikeWater"],"picked":"Blasphemy","floor":6.0},{"not_picked":["BowlingBash","EmptyMind"],"picked":"Prostrate","floor":8.0},{"not_picked":["PathToVictory","SashWhip","SignatureMove"],"picked":"SKIP","floor":12.0},{"not_picked":["SashWhip","Establishment"],"picked":"PathToVictory+1","floor":13.0},{"not_picked":["Swivel+1","FollowUp"],"picked":"ThirdEye+1","floor":14.0},{"not_picked":["MasterReality","Brilliance"],"picked":"Ragnarok","floor":16},{"not_picked":["FollowUp","FlurryOfBlows"],"picked":"Indignation+1","floor":18},{"not_picked":["EmptyBody+1","ThirdEye+1"],"picked":"ClearTheMind+1","floor":19},{"not_picked":["ThirdEye+1","FollowUp"],"picked":"DeceiveReality+1","floor":20},{"not_picked":["Wireheading","CutThroughFate"],"picked":"PathToVictory+1","floor":22}],"player_experience":236526,"relics_obtained":[{"floor":6.0,"key":"Regal Pillow"},{"floor":8.0,"key":"Potion Belt"},{"floor":9.0,"key":"Letter Opener"},{"floor":13.0,"key":"Toxic Egg 2"}],"event_choices":[{"cards_removed":["Consecrate"],"damage_healed":0.0,"max_hp_gain":0.0,"max_hp_loss":0.0,"gold_gain":0.0,"event_name":"WeMeetAgain","player_choice":"Gave Card","floor":3.0,"gold_loss":0.0,"damage_taken":0.0,"relics_obtained":["Du-Vu Doll"]},{"damage_healed":0.0,"max_hp_gain":0.0,"max_hp_loss":0.0,"gold_gain":0.0,"event_name":"Shining Light","player_choice":"Entered Light","floor":5.0,"gold_loss":0.0,"damage_taken":14.0,"cards_upgraded":["Strike_P","Defend_P"]},{"damage_healed":0,"gold_gain":0,"player_choice":"Ignored","damage_taken":0,"max_hp_gain":0,"max_hp_loss":0,"event_name":"Vampires","floor":21,"gold_loss":0},{"damage_healed":0,"gold_gain":0,"player_choice":"Read","damage_taken":0,"max_hp_gain":0,"max_hp_loss":0,"event_name":"The Library","floor":24,"gold_loss":0,"cards_obtained":["Tantrum"]}],"is_beta":false,"boss_relics":[{"not_picked":["Tiny House","Coffee Dripper"],"picked":"Ectoplasm"}],"items_purged_floors":[],"is_endless":false,"potions_floor_spawned":[8,13,14,16,19,20],"killed_by":"Book of Stabbing","ascension_level":6}}