{"host":"io90toq331y73m30","time":1613656713,"event":{"mods":["BaseMod","Colored Map","Downfall","Minty Spire (QoL Compilation)","StSLib","The Bug Knight","The Construct","The Cursed","The Disciple","The Necromancer","The Runesmith","The Servant 0.9.4"],"gold_per_floor":[113,113,63,18,37,37,62,72,120,130,157,157,157],"floor_reached":12,"language":"ENG","playtime":1275,"items_purged":[],"score":78,"play_id":"1c6a1fbb-cf99-413e-a75c-8955e3f0a362","local_time":"20210218135833","is_ascension_mode":false,"campfire_choices":[{"data":"LockedWarPaint","floor":6,"key":"SMITH"}],"circlet_count":0,"master_deck":["Strike_Br","Strike_Br","Strike_Br","Defend_Br","Defend_Br","Defend_Br","Defend_Br","SecondHand","PatternShift","LockedWarPaint+1","ExoVibe","ExoVibe","BeatsPerMinute"],"relics":["Chronometer","Orichalcum","Juzu Bracelet","Odd Mushroom"],"acts_visited":["Exordium"],"potions_floor_usage":[],"damage_taken":[{"damage":5,"enemies":"Small Slimes","floor":1,"turns":7},{"damage":0,"enemies":"Jaw Worm","floor":5,"turns":13},{"damage":7,"enemies":"Lagavulin","floor":7,"turns":15},{"damage":1,"enemies":"Cultist","floor":8,"turns":7},{"damage":4,"enemies":"Large Slime","floor":10,"turns":19},{"damage":1,"enemies":"The Mushroom Lair","floor":11,"turns":9},{"damage":25,"enemies":"Gremlin Nob","floor":12,"turns":5}],"seed_played":"-5155777408125318728","potions_obtained":[{"floor":5,"key":"sneckomod:MuddlingPotion"},{"floor":7,"key":"SpeedPotion"},{"floor":8,"key":"Ancient Potion"}],"is_trial":false,"path_per_floor":["M","?","?","$","M","R","E","M","T","M","?","E"],"character_chosen":"CHRONO_CLASS","items_purchased":["ExoVibe"],"campfire_rested":0,"item_purchase_floors":[4],"current_hp_per_floor":[66,71,71,71,71,71,64,63,63,59,58,33,33],"gold":157,"neow_bonus":"TEN_PERCENT_HP_BONUS","is_daily":false,"chose_seed":false,"campfire_upgraded":1,"win_rate":0.0,"timestamp":1613656713,"path_taken":["M","?","?","?","M","R","E","M","T","M","?","E"],"items_purchased_type":["Card"],"build_version":"2020-12-22","purchased_purges":0,"victory":false,"max_hp_per_floor":[71,76,76,76,76,76,76,76,76,76,76,76,76],"card_choices":[{"not_picked":["LockedAnchor","CrunchTime"],"picked":"LockedWarPaint","floor":1},{"not_picked":["TickedOff","WindUp","EscortCommand"],"picked":"SKIP","floor":5},{"not_picked":["Parity","Pendulum"],"picked":"ExoVibe","floor":7},{"not_picked":["CrunchTime","LockedOrichalcum","Recurrance"],"picked":"SKIP","floor":8},{"not_picked":["BlueShift","ResonantCall","LockedAnchor"],"picked":"SKIP","floor":10},{"not_picked":["LockedTurtyl","Engulf"],"picked":"BeatsPerMinute","floor":11}],"player_experience":69762,"relics_obtained":[{"floor":7,"key":"Orichalcum"},{"floor":9,"key":"Juzu Bracelet"},{"floor":11,"key":"Odd Mushroom"}],"event_choices":[{"damage_healed":0,"gold_gain":0,"player_choice":"Donut","damage_taken":0,"max_hp_gain":5,"max_hp_loss":0,"event_name":"Big Fish","floor":2,"gold_loss":0},{"cards_removed":["Strike_Br"],"damage_healed":0,"gold_gain":0,"player_choice":"Card Removal","damage_taken":0,"max_hp_gain":0,"max_hp_loss":0,"event_name":"The Cleric","floor":3,"gold_loss":50},{"damage_healed":0,"gold_gain":0,"player_choice":"Fought Mushrooms","damage_taken":0,"max_hp_gain":0,"max_hp_loss":0,"event_name":"Mushrooms","floor":11,"gold_loss":0}],"is_beta":false,"boss_relics":[],"items_purged_floors":[],"is_endless":false,"potions_floor_spawned":[5,7,8],"killed_by":"Gremlin Nob","ascension_level":0}}