{"host":"4qkvkh7pd9qr2mca","time":1613684622,"event":{"mods":["AchievementEnabler","Act Like it!","BaseMod","Colored Map","Colored Powertips","Highlight Path","Minty Spire (QoL Compilation)","Pale of the Ancients","Permanent Neow","Quick Restart","Relic Stats","StSLib","SuperFastMode"],"gold_per_floor":[119,119,131,151,2,31,31,31,31],"floor_reached":8,"language":"ENG","playtime":303,"items_purged":["Strike_G"],"score":112,"play_id":"0fceeca4-0522-4185-b2ae-fa456bc16283","local_time":"20210218224342","is_ascension_mode":true,"campfire_choices":[],"circlet_count":0,"master_deck":["AscendersBane","Strike_G","Strike_G","Strike_G","Strike_G","Defend_G","Defend_G","Defend_G","Defend_G","Defend_G","Survivor","Neutralize","Venomology","Flying Knee","Calculated Gamble","Dagger Spray","Noxious Fumes"],"relics":["Ring of the Snake","CultistMask","CeramicFish"],"acts_visited":["Exordium"],"potions_floor_usage":[4,6,6,8,8],"damage_taken":[{"damage":3.0,"enemies":"Jaw Worm","floor":1.0,"turns":5.0},{"damage":6,"enemies":"Cultist","floor":3,"turns":5},{"damage":2,"enemies":"Small Slimes","floor":4,"turns":4},{"damage":42,"enemies":"Lagavulin","floor":6,"turns":8},{"damage":8,"enemies":"Gremlin Nob","floor":8,"turns":2}],"seed_played":"5234129892122421314","potions_obtained":[{"floor":3,"key":"LiquidMemories"},{"floor":4,"key":"Energy Potion"}],"is_trial":false,"path_per_floor":["M","?","M","M","$","E","$","E"],"character_chosen":"THE_SILENT","items_purchased":["Noxious Fumes"],"campfire_rested":0,"item_purchase_floors":[5],"current_hp_per_floor":[56,56,50,48,48,6,6,0,0],"gold":31,"neow_bonus":"THREE_RARE_CARDS","is_daily":false,"chose_seed":false,"campfire_upgraded":0,"win_rate":0.0,"timestamp":1613684622,"path_taken":["M","?","M","M","$","E","?","E"],"items_purchased_type":["Card"],"build_version":"2020-12-22","purchased_purges":1,"victory":false,"max_hp_per_floor":[60,60,60,60,60,60,60,60,60],"relic_stats":{"counters":[5,24],"CeramicFish":0,"obtain_stats":[{"CeramicFish":6,"CultistMask":2,"Ring of the Snake":0},{"CeramicFish":4,"CultistMask":1,"Ring of the Snake":0},{"CeramicFish":22,"CultistMask":5,"Ring of the Snake":0}],"Ring of the Snake":[10]},"card_choices":[{"not_picked":["Bullet Time","Wraith Form v2"],"picked":"Venomology","floor":0.0},{"not_picked":["Prepared","Slice"],"picked":"Flying Knee","floor":1.0},{"not_picked":["Acrobatics","Flechettes"],"picked":"Calculated Gamble","floor":3},{"not_picked":["Bane","Cloak And Dagger"],"picked":"Dagger Spray","floor":4},{"not_picked":["Prepared","Concentrate","Choke"],"picked":"SKIP","floor":6}],"player_experience":634531,"relics_obtained":[{"floor":6,"key":"CeramicFish"}],"event_choices":[{"damage_healed":0.0,"max_hp_gain":0.0,"max_hp_loss":0.0,"gold_gain":0.0,"event_name":"FaceTrader","player_choice":"Trade","floor":2.0,"gold_loss":0.0,"damage_taken":0.0,"relics_obtained":["CultistMask"]}],"is_beta":false,"boss_relics":[],"items_purged_floors":[5],"is_endless":false,"potions_floor_spawned":[3,4],"killed_by":"Gremlin Nob","ascension_level":20}}