{"host":"am8lvo9xvzrux3wx","time":1613625508,"event":{"mods":["2.2 Compatiblity","AchievementEnabler","Aspiration","BaseMod","Block Reminder","Colored Map","Downfall","Halation","Minty Spire (QoL Compilation)","Random Character Mod","Reliquary","StSLib","The Bug Knight","The Construct","The Cursed","The Forsaken","The Runesmith"],"gold_per_floor":[99,112,46,58,58,58,108,125,25,38,70,82,107,17,29,128,128,28,43,43,60,79,93,93,124,142,142,156,156,156,230,285,425,425,425,350,401,452,509,176,226,266,166,223,223,276,276,276,331,331,331,361,43,43,43,43,43,43],"floor_reached":56,"language":"ENG","playtime":6480,"items_purged":["bronze:Defend","bronze:Strike"],"score":805,"play_id":"b5673af8-9f3a-481e-bb5e-3c0e93db32fc","local_time":"20210218001828","is_ascension_mode":false,"campfire_choices":[{"floor":1,"key":"RECALL"},{"data":"bronze:ForLoop","floor":6,"key":"SMITH"},{"data":"bronze:HardenedForm","floor":9,"key":"SMITH"},{"data":"bronze:DelayedSlice","floor":18,"key":"SMITH"},{"data":"bronze:Format","floor":27,"key":"SMITH"},{"data":"bronze:BronzeOrb","floor":30,"key":"SMITH"},{"data":"bronze:Verify","floor":35,"key":"SMITH"},{"data":"bronze:DelayedSlice","floor":43,"key":"SMITH"},{"data":"bronze:Goto","floor":47,"key":"SMITH"},{"floor":54,"key":"REST"}],"circlet_count":0,"master_deck":["bronze:Strike","bronze:Strike","bronze:Strike","bronze:Defend","bronze:Defend","bronze:Defend","bronze:Replicate","bronze:Goto+1","bronze:Repair","bronze:HardenedForm+1","bronze:DelayedSlice+1","bronze:ForLoop+1","bronze:ChildClass","bronze:Branch","bronze:BronzeOrb+1","bronze:Format+1","bronze:DelayedSlice+1","bronze:Repair","bronze:Iterate","bronze:ChosenStrike","bronze:DelayedSlice+1","bronze:BitShift","bronze:Verify+1","bronze:DelayedSlice+1","bronze:WhirlingStrike+1","bronze:Fortify","bronze:FineTuning+1","Violence"],"relics":["bronze:PlatinumCore","theForsaken:Gavel","downfall:HeartBlessingRed","theForsaken:Lifeblossom","Nunchaku","downfall:HeartBlessingGreen","Enchiridion","reliquary:JackalopeAntler","Ginger","downfall:KnowingSkull","Orichalcum","reliquary:ThirdArm","downfall:HeartBlessingBlue","Calipers","reliquary:Aerogel"],"acts_visited":["Exordium","TheCity","TheBeyond","TheEnding"],"potions_floor_usage":[11,16,16,19,31,33,36,38,42,50,52,55,55,56],"damage_taken":[{"damage":7,"enemies":"Small Slimes","floor":2,"turns":4},{"damage":0,"enemies":"downfall:FleeingMerchant","floor":3,"turns":4},{"damage":2,"enemies":"Cultist","floor":4,"turns":4},{"damage":6,"enemies":"Jaw Worm","floor":8,"turns":3},{"damage":1,"enemies":"Blue Slaver","floor":10,"turns":2},{"damage":9,"enemies":"3 Sentries","floor":11,"turns":4},{"damage":7,"enemies":"Exordium Thugs","floor":12,"turns":5},{"damage":6,"enemies":"HollowMod:MossKnight","floor":13,"turns":7},{"damage":5,"enemies":"downfall:FleeingMerchant","floor":14,"turns":4},{"damage":0,"enemies":"2 Fungi Beasts","floor":15,"turns":2},{"damage":0,"enemies":"SI_SHIV_ARCHETYPE","floor":16,"turns":4},{"damage":23,"enemies":"3 Byrds","floor":19,"turns":3},{"damage":7,"enemies":"downfall:LooterAlt2","floor":21,"turns":2},{"damage":0,"enemies":"Chosen and Byrds","floor":22,"turns":4},{"damage":0,"enemies":"Snake Plant","floor":23,"turns":2},{"damage":9,"enemies":"Book of Stabbing","floor":25,"turns":4},{"damage":0,"enemies":"Shelled Parasite and Fungi","floor":26,"turns":3},{"damage":0,"enemies":"Centurion and Healer","floor":28,"turns":2},{"damage":5,"enemies":"Gremlin Leader","floor":31,"turns":2},{"damage":3,"enemies":"3 Cultists","floor":32,"turns":2},{"damage":30,"enemies":"WA_ARCHETYPE_CALM","floor":33,"turns":8},{"damage":3,"enemies":"downfall:FleeingMerchant","floor":36,"turns":4},{"damage":3,"enemies":"Orb Walker","floor":37,"turns":2},{"damage":3,"enemies":"3 Darklings","floor":38,"turns":2},{"damage":3,"enemies":"Jaw Worm Horde","floor":39,"turns":2},{"damage":3,"enemies":"Transient","floor":42,"turns":3},{"damage":39,"enemies":"Spire Growth","floor":44,"turns":4},{"damage":3,"enemies":"Jaw Worm Horde","floor":46,"turns":2},{"damage":4,"enemies":"4 Shapes","floor":49,"turns":3},{"damage":30,"enemies":"IC_BLOCK_ARCHETYPE","floor":50,"turns":10},{"damage":93,"enemies":"downfall:CharBossMerchant","floor":52,"turns":8},{"damage":9,"enemies":"downfall:NeowBoss","floor":55,"turns":16},{"damage":109,"enemies":"downfall:NeowBossFinal","floor":56,"turns":8}],"seed_played":"-8946417772537240847","potions_obtained":[{"floor":2,"key":"BlessingOfTheForge"},{"floor":4,"key":"Energy Potion"},{"floor":5,"key":"hexamod:SoulburnPotion"},{"floor":16,"key":"Explosive Potion"},{"floor":23,"key":"Strength Potion"},{"floor":25,"key":"EntropicBrew"},{"floor":26,"key":"Swift Potion"},{"floor":32,"key":"FairyPotion"},{"floor":38,"key":"SteroidPotion"},{"floor":44,"key":"Weak Potion"},{"floor":52,"key":"SneckoOil"}],"is_trial":false,"path_per_floor":["R","M","$","M","?","R","T","M","R","M","E","M","E","$","M","B",null,"R","M","?","M","M","M","T","E","M","R","M","?","R","E","M","B",null,"R","$","M","M","M","?","T","M","R","M","?","M","R","?","M","B",null,"E","$","R","B","B"],"character_chosen":"THE_AUTOMATON","items_purchased":["bronze:DelayedSlice","Violence","reliquary:Aerogel"],"campfire_rested":1,"item_purchase_floors":[3,53,53],"current_hp_per_floor":[77,70,77,77,77,77,77,77,77,76,74,77,77,73,77,77,77,77,56,40,43,63,73,73,76,77,77,77,70,70,68,75,53,77,77,77,77,77,77,87,87,87,97,69,69,76,76,76,91,81,97,19,19,48,45,0,0,0],"gold":43,"neow_bonus":"TEN_PERCENT_HP_BONUS","is_daily":false,"chose_seed":false,"campfire_upgraded":8,"win_rate":0.0,"timestamp":1613625508,"path_taken":["R","M","$","M","?","R","T","?","R","M","E","?","E","?","M","BOSS","R","M","?","M","M","M","T","E","M","R","M","?","R","E","M","BOSS","R","$","M","M","M","?","T","M","R","M","?","M","R","?","M","BOSS","E","$","R","BOSS","BOSS"],"items_purchased_type":["Card","Card","Relic"],"build_version":"2020-12-22","purchased_purges":2,"victory":false,"max_hp_per_floor":[77,77,77,77,77,77,77,77,77,77,77,77,77,77,77,77,77,77,77,77,77,77,77,77,77,77,77,77,77,77,77,77,77,77,77,77,77,77,77,87,87,87,97,97,97,97,97,97,97,97,97,97,97,97,97,97,97,97],"card_choices":[{"not_picked":["bronze:CutThrough","bronze:BronzeOrb"],"picked":"bronze:Repair","floor":2},{"not_picked":["bronze:Shell","bronze:BuggyMess"],"picked":"bronze:HardenedForm","floor":3},{"not_picked":["bronze:FollowUp","bronze:Fortify"],"picked":"bronze:ForLoop","floor":4},{"not_picked":["bronze:Boost","bronze:DelayedGuard"],"picked":"bronze:ChildClass","floor":8},{"not_picked":["bronze:Iterate","bronze:Frontload"],"picked":"bronze:Branch","floor":10},{"not_picked":["bronze:BronzeArmor","bronze:Deprecate","bronze:Allocate"],"picked":"SKIP","floor":11},{"not_picked":["bronze:OilSpill","bronze:Invalidate","bronze:BuggyMess"],"picked":"SKIP","floor":12},{"not_picked":["bronze:Invalidate","bronze:Boost","bronze:Repulsor"],"picked":"SKIP","floor":13},{"not_picked":["bronze:ForceShield","bronze:Shield","bronze:Boost"],"picked":"SKIP","floor":14},{"not_picked":["bronze:Flail","bronze:BuggyMess"],"picked":"bronze:BronzeOrb","floor":15},{"not_picked":["bronze:RecursiveStrike","bronze:SpaghettiCode"],"picked":"bronze:Format","floor":16},{"not_picked":["bronze:Turbo+1","bronze:DelayedGuard"],"picked":"bronze:DelayedSlice+1","floor":19},{"not_picked":["bronze:Optimize","bronze:Overheat"],"picked":"bronze:Repair","floor":21},{"not_picked":["bronze:Overheat+1","bronze:Repulsor"],"picked":"bronze:Iterate","floor":22},{"not_picked":["bronze:OilSpill","bronze:HyperBeam"],"picked":"bronze:ChosenStrike","floor":23},{"not_picked":["bronze:WhirlingStrike","bronze:DigitalCarnage"],"picked":"bronze:DelayedSlice","floor":25},{"not_picked":["bronze:ForceShield+1","bronze:Repair","bronze:MaxOutput"],"picked":"SKIP","floor":26},{"not_picked":["bronze:BuggyMess","bronze:OilSpill","bronze:Overload"],"picked":"SKIP","floor":28},{"not_picked":["bronze:Repulsor","bronze:Format","bronze:Flail+1"],"picked":"SKIP","floor":31},{"not_picked":["bronze:CutThrough","bronze:FollowUp"],"picked":"bronze:BitShift","floor":32},{"not_picked":["bronze:SpaghettiCode","bronze:FindAndReplace"],"picked":"bronze:Verify","floor":33},{"not_picked":["bronze:FineTuning+1","bronze:Overheat+1"],"picked":"bronze:DelayedSlice+1","floor":36},{"not_picked":["bronze:BugBarrage","bronze:Branch","bronze:Overload"],"picked":"SKIP","floor":37},{"not_picked":["bronze:Invalidate+1","bronze:DarkDash+1","bronze:Overload+1"],"picked":"SKIP","floor":38},{"not_picked":["bronze:BitShift+1","bronze:Virus"],"picked":"bronze:WhirlingStrike+1","floor":39},{"not_picked":["bronze:BugBarrage+1","bronze:BitShift","bronze:ForLoop"],"picked":"SKIP","floor":44},{"not_picked":["bronze:Flail+1","bronze:BugBarrage+1","bronze:Frontload"],"picked":"SKIP","floor":46},{"not_picked":["bronze:WhirlingStrike+1","bronze:Invalidate+1"],"picked":"bronze:Fortify","floor":49},{"not_picked":["bronze:CloningBeam","bronze:CutThrough"],"picked":"bronze:FineTuning+1","floor":52}],"player_experience":177056,"relics_obtained":[{"floor":7,"key":"theForsaken:Gavel"},{"floor":11,"key":"theForsaken:Lifeblossom"},{"floor":13,"key":"Nunchaku"},{"floor":20,"key":"Enchiridion"},{"floor":24,"key":"reliquary:JackalopeAntler"},{"floor":25,"key":"Ginger"},{"floor":31,"key":"Orichalcum"},{"floor":52,"key":"Calipers"}],"event_choices":[{"damage_healed":0,"gold_gain":0,"player_choice":"Got Potions","damage_taken":0,"max_hp_gain":0,"max_hp_loss":0,"event_name":"Lab","floor":5,"gold_loss":0}],"is_beta":false,"boss_relics":[{"not_picked":["aspiration:WatcherSkillbook","halation:ForbiddenBikini"],"picked":"bronze:PlatinumCore"},{"not_picked":["construct:WeddingRing","halation:SmartPhone"],"picked":"reliquary:ThirdArm"}],"items_purged_floors":[14,36],"is_endless":false,"potions_floor_spawned":[2,4,8,10,16,23,25,26,28,32,38,44,52],"killed_by":"downfall:NeowBossFinal","ascension_level":0}}