{"host":"bxn2em57qlx5u4i0","time":1613617174,"event":{"mods":["BaseMod","Colored Map","Colored Powertips","Highlight Path","Minty Spire (QoL Compilation)","Random Character Button","Relic Sorter","Relic Stats","StSLib","SuperFastMode"],"gold_per_floor":[119,119,119,130,15,28,28,63,63,63,63,63,93,150,150,229,229,248,228,239,21,21,21,38,70,96,124,144,144,179,27,27,105,105,125,135,10,10,10,21,50,50,73,90,90,108,145,168,168,168,168,168,168,28,62,62,62],"floor_reached":56,"language":"ENG","playtime":1606,"items_purged":["Strike_G","Strike_G","Strike_G"],"score":1942,"play_id":"b5b6a68f-dfb0-4334-b66b-2d3c4dbd57ff","local_time":"20210217215934","is_ascension_mode":true,"campfire_choices":[{"data":"Predator","floor":7.0,"key":"SMITH"},{"data":"Predator","floor":10.0,"key":"SMITH"},{"data":"Neutralize","floor":12.0,"key":"SMITH"},{"data":"Heel Hook","floor":15.0,"key":"SMITH"},{"floor":23.0,"key":"RECALL"},{"floor":29.0,"key":"REST"},{"floor":32.0,"key":"REST"},{"floor":42.0,"key":"REST"},{"floor":49.0,"key":"REST"},{"floor":53,"key":"REST"}],"circlet_count":0,"master_deck":["AscendersBane","Strike_G","Defend_G","Defend_G+1","Defend_G","Defend_G+1","Survivor","Neutralize+1","Flying Knee+1","Predator+1","Predator+1","Slice","Deflect","Slice+1","Heel Hook+1","Tools of the Trade","Noxious Fumes","Blade Dance","Blade Dance","Deflect+1","Footwork","Blade Dance","After Image","Dodge and Roll","Blur","Leg Sweep+1","PiercingWail+1","Finisher","Footwork"],"relics":["Ring of the Snake","Bag of Preparation","Shuriken","Bronze Scales","Akabeko","MealTicket","Matryoshka","Lizard Tail","Fusion Hammer","Oddly Smooth Stone","StrikeDummy","Strawberry","War Paint","Pen Nib","Bag of Marbles","Whetstone","WristBlade","Omamori","PreservedInsect","CeramicFish","Vajra"],"acts_visited":["Exordium","TheCity","TheBeyond","TheEnding"],"potions_floor_usage":[50,51,55,56],"damage_taken":[{"damage":0.0,"enemies":"Jaw Worm","floor":1.0,"turns":5.0},{"damage":0.0,"enemies":"Cultist","floor":4.0,"turns":3.0},{"damage":0.0,"enemies":"2 Louse","floor":6.0,"turns":2.0},{"damage":17.0,"enemies":"Lagavulin","floor":8.0,"turns":4.0},{"damage":6.0,"enemies":"3 Sentries","floor":13.0,"turns":5.0},{"damage":22.0,"enemies":"Lagavulin Event","floor":14.0,"turns":4.0},{"damage":2.0,"enemies":"Hexaghost","floor":16.0,"turns":7.0},{"damage":7.0,"enemies":"Chosen","floor":18.0,"turns":3.0},{"damage":2.0,"enemies":"Shell Parasite","floor":20.0,"turns":3.0},{"damage":16.0,"enemies":"Chosen and Byrds","floor":24.0,"turns":5.0},{"damage":13.0,"enemies":"Book of Stabbing","floor":25.0,"turns":4.0},{"damage":8.0,"enemies":"Slavers","floor":27.0,"turns":5.0},{"damage":12.0,"enemies":"Cultist and Chosen","floor":28.0,"turns":4.0},{"damage":17.0,"enemies":"Gremlin Leader","floor":30.0,"turns":3.0},{"damage":32.0,"enemies":"Automaton","floor":33.0,"turns":8.0},{"damage":8.0,"enemies":"3 Shapes","floor":35.0,"turns":3.0},{"damage":0.0,"enemies":"Orb Walker","floor":36.0,"turns":2.0},{"damage":11.0,"enemies":"Spire Growth","floor":40.0,"turns":4.0},{"damage":5.0,"enemies":"Nemesis","floor":41.0,"turns":3.0},{"damage":10.0,"enemies":"Maw","floor":44.0,"turns":5.0},{"damage":4.0,"enemies":"Writhing Mass","floor":46.0,"turns":8.0},{"damage":0.0,"enemies":"Giant Head","floor":47.0,"turns":4.0},{"damage":1.0,"enemies":"4 Shapes","floor":48.0,"turns":4.0},{"damage":62,"enemies":"Awakened One","floor":50,"turns":13},{"damage":34,"enemies":"Donu and Deca","floor":51,"turns":11},{"damage":13,"enemies":"Shield and Spear","floor":55,"turns":4},{"damage":61,"enemies":"The Heart","floor":56,"turns":2}],"seed_played":"8997576231953764845","potions_obtained":[{"floor":4.0,"key":"EssenceOfSteel"},{"floor":6.0,"key":"Weak Potion"},{"floor":16.0,"key":"Regen Potion"},{"floor":19.0,"key":"BlessingOfTheForge"},{"floor":25.0,"key":"Explosive Potion"},{"floor":27.0,"key":"Dexterity Potion"},{"floor":28.0,"key":"BlessingOfTheForge"},{"floor":30.0,"key":"GhostInAJar"}],"is_trial":false,"path_per_floor":["M","?","T","M","$","M","R","E","T","R","$","R","E","?","R","B",null,"M","?","M","$","?","R","M","E","T","E","M","R","E","$","R","B",null,"M","M","$","?","?","M","E","R","T","M","$","M","E","M","R","B","B",null,"R","$","E","B"],"character_chosen":"THE_SILENT","items_purchased":["Predator","Oddly Smooth Stone","Blade Dance","Blade Dance","SkillPotion","ColorlessPotion","Finisher"],"campfire_rested":5,"item_purchase_floors":[5,21,21,31,54,54,54],"current_hp_per_floor":[59,33,33,33,33,33,33,16,16,16,31,31,25,3,3,1,50,43,43,50,65,65,65,49,43,43,35,23,44,27,42,63,31,63,55,55,70,70,70,59,54,73,73,63,73,69,69,68,73,11,15,59,73,73,60,0,0],"gold":62,"neow_bonus":"RANDOM_COMMON_RELIC","is_daily":false,"chose_seed":false,"campfire_upgraded":4,"win_rate":0.0,"timestamp":1613617174,"path_taken":["M","?","?","M","$","M","R","E","T","R","$","R","E","?","R","BOSS","M","?","?","$","?","R","?","E","T","E","M","R","E","$","R","BOSS","M","?","$","?","?","M","E","R","T","M","$","?","E","M","R","BOSS","BOSS","R","$","E","BOSS"],"items_purchased_type":["Card","Relic","Card","Card","Potion","Potion","Card"],"build_version":"2020-12-22","purchased_purges":3,"victory":false,"max_hp_per_floor":[66,66,66,66,66,66,66,66,66,66,66,66,66,66,66,66,66,66,66,66,66,66,66,66,73,73,73,73,73,73,73,73,73,73,73,73,73,73,73,73,73,73,73,73,73,73,73,73,73,73,73,73,73,73,73,73,73],"relic_stats":{"counters":[27,128],"CeramicFish":36,"Pen Nib":[28],"PreservedInsect":207,"Bag of Preparation":[54],"Whetstone":["Flying Knee","Slice"],"War Paint":["Defend_G","Defend_G"],"Lizard Tail":36,"Shuriken":[96],"Bronze Scales":[334],"MealTicket":70,"obtain_stats":[{"CeramicFish":47,"Oddly Smooth Stone":21,"Vajra":55,"Pen Nib":26,"PreservedInsect":43,"Bag of Preparation":0,"Omamori":41,"Whetstone":30,"War Paint":26,"Akabeko":8,"Lizard Tail":14,"Matryoshka":13,"WristBlade":34,"Shuriken":2,"Bronze Scales":3,"Strawberry":25,"MealTicket":9,"Fusion Hammer":17,"Bag of Marbles":27,"StrikeDummy":22,"Ring of the Snake":0},{"CeramicFish":22,"Oddly Smooth Stone":9,"Vajra":26,"Pen Nib":11,"PreservedInsect":19,"Bag of Preparation":0,"Omamori":19,"Whetstone":14,"War Paint":11,"Akabeko":4,"Lizard Tail":6,"Matryoshka":5,"WristBlade":15,"Shuriken":1,"Bronze Scales":1,"Strawberry":11,"MealTicket":4,"Fusion Hammer":7,"Bag of Marbles":12,"StrikeDummy":9,"Ring of the Snake":0},{"CeramicFish":94,"Oddly Smooth Stone":36,"Vajra":126,"Pen Nib":45,"PreservedInsect":77,"Bag of Preparation":0,"Omamori":77,"Whetstone":57,"War Paint":45,"Akabeko":14,"Lizard Tail":23,"Matryoshka":19,"WristBlade":65,"Shuriken":5,"Bronze Scales":5,"Strawberry":45,"MealTicket":14,"Fusion Hammer":30,"Bag of Marbles":50,"StrikeDummy":36,"Ring of the Snake":0}],"Ring of the Snake":[54]},"card_choices":[{"not_picked":["Cloak And Dagger","Outmaneuver"],"picked":"Flying Knee","floor":1.0},{"not_picked":["PiercingWail","Expertise"],"picked":"Predator","floor":4.0},{"not_picked":["Sucker Punch","Concentrate"],"picked":"Slice","floor":6.0},{"not_picked":["Setup","Sucker Punch"],"picked":"Deflect","floor":8.0},{"not_picked":["Dodge and Roll","Poisoned Stab"],"picked":"Slice","floor":13.0},{"not_picked":["Reflex","Expertise"],"picked":"Heel Hook","floor":14.0},{"not_picked":["Storm of Steel","Wraith Form v2"],"picked":"Tools of the Trade","floor":16.0},{"not_picked":["Bane","Deadly Poison"],"picked":"Noxious Fumes","floor":18.0},{"not_picked":["Cloak And Dagger","Deadly Poison"],"picked":"Blade Dance","floor":20.0},{"not_picked":["Dagger Spray","Dodge and Roll"],"picked":"Deflect+1","floor":24.0},{"not_picked":["Poisoned Stab","Underhanded Strike+1","Quick Slash"],"picked":"SKIP","floor":25.0},{"not_picked":["Prepared","Distraction","Underhanded Strike"],"picked":"SKIP","floor":27.0},{"not_picked":["Deflect","Sucker Punch","Dagger Spray"],"picked":"SKIP","floor":28.0},{"not_picked":["Doppelganger","Expertise"],"picked":"Footwork","floor":30.0},{"not_picked":["Doppelganger","Die Die Die"],"picked":"After Image","floor":33.0},{"not_picked":["Deadly Poison+1","Predator+1","Blade Dance"],"picked":"SKIP","floor":35.0},{"not_picked":["PiercingWail","Predator+1","A Thousand Cuts"],"picked":"SKIP","floor":36.0},{"not_picked":["Sucker Punch","All Out Attack","Eviscerate"],"picked":"SKIP","floor":40.0},{"not_picked":["Deadly Poison+1","Dagger Throw"],"picked":"Dodge and Roll","floor":41.0},{"not_picked":["Dash","Blade Dance","Heel Hook"],"picked":"SKIP","floor":44.0},{"not_picked":["Backflip","Terror"],"picked":"Blur","floor":46.0},{"not_picked":["Quick Slash+1","Blade Dance"],"picked":"Leg Sweep+1","floor":47.0},{"not_picked":["Outmaneuver+1","Slice+1"],"picked":"PiercingWail+1","floor":48.0},{"not_picked":["Storm of Steel","All Out Attack+1"],"picked":"Footwork","floor":55}],"player_experience":3039445,"relics_obtained":[{"floor":3.0,"key":"Bronze Scales"},{"floor":8.0,"key":"Akabeko"},{"floor":9.0,"key":"MealTicket"},{"floor":13.0,"key":"Matryoshka"},{"floor":14.0,"key":"Lizard Tail"},{"floor":25.0,"key":"Strawberry"},{"floor":26.0,"key":"War Paint"},{"floor":26.0,"key":"Pen Nib"},{"floor":27.0,"key":"Bag of Marbles"},{"floor":30.0,"key":"Whetstone"},{"floor":41.0,"key":"Omamori"},{"floor":43.0,"key":"PreservedInsect"},{"floor":47.0,"key":"CeramicFish"},{"floor":55,"key":"Vajra"}],"event_choices":[{"damage_healed":0.0,"max_hp_gain":0.0,"max_hp_loss":0.0,"gold_gain":0.0,"event_name":"Scrap Ooze","player_choice":"Success","floor":2.0,"gold_loss":0.0,"damage_taken":26.0,"relics_obtained":["Shuriken"]},{"damage_healed":0.0,"max_hp_gain":0.0,"max_hp_loss":0.0,"gold_gain":0.0,"event_name":"Dead Adventurer","player_choice":"Searched \u00272\u0027 times","floor":14.0,"gold_loss":0.0,"damage_taken":0.0},{"damage_healed":0.0,"max_hp_gain":0.0,"max_hp_loss":0.0,"gold_gain":0.0,"event_name":"The Woman in Blue","player_choice":"Bought 1 Potion","floor":19.0,"gold_loss":0.0,"damage_taken":0.0},{"damage_healed":0.0,"max_hp_gain":0.0,"max_hp_loss":0.0,"gold_gain":0.0,"event_name":"WeMeetAgain","player_choice":"Gave Potion","floor":22.0,"gold_loss":0.0,"damage_taken":0.0,"relics_obtained":["StrikeDummy"]},{"cards_removed":["Defend_G"],"damage_healed":0.0,"max_hp_gain":0.0,"max_hp_loss":0.0,"gold_gain":0.0,"event_name":"Falling","player_choice":"Removed Skill","floor":38.0,"gold_loss":0.0,"damage_taken":0.0},{"cards_removed":["Strike_G"],"damage_healed":0.0,"max_hp_gain":0.0,"max_hp_loss":0.0,"gold_gain":0.0,"event_name":"Bonfire Elementals","player_choice":"Offered Basic","floor":39.0,"gold_loss":0.0,"damage_taken":0.0}],"is_beta":false,"boss_relics":[{"not_picked":["Ectoplasm","Snecko Eye"],"picked":"Fusion Hammer"},{"not_picked":["Runic Dome","SacredBark"],"picked":"WristBlade"}],"items_purged_floors":[5,31,37],"is_endless":false,"potions_floor_spawned":[4,6,16,25,27,28,30,40,44,48],"killed_by":"The Heart","ascension_level":20}}