{"host":"y6zg4wwu39otf01a","time":1613659614,"event":{"mods":["Act Like it!","Aspiration","BaseMod","Better Altar","Better Match","Better Note","Better Sensory Stone","Better Skull","Better Third Choice","Challenge The Spire","Colored Map","Colored Powertips","Conspire","GifTheSpireLib","Glutton Mod","Halation","Hermit","Highlight Path","Hubris","Infinite Spire","Mimic Mod","Minty Spire (QoL Compilation)","Quick Restart","Random Character Button","Rare Cards Sparkle","Reliquary","Replay The Spire","Retaliation","Ruina","Spicy Shops","StSLib","Stuff the Spire","The Blue Laboratory","The Construct","The Jungle"],"gold_per_floor":[116,116,39,39,39,74,74,87,114,130,305,305,305,331,331,434,434,434,434],"floor_reached":18,"language":"ENG","playtime":1209,"items_purged":[],"score":183,"play_id":"ab9b16a6-1ce7-4721-9c53-201df898500d","local_time":"20210218084654","is_ascension_mode":true,"campfire_choices":[{"data":"Meditate","floor":7,"key":"SMITH"},{"floor":15,"key":"REST"}],"circlet_count":0,"master_deck":["Strike_P","Strike_P","Strike_P","Strike_P","Defend_P","Defend_P","Defend_P","Eruption+1","Vigilance","Meditate+1","LikeWater","EmptyFist","Doubt","Study","Blasphemy"],"relics":["PureWater","HandDrill","Akabeko","infinitespire:PuzzleCube","StuffTheSpire:Expresso","Shovel","VioletLotus"],"acts_visited":["Exordium","TheCity"],"potions_floor_usage":[14,14],"damage_taken":[{"damage":0,"enemies":"Small Slimes","floor":1,"turns":2},{"damage":47,"enemies":"Lagavulin","floor":6,"turns":6},{"damage":2,"enemies":"2 Louse","floor":8,"turns":2},{"damage":0,"enemies":"Cultist","floor":10,"turns":2},{"damage":11,"enemies":"Gremlin Nob","floor":14,"turns":3},{"damage":36,"enemies":"Fading Forest","floor":16,"turns":11},{"damage":100031,"enemies":"3 Byrds","floor":18,"turns":4}],"seed_played":"4323837123557615636","potions_obtained":[{"floor":6,"key":"DuplicationPotion"},{"floor":10,"key":"blueLaboratory:BottleOfRum"},{"floor":14,"key":"blueLaboratory:MidnightOil"},{"floor":16,"key":"blueLaboratory:CorrosionFlask"}],"is_trial":false,"path_per_floor":["M","?","$","?","$","E","R","M","T","M","?","T","?","E","R","B",null,"M"],"character_chosen":"WATCHER","items_purchased":["HandDrill"],"campfire_rested":1,"item_purchase_floors":[3],"current_hp_per_floor":[72,72,72,72,72,25,25,23,23,23,23,23,23,12,33,7,72,0,0],"gold":434,"neow_bonus":"TRANSFORM_CARD","is_daily":false,"chose_seed":false,"campfire_upgraded":1,"win_rate":0.0,"timestamp":1613659614,"path_taken":["M","?","$","?","$","E","R","?","T","M","?","?","?","E","R","BOSS","M"],"items_purchased_type":["Relic"],"build_version":"2020-12-22","purchased_purges":0,"victory":false,"max_hp_per_floor":[72,72,72,72,72,72,72,72,72,72,72,72,72,72,72,72,72,72,72],"card_choices":[{"not_picked":["DeceiveReality","BowlingBash"],"picked":"LikeWater","floor":1},{"not_picked":["WaveOfTheHand","Indignation"],"picked":"Scrawl","floor":6},{"not_picked":["LikeWater","EmptyBody"],"picked":"EmptyFist","floor":8},{"not_picked":["PathToVictory","SashWhip","Scrawl"],"picked":"SKIP","floor":10},{"not_picked":["EmptyMind","Worship","Replay:Cycle"],"picked":"SKIP","floor":14},{"not_picked":["Scrawl","Wish"],"picked":"Blasphemy","floor":16}],"player_experience":888652,"relics_obtained":[{"floor":6,"key":"Akabeko"},{"floor":9,"key":"infinitespire:PuzzleCube"},{"floor":12,"key":"StuffTheSpire:Expresso"},{"floor":14,"key":"Shovel"}],"event_choices":[{"damage_healed":0,"gold_gain":0,"player_choice":"Grow","damage_taken":0,"max_hp_gain":0,"max_hp_loss":0,"event_name":"Living Wall","floor":2,"gold_loss":0,"cards_upgraded":["Eruption"]},{"damage_healed":0,"gold_gain":0,"player_choice":"Full Heal","damage_taken":0,"max_hp_gain":0,"max_hp_loss":0,"event_name":"Wheel of Change","floor":4,"gold_loss":0},{"damage_healed":0,"gold_gain":175,"player_choice":"AGREE","damage_taken":130,"max_hp_gain":0,"max_hp_loss":0,"event_name":"betterThird:BetterSerpent","floor":11,"gold_loss":0},{"damage_healed":0,"gold_gain":0,"cards_transformed":["Scrawl"],"player_choice":"Transformed","damage_taken":0,"max_hp_gain":0,"max_hp_loss":0,"event_name":"Transmorgrifier","floor":13,"gold_loss":0,"cards_obtained":["Study"]}],"is_beta":false,"boss_relics":[{"not_picked":["conspire:SeveredTorchhead","Velvet Choker"],"picked":"VioletLotus"}],"items_purged_floors":[],"is_endless":false,"potions_floor_spawned":[6,10,14,16],"killed_by":"3 Byrds","ascension_level":2}}