{"host":"qxeepl7ydvsgmfdb","time":1613667880,"event":{"mods":["AchievementEnabler","BaseMod","Colored Powertips","Minty Spire (QoL Compilation)","Quick Restart","slay the spire mod where everything is the same but ironclad has a cowboy hat"],"gold_per_floor":[112,112,129,41,41,41,191,222,268,295,126,137,87,102,102,177,177,188,108,108,108,108],"floor_reached":21,"language":"ENG","playtime":585,"items_purged":[],"score":389,"play_id":"1608f702-5f9d-4463-b123-0bc077046369","local_time":"20210218120440","is_ascension_mode":true,"campfire_choices":[{"data":"Terror","floor":6.0,"key":"SMITH"},{"floor":15.0,"key":"REST"}],"circlet_count":0,"master_deck":["AscendersBane","Strike_G","Strike_G","Strike_G","Strike_G","Defend_G","Defend_G","Defend_G","Defend_G","Defend_G","Survivor","Neutralize","Noxious Fumes+1","Deflect","Terror+1","Envenom","Venomology","Poisoned Stab","Blade Dance"],"relics":["Ring of the Snake","NeowsBlessing","HornCleat","Orichalcum","Darkstone Periapt","TheAbacus","Gremlin Horn"],"acts_visited":["Exordium","TheCity"],"potions_floor_usage":[21,21,21],"damage_taken":[{"damage":0.0,"enemies":"Jaw Worm","floor":1.0,"turns":1.0},{"damage":0.0,"enemies":"Cultist","floor":3.0,"turns":1.0},{"damage":0.0,"enemies":"Gremlin Nob","floor":8.0,"turns":1.0},{"damage":7.0,"enemies":"3 Sentries","floor":10.0,"turns":8.0},{"damage":6.0,"enemies":"Small Slimes","floor":12.0,"turns":4.0},{"damage":4.0,"enemies":"Looter","floor":14.0,"turns":5.0},{"damage":32.0,"enemies":"Hexaghost","floor":16.0,"turns":12.0},{"damage":29.0,"enemies":"Chosen","floor":18.0,"turns":6.0},{"damage":5.0,"enemies":"2 Thieves","floor":19.0,"turns":4.0},{"damage":23,"enemies":"Chosen and Byrds","floor":21,"turns":4}],"seed_played":"1097841813261051704","potions_obtained":[{"floor":1.0,"key":"Poison Potion"},{"floor":3.0,"key":"EssenceOfSteel"},{"floor":18.0,"key":"LiquidBronze"}],"is_trial":false,"path_per_floor":["M","?","M","$","?","R","?","E","T","E","$","M","?","M","R","B",null,"M","M","?","M"],"character_chosen":"THE_SILENT","items_purchased":["Terror","TheAbacus"],"campfire_rested":1,"item_purchase_floors":[4,11],"current_hp_per_floor":[59,59,59,59,52,52,52,52,52,45,45,39,39,35,54,22,55,26,21,21,0,0],"gold":108,"neow_bonus":"THREE_ENEMY_KILL","is_daily":false,"chose_seed":false,"campfire_upgraded":1,"win_rate":0.0,"timestamp":1613667880,"path_taken":["M","?","?","$","?","R","?","E","T","E","$","M","?","M","R","BOSS","M","?","?","?"],"items_purchased_type":["Card","Relic"],"build_version":"2020-12-22","purchased_purges":0,"victory":false,"max_hp_per_floor":[66,66,66,66,66,66,66,66,66,66,66,66,66,66,66,66,66,66,66,66,66,66],"card_choices":[{"not_picked":["Deflect","Distraction"],"picked":"Noxious Fumes","floor":1.0},{"not_picked":["PiercingWail","Reflex"],"picked":"Deflect","floor":3.0},{"not_picked":["Concentrate","Prepared"],"picked":"Envenom","floor":8.0},{"not_picked":["Heel Hook","Dash","Quick Slash"],"picked":"SKIP","floor":10.0},{"not_picked":["Prepared","Riddle With Holes","Crippling Poison"],"picked":"SKIP","floor":12.0},{"not_picked":["Crippling Poison","Noxious Fumes","Prepared"],"picked":"SKIP","floor":14.0},{"not_picked":["Tools of the Trade","Malaise"],"picked":"Venomology","floor":16.0},{"not_picked":["Endless Agony","Setup"],"picked":"Poisoned Stab","floor":18.0},{"not_picked":["Poisoned Stab","Backflip"],"picked":"Blade Dance","floor":19.0}],"player_experience":168829,"relics_obtained":[{"floor":8.0,"key":"HornCleat"},{"floor":9.0,"key":"Orichalcum"},{"floor":10.0,"key":"Darkstone Periapt"}],"event_choices":[{"damage_healed":0.0,"max_hp_gain":0.0,"max_hp_loss":0.0,"gold_gain":0.0,"event_name":"Upgrade Shrine","player_choice":"Upgraded","floor":2.0,"gold_loss":0.0,"damage_taken":0.0,"cards_upgraded":["Noxious Fumes"]},{"cards_removed":["Strike_G"],"damage_healed":0.0,"max_hp_gain":0.0,"max_hp_loss":0.0,"gold_gain":0.0,"event_name":"Golden Wing","player_choice":"Card Removal","floor":5.0,"gold_loss":0.0,"damage_taken":7.0},{"damage_healed":0.0,"max_hp_gain":0.0,"max_hp_loss":0.0,"gold_gain":150.0,"event_name":"Liars Game","player_choice":"AGREE","floor":7.0,"gold_loss":0.0,"damage_taken":0.0,"cards_obtained":["Doubt"]},{"damage_healed":0.0,"max_hp_gain":0.0,"max_hp_loss":0.0,"gold_gain":0.0,"event_name":"WeMeetAgain","player_choice":"Paid Gold","floor":13.0,"gold_loss":50.0,"damage_taken":0.0,"relics_obtained":["Gremlin Horn"]},{"cards_removed":["Doubt"],"damage_healed":0.0,"max_hp_gain":0.0,"max_hp_loss":0.0,"gold_gain":0.0,"event_name":"Fountain of Cleansing","player_choice":"Removed Curses","floor":20.0,"gold_loss":0.0,"damage_taken":0.0}],"is_beta":false,"boss_relics":[{"not_picked":["Ectoplasm","Pandora\u0027s Box","Coffee Dripper"]}],"items_purged_floors":[],"is_endless":false,"potions_floor_spawned":[1,3,18],"killed_by":"Chosen and Byrds","ascension_level":17}}