{"host":"bakf0s4odzu8z5xt","time":1613626602,"event":{"mods":["2.2 Compatiblity","BaseMod","Downfall","Friendly Minions","Minty Spire (QoL Compilation)","StSLib"],"gold_per_floor":[99,117,129,129,144,144,189,189,223,242,257,157,169,2,12,115,115,115,126,143,53,53,63,63,79,78,78,88,101,101,136,147,147,147,147],"floor_reached":33,"language":"ENG","playtime":1631,"items_purged":["Slimebound:Strike_Slimebound"],"score":366,"play_id":"8a54da56-6cc0-4e0b-905f-5fb9c6e9766c","local_time":"20210217233642","is_ascension_mode":true,"campfire_choices":[{"data":"Slimebound:CorrosiveSpit","floor":1,"key":"SMITH"},{"data":"Slimebound:LevelUp","floor":6,"key":"SMITH"},{"floor":8,"key":"RECALL"},{"data":"Slimebound:FirmFortitude","floor":12,"key":"SMITH"},{"data":"Slimebound:MassRepurpose","floor":18,"key":"SMITH"},{"floor":27,"key":"REST"},{"floor":30,"key":"REST"}],"circlet_count":0,"master_deck":["Slimebound:Strike_Slimebound","Slimebound:Strike_Slimebound","Slimebound:Tackle","Slimebound:Defend_Slimebound","Slimebound:Defend_Slimebound","Slimebound:Defend_Slimebound","Slimebound:Defend_Slimebound","Slimebound:Split+1","Slimebound:CorrosiveSpit+1","Slimebound:LevelUp+1","Slimebound:RollThrough","Slimebound:SplitSpecialist","Slimebound:FirmFortitude+1","Slimebound:SplitLeeching","Slimebound:SplitMire","Slimebound:RallyTheTroops","Slimebound:ComboTackle","Slimebound:MassRepurpose+1","Slimebound:LeechEnergy","Slimebound:LevelUp+1","Good Instincts+1","Slimebound:DisruptingSlam","Slimebound:LivingWall+1","Slimebound:SamplingLick+1"],"relics":["Slimebound:AbsorbEndCombat","Orichalcum","Shuriken","downfall:HeartBlessingRed","Lantern","Sozu","Toxic Egg 2","Pear","Akabeko"],"acts_visited":["Exordium","TheCity"],"potions_floor_usage":[0,9,9,11,13,23],"damage_taken":[{"damage":7,"enemies":"Jaw Worm","floor":2,"turns":3},{"damage":1,"enemies":"Cultist","floor":3,"turns":3},{"damage":0,"enemies":"Small Slimes","floor":5,"turns":3},{"damage":10,"enemies":"Lagavulin","floor":9,"turns":5},{"damage":1,"enemies":"3 Louse","floor":10,"turns":4},{"damage":7,"enemies":"Blue Slaver","floor":11,"turns":2},{"damage":10,"enemies":"Gremlin Gang","floor":13,"turns":4},{"damage":2,"enemies":"downfall:FleeingMerchant","floor":14,"turns":4},{"damage":4,"enemies":"Exordium Wildlife","floor":15,"turns":3},{"damage":14,"enemies":"SI_SHIV_ARCHETYPE","floor":16,"turns":5},{"damage":24,"enemies":"3 Byrds","floor":19,"turns":3},{"damage":0,"enemies":"Spheric Guardian","floor":20,"turns":3},{"damage":16,"enemies":"downfall:FleeingMerchant","floor":21,"turns":4},{"damage":6,"enemies":"Shelled Parasite and Fungi","floor":23,"turns":3},{"damage":12,"enemies":"3 Cultists","floor":25,"turns":3},{"damage":17,"enemies":"downfall:FleeingMerchant","floor":26,"turns":4},{"damage":7,"enemies":"Centurion and Healer","floor":28,"turns":5},{"damage":18,"enemies":"Snecko","floor":29,"turns":5},{"damage":51,"enemies":"Gremlin Leader","floor":31,"turns":6},{"damage":8,"enemies":"Snake Plant","floor":32,"turns":3},{"damage":14,"enemies":"WA_ARCHETYPE_CALM","floor":33,"turns":2}],"seed_played":"-4245731779791263438","potions_obtained":[{"floor":0,"key":"Fruit Juice"},{"floor":0,"key":"SkillPotion"},{"floor":0,"key":"Weak Potion"},{"floor":3,"key":"GamblersBrew"},{"floor":10,"key":"Energy Potion"},{"floor":16,"key":"Slimebound:SpawnSlimePotion"}],"is_trial":false,"path_per_floor":["R","M","M","?","M","R","T","R","E","M","M","R","M","$","M","B",null,"R","M","M","$","?","M","T","M","$","R","M","M","R","E","M","B"],"character_chosen":"SLIMEBOUND","items_purchased":["Lantern","Good Instincts+1","Pear"],"campfire_rested":2,"item_purchase_floors":[14,26,26],"current_hp_per_floor":[70,65,66,66,70,70,70,70,62,65,64,64,56,60,60,54,66,66,46,46,34,34,30,30,22,21,45,46,30,54,11,7,0,0,0],"gold":147,"neow_bonus":"THREE_SMALL_POTIONS","is_daily":false,"chose_seed":false,"campfire_upgraded":4,"win_rate":0.0,"timestamp":1613626602,"path_taken":["R","M","M","?","M","R","T","R","E","?","M","R","M","$","M","BOSS","R","M","M","$","?","M","T","M","$","R","M","M","R","E","M","BOSS"],"items_purchased_type":["Relic","Card","Relic"],"build_version":"2020-12-22","purchased_purges":1,"victory":false,"max_hp_per_floor":[70,70,70,70,70,70,70,70,70,70,70,70,70,70,70,70,70,70,70,70,70,70,70,70,70,80,80,80,80,80,80,80,80,80,80],"card_choices":[{"not_picked":["Slimebound:SplitBruiser","Slimebound:SplitAcid"],"picked":"Slimebound:LevelUp","floor":2},{"not_picked":["Slimebound:BestDefense","Slimebound:HungryTackle"],"picked":"Slimebound:RollThrough","floor":3},{"not_picked":["Slimebound:Schlurp","Slimebound:SlimeSpikes"],"picked":"Slimebound:SplitSpecialist","floor":5},{"not_picked":["Slimebound:BestDefense","Slimebound:LeechingTouch","Slimebound:SplitBruiser"],"picked":"SKIP","floor":9},{"not_picked":["Slimebound:SplitLeeching","Slimebound:Prepare"],"picked":"Slimebound:FirmFortitude","floor":10},{"not_picked":["Slimebound:FlameTackle","Slimebound:SlimeBrawl"],"picked":"Slimebound:SplitLeeching","floor":11},{"not_picked":["Slimebound:Nibble","Slimebound:LeechingTouch"],"picked":"Slimebound:SplitMire","floor":13},{"not_picked":["Slimebound:GrowthPunch","Slimebound:SlimeBrawl"],"picked":"Slimebound:RallyTheTroops","floor":14},{"not_picked":["Slimebound:PressTheAttack","Slimebound:SplitBruiser"],"picked":"Slimebound:ComboTackle","floor":15},{"not_picked":["Slimebound:FirmFortitude","Slimebound:OozeBath"],"picked":"Slimebound:MassRepurpose","floor":16},{"not_picked":["Slimebound:GoopTackle","Slimebound:SplitMire+1","Slimebound:Grow+1"],"picked":"SKIP","floor":19},{"not_picked":["Slimebound:SlimeSpikes","Slimebound:LevelUp+1"],"picked":"Slimebound:LeechEnergy","floor":20},{"not_picked":["Slimebound:SlimeSpikes","Slimebound:HungryTackle","Slimebound:ComboTackle"],"picked":"SKIP","floor":21},{"not_picked":["Slimebound:ItLooksTasty","Slimebound:GoopSpray"],"picked":"Slimebound:LevelUp+1","floor":23},{"not_picked":["Slimebound:SplitSpecialist+1","Slimebound:SplitAcid+1","Slimebound:FinishingTackle"],"picked":"SKIP","floor":25},{"not_picked":["Slimebound:HauntingLick+1","Slimebound:FinishingTackle","Slimebound:AcidTongue"],"picked":"SKIP","floor":26},{"not_picked":["Slimebound:Schlurp+1","Slimebound:SplitSpecialist+1"],"picked":"Slimebound:DisruptingSlam","floor":28},{"not_picked":["Slimebound:Schlurp+1","Slimebound:RallyTheTroops","Slimebound:LeechingTouch"],"picked":"SKIP","floor":29},{"not_picked":["Slimebound:ComboTackle","Slimebound:Repurpose+1"],"picked":"Slimebound:LivingWall+1","floor":31},{"not_picked":["Slimebound:FinishingTackle","Slimebound:GoopTackle+1"],"picked":"Slimebound:SamplingLick+1","floor":32}],"player_experience":2228162,"relics_obtained":[{"floor":7,"key":"Orichalcum"},{"floor":9,"key":"Shuriken"},{"floor":24,"key":"Toxic Egg 2"},{"floor":31,"key":"Akabeko"}],"event_choices":[{"damage_healed":0,"gold_gain":0,"player_choice":"Forge","damage_taken":0,"max_hp_gain":0,"max_hp_loss":0,"event_name":"Accursed Blacksmith","floor":4,"gold_loss":0,"cards_upgraded":["Slimebound:Split"]}],"is_beta":false,"boss_relics":[{"not_picked":["Tiny House","bronze:MakeshiftBattery"],"picked":"Sozu"}],"items_purged_floors":[21],"is_endless":false,"potions_floor_spawned":[3,10,16,20,23,25,31],"killed_by":"WA_ARCHETYPE_CALM","ascension_level":5}}