{"host":"dslyow1zalefsrv0","time":1613624431,"event":{"mods":["2.2 Compatiblity","Act Like it!","BaseMod","Better Match","Better Sensory Stone","BetterRewards","Colored Powertips","Googly Eyes","Hallownest","Hermit","Jorbs\u0027s Wanderer Trilogy","Minty Spire (QoL Compilation)","Potionbrewer","Quick Restart","Rare Cards Sparkle","Replay The Spire","Shop Mod","StSLib","The Bladedancer","The Bug Knight","The Hierophant","The Necromancer","The Servant 0.9.4","The Wild Card"],"gold_per_floor":[219,229,241,241,261,289,304,329,329,504,504,504,530,572,584,700,712,735,747,747],"floor_reached":19,"language":"ENG","playtime":1283,"items_purged":[],"score":189,"play_id":"88224db0-cf8e-459f-9895-795abbb57dcf","local_time":"20210217230031","is_ascension_mode":false,"campfire_choices":[{"floor":11,"key":"REST"}],"circlet_count":0,"master_deck":["blademaster:Strike","blademaster:Strike","blademaster:Strike","blademaster:Strike","blademaster:Defend","blademaster:Defend","blademaster:Defend","blademaster:Defend","blademaster:RagingBlow","blademaster:HighVoltage","blademaster:AspectOfLightning+1","blademaster:AwakeningDefend","blademaster:LeechingStrike","blademaster:Flurry+1","blademaster:FuriousStrike","blademaster:ParryingStrike","blademaster:Safeguard","Doubt","blademaster:AspectOfLightning","blademaster:Meditate","blademaster:Momentum"],"relics":["blademaster:DancersAmulet","Bronze Scales","Pantograph","Regal Pillow","MawBank","Replay:Bottled Eggs"],"acts_visited":["Exordium","TheCity"],"potions_floor_usage":[7,14,17],"damage_taken":[{"damage":0,"enemies":"Cultist","floor":1,"turns":4},{"damage":2,"enemies":"Jaw Worm","floor":2,"turns":4},{"damage":0,"enemies":"Small Slimes","floor":3,"turns":4},{"damage":9,"enemies":"Blue Slaver","floor":5,"turns":4},{"damage":13,"enemies":"Gremlin Nob","floor":6,"turns":3},{"damage":2,"enemies":"3 Louse","floor":7,"turns":3},{"damage":12,"enemies":"3 Sentries","floor":8,"turns":8},{"damage":7,"enemies":"Looter","floor":13,"turns":4},{"damage":12,"enemies":"Lagavulin","floor":14,"turns":5},{"damage":69,"enemies":"Hexaghost","floor":16,"turns":11},{"damage":35,"enemies":"Shell Parasite","floor":18,"turns":7},{"damage":0,"enemies":"2 Thieves","floor":19,"turns":1}],"seed_played":"3507077420991050243","potions_obtained":[{"floor":6,"key":"Regen Potion"},{"floor":7,"key":"FearPotion"},{"floor":8,"key":"Strength Potion"},{"floor":16,"key":"potionbrewer:SplittingPotion"},{"floor":18,"key":"Weak Potion"}],"is_trial":false,"path_per_floor":["M","M","M","$","M","E","M","E","T","?","R","?","M","E","R","B",null,"M","M"],"character_chosen":"THE_BLADEMASTER","items_purchased":[],"campfire_rested":1,"item_purchase_floors":[],"current_hp_per_floor":[75,73,73,73,67,54,61,49,49,49,75,63,65,59,75,24,75,55,55,55],"gold":747,"neow_bonus":"HUNDRED_GOLD","is_daily":false,"chose_seed":false,"campfire_upgraded":0,"win_rate":0.0,"timestamp":1613624431,"path_taken":["M","M","?","?","M","E","M","E","T","?","R","?","M","E","R","BOSS","M","M"],"items_purchased_type":[],"build_version":"2020-12-22","purchased_purges":0,"victory":false,"max_hp_per_floor":[75,75,75,75,75,75,75,75,75,75,75,75,75,75,75,75,75,75,75,75],"card_choices":[{"not_picked":["blademaster:Frontflip","blademaster:SlyStabs"],"picked":"blademaster:AspectOfLightning","floor":1},{"not_picked":["blademaster:Breeze","blademaster:DragonStrike"],"picked":"blademaster:AwakeningDefend","floor":2},{"not_picked":["blademaster:Rupture","blademaster:DaggerAndCloak"],"picked":"blademaster:LeechingStrike","floor":3},{"not_picked":["blademaster:SlyStabs","blademaster:AspectOfLightning"],"picked":"blademaster:Flurry","floor":5},{"not_picked":["blademaster:Stability","blademaster:Blockade"],"picked":"blademaster:FuriousStrike","floor":6},{"not_picked":["blademaster:ChargingUp","blademaster:AirSlash"],"picked":"blademaster:ParryingStrike","floor":7},{"not_picked":["blademaster:DaggerAndCloak","blademaster:Slice"],"picked":"blademaster:Safeguard","floor":8},{"not_picked":["blademaster:CombatPrep","blademaster:BloodyBlow"],"picked":"blademaster:AspectOfLightning","floor":13},{"not_picked":["blademaster:Sharpen","blademaster:ChargingUp"],"picked":"blademaster:Meditate","floor":14},{"not_picked":["blademaster:AwakeningStrike","blademaster:Quickness"],"picked":"blademaster:Momentum","floor":18}],"player_experience":108581,"relics_obtained":[{"floor":6,"key":"blademaster:ComboEveryTurnPerk"},{"floor":6,"key":"Bronze Scales"},{"floor":8,"key":"blademaster:StanceHealPerk"},{"floor":8,"key":"Pantograph"},{"floor":9,"key":"Regal Pillow"},{"floor":14,"key":"Replay:Bottled Eggs"},{"floor":14,"key":"blademaster:BleedingMoreDamagePerk"}],"event_choices":[{"damage_healed":0,"gold_gain":175,"player_choice":"AGREE","damage_taken":0,"max_hp_gain":0,"max_hp_loss":0,"event_name":"Liars Game","floor":10,"gold_loss":0,"cards_obtained":["Doubt"]},{"damage_healed":0,"gold_gain":0,"player_choice":"Success","damage_taken":12,"relics_obtained":["MawBank"],"max_hp_gain":0,"max_hp_loss":0,"event_name":"Scrap Ooze","floor":12,"gold_loss":0}],"is_beta":false,"boss_relics":[{"not_picked":["Replay:Grab Bag","ReplayTheSpireMod:DimensionalGlitch","Replay:Bronze Core"]}],"items_purged_floors":[],"is_endless":false,"potions_floor_spawned":[6,7,8,16,18],"killed_by":"2 Thieves","ascension_level":0}}