{"host":"t7x48id4m12lw7lo","time":1613651305,"event":{"mods":["BaseMod","Bestiary","Bossed Relics","Colored Powertips","Dark Map","DeckTracker","Downfall","Glutton Mod","Hermit","Infinite Spire","Mimic Mod","Minty Spire (QoL Compilation)","Onozuka Komachi Mod","Pikachu Mod","Potionbrewer","Random Character Button","Shapeshifter Mod","StSLib","The Animator","The Bladedancer","The Cursed","The Florist","The Forsaken","The Hayseed","The IronCluck","The Runesmith","The Servant 0.9.4","TheBandit","TheHero","TheSwordswoman","Thieving Mod","Wandering Minibosses","Wide Potions"],"gold_per_floor":[99,116,136,136,149,161,194,205,215,290,290,128,128,128,143,242,242,242,253,253,253,253,238,271,271,289,289,308,321,321,24,34,34,34,34],"floor_reached":33,"language":"ENG","playtime":2682,"items_purged":["TheSimpletonMod:Gnats"],"score":239,"play_id":"62b7ff2e-4837-4a8f-898b-f83a43285821","local_time":"20210218232825","is_ascension_mode":false,"campfire_choices":[{"data":"Slimebound:Split","floor":1.0,"key":"SMITH"},{"data":"Slimebound:SplitMire","floor":11.0,"key":"SMITH"},{"data":"Slimebound:ComboTackle","floor":13.0,"key":"SMITH"},{"data":"Slimebound:PrepareCrush","floor":18.0,"key":"SMITH"},{"floor":27.0,"key":"REST"},{"floor":30.0,"key":"REST"}],"circlet_count":0,"master_deck":["Slimebound:Strike_Slimebound","Slimebound:Strike_Slimebound","Slimebound:Strike_Slimebound","Slimebound:Tackle","Slimebound:Defend_Slimebound","Slimebound:Defend_Slimebound","Slimebound:Defend_Slimebound","Slimebound:Defend_Slimebound","Slimebound:Split+1","Slimebound:CorrosiveSpit+1","Slimebound:SlimeSpikes+1","Slimebound:SpikyOuterGoop","Slimebound:ComboTackle+1","Slimebound:RollThrough","Slimebound:LivingWall","Slimebound:SplitMire+1","Slimebound:LivingWall","Slimebound:MegaLick","Regret","Slimebound:HauntingLick","Slimebound:PrepareCrush+1","Slimebound:LeechingTouch","theForsaken:PlagueCurse","Slimebound:SamplingLick","Slimebound:SlimeSpikes+1","Slimebound:PressTheAttack","Slimebound:CorrosiveSpit+1","Slimebound:SamplingLick","Slimebound:GoopSpray+1","Slimebound:SplitMire","Slimebound:RollThrough","Slimebound:SplitLeeching"],"relics":["Potion Belt","animator:ExquisiteBloodVial","champ:Barbells","Agrypnos:Flower Pot","hermit:Horseshoe","Pikachu:LeftoversRelic","Pantograph","bronze:MakeshiftBattery","hexamod:RecyclingMachine","infinitespire:Chaos","Bird Faced Urn","potionbrewer:RamsHorn"],"acts_visited":["Exordium","TheCity"],"potions_floor_usage":[33,33],"damage_taken":[{"damage":1.0,"enemies":"Jaw Worm","floor":2.0,"turns":3.0},{"damage":6.0,"enemies":"infinitespire:Voidling","floor":3.0,"turns":3.0},{"damage":2.0,"enemies":"Small Slimes","floor":5.0,"turns":3.0},{"damage":17.0,"enemies":"downfall:LooterAlt","floor":6.0,"turns":3.0},{"damage":6.0,"enemies":"Large Slime","floor":7.0,"turns":5.0},{"damage":1.0,"enemies":"Large Slime","floor":8.0,"turns":5.0},{"damage":9.0,"enemies":"3 Louse","floor":9.0,"turns":3.0},{"damage":5.0,"enemies":"downfall:FleeingMerchant","floor":12.0,"turns":4.0},{"damage":13.0,"enemies":"Blue Slaver","floor":15.0,"turns":2.0},{"damage":15.0,"enemies":"IC_STATUS_ARCHETYPE","floor":16.0,"turns":7.0},{"damage":23.0,"enemies":"Spheric Guardian","floor":19.0,"turns":4.0},{"damage":22.0,"enemies":"downfall:FleeingMerchant","floor":23.0,"turns":4.0},{"damage":20.0,"enemies":"Snecko","floor":24.0,"turns":5.0},{"damage":8.0,"enemies":"Snecko","floor":26.0,"turns":4.0},{"damage":13.0,"enemies":"Cultist and Chosen","floor":28.0,"turns":4.0},{"damage":18.0,"enemies":"Snake Plant","floor":29.0,"turns":3.0},{"damage":23,"enemies":"downfall:FleeingMerchant","floor":31,"turns":4},{"damage":3,"enemies":"3 Cultists","floor":32,"turns":5},{"damage":62,"enemies":"DF_ARCHETYPE_CLAW","floor":33,"turns":6}],"seed_played":"256194934914991415","potions_obtained":[{"floor":2.0,"key":"Slimebound:SlimedPotion"},{"floor":6.0,"key":"LiquidMemories"},{"floor":8.0,"key":"potionbrewer:InfectionPotion"},{"floor":15.0,"key":"Energy Potion"},{"floor":28.0,"key":"LiquidMemories"},{"floor":32,"key":"Ancient Potion"}],"is_trial":false,"path_per_floor":["R","M","M","?","M","M","MIM","M","M","?","R","$","R","?","M","B",null,"R","M","?","?","?","$","MIM","?","M","R","M","M","R","$","M","B"],"character_chosen":"SLIMEBOUND","items_purchased":["Vajra","infinitespire:Chaos","Energy Potion"],"campfire_rested":2,"item_purchase_floors":[12,31,31],"current_hp_per_floor":[71,71,67,67,69,52,50,53,48,48,48,51,51,51,40,33,71,71,50,50,50,50,36,22,22,20,41,32,16,37,20,21,0,0,0],"gold":34,"neow_bonus":"TEN_PERCENT_HP_BONUS","is_daily":false,"chose_seed":false,"campfire_upgraded":4,"win_rate":0.0,"timestamp":1613651305,"path_taken":["R","M","M","?","?","M","MIM","M","M","?","R","$","R","?","M","BOSS","R","M","?","?","?","?","MIM","?","M","R","M","M","R","$","M","BOSS"],"items_purchased_type":["Relic","Relic","Potion"],"build_version":"2020-12-22","purchased_purges":1,"victory":false,"max_hp_per_floor":[71,71,71,71,71,71,71,71,71,71,71,71,71,71,71,71,71,71,71,71,71,71,71,71,71,71,71,71,71,71,71,71,71,71,71],"card_choices":[{"not_picked":["Slimebound:FinishingTackle","Slimebound:HauntingLick"],"picked":"Slimebound:SlimeSpikes","floor":2.0},{"not_picked":["Slimebound:SplitBruiser","Slimebound:RollThrough"],"picked":"Slimebound:SpikyOuterGoop","floor":3.0},{"not_picked":["Slimebound:AcidTongue","Slimebound:Gluttony"],"picked":"Slimebound:ComboTackle","floor":5.0},{"not_picked":["Slimebound:SplitMire","Slimebound:ViciousTackle"],"picked":"Slimebound:RollThrough","floor":6.0},{"not_picked":["Slimebound:GoopSpray","Slimebound:HauntingLick"],"picked":"Slimebound:LivingWall","floor":7.0},{"not_picked":["Slimebound:LeechEnergy","Slimebound:RollThrough"],"picked":"Slimebound:SplitMire","floor":8.0},{"not_picked":["Slimebound:LeechEnergy","Slimebound:GrowthPunch"],"picked":"Slimebound:LivingWall","floor":9.0},{"not_picked":["Slimebound:RollThrough","Slimebound:SplitAcid"],"picked":"Slimebound:MegaLick","floor":12.0},{"not_picked":["Slimebound:TongueLash","Slimebound:SplitBruiser"],"picked":"Slimebound:HauntingLick","floor":15.0},{"not_picked":["Slimebound:LeechLife","Slimebound:WasteNot"],"picked":"Slimebound:PrepareCrush","floor":16.0},{"not_picked":["Slimebound:FinishingTackle","Slimebound:LivingWall"],"picked":"Slimebound:LeechingTouch","floor":19.0},{"not_picked":["Slimebound:LivingWall","Slimebound:GrowthPunch"],"picked":"Slimebound:SlimeSpikes+1","floor":23.0},{"not_picked":["Slimebound:SelfFormingGoo","Slimebound:GoopSpray"],"picked":"Slimebound:PressTheAttack","floor":24.0},{"not_picked":["Slimebound:SplitBruiser","Slimebound:LeechEnergy+1"],"picked":"Slimebound:SamplingLick","floor":26.0},{"not_picked":["Slimebound:FinishingTackle","Slimebound:SlimeTap"],"picked":"Slimebound:GoopSpray+1","floor":28.0},{"not_picked":["Slimebound:LeechEnergy","Slimebound:DisruptingSlam"],"picked":"Slimebound:SplitMire","floor":29.0},{"not_picked":["Slimebound:GrowthPunch","Slimebound:LivingWall+1"],"picked":"Slimebound:RollThrough","floor":31},{"not_picked":["Slimebound:RallyTheTroops","Slimebound:Schlurp"],"picked":"Slimebound:SplitLeeching","floor":32}],"player_experience":41532,"relics_obtained":[{"floor":7.0,"key":"Pen Nib"},{"floor":24.0,"key":"potionbrewer:MortarAndPestle"}],"event_choices":[{"damage_healed":0.0,"max_hp_gain":0.0,"max_hp_loss":0.0,"gold_gain":0.0,"event_name":"Big Fish","player_choice":"Box","floor":14.0,"gold_loss":0.0,"damage_taken":0.0,"relics_obtained":["infinitespire:Golems Mask"],"cards_obtained":["Regret"]},{"damage_healed":0.0,"max_hp_gain":0.0,"max_hp_loss":0.0,"gold_gain":0.0,"event_name":"Plague Doctor","player_choice":"Obtain Plague Curse","floor":20.0,"gold_loss":0.0,"damage_taken":0.0,"cards_obtained":["theForsaken:PlagueCurse"]},{"damage_healed":0.0,"max_hp_gain":0.0,"max_hp_loss":0.0,"gold_gain":0.0,"event_name":"Ghosts","player_choice":"Ignored","floor":21.0,"gold_loss":0.0,"damage_taken":0.0},{"damage_healed":0.0,"max_hp_gain":0.0,"max_hp_loss":0.0,"gold_gain":0.0,"event_name":"The Library","player_choice":"Read","floor":22.0,"gold_loss":0.0,"damage_taken":0.0,"cards_obtained":["Slimebound:SamplingLick"]}],"is_beta":false,"boss_relics":[{"not_picked":["Fusion Hammer","Velvet Choker"],"picked":"SlaversCollar"}],"items_purged_floors":[31],"is_endless":false,"potions_floor_spawned":[2,6,8,15,28,32],"killed_by":"DF_ARCHETYPE_CLAW","ascension_level":0}}