{"host":"2ryabvayt7pqghlx","time":1613677916,"event":{"mods":["AchievementEnabler","BaseMod","Colored Map","Downfall","Hermit","Highlight Path","Minty Spire (QoL Compilation)","Rare Cards Sparkle","Relic Stats","StSLib","SuperFastMode"],"gold_per_floor":[99,109,109,120,133,133,133,43,193,221,221,284,184,202,215,316,316,116,126,141,151,163,48,48,48,48,4,24,24,38,93,109,109,109,109],"floor_reached":33,"language":"ENG","playtime":3473,"items_purged":["downfall:Malfunctioning","hexamod:RadiantFlame"],"score":274,"play_id":"3fc053b0-855c-46bb-ab29-60e2128c19a2","local_time":"20210218145156","is_ascension_mode":false,"campfire_choices":[{"data":"hexamod:Float","floor":1,"key":"SMITH"},{"data":"hexamod:EtherealExpedition","floor":6,"key":"SMITH"},{"data":"hexamod:SpectersWail","floor":11,"key":"SMITH"},{"floor":13,"key":"RECALL"},{"data":"hexamod:VolcanoVisage","floor":18,"key":"SMITH"},{"floor":26,"key":"REST"},{"floor":29,"key":"REST"}],"circlet_count":0,"master_deck":["hexamod:Strike+1","hexamod:Strike+1","hexamod:Strike","hexamod:Strike","hexamod:Defend+1","hexamod:Defend","hexamod:Defend","hexamod:Defend","hexamod:Sear+1","hexamod:Float+1","hexamod:SwordOfDarkness","hexamod:EtherealExpedition+1","hexamod:DynamicBlow","hexamod:SpectersWail+1","downfall:Icky","hexamod:InspiringFlames+1","hexamod:VolcanoVisage+1","hexamod:HauntingEcho","hexamod:AdvancingGuard","RitualDagger","hexamod:NightmareStrike","hexamod:HeatCrush","hexamod:ShieldOfDarkness+1","hexamod:TimeWarp","hexamod:GhostflameInferno"],"relics":["hexamod:SpiritBrand","Omamori","War Paint","downfall:HeartBlessingGreen","Philosopher\u0027s Stone","downfall:HeartBlessingRed","downfall:HeartBlessingBlue","The Courier","Smiling Mask"],"acts_visited":["Exordium","TheCity"],"potions_floor_usage":[10,20,22,32,32,33],"damage_taken":[{"damage":0,"enemies":"Small Slimes","floor":2,"turns":3},{"damage":0,"enemies":"2 Louse","floor":4,"turns":2},{"damage":0,"enemies":"Jaw Worm","floor":5,"turns":2},{"damage":0,"enemies":"downfall:FleeingMerchant","floor":8,"turns":4},{"damage":8,"enemies":"3 Sentries","floor":10,"turns":5},{"damage":12,"enemies":"Lagavulin Event","floor":12,"turns":4},{"damage":1,"enemies":"Blue Slaver","floor":14,"turns":3},{"damage":5,"enemies":"Exordium Thugs","floor":15,"turns":5},{"damage":2,"enemies":"SI_SHIV_ARCHETYPE","floor":16,"turns":9},{"damage":9,"enemies":"Shell Parasite","floor":19,"turns":3},{"damage":23,"enemies":"3 Byrds","floor":20,"turns":4},{"damage":26,"enemies":"Shelled Parasite and Fungi","floor":21,"turns":5},{"damage":10,"enemies":"Snecko","floor":22,"turns":3},{"damage":0,"enemies":"downfall:FleeingMerchant","floor":23,"turns":4},{"damage":5,"enemies":"downfall:FleeingMerchant","floor":27,"turns":4},{"damage":9,"enemies":"Cultist and Chosen","floor":28,"turns":6},{"damage":5,"enemies":"Shelled Parasite and Fungi","floor":30,"turns":4},{"damage":22,"enemies":"Snake Plant","floor":32,"turns":3},{"damage":28,"enemies":"WA_ARCHETYPE_CALM","floor":33,"turns":5}],"seed_played":"-2534354242519948940","potions_obtained":[{"floor":2,"key":"FearPotion"},{"floor":4,"key":"ColorlessPotion"},{"floor":12,"key":"hexamod:SoulburnPotion"},{"floor":15,"key":"Explosive Potion"},{"floor":22,"key":"champ:CounterPotion"},{"floor":28,"key":"LiquidMemories"},{"floor":30,"key":"SkillPotion"},{"floor":32,"key":"Fire Potion"}],"is_trial":false,"path_per_floor":["R","M","?","M","M","R","T","$","?","E","R","?","R","M","M","B",null,"R","M","M","M","M","$","T","?","R","$","M","R","M","T","M","B"],"character_chosen":"THE_SPIRIT","items_purchased":["hexamod:HeatCrush"],"campfire_rested":2,"item_purchase_floors":[27],"current_hp_per_floor":[77,77,77,77,77,77,77,77,77,69,69,57,57,56,51,49,77,87,78,55,29,19,19,19,13,39,34,25,51,46,46,24,0,0,0],"gold":109,"neow_bonus":"TEN_PERCENT_HP_BONUS","is_daily":false,"chose_seed":false,"campfire_upgraded":4,"win_rate":0.0,"timestamp":1613677916,"path_taken":["R","M","?","M","M","R","T","$","?","E","R","?","R","M","M","BOSS","R","M","M","M","M","$","T","?","R","$","M","R","M","?","M","BOSS"],"items_purchased_type":["Card"],"build_version":"2020-12-22","purchased_purges":2,"victory":false,"max_hp_per_floor":[77,77,77,77,77,77,77,77,77,77,77,77,77,77,77,77,77,87,87,87,87,87,87,87,87,87,87,87,87,87,87,87,87,87,87],"relic_stats":{"counters":[19,78],"War Paint":["hexamod:Defend","hexamod:InspiringFlames"],"Smiling Mask":0,"obtain_stats":[{"downfall:HeartBlessingRed":18,"downfall:HeartBlessingBlue":18,"downfall:HeartBlessingGreen":13,"Philosopher\u0027s Stone":17,"The Courier":24,"Omamori":10,"War Paint":12,"Smiling Mask":31,"hexamod:SpiritBrand":0},{"downfall:HeartBlessingRed":9,"downfall:HeartBlessingBlue":9,"downfall:HeartBlessingGreen":6,"Philosopher\u0027s Stone":9,"The Courier":14,"Omamori":5,"War Paint":6,"Smiling Mask":17,"hexamod:SpiritBrand":0},{"downfall:HeartBlessingRed":37,"downfall:HeartBlessingBlue":37,"downfall:HeartBlessingGreen":20,"Philosopher\u0027s Stone":37,"The Courier":56,"Omamori":16,"War Paint":20,"Smiling Mask":70,"hexamod:SpiritBrand":0}]},"card_choices":[{"not_picked":["hexamod:SoulSteal","hexamod:BurningTouch"],"picked":"hexamod:SwordOfDarkness","floor":2},{"not_picked":["hexamod:Rewind","hexamod:SwordOfDarkness"],"picked":"hexamod:EtherealExpedition","floor":4},{"not_picked":["hexamod:BacktrackSmack","hexamod:GhostLash"],"picked":"hexamod:DynamicBlow","floor":5},{"not_picked":["hexamod:SwordOfDarkness","hexamod:ChargedBarrage"],"picked":"hexamod:SpectersWail","floor":8},{"not_picked":["hexamod:DynamicBlow","hexamod:NecessarySacrifice"],"picked":"hexamod:InspiringFlames","floor":10},{"not_picked":["hexamod:GhostOfSpirePast","hexamod:Rewind","hexamod:FirstSeal"],"picked":"SKIP","floor":14},{"not_picked":["hexamod:UnleashSpirits","hexamod:GhostLash"],"picked":"hexamod:RadiantFlame","floor":15},{"not_picked":["hexamod:TimeWarp","hexamod:UnlimitedPower"],"picked":"hexamod:VolcanoVisage","floor":16},{"not_picked":["hexamod:SkipABeat","hexamod:ChargedBarrage"],"picked":"hexamod:HauntingEcho","floor":19},{"not_picked":["hexamod:InspiringFlames","hexamod:SkipABeat"],"picked":"hexamod:AdvancingGuard","floor":20},{"not_picked":["hexamod:AdvancingGuard+1","hexamod:Rewind","hexamod:Haunt"],"picked":"SKIP","floor":21},{"not_picked":["hexamod:Again","hexamod:ExtraCrispy","hexamod:NightmareGuise"],"picked":"SKIP","floor":22},{"not_picked":["hexamod:ChargedBarrage","hexamod:RadiantFlame+1","hexamod:BacktrackSmack"],"picked":"SKIP","floor":23},{"not_picked":["hexamod:EmpoweredFlame","hexamod:SecondSeal"],"picked":"hexamod:NightmareStrike","floor":27},{"not_picked":["hexamod:Rewind","hexamod:NightmareStrike"],"picked":"hexamod:ShieldOfDarkness+1","floor":28},{"not_picked":["hexamod:NightmareStrike","hexamod:ExtraCrispy"],"picked":"hexamod:TimeWarp","floor":30},{"not_picked":["hexamod:NightmareGuise+1","hexamod:SpectersWail"],"picked":"hexamod:GhostflameInferno","floor":32}],"player_experience":158998,"relics_obtained":[{"floor":10,"key":"Omamori"},{"floor":12,"key":"War Paint"},{"floor":24,"key":"The Courier"},{"floor":31,"key":"Smiling Mask"}],"event_choices":[],"is_beta":false,"boss_relics":[{"not_picked":["hexamod:UnbrokenSoul","Pandora\u0027s Box"],"picked":"Philosopher\u0027s Stone"}],"items_purged_floors":[8,23],"is_endless":false,"potions_floor_spawned":[2,4,12,15,16,22,28,30,32],"killed_by":"WA_ARCHETYPE_CALM","ascension_level":0}}