{"host":"u8gwyxapu65l7nuk","time":1613644888,"event":{"mods":["BaseMod","Custom Start","Minty Spire (QoL Compilation)","StSLib"],"gold_per_floor":[114,114,128,56,76,110,110,136,136,169,169,181,216,230,230,335,335,351,370,469,519,536,536,570,570,570,601,617,651,651,651,651,753,753,773,773,256,266,266,293,311,327,327,327,357,407,407,433,433,433,433,433,1,35,35],"floor_reached":56,"language":"ENG","playtime":2460,"items_purged":[],"score":1446,"play_id":"6bf9baf6-0a06-4817-bf90-1f063cac2761","local_time":"20210218184128","is_ascension_mode":true,"campfire_choices":[{"data":"Poisoned Stab","floor":7,"key":"SMITH"},{"data":"Venomology","floor":11,"key":"SMITH"},{"data":"Venomology","floor":15,"key":"SMITH"},{"data":"Bouncing Flask","floor":23,"key":"SMITH"},{"data":"Footwork","floor":25,"key":"SMITH"},{"data":"After Image","floor":32,"key":"SMITH"},{"floor":47,"key":"RECALL"},{"data":"Die Die Die","floor":49,"key":"SMITH"},{"data":"Dash","floor":52,"key":"SMITH"}],"circlet_count":0,"master_deck":["Venomology+1","Venomology+1","Survivor","Defend_G+1","Defend_G+1","Defend_G+1","Defend_G+1","Neutralize+1","Strike_G+1","Strike_G+1","Strike_G+1","Crippling Poison","Poisoned Stab+1","Cloak And Dagger+1","Poisoned Stab","Poisoned Stab","Dash","Accuracy","Deadly Poison","Bouncing Flask+1","Footwork+1","Distraction+1","Slice+1","Burst","After Image+1","Die Die Die+1","Panacea","Panacea","Dash+1","Distraction+1","PiercingWail+1","Backstab+1","Madness","Madness+1","After Image"],"relics":["Ring of the Snake","Toy Ornithopter","SacredBark","White Beast Statue","Potion Belt","Cauldron","The Courier","Darkstone Periapt","Shuriken","Ancient Tea Set","InkBottle","WristBlade","Tingsha","CaptainsWheel","HornCleat","Whetstone","Ninja Scroll","Black Star","DollysMirror","The Specimen","Lantern","MealTicket","Strawberry","Question Card","Sundial","Ginger","Peace Pipe","Smiling Mask","Prayer Wheel","Membership Card","Ice Cream","StoneCalendar","Art of War","War Paint","Centennial Puzzle"],"acts_visited":["Exordium","TheCity","TheBeyond","TheEnding"],"potions_floor_usage":[1,1,1,3,5,5,6,6,8,8,10,10,10,12,12,13,13,14,14,14,16,16,18,18,19,19,22,22,22,24,24,24,27,27,27,28,28,28,29,29,29,33,33,33,35,35,38,38,40,40,41,41,42,42,45,45,45,46,46,48,48,48,50,50,50,54,54,54,55,55,55,55,55,55,55],"damage_taken":[{"damage":0,"enemies":"Small Slimes","floor":1,"turns":6},{"damage":0,"enemies":"Cultist","floor":3,"turns":1},{"damage":0,"enemies":"Jaw Worm","floor":5,"turns":2},{"damage":22,"enemies":"Gremlin Nob","floor":6,"turns":6},{"damage":18,"enemies":"3 Sentries","floor":8,"turns":8},{"damage":3,"enemies":"Lagavulin","floor":10,"turns":3},{"damage":5,"enemies":"3 Louse","floor":12,"turns":3},{"damage":17,"enemies":"3 Sentries","floor":13,"turns":6},{"damage":0,"enemies":"Exordium Thugs","floor":14,"turns":5},{"damage":4,"enemies":"The Guardian","floor":16,"turns":10},{"damage":4,"enemies":"Shell Parasite","floor":18,"turns":4},{"damage":20,"enemies":"2 Thieves","floor":19,"turns":4},{"damage":10,"enemies":"Cultist and Chosen","floor":22,"turns":5},{"damage":3,"enemies":"Book of Stabbing","floor":24,"turns":4},{"damage":10,"enemies":"Slavers","floor":27,"turns":6},{"damage":0,"enemies":"Centurion and Healer","floor":28,"turns":4},{"damage":8,"enemies":"Book of Stabbing","floor":29,"turns":4},{"damage":23,"enemies":"Automaton","floor":33,"turns":9},{"damage":0,"enemies":"3 Shapes","floor":35,"turns":4},{"damage":0,"enemies":"Orb Walker","floor":38,"turns":2},{"damage":29,"enemies":"Nemesis","floor":40,"turns":5},{"damage":0,"enemies":"4 Shapes","floor":41,"turns":3},{"damage":7,"enemies":"Maw","floor":42,"turns":6},{"damage":23,"enemies":"Giant Head","floor":45,"turns":7},{"damage":0,"enemies":"Mind Bloom Boss Battle","floor":46,"turns":6},{"damage":29,"enemies":"Nemesis","floor":48,"turns":7},{"damage":54,"enemies":"Donu and Deca","floor":50,"turns":12},{"damage":20,"enemies":"Shield and Spear","floor":54,"turns":6},{"damage":98,"enemies":"The Heart","floor":55,"turns":11}],"seed_played":"5107749522231355149","potions_obtained":[{"floor":0,"key":"SteroidPotion"},{"floor":0,"key":"Dexterity Potion"},{"floor":0,"key":"Weak Potion"},{"floor":0,"key":"Swift Potion"},{"floor":0,"key":"EssenceOfSteel"},{"floor":1,"key":"Fire Potion"},{"floor":3,"key":"Poison Potion"},{"floor":6,"key":"Weak Potion"},{"floor":8,"key":"Poison Potion"},{"floor":10,"key":"Weak Potion"},{"floor":12,"key":"SpeedPotion"},{"floor":13,"key":"EssenceOfSteel"},{"floor":14,"key":"EssenceOfSteel"},{"floor":18,"key":"BlessingOfTheForge"},{"floor":19,"key":"DuplicationPotion"},{"floor":22,"key":"Dexterity Potion"},{"floor":24,"key":"Block Potion"},{"floor":27,"key":"Strength Potion"},{"floor":28,"key":"Strength Potion"},{"floor":33,"key":"Weak Potion"},{"floor":35,"key":"Poison Potion"},{"floor":38,"key":"Fire Potion"},{"floor":41,"key":"EntropicBrew"},{"floor":42,"key":"Fire Potion"},{"floor":45,"key":"Weak Potion"},{"floor":48,"key":"FearPotion"},{"floor":54,"key":"AttackPotion"}],"is_trial":true,"path_per_floor":["M","?","M","$","M","E","R","E","T","E","R","M","E","M","R","B",null,"M","M","?","?","M","R","E","R","T","E","M","E","?","T","R","B",null,"M","?","$","M","?","E","M","M","T","?","E","?","R","E","R","B",null,"R","$","E","B",null],"character_chosen":"THE_SILENT","items_purchased":["Poisoned Stab","Cloak And Dagger","Dash","DollysMirror","The Specimen","Lantern","Membership Card","Ice Cream","StoneCalendar","Art of War","Explosive Potion"],"campfire_rested":0,"item_purchase_floors":[4,4,37,37,37,37,53,53,53,53,53],"current_hp_per_floor":[70,70,70,70,70,70,70,52,52,64,64,65,58,70,70,66,70,66,55,55,55,60,60,67,67,67,60,70,62,62,62,62,47,70,70,60,60,70,70,53,63,66,66,56,48,58,58,44,44,5,77,77,77,62,46],"gold":35,"neow_bonus":"","is_daily":false,"chose_seed":false,"campfire_upgraded":8,"win_rate":0.0,"timestamp":1613644888,"path_taken":["M","?","?","$","M","E","R","E","T","E","R","M","E","M","R","BOSS","M","M","?","?","M","R","E","R","T","E","?","E","?","?","R","BOSS","M","?","$","M","?","E","?","M","T","?","E","?","R","E","R","BOSS","R","$","E","BOSS"],"items_purchased_type":["Card","Card","Card","Relic","Relic","Relic","Relic","Relic","Relic","Relic","Potion"],"build_version":"2020-12-22","purchased_purges":0,"victory":true,"max_hp_per_floor":[70,70,70,70,70,70,70,70,70,70,70,70,70,70,70,70,70,70,70,70,70,70,70,70,70,70,70,70,70,70,70,70,70,70,70,70,70,70,70,77,77,77,77,77,77,77,77,77,77,77,77,77,77,77,77],"card_choices":[{"not_picked":["Acrobatics","Reflex","All Out Attack"],"picked":"SKIP","floor":1},{"not_picked":["Sucker Punch","Terror"],"picked":"Crippling Poison","floor":3},{"not_picked":["Underhanded Strike","Tactician"],"picked":"Poisoned Stab","floor":5},{"not_picked":["Dodge and Roll","Reflex"],"picked":"Poisoned Stab","floor":6},{"not_picked":["PiercingWail","Acrobatics"],"picked":"Dash","floor":8},{"not_picked":["Leg Sweep","Expertise"],"picked":"Accuracy","floor":10},{"not_picked":["Escape Plan","Dagger Throw"],"picked":"Deadly Poison","floor":12},{"not_picked":["Prepared","Dagger Throw"],"picked":"Bouncing Flask","floor":13},{"not_picked":["Dodge and Roll","Deflect"],"picked":"Footwork","floor":14},{"not_picked":["Cloak And Dagger","Well Laid Plans+1"],"picked":"Distraction+1","floor":18},{"not_picked":["Dagger Throw","Endless Agony+1","Dagger Spray"],"picked":"SKIP","floor":19},{"not_picked":["Blur","Tactician"],"picked":"Slice","floor":22},{"not_picked":["Slice","Well Laid Plans"],"picked":"Burst","floor":24},{"not_picked":["Dagger Throw","Underhanded Strike","Tactician+1"],"picked":"SKIP","floor":27},{"not_picked":["Predator","Tactician","Choke"],"picked":"SKIP","floor":28},{"not_picked":["Deadly Poison","Dodge and Roll"],"picked":"After Image","floor":29},{"not_picked":["Phantasmal Killer","Storm of Steel"],"picked":"Die Die Die","floor":33},{"not_picked":["Quick Slash","Outmaneuver+1","Well Laid Plans"],"picked":"SKIP","floor":35},{"not_picked":["Enlightenment","Finesse"],"picked":"Panacea","floor":36},{"not_picked":["Swift Strike","Transmutation"],"picked":"Panacea","floor":36},{"not_picked":["Underhanded Strike+1","Accuracy","Quick Slash+1"],"picked":"SKIP","floor":38},{"not_picked":["Acrobatics+1","Deflect"],"picked":"PiercingWail+1","floor":40},{"not_picked":["Backflip","PiercingWail+1","Sucker Punch+1","Predator"],"picked":"SKIP","floor":41},{"not_picked":["Escape Plan+1","Dagger Spray","Cloak And Dagger"],"picked":"Backstab+1","floor":42},{"not_picked":["Acrobatics+1","Deadly Poison+1","Predator","Poisoned Stab+1"],"picked":"SKIP","floor":45},{"not_picked":["Distraction","Finisher","Backstab"],"picked":"After Image","floor":46},{"not_picked":["Leg Sweep","Heel Hook","Bouncing Flask","Flying Knee+1"],"picked":"SKIP","floor":48},{"not_picked":["Phantasmal Killer","Deadly Poison","Envenom","Cloak And Dagger"],"picked":"SKIP","floor":54}],"player_experience":288389,"relics_obtained":[{"floor":6,"key":"The Courier"},{"floor":8,"key":"Darkstone Periapt"},{"floor":9,"key":"Shuriken"},{"floor":10,"key":"Ancient Tea Set"},{"floor":13,"key":"InkBottle"},{"floor":24,"key":"Tingsha"},{"floor":26,"key":"CaptainsWheel"},{"floor":27,"key":"HornCleat"},{"floor":29,"key":"Whetstone"},{"floor":31,"key":"Ninja Scroll"},{"floor":39,"key":"MealTicket"},{"floor":40,"key":"Strawberry"},{"floor":40,"key":"Question Card"},{"floor":45,"key":"Sundial"},{"floor":45,"key":"Ginger"},{"floor":46,"key":"Peace Pipe"},{"floor":48,"key":"Smiling Mask"},{"floor":48,"key":"Prayer Wheel"},{"floor":54,"key":"War Paint"},{"floor":54,"key":"Centennial Puzzle"}],"event_choices":[{"cards_removed":["Strike_G"],"damage_healed":0,"gold_gain":0,"player_choice":"Purged","damage_taken":0,"max_hp_gain":0,"max_hp_loss":0,"event_name":"Purifier","floor":2,"gold_loss":0},{"damage_healed":0,"gold_gain":99,"player_choice":"Stole From Cult","damage_taken":0,"max_hp_gain":0,"max_hp_loss":0,"event_name":"Nest","floor":20,"gold_loss":0},{"damage_healed":0,"gold_gain":100,"player_choice":"Bet on Murderer","damage_taken":0,"max_hp_gain":0,"max_hp_loss":0,"event_name":"The Joust","floor":21,"gold_loss":50},{"damage_healed":0,"gold_gain":0,"player_choice":"Simplicity","damage_taken":0,"max_hp_gain":0,"max_hp_loss":0,"event_name":"Back to Basics","floor":30,"gold_loss":0,"cards_upgraded":["Defend_G","Defend_G","Defend_G","Defend_G","Strike_G","Strike_G","Strike_G"]},{"damage_healed":0,"gold_gain":0,"player_choice":"Memory 3","damage_taken":10,"max_hp_gain":0,"max_hp_loss":0,"event_name":"SensoryStone","floor":36,"gold_loss":0},{"damage_healed":0,"gold_gain":0,"player_choice":"Relic","damage_taken":0,"max_hp_gain":0,"max_hp_loss":0,"event_name":"Wheel of Change","floor":39,"gold_loss":0},{"damage_healed":0,"gold_gain":0,"player_choice":"Embrace Madness","damage_taken":10,"max_hp_gain":0,"max_hp_loss":0,"event_name":"Winding Halls","floor":44,"gold_loss":0,"cards_obtained":["Madness","Madness"]},{"damage_healed":0,"gold_gain":0,"player_choice":"Fight","damage_taken":0,"max_hp_gain":0,"max_hp_loss":0,"event_name":"MindBloom","floor":46,"gold_loss":0}],"is_beta":false,"boss_relics":[{"not_picked":["Snecko Eye","Runic Dome"],"picked":"WristBlade"},{"not_picked":["Astrolabe","SacredBark"],"picked":"Black Star"}],"items_purged_floors":[],"is_endless":false,"potions_floor_spawned":[1,3,5,6,8,10,12,13,14,16,18,19,22,24,27,28,29,33,35,38,40,41,42,45,46,48,54],"ascension_level":1}}