{"host":"f7915vm1ahl7kex1","time":1613688868,"event":{"mods":["BaseMod","Colored Map","Downfall","Minty Spire (QoL Compilation)","Quick Restart","StSLib"],"gold_per_floor":[99,112,129,129,143,143,167,167,178,178,194,219,219,236,256,256,256,256],"floor_reached":16,"language":"ENG","playtime":462,"items_purged":[],"score":104,"play_id":"81c26ba3-5aa6-4cd2-b8dc-709a72c8ad47","local_time":"20210218165428","is_ascension_mode":false,"campfire_choices":[{"data":"bronze:Goto","floor":1,"key":"SMITH"},{"data":"bronze:Backtrace","floor":6,"key":"SMITH"},{"floor":13,"key":"REST"}],"circlet_count":0,"master_deck":["bronze:Strike","bronze:Strike","bronze:Strike","bronze:Strike","bronze:Defend","bronze:Defend","bronze:Defend","bronze:Defend","bronze:Replicate","bronze:Goto+1","bronze:ThunderWave","bronze:BronzeOrb","bronze:DelayedSlice","bronze:Backtrace+1","bronze:Branch","bronze:Branch","bronze:DelayedSlice","bronze:Boost"],"relics":["bronze:BronzeCore","Bronze Scales","downfall:BrokenWingStatue","Dream Catcher"],"acts_visited":["Exordium"],"potions_floor_usage":[9],"damage_taken":[{"damage":9,"enemies":"2 Louse","floor":2,"turns":3},{"damage":0,"enemies":"Jaw Worm","floor":3,"turns":4},{"damage":2,"enemies":"Small Slimes","floor":5,"turns":3},{"damage":15,"enemies":"Exordium Wildlife","floor":9,"turns":2},{"damage":0,"enemies":"3 Louse","floor":11,"turns":2},{"damage":5,"enemies":"3 Sentries","floor":12,"turns":8},{"damage":0,"enemies":"2 Fungi Beasts","floor":14,"turns":2},{"damage":0,"enemies":"Red Slaver","floor":15,"turns":2},{"damage":78,"enemies":"WA_ARCHETYPE_RETAIN","floor":16,"turns":7}],"seed_played":"-8564221775165152058","potions_obtained":[{"floor":2,"key":"champ:CounterPotion"},{"floor":3,"key":"PowerPotion"},{"floor":14,"key":"Fire Potion"},{"floor":15,"key":"Strength Potion"}],"is_trial":false,"path_per_floor":["R","M","M","?","M","R","T","?","M","?","M","E","R","M","M","B"],"character_chosen":"THE_AUTOMATON","items_purchased":[],"campfire_rested":1,"item_purchase_floors":[],"current_hp_per_floor":[63,54,54,59,57,57,57,57,42,42,42,37,57,57,57,0,0,0],"gold":256,"neow_bonus":"THREE_RARE_CARDS","is_daily":false,"chose_seed":false,"campfire_upgraded":2,"win_rate":0.0,"timestamp":1613688868,"path_taken":["R","M","M","?","M","R","T","?","M","?","M","E","R","M","M","BOSS"],"items_purchased_type":[],"build_version":"2020-12-22","purchased_purges":0,"victory":false,"max_hp_per_floor":[63,63,63,68,68,68,68,68,68,68,68,68,68,68,68,68,68,68],"card_choices":[{"not_picked":["bronze:CleanCode","bronze:Break"],"picked":"bronze:ThunderWave","floor":0},{"not_picked":["bronze:GetLatest","bronze:Frontload"],"picked":"bronze:BronzeOrb","floor":2},{"not_picked":["bronze:OilSpill","bronze:Shield"],"picked":"bronze:DelayedSlice","floor":3},{"not_picked":["bronze:FollowUp","bronze:DelayedSlice"],"picked":"bronze:Backtrace","floor":5},{"not_picked":["bronze:BuggyMess","bronze:DelayedSlice"],"picked":"bronze:Branch","floor":9},{"not_picked":["bronze:WildBeam","bronze:DelayedGuard","bronze:Iterate"],"picked":"SKIP","floor":11},{"not_picked":["bronze:Frontload","bronze:Safeguard","bronze:BitShift"],"picked":"SKIP","floor":12},{"not_picked":["bronze:Invalidate","bronze:BugBarrage"],"picked":"bronze:Branch","floor":13},{"not_picked":["bronze:Branch","bronze:DelayedGuard"],"picked":"bronze:DelayedSlice","floor":14},{"not_picked":["bronze:FineTuning","bronze:Turbo"],"picked":"bronze:Boost","floor":15}],"player_experience":1205817,"relics_obtained":[{"floor":7,"key":"Bronze Scales"},{"floor":12,"key":"Dream Catcher"}],"event_choices":[{"damage_healed":0,"gold_gain":0,"player_choice":"Donut","damage_taken":0,"max_hp_gain":5,"max_hp_loss":0,"event_name":"Big Fish","floor":4,"gold_loss":0}],"is_beta":false,"boss_relics":[],"items_purged_floors":[],"is_endless":false,"potions_floor_spawned":[2,3,14,15],"killed_by":"WA_ARCHETYPE_RETAIN","ascension_level":0}}