{"host":"sw6p9u0oh417cx03","time":1613668760,"event":{"mods":["AchievementEnabler","Act Like it!","BaseMod","CapriCore","DeckTracker","Highlight Path","Minty Spire (QoL Compilation)","Quick Restart","StSLib"],"gold_per_floor":[110,42,42,57,77,77,97,97,165,179,179,209,222,147,147,246,246,227,227,227,247,2,2,2,35,60,60,74,101,101,101,101,101,101],"floor_reached":33,"language":"ZHS","playtime":3012,"items_purged":["Strike_G","Strike_G"],"score":396,"play_id":"01815b7c-56dc-48db-9313-5a5457df2caa","local_time":"20210219011920","is_ascension_mode":true,"campfire_choices":[{"data":"Tactician","floor":6.0,"key":"SMITH"},{"data":"Acrobatics","floor":8.0,"key":"SMITH"},{"data":"Footwork","floor":11.0,"key":"SMITH"},{"data":"Well Laid Plans","floor":15.0,"key":"SMITH"},{"data":"Expertise","floor":23.0,"key":"SMITH"},{"data":"Acrobatics","floor":27.0,"key":"SMITH"},{"data":"Footwork","floor":32,"key":"SMITH"}],"circlet_count":0,"master_deck":["Strike_G","Strike_G","Strike_G","Defend_G","Defend_G","Defend_G","Defend_G","Defend_G","Survivor","Neutralize","Adrenaline","Acrobatics+1","Footwork+1","Tactician+1","Expertise+1","Well Laid Plans+1","Acrobatics+1","Prepared+1","Adrenaline","Footwork+1"],"relics":["Ring of the Snake","Eternal Feather","Juzu Bracelet","HoveringKite","Medical Kit","Gambling Chip","Pantograph"],"acts_visited":["Exordium","TheCity"],"potions_floor_usage":[29,33],"damage_taken":[{"damage":0.0,"enemies":"Small Slimes","floor":1.0,"turns":3.0},{"damage":7.0,"enemies":"Cultist","floor":4.0,"turns":5.0},{"damage":4.0,"enemies":"2 Louse","floor":5.0,"turns":3.0},{"damage":3.0,"enemies":"Gremlin Gang","floor":7.0,"turns":8.0},{"damage":4.0,"enemies":"Looter","floor":10.0,"turns":4.0},{"damage":17.0,"enemies":"3 Sentries","floor":12.0,"turns":13.0},{"damage":5.0,"enemies":"3 Louse","floor":13.0,"turns":3.0},{"damage":40.0,"enemies":"The Guardian","floor":16.0,"turns":19.0},{"damage":16.0,"enemies":"2 Thieves","floor":18.0,"turns":4.0},{"damage":0.0,"enemies":"Spheric Guardian","floor":21.0,"turns":4.0},{"damage":19.0,"enemies":"Slavers","floor":25.0,"turns":11.0},{"damage":2.0,"enemies":"Centurion and Healer","floor":28.0,"turns":10.0},{"damage":12,"enemies":"Gremlin Leader","floor":29,"turns":5},{"damage":98,"enemies":"Champ","floor":33,"turns":20}],"seed_played":"-7668663394097163852","potions_obtained":[{"floor":5.0,"key":"Swift Potion"},{"floor":7.0,"key":"Weak Potion"},{"floor":16.0,"key":"ColorlessPotion"},{"floor":25.0,"key":"Strength Potion"},{"floor":28.0,"key":"FearPotion"},{"floor":30,"key":"FairyPotion"},{"floor":30,"key":"Swift Potion"}],"is_trial":false,"path_per_floor":["M","$","?","M","M","R","M","R","T","M","R","E","M","$","R","B",null,"M","?","?","M","$","R","?","E","T","R","M","E","?","$","R","B"],"character_chosen":"THE_SILENT","items_purchased":["Footwork","Medical Kit"],"campfire_rested":0,"item_purchase_floors":[2,22],"current_hp_per_floor":[63,63,63,56,52,52,49,49,49,45,54,37,32,32,41,1,53,37,60,60,60,60,69,69,50,50,59,57,45,45,45,57,0,0],"gold":101,"neow_bonus":"ONE_RANDOM_RARE_CARD","is_daily":false,"chose_seed":false,"campfire_upgraded":7,"win_rate":0.0,"timestamp":1613668760,"path_taken":["M","$","?","?","M","R","M","R","T","M","R","E","M","$","R","BOSS","M","?","?","M","$","R","?","E","T","R","M","E","?","$","R","BOSS"],"items_purchased_type":["Card","Relic"],"build_version":"2020-12-22","purchased_purges":2,"victory":false,"max_hp_per_floor":[70,70,70,70,70,70,70,70,70,70,70,70,70,70,70,70,70,70,70,70,70,70,70,70,70,70,70,70,70,70,70,70,70,70],"card_choices":[{"not_picked":["Dagger Throw","Outmaneuver"],"picked":"Acrobatics","floor":1.0},{"not_picked":["Choke","Deadly Poison"],"picked":"Tactician","floor":4.0},{"not_picked":["Slice","Quick Slash"],"picked":"Expertise","floor":5.0},{"not_picked":["Flying Knee","Choke","Deadly Poison"],"picked":"SKIP","floor":7.0},{"not_picked":["Dagger Spray","Accuracy"],"picked":"Well Laid Plans","floor":10.0},{"not_picked":["Deadly Poison","All Out Attack"],"picked":"Acrobatics","floor":12.0},{"not_picked":["Dodge and Roll","Deflect"],"picked":"Prepared","floor":13.0},{"not_picked":["Storm of Steel","Wraith Form v2"],"picked":"Adrenaline","floor":16.0},{"not_picked":["Slice","Choke","Sucker Punch+1"],"picked":"SKIP","floor":18.0},{"not_picked":["Infinite Blades","PiercingWail","Endless Agony+1"],"picked":"SKIP","floor":21.0},{"not_picked":["Venomology","Underhanded Strike","Outmaneuver"],"picked":"SKIP","floor":25.0},{"not_picked":["Deflect","Dagger Spray","Poisoned Stab"],"picked":"SKIP","floor":28.0},{"not_picked":["All Out Attack","Dagger Spray"],"picked":"Footwork","floor":29}],"player_experience":374912,"relics_obtained":[{"floor":9.0,"key":"Eternal Feather"},{"floor":12.0,"key":"Juzu Bracelet"},{"floor":25.0,"key":"Gambling Chip"},{"floor":29,"key":"Pantograph"}],"event_choices":[{"damage_healed":0.0,"max_hp_gain":0.0,"max_hp_loss":0.0,"gold_gain":0.0,"event_name":"WeMeetAgain","player_choice":"Ignored","floor":3.0,"gold_loss":0.0,"damage_taken":0.0},{"damage_healed":23.0,"max_hp_gain":0.0,"max_hp_loss":0.0,"gold_gain":0.0,"event_name":"The Library","player_choice":"Heal","floor":19.0,"gold_loss":0.0,"damage_taken":0.0},{"damage_healed":0.0,"max_hp_gain":0.0,"max_hp_loss":0.0,"gold_gain":0.0,"event_name":"Accursed Blacksmith","player_choice":"Forge","floor":20.0,"gold_loss":0.0,"damage_taken":0.0,"cards_upgraded":["Prepared"]},{"damage_healed":0,"gold_gain":0,"player_choice":"Got Potions","damage_taken":0,"max_hp_gain":0,"max_hp_loss":0,"event_name":"Lab","floor":30,"gold_loss":0}],"is_beta":false,"boss_relics":[{"not_picked":["Snecko Eye","Velvet Choker"],"picked":"HoveringKite"}],"items_purged_floors":[14,22],"is_endless":false,"potions_floor_spawned":[5,7,16,25,28],"killed_by":"Champ","ascension_level":8}}