{"host":"boira1xv6we3zvcv","time":1613684875,"event":{"mods":["BaseMod","Colored Powertips","Hermit","Minty Spire (QoL Compilation)","Shop Mod","StSLib","The Cursed","The Necromancer","UnlockEverythingMod"],"gold_per_floor":[113,124,142,142,142,174,174,189,189,44,62,80,93,93,93,196,196,207,218,74,90,90,90,119,119,119,129,129,129,129,158,158,158,158],"floor_reached":33,"language":"ENG","playtime":1900,"items_purged":["Strike_W"],"score":312,"play_id":"bb6533b1-4a7c-4fa3-98d2-b227bcd18198","local_time":"20210218224755","is_ascension_mode":false,"campfire_choices":[{"floor":7,"key":"REST"},{"floor":15,"key":"REST"},{"floor":23,"key":"REST"},{"floor":25,"key":"REST"},{"floor":28,"key":"REST"},{"floor":32,"key":"REST"}],"circlet_count":0,"master_deck":["Strike_W+1","Strike_W+1","Strike_W+1","Defend_W+1","Defend_W+1","Defend_W+1","Defend_W+1","Negative_Energy_Arrows+1","Bone_Wall","Life_Tap","Life_Tap","Flesh_Made_Foul","Summon_Undead","Bone_Spikes","Blood_Shield","Vampiric_Strike","Summon_Undead","Grasp_Heart","Flesh_Made_Foul","Epidemic","Negative_Energy_Arrows+1","Necronomicurse","Summon_Vampire_Lady"],"relics":["Vampire_Amulet","Regal Pillow","Singing Bowl","Juzu Bracelet","Whetstone","Black Star","Happy Flower","Dream Catcher","Bag of Marbles","Necronomicon","Bronze Scales","Strawberry"],"acts_visited":["Exordium","TheCity"],"potions_floor_usage":[6,6,16,21,24,31],"damage_taken":[{"damage":0,"enemies":"Small Slimes","floor":1,"turns":3},{"damage":11,"enemies":"Jaw Worm","floor":2,"turns":5},{"damage":5,"enemies":"Cultist","floor":3,"turns":4},{"damage":46,"enemies":"Gremlin Nob","floor":6,"turns":5},{"damage":23,"enemies":"Exordium Wildlife","floor":8,"turns":6},{"damage":32,"enemies":"Gremlin Gang","floor":11,"turns":5},{"damage":4,"enemies":"Blue Slaver","floor":12,"turns":3},{"damage":9,"enemies":"Looter","floor":13,"turns":3},{"damage":44,"enemies":"Slime Boss","floor":16,"turns":10},{"damage":13,"enemies":"Chosen","floor":18,"turns":5},{"damage":39,"enemies":"Shell Parasite","floor":19,"turns":5},{"damage":17,"enemies":"Cultist and Chosen","floor":21,"turns":5},{"damage":52,"enemies":"Slavers","floor":24,"turns":5},{"damage":33,"enemies":"3 Cultists","floor":27,"turns":5},{"damage":54,"enemies":"Gremlin Leader","floor":31,"turns":3},{"damage":118,"enemies":"Collector","floor":33,"turns":6}],"seed_played":"-907261519392463249","potions_obtained":[{"floor":1,"key":"Fruit Juice"},{"floor":2,"key":"Energy Potion"},{"floor":3,"key":"DistilledChaos"},{"floor":13,"key":"Swift Potion"},{"floor":19,"key":"Block Potion"},{"floor":21,"key":"Block Potion"},{"floor":24,"key":"EssenceOfSteel"}],"is_trial":false,"path_per_floor":["M","M","M","?","?","E","R","M","T","$","M","M","M","?","R","B",null,"M","M","$","M","?","R","E","R","T","M","R","?","?","E","R","B"],"character_chosen":"NECROMANCER","items_purchased":["Blood_Shield","Happy Flower"],"campfire_rested":6,"item_purchase_floors":[10,20],"current_hp_per_floor":[75,66,63,56,56,17,56,37,37,37,13,15,10,37,76,46,82,82,45,45,36,36,76,34,76,76,53,92,76,76,34,80,0,0],"gold":158,"neow_bonus":"THREE_CARDS","is_daily":false,"chose_seed":false,"campfire_upgraded":0,"win_rate":0.0,"timestamp":1613684875,"path_taken":["M","M","M","?","?","E","R","M","T","$","M","M","M","?","R","BOSS","M","M","$","M","?","R","E","R","T","M","R","?","?","E","R","BOSS"],"items_purchased_type":["Card","Relic"],"build_version":"2020-12-22","purchased_purges":1,"victory":false,"max_hp_per_floor":[75,75,75,75,75,80,80,80,80,80,80,82,82,82,82,82,82,82,82,82,84,84,84,86,88,88,90,92,92,92,99,101,101,101],"card_choices":[{"not_picked":["Death_March_Dance","Plague_Bolt"],"picked":"Life_Tap","floor":0},{"not_picked":["Bone_Spikes","Bone_Armor"],"picked":"Life_Tap","floor":1},{"not_picked":["Death_March_Dance","Spectral_Walk","Bone_Shift"],"picked":"SKIP","floor":2},{"not_picked":["Bone_Armor","Negative_Energy_Shield"],"picked":"Flesh_Made_Foul","floor":3},{"not_picked":["Slay_Living","Negative_Energy_Sphere"],"picked":"Summon_Undead","floor":6},{"not_picked":["Violent_Necrosis","Death_Coil"],"picked":"Bone_Spikes","floor":8},{"not_picked":["Uncharnel","Bones_to_Steel"],"picked":"Vampiric_Strike","floor":11},{"not_picked":["Bone_Bullets","Necromantic_Selection","Acid_Javelin"],"picked":"Singing Bowl","floor":12},{"not_picked":["Bone_Shift","Finger_Of_Death"],"picked":"Summon_Undead","floor":13},{"not_picked":["Hellfire","Cloudkill"],"picked":"Grasp_Heart","floor":16},{"not_picked":["Bone_Bullets","Consume_Illness"],"picked":"Flesh_Made_Foul","floor":18},{"not_picked":["Summon_Undead_Army","Negative_Energy_Shield"],"picked":"Epidemic","floor":19},{"not_picked":["Toxic_Smoke_Screen","Shade_Step","Negative_Energy_Shield"],"picked":"Singing Bowl","floor":21},{"not_picked":["Toxic_Smoke_Screen","Shackles_Of_Pain","Reap_The_Weak"],"picked":"Singing Bowl","floor":24},{"not_picked":["Negative_Energy_Javelin","Whirlwind_of_Bones+1","Negative_Energy_Shield"],"picked":"Singing Bowl","floor":25},{"not_picked":["Bone_Bullets","Negative_Energy_Sphere","Death_March_Dance"],"picked":"Singing Bowl","floor":27},{"not_picked":["Spectral_Walk","Bone_Spikes","Blood_Whip"],"picked":"Singing Bowl","floor":28},{"not_picked":["Shackles_Of_Pain","Flesh_Made_Foul"],"picked":"Summon_Vampire_Lady","floor":31},{"not_picked":["Strike_from_Beyond+1","Thousand_Bone_Knives+1","Bone_Shift"],"picked":"Singing Bowl","floor":32}],"player_experience":56751,"relics_obtained":[{"floor":6,"key":"Juzu Bracelet"},{"floor":9,"key":"Whetstone"},{"floor":24,"key":"Dream Catcher"},{"floor":24,"key":"Bag of Marbles"},{"floor":29,"key":"Necronomicon"},{"floor":31,"key":"Bronze Scales"},{"floor":31,"key":"Strawberry"}],"event_choices":[{"damage_healed":0,"gold_gain":0,"player_choice":"Success","damage_taken":7,"relics_obtained":["Regal Pillow"],"max_hp_gain":0,"max_hp_loss":0,"event_name":"Scrap Ooze","floor":4,"gold_loss":0},{"damage_healed":0,"gold_gain":0,"player_choice":"Gave Potion","damage_taken":0,"relics_obtained":["Singing Bowl"],"max_hp_gain":0,"max_hp_loss":0,"event_name":"WeMeetAgain","floor":5,"gold_loss":0},{"damage_healed":27,"gold_gain":0,"player_choice":"Banana","damage_taken":0,"max_hp_gain":0,"max_hp_loss":0,"event_name":"Big Fish","floor":14,"gold_loss":0},{"damage_healed":0,"gold_gain":0,"player_choice":"Copied","damage_taken":0,"max_hp_gain":0,"max_hp_loss":0,"event_name":"Duplicator","floor":22,"gold_loss":0,"cards_obtained":["Negative_Energy_Arrows"]},{"damage_healed":0,"gold_gain":0,"player_choice":"Obtained Book","damage_taken":16,"max_hp_gain":0,"max_hp_loss":0,"event_name":"Cursed Tome","floor":29,"gold_loss":0},{"damage_healed":0,"gold_gain":0,"player_choice":"Simplicity","damage_taken":0,"max_hp_gain":0,"max_hp_loss":0,"event_name":"Back to Basics","floor":30,"gold_loss":0,"cards_upgraded":["Strike_W","Strike_W","Defend_W","Defend_W","Defend_W","Defend_W"]}],"is_beta":false,"boss_relics":[{"not_picked":["SacredBark","Runic Dome"],"picked":"Black Star"}],"items_purged_floors":[10],"is_endless":false,"potions_floor_spawned":[1,2,3,13,19,21,24],"killed_by":"Collector","ascension_level":0}}