{"host":"5ezk7t18wcb10u1o","time":1613675898,"event":{"mods":["BaseMod","Bestiary","Colored Powertips","Minty Spire (QoL Compilation)","Relic Sorter"],"gold_per_floor":[113,129,139,139,139,64,78,78,151,151,165,165,180,17,17,91,91,105,105,122,134,34,34,34,34,34],"floor_reached":25,"language":"ENG","playtime":1260,"items_purged":["Strike_B","Strike_B"],"score":386,"play_id":"f0258ce5-9e9f-48ff-96f8-b65ed75a7b87","local_time":"20210218191818","is_ascension_mode":true,"campfire_choices":[{"floor":10,"key":"REST"},{"floor":15,"key":"REST"},{"floor":24,"key":"REST"}],"circlet_count":0,"master_deck":["AscendersBane","Strike_B","Strike_B","Defend_B","Defend_B","Defend_B","Defend_B","Zap","Dualcast","Leap","Seek","Loop+1","Darkness","Doom and Gloom","Buffer","Chill","Defragment","Sweeping Beam"],"relics":["Cracked Core","Oddly Smooth Stone","InkBottle","Bronze Scales","SlaversCollar"],"acts_visited":["Exordium","TheCity"],"potions_floor_usage":[7,16,18,18],"damage_taken":[{"damage":10,"enemies":"Small Slimes","floor":1,"turns":3},{"damage":7,"enemies":"Jaw Worm","floor":2,"turns":3},{"damage":1,"enemies":"Cultist","floor":3,"turns":4},{"damage":8,"enemies":"Lots of Slimes","floor":7,"turns":5},{"damage":2,"enemies":"2 Fungi Beasts","floor":11,"turns":3},{"damage":6,"enemies":"Blue Slaver","floor":13,"turns":4},{"damage":40,"enemies":"Hexaghost","floor":16,"turns":8},{"damage":22,"enemies":"Spheric Guardian","floor":18,"turns":4},{"damage":12,"enemies":"Shell Parasite","floor":20,"turns":7},{"damage":41,"enemies":"Shelled Parasite and Fungi","floor":21,"turns":4},{"damage":32,"enemies":"Centurion and Healer","floor":25,"turns":4}],"seed_played":"-4373328832869861221","potions_obtained":[{"floor":1,"key":"ColorlessPotion"},{"floor":3,"key":"ColorlessPotion"},{"floor":5,"key":"Energy Potion"},{"floor":5,"key":"LiquidMemories"},{"floor":13,"key":"Ancient Potion"},{"floor":16,"key":"Strength Potion"}],"is_trial":false,"path_per_floor":["M","M","M","?","?","$","M","$","T","R","M","?","M","$","R","B",null,"M","?","M","M","$","?","R","M"],"character_chosen":"DEFECT","items_purchased":["Bronze Scales"],"campfire_rested":3,"item_purchase_floors":[14],"current_hp_per_floor":[61,54,53,35,35,35,27,27,27,50,48,48,42,42,65,25,65,43,59,47,6,6,6,29,0,0],"gold":34,"neow_bonus":"TEN_PERCENT_HP_BONUS","is_daily":false,"chose_seed":false,"campfire_upgraded":0,"win_rate":0.0,"timestamp":1613675898,"path_taken":["M","M","M","?","?","$","?","?","T","R","M","?","M","$","R","BOSS","M","?","M","M","$","?","R","M"],"items_purchased_type":["Relic"],"build_version":"2020-12-22","purchased_purges":2,"victory":false,"max_hp_per_floor":[78,78,78,78,78,78,78,78,78,78,78,78,78,78,78,78,78,78,78,78,78,78,78,78,78,78],"card_choices":[{"not_picked":["Redo","Gash"],"picked":"Leap","floor":1},{"not_picked":["Double Energy","Hologram"],"picked":"Seek","floor":2},{"not_picked":["Rebound","Stack"],"picked":"Loop","floor":3},{"not_picked":["Beam Cell","Redo","Gash"],"picked":"SKIP","floor":7},{"not_picked":["Redo","Ball Lightning"],"picked":"Darkness","floor":11},{"not_picked":["Rebound","Chill"],"picked":"Doom and Gloom","floor":13},{"not_picked":["Hyperbeam","Biased Cognition"],"picked":"Buffer","floor":16},{"not_picked":["Barrage+1","Stack"],"picked":"Chill","floor":18},{"not_picked":["Storm","Consume"],"picked":"Defragment","floor":20},{"not_picked":["Compile Driver","Skim"],"picked":"Sweeping Beam","floor":21}],"player_experience":1233675,"relics_obtained":[{"floor":9,"key":"InkBottle"}],"event_choices":[{"damage_healed":0,"gold_gain":0,"player_choice":"Success","damage_taken":18,"relics_obtained":["Oddly Smooth Stone"],"max_hp_gain":0,"max_hp_loss":0,"event_name":"Scrap Ooze","floor":4,"gold_loss":0},{"damage_healed":0,"gold_gain":0,"player_choice":"Got Potions","damage_taken":0,"max_hp_gain":0,"max_hp_loss":0,"event_name":"Lab","floor":5,"gold_loss":0},{"damage_healed":0,"gold_gain":0,"player_choice":"Grow","damage_taken":0,"max_hp_gain":0,"max_hp_loss":0,"event_name":"Living Wall","floor":12,"gold_loss":0,"cards_upgraded":["Loop"]},{"damage_healed":16,"gold_gain":0,"player_choice":"Heal","damage_taken":0,"max_hp_gain":0,"max_hp_loss":0,"event_name":"The Library","floor":19,"gold_loss":0},{"damage_healed":0,"gold_gain":0,"player_choice":"Ignored","damage_taken":0,"max_hp_gain":0,"max_hp_loss":0,"event_name":"Vampires","floor":23,"gold_loss":0}],"is_beta":false,"boss_relics":[{"not_picked":["Velvet Choker","FrozenCore"],"picked":"SlaversCollar"}],"items_purged_floors":[6,22],"is_endless":false,"potions_floor_spawned":[1,3,13,16],"killed_by":"Centurion and Healer","ascension_level":20}}