{"host":"17xjy7b7ubl548g2","time":1613630039,"event":{"mods":["2.2 Compatiblity","Act Like it!","Aspiration","Astrologer","Bard","BaseMod","Challenge The Spire","ChefMod","Colored Map","Colored Powertips","Conspire","Elementarium","Energized Spire","Gensokyo","GifTheSpireLib","Halation","Hallownest","Hermit","Hubris","Infinite Spire","Jedi Mod","Jorbs\u0027s Wanderer Trilogy","Marisa（霧雨　魔理沙）","Marked Mod","Menagerie","Minty Spire (QoL Compilation)","Permanent Neow","Reliquary","Replay The Spire","Robot Space Explorer","Ruina","Spicy Shops","Spire Arcade","StSLib","Stuff the Spire","The Blue Laboratory","The Bug Knight","The Construct","The Disciple","The Hayseed","The Hierophant","The Marked","The Runesmith","The Sage","TheFirefly"],"gold_per_floor":[364,8,18,18,35,68,68,82,82,95,95,130,130,130,130,229,229,241,32,44,59,59,59,71,104,104,120,120,153,153,184,184,285,285,301,301,311,323,18,50,50,75,75,87,118,128,128,145,145,145,145,145,45,80,80,80],"floor_reached":55,"language":"ENG","playtime":6603,"items_purged":["TheSimpletonMod:Strike_TheSimpleton","TheSimpletonMod:Strike_TheSimpleton"],"score":1116,"play_id":"b5a7dd1f-00b5-458f-b745-850bba1e68d2","local_time":"20210218013359","is_ascension_mode":true,"campfire_choices":[{"data":"Apotheosis","floor":7,"key":"SMITH"},{"data":"TheSimpletonMod:RootDown","floor":11,"key":"SMITH"},{"data":"hubris:EnhanceAbility","floor":15,"key":"SMITH"},{"data":"TheSimpletonMod:HitTheSack","floor":23,"key":"SMITH"},{"data":"TheSimpletonMod:Swelter","floor":28,"key":"SMITH"},{"floor":30,"key":"RECALL"},{"data":"TheSimpletonMod:ResistantStrain","floor":32,"key":"SMITH"},{"data":"TheSimpletonMod:Asparagus","floor":41,"key":"SMITH"},{"floor":47,"key":"REST"},{"data":"TheSimpletonMod:Haymaker","floor":49,"key":"SMITH"},{"data":"TheSimpletonMod:BumperCrop","floor":52,"key":"SMITH"}],"circlet_count":0,"master_deck":["TheSimpletonMod:Strike_TheSimpleton","TheSimpletonMod:Strike_TheSimpleton","TheSimpletonMod:Defend_TheSimpleton","TheSimpletonMod:Defend_TheSimpleton","TheSimpletonMod:Defend_TheSimpleton","TheSimpletonMod:Defend_TheSimpleton","TheSimpletonMod:Haymaker+1","TheSimpletonMod:ReapAndSow","TheSimpletonMod:ToughenUp","Apotheosis+1","hubris:EnhanceAbility+1","Swift Strike","TheSimpletonMod:Polyculture","TheSimpletonMod:SlashAndBurn","TheSimpletonMod:ResistantStrain+1","TheSimpletonMod:RootDown+1","TheSimpletonMod:BumperCrop+1","TheSimpletonMod:ControlledBurn","TheSimpletonMod:HitTheSack+1","TheSimpletonMod:Swelter+1","TheSimpletonMod:Germinate","TheSimpletonMod:Sunchoke","TheSimpletonMod:Sunseed+1","TheSimpletonMod:Swelter+1","TheSimpletonMod:CloseScrape+1","TheSimpletonMod:Asparagus+1","GalacticHalo","NonDirectionalLaser+1","TheSimpletonMod:DigIn+1","TheSimpletonMod:BumperCrop+1","DeepEcoloBomb"],"relics":["TheSimpletonMod:SpudOfTheInnocent","TheSimpletonMod:NightSoil","TheSimpletonMod:TheHarvester","ReplayTheSpireMod:ShopPack","reliquary:WeakTea","aspiration:FrozenJewel","TheSimpletonMod:HotPotato","reliquary:PurpleTingedLeaf","Mango","conspire:SpecialSausage","OrangePellets","StrikeDummy","Pocketwatch","jedi:cryingmask","Bronze Scales","aspiration:MarisaSkillbook","jedi:kaleidoscope","Mirror","infinitespire:Beetle Shell","Question Card","Question Card","Pet Ghost"],"acts_visited":["Exordium","Gensokyo:Gensokyo","Gensokyo:Gensokyoer","TheEnding"],"potions_floor_usage":[6,12,25,29,37,40,44,55,55],"damage_taken":[{"damage":17,"enemies":"Gensokyo:Gryphon","floor":1,"turns":5},{"damage":0,"enemies":"Gensokyo:3_Fairies","floor":3,"turns":3},{"damage":0,"enemies":"Gensokyo:Python","floor":5,"turns":3},{"damage":0,"enemies":"Gensokyo:Mamizou","floor":6,"turns":8},{"damage":0,"enemies":"Gensokyo:5_Fairies","floor":8,"turns":6},{"damage":2,"enemies":"Gensokyo:Kitsune","floor":10,"turns":2},{"damage":0,"enemies":"Gensokyo:Cirno","floor":12,"turns":5},{"damage":0,"enemies":"Gensokyo:Yukari","floor":16,"turns":9},{"damage":0,"enemies":"Gensokyo:AngelMirror","floor":18,"turns":4},{"damage":0,"enemies":"Gensokyo:2_Gloops","floor":20,"turns":4},{"damage":11,"enemies":"Gensokyo:Slime_Group","floor":21,"turns":5},{"damage":6,"enemies":"Gensokyo:Wraith","floor":24,"turns":4},{"damage":0,"enemies":"Gensokyo:Koishi","floor":25,"turns":7},{"damage":10,"enemies":"Gensokyo:Monolith_and_Dog","floor":27,"turns":7},{"damage":5,"enemies":"Nightmare","floor":29,"turns":7},{"damage":7,"enemies":"Gensokyo:Tenshi","floor":31,"turns":5},{"damage":6,"enemies":"Gensokyo:Eternal_Rivals","floor":33,"turns":11},{"damage":0,"enemies":"Gensokyo:3_Bats","floor":35,"turns":3},{"damage":0,"enemies":"Gensokyo:3_Boulders","floor":37,"turns":4},{"damage":0,"enemies":"Gensokyo:4_Bats","floor":38,"turns":3},{"damage":0,"enemies":"Gensokyo:Kasen","floor":40,"turns":6},{"damage":14,"enemies":"Gensokyo:Doremy","floor":42,"turns":5},{"damage":21,"enemies":"Gensokyo:Sharpion","floor":44,"turns":4},{"damage":22,"enemies":"Gensokyo:Kasen","floor":45,"turns":6},{"damage":0,"enemies":"Gensokyo:3_Boulders","floor":46,"turns":4},{"damage":5,"enemies":"Gensokyo:Rafflesia","floor":48,"turns":6},{"damage":2,"enemies":"Gensokyo:Yuyuko","floor":50,"turns":8},{"damage":60,"enemies":"Shield and Spear","floor":54,"turns":7},{"damage":64,"enemies":"The Heart","floor":55,"turns":6}],"seed_played":"-4878517972125894556","potions_obtained":[{"floor":3,"key":"SteroidPotion"},{"floor":6,"key":"blueLaboratory:Moonshine"},{"floor":10,"key":"blueLaboratory:NullPotion"},{"floor":20,"key":"blueLaboratory:BottleOfVodka"},{"floor":24,"key":"Adrenaline Potion"},{"floor":27,"key":"Venom Potion"},{"floor":31,"key":"Energy Potion"},{"floor":33,"key":"TheSimpletonMod:KindlingPotion"},{"floor":37,"key":"Ancient Potion"},{"floor":42,"key":"Block Potion"},{"floor":48,"key":"FairyPotion"}],"is_trial":false,"path_per_floor":["M","$","M","?","M","E","R","M","T","M","R","E","?","?","R","B",null,"M","COS","M","M","?","R","M","E","T","M","R","NM","R","E","R","B",null,"M","?","M","M","$","E","R","E","T","M","E","M","R","M","R","B",null,"R","$","E","B"],"character_chosen":"THE_SIMPLETON","items_purchased":["ReplayTheSpireMod:ShopPack","reliquary:WeakTea","jedi:kaleidoscope"],"campfire_rested":1,"item_purchase_floors":[2,2,39],"current_hp_per_floor":[55,55,59,66,66,68,68,68,68,68,68,68,74,67,67,73,84,87,87,88,77,86,86,87,88,88,82,82,84,84,84,84,83,87,88,88,88,88,88,88,88,74,74,58,44,51,77,77,77,77,85,85,85,33,0,0],"gold":80,"neow_bonus":"TWO_FIFTY_GOLD","is_daily":false,"chose_seed":false,"campfire_upgraded":9,"win_rate":0.0,"timestamp":1613630039,"path_taken":["M","$","?","?","M","E","R","M","T","?","R","E","?","?","R","BOSS","M","COS","M","M","?","R","M","E","T","?","R","NM","R","E","R","BOSS","M","?","M","M","$","E","R","E","T","M","E","M","R","M","R","BOSS","R","$","E","BOSS"],"items_purchased_type":["Relic","Relic","Relic"],"build_version":"2020-12-22","purchased_purges":2,"victory":false,"max_hp_per_floor":[68,68,68,68,68,68,68,68,68,68,68,68,74,88,88,88,88,88,88,88,88,88,88,88,88,88,88,88,88,88,88,88,88,88,88,88,88,88,88,88,88,88,88,88,88,88,88,88,88,88,88,88,88,88,88,88],"card_choices":[{"not_picked":["TheSimpletonMod:SeedCoat","TheSimpletonMod:Germinate"],"picked":"TheSimpletonMod:ToughenUp","floor":1},{"not_picked":["hubris:Ssssneak","Replay:BasicMightCard"],"picked":"Apotheosis","floor":2},{"not_picked":["ReplayTheSpireMod:Brewmster","Secret Technique"],"picked":"hubris:EnhanceAbility","floor":2},{"not_picked":["Dark Shackles","Impatience"],"picked":"Swift Strike","floor":2},{"not_picked":["TheSimpletonMod:SoilSample","TheSimpletonMod:OnionBloom"],"picked":"TheSimpletonMod:Polyculture","floor":3},{"not_picked":["TheSimpletonMod:ToughenUp","TheSimpletonMod:Onions"],"picked":"TheSimpletonMod:SlashAndBurn","floor":5},{"not_picked":["TheSimpletonMod:GoToMarket","TheSimpletonMod:Rototilling"],"picked":"TheSimpletonMod:ResistantStrain","floor":6},{"not_picked":["TheSimpletonMod:CropRotation","TheSimpletonMod:Mulch"],"picked":"TheSimpletonMod:RootDown","floor":8},{"not_picked":["TheSimpletonMod:SeedCoat","TheSimpletonMod:SoilSample"],"picked":"TheSimpletonMod:BumperCrop","floor":10},{"not_picked":["TheSimpletonMod:Pruning","TheSimpletonMod:Polyculture"],"picked":"TheSimpletonMod:ControlledBurn","floor":12},{"not_picked":["TheSimpletonMod:SaltTheEarth","TheSimpletonMod:BirdFeeder"],"picked":"TheSimpletonMod:HitTheSack","floor":16},{"not_picked":["TheSimpletonMod:CullingStrike","TheSimpletonMod:Pruning"],"picked":"TheSimpletonMod:Swelter+1","floor":18},{"not_picked":["TheSimpletonMod:VineRipen","TheSimpletonMod:OnionBloom","TheSimpletonMod:Rake"],"picked":"SKIP","floor":20},{"not_picked":["TheSimpletonMod:Pruning","TheSimpletonMod:OnionBloom"],"picked":"TheSimpletonMod:Germinate","floor":21},{"not_picked":["TheSimpletonMod:Pruning+1","TheSimpletonMod:Germinate"],"picked":"TheSimpletonMod:Sunchoke","floor":24},{"not_picked":["TheSimpletonMod:SoilSample","TheSimpletonMod:Mulch"],"picked":"TheSimpletonMod:Sunseed+1","floor":25},{"not_picked":["TheSimpletonMod:SaladShooter","TheSimpletonMod:CropRotation"],"picked":"TheSimpletonMod:Swelter","floor":27},{"not_picked":["TheSimpletonMod:CullingStrike","TheSimpletonMod:Ferment"],"picked":"TheSimpletonMod:CloseScrape+1","floor":29},{"not_picked":["TheSimpletonMod:Sunseed","TheSimpletonMod:Thresh","TheSimpletonMod:DigIn"],"picked":"SKIP","floor":31},{"not_picked":["TheSimpletonMod:Surplus","TheSimpletonMod:Biorefinement"],"picked":"TheSimpletonMod:Asparagus","floor":33},{"not_picked":["PulseMagic","TheSimpletonMod:Sunseed","TheSimpletonMod:DoubleBarrel+1"],"picked":"GalacticHalo","floor":35},{"not_picked":["TheSimpletonMod:SpiceUp","TheSimpletonMod:ToughenUp+1","OpenUniverse","UnstableBomb+1"],"picked":"SKIP","floor":37},{"not_picked":["SporeBomb+1","TheSimpletonMod:Ferment","IllusionStar+1","PropBag+1"],"picked":"SKIP","floor":38},{"not_picked":["TheSimpletonMod:Mulch+1","TheSimpletonMod:DesperatePlunge","EarthLightRay+1"],"picked":"NonDirectionalLaser+1","floor":40},{"not_picked":["TheSimpletonMod:Germinate","TheSimpletonMod:CullingStrike+1","ShootTheMoon+1","TheSimpletonMod:SaladShooter+1"],"picked":"SKIP","floor":42},{"not_picked":["TheSimpletonMod:PestManagement","TheSimpletonMod:OnionBloom+1","LuminesStrike+1","SporeBomb"],"picked":"TheSimpletonMod:DigIn+1","floor":44},{"not_picked":["ShootingEcho","BlazingStar","SporeBomb+1","UnstableBomb+1"],"picked":"TheSimpletonMod:BumperCrop+1","floor":45},{"not_picked":["Orbital","TheSimpletonMod:Ferment","WitchOfGreed","TheSimpletonMod:VineRipen","TheSimpletonMod:SaladShooter+1","SporeBomb"],"picked":"SKIP","floor":46},{"not_picked":["SporeBomb+1","GalacticHalo","TheSimpletonMod:CropDiversity","Orbital","GasGiant"],"picked":"DeepEcoloBomb","floor":48},{"not_picked":["SporeBomb","ShootingEcho","NonDirectionalLaser+1","Singularity","TheSimpletonMod:SlashAndBurn+1","TheSimpletonMod:OnionBloom+1"],"picked":"SKIP","floor":54}],"player_experience":2204024,"relics_obtained":[{"floor":6,"key":"aspiration:FrozenJewel"},{"floor":9,"key":"TheSimpletonMod:HotPotato"},{"floor":12,"key":"reliquary:PurpleTingedLeaf"},{"floor":25,"key":"StrikeDummy"},{"floor":29,"key":"jedi:cryingmask"},{"floor":31,"key":"Bronze Scales"},{"floor":40,"key":"Mirror"},{"floor":42,"key":"infinitespire:Beetle Shell"},{"floor":43,"key":"Question Card"},{"floor":45,"key":"reliquary:SculptingSteel"},{"floor":54,"key":"Pet Ghost"}],"event_choices":[],"is_beta":false,"boss_relics":[{"not_picked":["hubris:GrandSneckoEye","aspiration:RunicSpoon"],"picked":"conspire:SpecialSausage"},{"not_picked":["energizedSpire:OgreHead","StuffTheSpire:Kangaroo"],"picked":"aspiration:MarisaSkillbook"}],"items_purged_floors":[2,53],"is_endless":false,"potions_floor_spawned":[3,6,10,20,24,27,31,33,37,42,48],"killed_by":"The Heart","ascension_level":5}}