{"host":"t9zjxed0utvsfjwc","time":1613628502,"event":{"mods":["2.2 Compatiblity","Act Like it!","Aspiration","BaseMod","Better Altar","Better Match","Better Note","Better Sensory Stone","Better Skull","Better Third Choice","Block Reminder","Colored Map","Colored Powertips","Conspire","Defuse TimeMaze Blight","Energized Spire","GifTheSpireLib","Hermit","Highlight Path","Hubris","Infinite Spire","Marked Mod","Minty Spire (QoL Compilation)","Quick Restart","Rare Cards Sparkle","Relic Sorter","Relic Stats","Reliquary","Replay The Spire","Ruina","StSLib","Stuff the Spire","The Blue Laboratory","The Jungle","The Marked","Unceasing Turn Reminder","Wandering Minibosses","everything is the same but u backflip on backflip"],"gold_per_floor":[119,119,119,134,145,176,176,211,263,263,275,299,325,335,335,438,438,450,298,298],"floor_reached":19,"language":"ENG","playtime":779,"items_purged":[],"score":196,"play_id":"473a8e41-6ac0-4682-9674-7b82420aaca8","local_time":"20210218060822","is_ascension_mode":true,"campfire_choices":[{"floor":10,"key":"REST"},{"data":"hermit:Snapshot","floor":15,"key":"SMITH"}],"circlet_count":0,"master_deck":["hermit:Strike_Hermit","hermit:Strike_Hermit","hermit:Strike_Hermit","hermit:Strike_Hermit","hermit:Defend_Hermit","hermit:Defend_Hermit","hermit:Defend_Hermit","hermit:Defend_Hermit","hermit:Snapshot+1","hermit:Covet","Pain","Regret"],"relics":["hermit:Momento","Replay:Mystery Machine","NeowsBlessing","WarpedTongs","StuffTheSpire:EmeraldSignet","aspiration:SeaSaltIceCream","Ice Cream","infinitespire:CursedDice","Meat on the Bone","reliquary:KinkedSpring","Lee\u0027s Waffle"],"acts_visited":["Exordium","TheCity"],"potions_floor_usage":[6,6,8,16],"damage_taken":[{"damage":0,"enemies":"Cultist","floor":1,"turns":1},{"damage":0,"enemies":"Jaw Worm","floor":4,"turns":1},{"damage":0,"enemies":"Small Slimes","floor":5,"turns":1},{"damage":15,"enemies":"3 Sentries","floor":6,"turns":8},{"damage":9,"enemies":"Lagavulin","floor":8,"turns":8},{"damage":12,"enemies":"3 Louse","floor":11,"turns":4},{"damage":26,"enemies":"Gremlin Nob","floor":13,"turns":5},{"damage":6,"enemies":"Exordium Wildlife","floor":14,"turns":4},{"damage":20,"enemies":"Slime Boss","floor":16,"turns":17},{"damage":36,"enemies":"Chosen","floor":18,"turns":8}],"seed_played":"4656331423752192110","potions_obtained":[{"floor":1,"key":"PowerPotion"},{"floor":4,"key":"Explosive Potion"},{"floor":5,"key":"SpeedPotion"},{"floor":8,"key":"blueLaboratory:ArtificerPotion"},{"floor":14,"key":"blueLaboratory:BottleOfVodka"},{"floor":18,"key":"Reflective Coating"}],"is_trial":false,"path_per_floor":["M","$","?","M","M","E","?","E","T","R","M","T","E","M","R","B",null,"M","$"],"character_chosen":"HERMIT","items_purchased":["Lee\u0027s Waffle"],"campfire_rested":1,"item_purchase_floors":[19],"current_hp_per_floor":[75,75,75,75,75,60,60,51,51,73,61,61,35,41,41,41,75,41,82,82],"gold":298,"neow_bonus":"THREE_ENEMY_KILL","is_daily":false,"chose_seed":false,"campfire_upgraded":1,"win_rate":0.0,"timestamp":1613628502,"path_taken":["M","?","?","?","M","E","?","E","T","R","M","?","E","M","R","BOSS","M","$"],"items_purchased_type":["Relic"],"build_version":"2020-12-22","purchased_purges":0,"victory":false,"max_hp_per_floor":[75,75,75,75,75,75,75,75,75,75,75,75,75,75,75,75,75,75,82,82],"relic_stats":{"Lee\u0027s Waffle":41,"counters":[10,57],"obtain_stats":[{"Ice Cream":7,"reliquary:KinkedSpring":17,"Lee\u0027s Waffle":19,"NeowsBlessing":0,"infinitespire:CursedDice":8,"StuffTheSpire:EmeraldSignet":6,"aspiration:SeaSaltIceCream":7,"Replay:Mystery Machine":9,"hermit:Momento":0,"WarpedTongs":3,"Meat on the Bone":13},{"Ice Cream":4,"reliquary:KinkedSpring":9,"Lee\u0027s Waffle":10,"NeowsBlessing":0,"infinitespire:CursedDice":5,"StuffTheSpire:EmeraldSignet":4,"aspiration:SeaSaltIceCream":4,"Replay:Mystery Machine":5,"hermit:Momento":0,"WarpedTongs":1,"Meat on the Bone":7},{"Ice Cream":11,"reliquary:KinkedSpring":49,"Lee\u0027s Waffle":57,"NeowsBlessing":0,"infinitespire:CursedDice":19,"StuffTheSpire:EmeraldSignet":11,"aspiration:SeaSaltIceCream":11,"Replay:Mystery Machine":19,"hermit:Momento":0,"WarpedTongs":1,"Meat on the Bone":28}],"WarpedTongs":[46],"Meat on the Bone":24},"card_choices":[{"not_picked":["hermit:Spite","hermit:Snipe","hermit:WideOpen"],"picked":"SKIP","floor":1},{"not_picked":["hermit:Manifest","hermit:Snipe","hermit:Coalescence"],"picked":"SKIP","floor":4},{"not_picked":["hermit:BodyArmor","hermit:Midnight","hermit:CalledShot"],"picked":"SKIP","floor":5},{"not_picked":["hermit:Coalescence","hermit:NoHoldsBarred","hermit:Snipe"],"picked":"SKIP","floor":6},{"not_picked":["hermit:SprayPray","hermit:FromBeyond","hermit:Malice"],"picked":"SKIP","floor":8},{"not_picked":["hermit:LowProfile","hermit:BodyArmor","hermit:Spite"],"picked":"SKIP","floor":11},{"not_picked":["hermit:DeadMansHand","hermit:Malice","hermit:Dissolve"],"picked":"SKIP","floor":13},{"not_picked":["hermit:Ricochet","hermit:Coalescence","hermit:Snipe"],"picked":"SKIP","floor":14},{"not_picked":["hermit:CalledShot","hermit:WideOpen+1","hermit:HoleUp"],"picked":"SKIP","floor":18}],"player_experience":489047,"relics_obtained":[{"floor":6,"key":"StuffTheSpire:EmeraldSignet"},{"floor":8,"key":"infinitespire:CursedDice"},{"floor":9,"key":"Replay:Mystery Machine"},{"floor":13,"key":"Meat on the Bone"}],"event_choices":[{"damage_healed":0,"gold_gain":0,"player_choice":"Rummage","damage_taken":0,"relics_obtained":["WarpedTongs"],"max_hp_gain":0,"max_hp_loss":0,"event_name":"Accursed Blacksmith","floor":3,"gold_loss":0,"cards_obtained":["Pain"]},{"damage_healed":0,"gold_gain":0,"player_choice":"Box","damage_taken":0,"relics_obtained":["aspiration:SeaSaltIceCream"],"max_hp_gain":0,"max_hp_loss":0,"event_name":"Big Fish","floor":7,"gold_loss":0,"cards_obtained":["Regret"]}],"is_beta":false,"boss_relics":[{"not_picked":["hubris:BlackHole","aspiration:WatcherSkillbook"],"picked":"reliquary:KinkedSpring"}],"items_purged_floors":[],"is_endless":false,"potions_floor_spawned":[1,4,5,8,14,18],"ascension_level":1}}