{"host":"j5shy70asow5koz5","time":1613645646,"event":{"mods":["2.2 Compatiblity","Act Like it!","Arknights","BaseMod","Colored Map","Marisa£¨Ùöéë¡¡Øª×âÞÞ£©","Minty Spire (QoL Compilation)","Prisma Mod","StSLib","SuperFastMode","Td1madao Mod","The Disciple","The Gatherer","The Servant 0.9.4","Waifu the Spire"],"gold_per_floor":[109,109,125,145,155,184,184,199,254,254,254],"floor_reached":10,"language":"KOR","playtime":221,"items_purged":[],"score":126,"play_id":"45f703a0-e117-45ce-b5a4-df1a9346d6bf","local_time":"20210218195406","is_ascension_mode":true,"campfire_choices":[{"data":"GrandCross","floor":7,"key":"SMITH"}],"circlet_count":0,"master_deck":["AscendersBane","Strike_MRS","Strike_MRS","Strike_MRS","Defend_MRS","Defend_MRS","Defend_MRS","Defend_MRS","MasterSpark","UpSweep","PowerUp","WitchLeyline","AsteroidBelt","GrandCross+1"],"relics":["MiniHakkero","NeowsBlessing","Prayer Wheel","Bag of Preparation"],"acts_visited":["Exordium"],"potions_floor_usage":[5],"damage_taken":[{"damage":0,"enemies":"Jaw Worm","floor":1,"turns":1},{"damage":0,"enemies":"ats:Genji","floor":3,"turns":1},{"damage":0,"enemies":"Small Slimes","floor":4,"turns":2},{"damage":7,"enemies":"Gremlin Gang","floor":5,"turns":5},{"damage":14,"enemies":"3 Sentries","floor":6,"turns":6},{"damage":14,"enemies":"Looter","floor":8,"turns":3},{"damage":45,"enemies":"Lagavulin","floor":10,"turns":5}],"seed_played":"1816130803057605018","potions_obtained":[{"floor":4,"key":"DistilledChaos"},{"floor":6,"key":"Explosive Potion"},{"floor":8,"key":"Strength Potion"}],"is_trial":false,"path_per_floor":["M","?","M","M","M","E","R","M","T","E"],"character_chosen":"MARISA","items_purchased":[],"campfire_rested":0,"item_purchase_floors":[],"current_hp_per_floor":[63,63,63,63,56,42,42,28,28,0,0],"gold":254,"neow_bonus":"THREE_ENEMY_KILL","is_daily":false,"chose_seed":false,"campfire_upgraded":1,"win_rate":0.0,"timestamp":1613645646,"path_taken":["M","?","M","?","M","E","R","M","T","E"],"items_purchased_type":[],"build_version":"2020-12-22","purchased_purges":0,"victory":false,"max_hp_per_floor":[70,70,70,70,70,70,70,70,70,70,70],"card_choices":[{"not_picked":["DarkMatter","NonDirectionalLaser"],"picked":"PowerUp","floor":1},{"not_picked":["NonDirectionalLaser","GravityBeat","EnergyRecoil"],"picked":"SKIP","floor":3},{"not_picked":["StarBarrage","ManaConvection"],"picked":"AsteroidBelt","floor":4},{"not_picked":["NonDirectionalLaser","DC"],"picked":"GrandCross","floor":5},{"not_picked":["ManaConvection","MagicChant","StarBarrage"],"picked":"SKIP","floor":6},{"not_picked":["WitchOfGreed","DarkSpark","EventHorizon"],"picked":"SKIP","floor":8},{"not_picked":["MaximisePower","MagicChant","FairyDestructionRay"],"picked":"SKIP","floor":8}],"player_experience":115115,"relics_obtained":[{"floor":6,"key":"Prayer Wheel"},{"floor":9,"key":"Bag of Preparation"}],"event_choices":[{"damage_healed":0,"gold_gain":0,"cards_transformed":["Strike_MRS"],"player_choice":"Transformed","damage_taken":0,"max_hp_gain":0,"max_hp_loss":0,"event_name":"Transmorgrifier","floor":2,"gold_loss":0,"cards_obtained":["WitchLeyline"]}],"is_beta":false,"boss_relics":[],"items_purged_floors":[],"is_endless":false,"potions_floor_spawned":[4,6,8],"killed_by":"Lagavulin","ascension_level":16}}