{"host":"u2qrfxkm3wve0vp3","time":1613647165,"event":{"mods":["AchievementEnabler","BaseMod","Downfall","Hermit","Marisa£®ÏF”Í°°ƒß¿Ì…≥£©","Minty Spire (QoL Compilation)","Quick Restart","Shop Mod","StSLib","Td1madao Mod","The Cursed","The Marked","The Poker Player","The Senshi","The Servant 0.9.4"],"gold_per_floor":[109,184,258,272,272,272,291,366,366,366,384,714,733,767,767,872,872,891,910,607,607,624,656,656,410,410,423,449,374,374,386,386,484,484,496,512,230,281,281,281],"floor_reached":39,"language":"ZHS","playtime":1663,"items_purged":["theMarked:Defend","theMarked:Defend","theMarked:Panic+1"],"score":454,"play_id":"ac074a7f-a1a9-46b9-b882-438913287583","local_time":"20210218191925","is_ascension_mode":false,"campfire_choices":[{"data":"theMarked:Panic","floor":6,"key":"SMITH"},{"floor":10,"key":"RECALL"},{"data":"theMarked:ChannelForce","floor":15,"key":"SMITH"},{"data":"theMarked:MuscleMemory","floor":24,"key":"SMITH"},{"data":"theMarked:Levitate","floor":32,"key":"SMITH"}],"circlet_count":0,"master_deck":["theMarked:Strike","theMarked:Strike","theMarked:Strike","theMarked:Strike","theMarked:Strike","theMarked:SoldierOfQuellstein+1","theMarked:Static","theMarked:GodGivenPower","theMarked:OneWithTheBlade","theMarked:ChannelForce+1","theMarked:BindingBlade","theMarked:Parry","theMarked:MuscleMemory+1","theMarked:Parry","theMarked:Levitate+1","theMarked:EternalStudent"],"relics":["theMarked:ArtifactOfAir","Matryoshka","Ancient Tea Set","theSenshi:FeatherClipsRelic","Old Coin","Meat on the Bone","Runic Pyramid","DollysMirror","Eternal Feather","Omamori","Lantern","theMarked:Gun","Molten Egg 2","Sozu","Pen Nib","CatCart"],"acts_visited":["Exordium","TheCity","TheBeyond"],"potions_floor_usage":[1,12,12,14,16,23],"damage_taken":[{"damage":0,"enemies":"Jaw Worm","floor":1,"turns":4},{"damage":1,"enemies":"Cultist","floor":4,"turns":3},{"damage":2,"enemies":"2 Louse","floor":7,"turns":3},{"damage":0,"enemies":"Red Slaver","floor":11,"turns":4},{"damage":26,"enemies":"3 Sentries","floor":12,"turns":6},{"damage":0,"enemies":"Large Slime","floor":13,"turns":5},{"damage":28,"enemies":"Gremlin Nob","floor":14,"turns":4},{"damage":11,"enemies":"Slime Boss","floor":16,"turns":5},{"damage":13,"enemies":"Shell Parasite","floor":18,"turns":5},{"damage":0,"enemies":"Chosen","floor":19,"turns":3},{"damage":0,"enemies":"Snake Plant","floor":22,"turns":2},{"damage":6,"enemies":"Book of Stabbing","floor":23,"turns":6},{"damage":5,"enemies":"Snecko","floor":27,"turns":3},{"damage":38,"enemies":"Slavers","floor":28,"turns":6},{"damage":15,"enemies":"Chosen and Byrds","floor":31,"turns":4},{"damage":32,"enemies":"Collector","floor":33,"turns":5},{"damage":15,"enemies":"3 Darklings","floor":35,"turns":4},{"damage":14,"enemies":"Orb Walker","floor":36,"turns":3},{"damage":85,"enemies":"Orin","floor":38,"turns":7},{"damage":33,"enemies":"3 Darklings","floor":39,"turns":2}],"seed_played":"3481477233627410835","potions_obtained":[{"floor":1,"key":"Fruit Juice"},{"floor":4,"key":"EntropicBrew"},{"floor":12,"key":"FearPotion"},{"floor":14,"key":"FearPotion"},{"floor":18,"key":"EssenceOfSteel"},{"floor":22,"key":"LiquidMemories"}],"is_trial":false,"path_per_floor":["M","?","T","M","?","R","M","?","T","R","M","E","M","E","R","B",null,"M","M","$","?","M","E","R","$","T","M","E","?","T","M","R","B",null,"M","M","$","?","M"],"character_chosen":"THE_DEFAULT","items_purchased":["theMarked:MuscleMemory","DollysMirror","Omamori","Pen Nib"],"campfire_rested":0,"item_purchase_floors":[20,20,25,37],"current_hp_per_floor":[77,66,66,65,58,58,56,49,49,49,55,35,41,19,19,26,77,70,76,76,76,77,77,77,77,77,77,45,45,45,48,57,43,77,68,60,60,23,0,0],"gold":281,"neow_bonus":"UPGRADE_CARD","is_daily":false,"chose_seed":false,"campfire_upgraded":4,"win_rate":0.0,"timestamp":1613647165,"path_taken":["M","?","?","?","?","R","M","?","T","R","?","E","M","E","R","BOSS","M","M","$","?","M","E","R","$","T","M","E","?","?","M","R","BOSS","M","M","$","?","M"],"items_purchased_type":["Card","Relic","Relic","Relic"],"build_version":"2020-12-22","purchased_purges":3,"victory":false,"max_hp_per_floor":[77,77,77,77,77,77,77,77,77,77,77,77,77,77,77,77,77,77,77,77,77,77,77,77,77,77,77,77,77,77,77,77,77,77,77,77,77,77,77,77],"card_choices":[{"not_picked":["theMarked:RepellingDischarge","theMarked:HeightenedSenses"],"picked":"theMarked:Static","floor":1},{"not_picked":["theMarked:Aftermath","theMarked:TunnelVision"],"picked":"theMarked:Panic","floor":4},{"not_picked":["theMarked:ElectricStrings","theMarked:SelfDefenseTraining"],"picked":"theMarked:GodGivenPower","floor":7},{"not_picked":["theMarked:BanishingStrike","theMarked:Frustration"],"picked":"theMarked:OneWithTheBlade","floor":11},{"not_picked":["theMarked:CreepingChasm","theMarked:Seal"],"picked":"theMarked:ChannelForce","floor":12},{"not_picked":["theMarked:Improvise","theMarked:ResourceFulStrike","theMarked:DispelDoubt"],"picked":"SKIP","floor":13},{"not_picked":["theMarked:Frustration","theMarked:Parkour","theMarked:ContemptForTheProud"],"picked":"SKIP","floor":14},{"not_picked":["theMarked:ThrowWeapon","theMarked:TurnInvisible"],"picked":"theMarked:BindingBlade","floor":16},{"not_picked":["theMarked:Aftermath","theMarked:HeightenedSenses","theMarked:ResourceFulStrike+1"],"picked":"SKIP","floor":18},{"not_picked":["theMarked:EmpowerWeapon+1","theMarked:ShockingTouch"],"picked":"theMarked:Parry","floor":19},{"not_picked":["theMarked:ElectricStrings","theMarked:BanishingWave","theMarked:BiggerThanFate"],"picked":"SKIP","floor":22},{"not_picked":["theMarked:Friction","theMarked:ChainLightning","theMarked:Aftermath"],"picked":"SKIP","floor":23},{"not_picked":["theMarked:Friction","theMarked:ChainLightning","theMarked:Aftermath"],"picked":"SKIP","floor":23},{"not_picked":["theMarked:SwordAndMagic","theMarked:BanishingStrike+1","theMarked:StartUp"],"picked":"SKIP","floor":27},{"not_picked":["theMarked:UnarmedFury","theMarked:Improvise+1","theMarked:Parkour"],"picked":"SKIP","floor":28},{"not_picked":["theMarked:Parkour+1","theMarked:SelfDefenseTraining+1","theMarked:ChainLightning+1"],"picked":"SKIP","floor":31},{"not_picked":["theMarked:TakeOffHeels","theMarked:Abjuration+1"],"picked":"theMarked:EternalStudent","floor":33},{"not_picked":["theMarked:BanishingStrike+1","theMarked:Parkour+1","theMarked:ChainLightning+1"],"picked":"SKIP","floor":35},{"not_picked":["theMarked:Parkour+1","theMarked:SelfDefenseTraining+1","theMarked:TwofoldDefense"],"picked":"SKIP","floor":36}],"player_experience":355442,"relics_obtained":[{"floor":3,"key":"Matryoshka"},{"floor":9,"key":"Ancient Tea Set"},{"floor":9,"key":"theSenshi:FeatherClipsRelic"},{"floor":12,"key":"Old Coin"},{"floor":14,"key":"Meat on the Bone"},{"floor":23,"key":"Eternal Feather"},{"floor":26,"key":"Lantern"},{"floor":28,"key":"theMarked:Gun"},{"floor":30,"key":"Molten Egg 2"},{"floor":38,"key":"CatCart"}],"event_choices":[{"damage_healed":0,"gold_gain":75,"player_choice":"Gather Gold","damage_taken":11,"max_hp_gain":0,"max_hp_loss":0,"event_name":"World of Goop","floor":2,"gold_loss":0},{"cards_removed":["theMarked:Defend"],"damage_healed":0,"gold_gain":0,"player_choice":"Card Removal","damage_taken":7,"max_hp_gain":0,"max_hp_loss":0,"event_name":"Golden Wing","floor":5,"gold_loss":0},{"damage_healed":0,"gold_gain":75,"player_choice":"Touch","damage_taken":7,"max_hp_gain":0,"max_hp_loss":0,"event_name":"FaceTrader","floor":8,"gold_loss":0},{"damage_healed":0,"gold_gain":0,"player_choice":"Read","damage_taken":0,"max_hp_gain":0,"max_hp_loss":0,"event_name":"The Library","floor":21,"gold_loss":0,"cards_obtained":["theMarked:Levitate"]},{"cards_removed":["theMarked:Defend"],"damage_healed":0,"gold_gain":0,"player_choice":"Gave Gold","damage_taken":0,"max_hp_gain":0,"max_hp_loss":0,"event_name":"Beggar","floor":29,"gold_loss":75},{"damage_healed":0,"gold_gain":0,"player_choice":"Fight","damage_taken":0,"max_hp_gain":0,"max_hp_loss":0,"event_name":"OrinTheCat","floor":38,"gold_loss":0}],"is_beta":false,"boss_relics":[{"not_picked":["SacredBark","Tiny House"],"picked":"Runic Pyramid"},{"not_picked":["Busted Crown","Empty Cage"],"picked":"Sozu"}],"items_purged_floors":[20,25,37],"is_endless":false,"potions_floor_spawned":[1,4,12,14,18,22,38],"killed_by":"3 Darklings","ascension_level":0}}