{"host":"iv5atf0fne3n7zmv","time":1613682202,"event":{"mods":["BaseMod","Minty Spire (QoL Compilation)","StSLib"],"gold_per_floor":[110,124,124,135,135,162,162,197,197,207,39,57,57,127,127,240,240,265,293,12,21,305,343,343,384,407,416,452,481,490,514,523,523,523],"floor_reached":33,"language":"ENG","playtime":8517,"items_purged":["Defend_P","Strike_P"],"score":380,"play_id":"a42c6e82-c5c3-4729-87db-040365a22bb4","local_time":"20210218130322","is_ascension_mode":true,"campfire_choices":[{"data":"Eruption","floor":7,"key":"SMITH"},{"data":"BattleHymn","floor":13,"key":"SMITH"},{"floor":15,"key":"REST"},{"data":"Consecrate","floor":24,"key":"SMITH"},{"floor":27,"key":"REST"},{"floor":30,"key":"REST"},{"floor":32,"key":"REST"}],"circlet_count":0,"master_deck":["Strike_P","Strike_P","Strike_P","Defend_P+1","Defend_P+1","Defend_P","Eruption+1","Vigilance","Wireheading","CarveReality","Regret","Consecrate+1","ThirdEye","Nirvana","Tantrum","BattleHymn+1","JustLucky","Wish","CutThroughFate","SpiritShield","Vengeance+1","ReachHeaven","SashWhip","Shame","Regret","Evaluate+1","MasterReality","FollowUp","LikeWater","ClearTheMind+1","Adaptation+1","Study","JustLucky+1"],"relics":["PureWater","NeowsBlessing","Letter Opener","Mercury Hourglass","MealTicket","Bottled Tornado","CeramicFish","SlaversCollar","Anchor","Dream Catcher","PreservedInsect","Centennial Puzzle","Tiny Chest","StrikeDummy"],"acts_visited":["Exordium","TheCity"],"potions_floor_usage":[8,14,14,23,23,25,29],"damage_taken":[{"damage":0,"enemies":"2 Louse","floor":1,"turns":1},{"damage":0,"enemies":"Small Slimes","floor":2,"turns":2},{"damage":0,"enemies":"Cultist","floor":4,"turns":1},{"damage":16,"enemies":"3 Sentries","floor":6,"turns":8},{"damage":23,"enemies":"Gremlin Nob","floor":8,"turns":5},{"damage":3,"enemies":"Exordium Thugs","floor":10,"turns":3},{"damage":0,"enemies":"Looter","floor":12,"turns":3},{"damage":14,"enemies":"Gremlin Nob","floor":14,"turns":4},{"damage":20,"enemies":"The Guardian","floor":16,"turns":10},{"damage":20,"enemies":"2 Thieves","floor":18,"turns":3},{"damage":7,"enemies":"3 Byrds","floor":19,"turns":3},{"damage":24,"enemies":"Gremlin Leader","floor":23,"turns":6},{"damage":29,"enemies":"Slavers","floor":25,"turns":4},{"damage":4,"enemies":"Gremlin Leader","floor":28,"turns":3},{"damage":20,"enemies":"Snake Plant","floor":29,"turns":4},{"damage":8,"enemies":"Centurion and Healer","floor":31,"turns":6},{"damage":38,"enemies":"Collector","floor":33,"turns":6}],"seed_played":"-7555620945091658091","potions_obtained":[{"floor":4,"key":"Weak Potion"},{"floor":8,"key":"Strength Potion"},{"floor":10,"key":"Dexterity Potion"},{"floor":16,"key":"StancePotion"},{"floor":18,"key":"EssenceOfSteel"},{"floor":19,"key":"Weak Potion"},{"floor":28,"key":"PowerPotion"}],"is_trial":false,"path_per_floor":["M","M","?","M","?","E","R","E","T","M","$","M","R","?","R","B",null,"M","M","$","?","?","E","R","E","T","R","E","M","R","M","R","B"],"character_chosen":"WATCHER","items_purchased":["BattleHymn","JustLucky","Anchor","SashWhip"],"campfire_rested":4,"item_purchase_floors":[11,11,20,20],"current_hp_per_floor":[72,72,72,72,58,42,42,19,19,16,31,31,31,17,38,18,72,52,45,60,60,60,36,36,7,7,28,24,4,25,17,38,0,0],"gold":523,"neow_bonus":"THREE_ENEMY_KILL","is_daily":false,"chose_seed":false,"campfire_upgraded":3,"win_rate":0.0,"timestamp":1613682202,"path_taken":["M","M","?","M","?","E","R","E","T","M","$","M","R","?","R","BOSS","M","M","$","?","?","E","R","E","T","R","E","M","R","?","R","BOSS"],"items_purchased_type":["Card","Card","Relic","Card"],"build_version":"2020-12-22","purchased_purges":2,"victory":false,"max_hp_per_floor":[72,72,72,72,72,72,72,72,72,72,72,72,72,72,72,72,72,72,72,72,72,72,72,72,72,72,72,72,72,72,72,72,72,72],"card_choices":[{"not_picked":["SashWhip","Sanctity"],"picked":"Wireheading","floor":1},{"not_picked":["ForeignInfluence","Conclude"],"picked":"CarveReality","floor":2},{"not_picked":["CrushJoints","Evaluate"],"picked":"Consecrate","floor":4},{"not_picked":["EmptyBody","DeceiveReality"],"picked":"ThirdEye","floor":6},{"not_picked":["DevaForm","EmptyBody"],"picked":"Nirvana","floor":8},{"not_picked":["Evaluate","CrushJoints"],"picked":"Tantrum","floor":10},{"not_picked":["ThirdEye","ClearTheMind"],"picked":"Wish","floor":12},{"not_picked":["CrushJoints","ClearTheMind"],"picked":"CutThroughFate","floor":14},{"not_picked":["Vault","Wish"],"picked":"SpiritShield","floor":16},{"not_picked":["Consecrate","EmptyBody"],"picked":"Vengeance+1","floor":18},{"not_picked":["FlurryOfBlows","EmptyFist+1"],"picked":"ReachHeaven","floor":19},{"not_picked":["EmptyBody","WreathOfFlame"],"picked":"Evaluate+1","floor":23},{"not_picked":["ClearTheMind+1","Consecrate"],"picked":"MasterReality","floor":25},{"not_picked":["CrushJoints","FlyingSleeves"],"picked":"FollowUp","floor":27},{"not_picked":["Crescendo","SashWhip"],"picked":"LikeWater","floor":28},{"not_picked":["DeceiveReality","Crescendo"],"picked":"ClearTheMind+1","floor":29},{"not_picked":["Crescendo+1","PathToVictory"],"picked":"Adaptation+1","floor":30},{"not_picked":["JustLucky","EmptyBody"],"picked":"Study","floor":31},{"not_picked":["EmptyBody","ClearTheMind"],"picked":"JustLucky+1","floor":32}],"player_experience":357846,"relics_obtained":[{"floor":6,"key":"Mercury Hourglass"},{"floor":8,"key":"MealTicket"},{"floor":9,"key":"Bottled Tornado"},{"floor":14,"key":"CeramicFish"},{"floor":23,"key":"PreservedInsect"},{"floor":25,"key":"Centennial Puzzle"},{"floor":26,"key":"Tiny Chest"},{"floor":28,"key":"StrikeDummy"}],"event_choices":[{"damage_healed":0,"gold_gain":0,"player_choice":"Box","damage_taken":0,"relics_obtained":["Letter Opener"],"max_hp_gain":0,"max_hp_loss":0,"event_name":"Big Fish","floor":3,"gold_loss":0,"cards_obtained":["Regret"]},{"damage_healed":0,"gold_gain":0,"player_choice":"Entered Light","damage_taken":14,"max_hp_gain":0,"max_hp_loss":0,"event_name":"Shining Light","floor":5,"gold_loss":0,"cards_upgraded":["Defend_P","Defend_P"]},{"damage_healed":0,"gold_gain":30,"player_choice":"Searched \u00272\u0027 times","damage_taken":0,"max_hp_gain":0,"max_hp_loss":0,"event_name":"Dead Adventurer","floor":14,"gold_loss":0},{"damage_healed":0,"gold_gain":0,"player_choice":"Stole Relic","damage_taken":0,"relics_obtained":["Dream Catcher"],"max_hp_gain":0,"max_hp_loss":0,"event_name":"Addict","floor":21,"gold_loss":0,"cards_obtained":["Shame"]},{"damage_healed":0,"gold_gain":275,"player_choice":"Desecrate","damage_taken":0,"max_hp_gain":0,"max_hp_loss":0,"event_name":"Golden Shrine","floor":22,"gold_loss":0,"cards_obtained":["Regret"]}],"is_beta":false,"boss_relics":[{"not_picked":["Calling Bell","Runic Dome"],"picked":"SlaversCollar"}],"items_purged_floors":[11,20],"is_endless":false,"potions_floor_spawned":[4,8,10,16,18,19,28],"killed_by":"Collector","ascension_level":1}}