{"host":"fbdlh90rovbiajun","time":1613607114,"event":{"mods":["AchievementEnabler","BaseMod","Colored Map","Keyboard Shortcuts","Minty Spire (QoL Compilation)","SuperFastMode"],"gold_per_floor":[114,64,139,239,89,89,103,118,118,118,134,148,148,167,167,269,269,279,105,118,129,4,4,4,4],"floor_reached":24,"language":"KOR","playtime":857,"items_purged":["Strike_P","Defend_P","Strike_P"],"score":188,"play_id":"7f1af66c-b0a7-46f0-bebd-eeeee305bad8","local_time":"20210218091154","is_ascension_mode":false,"campfire_choices":[{"data":"WindmillStrike","floor":6,"key":"SMITH"},{"data":"CrushJoints","floor":10,"key":"SMITH"},{"data":"Eruption","floor":15,"key":"SMITH"}],"circlet_count":0,"master_deck":["Strike_P","Strike_P","Defend_P","Defend_P","Eruption+1","Vigilance","WindmillStrike+1","InnerPeace","CrushJoints+1","Halt","Ragnarok","MentalFortress"],"relics":["PureWater","NeowsBlessing","Incense Burner","Black Star"],"acts_visited":["Exordium","TheCity"],"potions_floor_usage":[16,21],"damage_taken":[{"damage":0,"enemies":"Small Slimes","floor":1,"turns":1},{"damage":0,"enemies":"Jaw Worm","floor":7,"turns":1},{"damage":0,"enemies":"2 Louse","floor":8,"turns":1},{"damage":19,"enemies":"Gremlin Gang","floor":11,"turns":4},{"damage":4,"enemies":"Large Slime","floor":12,"turns":5},{"damage":10,"enemies":"Lots of Slimes","floor":14,"turns":3},{"damage":16,"enemies":"Slime Boss","floor":16,"turns":12},{"damage":45,"enemies":"3 Byrds","floor":18,"turns":6},{"damage":11,"enemies":"Spheric Guardian","floor":20,"turns":3},{"damage":22,"enemies":"Shelled Parasite and Fungi","floor":21,"turns":4},{"damage":29,"enemies":"Book of Stabbing","floor":24,"turns":4}],"seed_played":"-1653492945041780405","potions_obtained":[{"floor":11,"key":"LiquidMemories"},{"floor":14,"key":"Weak Potion"},{"floor":16,"key":"FairyPotion"},{"floor":18,"key":"Fire Potion"},{"floor":20,"key":"Regen Potion"}],"is_trial":false,"path_per_floor":["M","?","?","?","$","R","M","M","T","R","M","M","?","M","R","B",null,"M","$","M","M","$","?","E"],"character_chosen":"WATCHER","items_purchased":["InnerPeace","MentalFortress"],"campfire_rested":0,"item_purchase_floors":[5,19],"current_hp_per_floor":[72,72,61,61,61,61,61,61,61,61,42,38,38,28,28,12,72,27,27,16,25,25,25,0,0],"gold":4,"neow_bonus":"THREE_ENEMY_KILL","is_daily":false,"chose_seed":false,"campfire_upgraded":3,"win_rate":0.0,"timestamp":1613607114,"path_taken":["M","?","?","?","$","R","M","?","T","R","M","M","?","?","R","BOSS","M","$","M","M","$","?","E"],"items_purchased_type":["Card","Card"],"build_version":"2020-12-22","purchased_purges":3,"victory":false,"max_hp_per_floor":[72,72,72,72,72,72,72,72,72,72,72,72,72,72,72,72,72,72,72,72,72,72,72,72,72],"card_choices":[{"not_picked":["FlurryOfBlows","EmptyBody"],"picked":"WindmillStrike","floor":1},{"not_picked":["Sanctity","FlurryOfBlows"],"picked":"CrushJoints","floor":7},{"not_picked":["ForeignInfluence","CrushJoints","Sanctity"],"picked":"SKIP","floor":8},{"not_picked":["CutThroughFate","ClearTheMind","SashWhip"],"picked":"SKIP","floor":11},{"not_picked":["FlurryOfBlows","InnerPeace"],"picked":"Halt","floor":12},{"not_picked":["FollowUp","FlyingSleeves","Brilliance"],"picked":"SKIP","floor":14},{"not_picked":["Judgement","MasterReality"],"picked":"Ragnarok","floor":16},{"not_picked":["BowlingBash+1","WaveOfTheHand","InnerPeace"],"picked":"SKIP","floor":18},{"not_picked":["BowlingBash","PathToVictory","Collect+1"],"picked":"SKIP","floor":20},{"not_picked":["Crescendo","FlurryOfBlows","Protect+1"],"picked":"SKIP","floor":21}],"player_experience":77146,"relics_obtained":[{"floor":9,"key":"Incense Burner"}],"event_choices":[{"cards_removed":["Defend_P"],"damage_healed":0,"gold_gain":0,"player_choice":"Card Removal","damage_taken":0,"max_hp_gain":0,"max_hp_loss":0,"event_name":"The Cleric","floor":2,"gold_loss":50},{"damage_healed":0,"gold_gain":75,"player_choice":"Gather Gold","damage_taken":11,"max_hp_gain":0,"max_hp_loss":0,"event_name":"World of Goop","floor":3,"gold_loss":0},{"damage_healed":0,"gold_gain":100,"player_choice":"Pray","damage_taken":0,"max_hp_gain":0,"max_hp_loss":0,"event_name":"Golden Shrine","floor":4,"gold_loss":0},{"damage_healed":0,"gold_gain":0,"player_choice":"Ignored","damage_taken":0,"max_hp_gain":0,"max_hp_loss":0,"event_name":"NoteForYourself","floor":13,"gold_loss":0}],"is_beta":false,"boss_relics":[{"not_picked":["Calling Bell","Busted Crown"],"picked":"Black Star"}],"items_purged_floors":[5,19,22],"is_endless":false,"potions_floor_spawned":[11,14,16,18,20],"killed_by":"Book of Stabbing","ascension_level":0}}