{"host":"mq7pyadb5kndcn8l","time":1613620098,"event":{"mods":["AchievementEnabler","Act Like it!","Arknights","Aspiration","BaseMod","Better Altar","Better Match","Better Note","Better Sensory Stone","Better Skull","Better Third Choice","BetterRewards","Block Reminder","CCEM2","Challenge The Spire","ChefMod","Colored Map","Colored Powertips","Conspire","Displayed Cursed Tome","Dota2Spire","Energized Spire","GifTheSpireLib","Highlight Path","Hubris","Infinite Spire","Mad Scientist","Marked Mod","Mimic Mod","Minty Spire (QoL Compilation)","Permanent Neow","QueenMod","Quick Restart","Random Character Button","Rare Cards Sparkle","Relic Filter","Relic Sorter","Reliquary","Replay The Spire","Reworked Bosses","Shade Mod","Shop Mod","Spicy Shops","Spikes Relics","Spire Arcade","StSLib","Stuff the Spire","SuperFastMode","The Blue Laboratory","Thieving Mod","Trackpad","Transform Curses","Wandering Minibosses"],"gold_per_floor":[109,4,24,24,24,51,87,115,115,156,156,168,168,223,223,320,320,367,367,367,14,59,59,72,72,102,102,137,179,179,212,212,307,307,353,367,381,381,381,81,91,91,91,126,126,188,221,234,234,234,234,234,49,82,112],"floor_reached":56,"language":"ENG","playtime":3251,"items_purged":["Strike_G","Defend_G","Strike_G","Defend_G","Strike_G","Defend_G","Strike_G","Strike_G","Defend_G","Survivor"],"score":2081,"play_id":"188cb4f0-22aa-44d0-8add-b8ade3a57916","local_time":"20210217224818","is_ascension_mode":true,"campfire_choices":[{"data":"ReplayTheSpireMod:The Works","floor":13,"key":"SMITH"},{"data":"Malaise","floor":15,"key":"SMITH"},{"data":"Prepared","floor":23,"key":"SMITH"},{"data":"infinitespire:FutureSight","floor":27,"key":"SMITH"},{"data":"Tactician","floor":32,"key":"SMITH"},{"data":"Calculated Gamble","floor":42,"key":"SMITH"},{"floor":45,"key":"RECALL"},{"data":"Neutralize","floor":49,"key":"SMITH"},{"data":"Acrobatics","floor":52,"key":"SMITH"}],"circlet_count":0,"master_deck":["Neutralize+1","Footwork+1","Prepared+1","PlatinumSkin","Prepared+1","hubris:DuctTapeCard","Acrobatics+1","Malaise+1","hubris:DuctTapeCard","Reflex+1","infinitespire:FutureSight+1","Tactician+1","ReplayTheSpireMod:The Works+1","Acrobatics+1","Calculated Gamble+1"],"relics":["Ring of the Snake","hubris:DuctTape","MerchantsRug","trackpad:FieryHotPepper","Medical Kit","SnailShell","StuffTheSpire:Rhapsscallions","CrustySpines","hubris:Towel","Potion Belt","Dota2Spire:HandOfMidas","Juzu Bracelet","energizedSpire:OgreHead","infinitespire:PuzzleCube","Tough Bandages","StuffTheSpire:DarkSteelAnvil","StuffTheSpire:Mouthbags","trackpad:BottledTsunami","infinitespire:Cupcake","Singing Bowl","CCEMRelics:TeddyBear","Ancient Tea Set","reliquary:PrincelyHelmet","trackpad:BottledShadow"],"acts_visited":["Exordium","TheCity","TheBeyond","TheEnding"],"potions_floor_usage":[6,12,16],"damage_taken":[{"damage":0,"enemies":"Small Slimes","floor":1,"turns":3},{"damage":0,"enemies":"Jaw Worm","floor":3,"turns":3},{"damage":9,"enemies":"3 Sentries","floor":6,"turns":5},{"damage":0,"enemies":"Lagavulin","floor":8,"turns":6},{"damage":0,"enemies":"2 Louse","floor":10,"turns":1},{"damage":8,"enemies":"Exordium Thugs","floor":12,"turns":3},{"damage":1,"enemies":"Replay:BlueRogue","floor":14,"turns":5},{"damage":8,"enemies":"Fading Forest","floor":16,"turns":11},{"damage":0,"enemies":"conspire:FuzzyDice","floor":18,"turns":8},{"damage":0,"enemies":"Shell Parasite","floor":22,"turns":1},{"damage":7,"enemies":"Snake Plant","floor":24,"turns":2},{"damage":0,"enemies":"Chosen and Byrds","floor":26,"turns":1},{"damage":0,"enemies":"Replay:Snechameleon","floor":28,"turns":1},{"damage":0,"enemies":"Chosen and Byrds","floor":29,"turns":1},{"damage":0,"enemies":"Book of Stabbing","floor":31,"turns":2},{"damage":0,"enemies":"bossMod:newCollector","floor":33,"turns":1},{"damage":0,"enemies":"Orb Walker","floor":35,"turns":2},{"damage":0,"enemies":"3 Shapes","floor":36,"turns":1},{"damage":0,"enemies":"3 Darklings","floor":37,"turns":1},{"damage":0,"enemies":"Sphere and 2 Shapes","floor":41,"turns":1},{"damage":0,"enemies":"Giant Head","floor":44,"turns":1},{"damage":0,"enemies":"Reptomancer","floor":46,"turns":1},{"damage":0,"enemies":"Maw","floor":47,"turns":1},{"damage":0,"enemies":"Maw","floor":48,"turns":1},{"damage":0,"enemies":"Replay:Hell Engine","floor":50,"turns":1},{"damage":0,"enemies":"Shield and Spear","floor":54,"turns":1},{"damage":0,"enemies":"The Heart","floor":55,"turns":3}],"seed_played":"-1661113002620563571","potions_obtained":[{"floor":3,"key":"EntropicBrew"},{"floor":10,"key":"GamblersBrew"},{"floor":11,"key":"blueLaboratory:ExaltedPotion"},{"floor":11,"key":"blueLaboratory:EmptyBottle"},{"floor":11,"key":"blueLaboratory:HorrorPotion"},{"floor":14,"key":"blueLaboratory:TrueEctoplasm"},{"floor":22,"key":"SpeedPotion"},{"floor":33,"key":"blueLaboratory:HorrorPotion"},{"floor":44,"key":"Fire Potion"}],"is_trial":false,"path_per_floor":["M","$","M","?","?","E","$","E","T","M","?","M","R","E","R_BF","B",null,"M","?","?","$","M","R","M","?","MIM","R","E","M","AVR","E","R","B",null,"M","M","M","AVR","?","$","M","R","T","E","R","E","MIM","M","R_BF","B",null,"R","$","E","B",null],"character_chosen":"THE_SILENT","items_purchased":["Lee\u0027s Waffle","MerchantsRug","trackpad:FieryHotPepper","Medical Kit","Footwork+1","CCEMRelics:WrappedPresent","SnailShell","StuffTheSpire:Rhapsscallions","Prepared","PlatinumSkin","FairyPotion","Backflip","infinitespire:PuzzleCube","Calculated Gamble"],"campfire_rested":0,"item_purchase_floors":[0,0,0,0,0,0,0,0,0,0,0,7,21,40],"current_hp_per_floor":[89,89,89,89,89,80,80,80,80,80,80,72,72,71,71,71,85,85,85,85,85,85,85,78,55,55,55,55,55,55,55,55,55,81,81,81,81,81,81,81,81,81,81,83,83,85,87,89,89,89,95,95,95,97,97],"gold":112,"neow_bonus":"","is_daily":false,"chose_seed":false,"campfire_upgraded":8,"win_rate":0.0,"timestamp":1613620098,"path_taken":["M","$","M","?","?","E","$","E","T","?","?","M","R","E","R_BF","BOSS","M","?","?","$","M","R","M","?","MIM","R","E","M","AVR","E","R","BOSS","M","M","M","AVR","?","$","M","R","T","E","R","E","?","M","R_BF","BOSS","R","$","E","BOSS"],"items_purchased_type":["Relic","Relic","Relic","Relic","Card","Relic","Relic","Relic","Card","Card","Potion","Card","Relic","Card"],"build_version":"2020-12-22","purchased_purges":10,"victory":true,"max_hp_per_floor":[89,89,89,89,89,89,89,89,89,89,89,89,89,89,89,89,89,89,89,89,89,89,89,89,89,89,89,89,89,89,89,89,89,89,89,89,89,89,89,89,89,89,89,91,91,93,95,97,97,97,97,97,97,99,99],"card_choices":[{"not_picked":["Terror","Heel Hook","Flying Knee"],"picked":"SKIP","floor":1},{"not_picked":["Replay:Poison Smokescreen","Riddle With Holes"],"picked":"Prepared","floor":3},{"not_picked":["Poisoned Stab","InfectiousVector","Sucker Punch"],"picked":"SKIP","floor":6},{"not_picked":["Hidden Blade","StuffTheSpire:FinalStruggle"],"picked":"Acrobatics","floor":8},{"not_picked":["Sucker Punch","Flying Knee"],"picked":"Malaise","floor":10},{"not_picked":["Deadly Poison","hubris:Sniper"],"picked":"ReplayTheSpireMod:The Works","floor":12},{"not_picked":["Poison Darts","hubris:Counter","Slice"],"picked":"SKIP","floor":14},{"not_picked":["Sucker Punch","Deadly Poison","StuffTheSpire:BumpUp+1"],"picked":"SKIP","floor":18},{"not_picked":["Outmaneuver","StuffTheSpire:Injection+1","ReplayTheSpireMod:Speed Training"],"picked":"SKIP","floor":22},{"not_picked":["Hidden Blade","Poisoned Stab"],"picked":"Reflex+1","floor":24},{"not_picked":["infinitespire:Starlight","infinitespire:Punishment"],"picked":"infinitespire:FutureSight","floor":25},{"not_picked":["Hidden Blade","Blade Dance"],"picked":"Tactician","floor":26},{"not_picked":["Heel Hook","Doppelganger","Slice"],"picked":"SKIP","floor":28},{"not_picked":["StuffTheSpire:BumpUp+1","Dodge and Roll+1","Slice"],"picked":"SKIP","floor":29},{"not_picked":["Outmaneuver","Glass Knife","Deflect"],"picked":"SKIP","floor":31},{"not_picked":["Outmaneuver","Glass Knife","Deflect"],"picked":"SKIP","floor":31},{"not_picked":["Quick Slash+1","Deadly Poison"],"picked":"Acrobatics+1","floor":35},{"not_picked":["Deflect+1","hubris:SlightOfHand","Poisoned Stab"],"picked":"SKIP","floor":36},{"not_picked":["Dodge and Roll+1","Dagger Spray","Slice"],"picked":"SKIP","floor":37},{"not_picked":["Acrobatics+1","infinitespire:Neurotoxin","Hidden Blade+1"],"picked":"SKIP","floor":41},{"not_picked":["A Thousand Cuts","Poisoned Stab","conspire:DoublingDagger"],"picked":"Singing Bowl","floor":44},{"not_picked":["Blade Dance","Flying Knee+1","Underhanded Strike+1"],"picked":"Singing Bowl","floor":46},{"not_picked":["Skewer","Reflex","Dodge and Roll+1"],"picked":"Singing Bowl","floor":47},{"not_picked":["Fluid Movement+1","Outmaneuver","StuffTheSpire:BumpUp+1"],"picked":"Singing Bowl","floor":48},{"not_picked":["hubris:SlightOfHand","conspire:PoisonWeapons","Flying Knee"],"picked":"Singing Bowl","floor":54}],"player_experience":751685,"relics_obtained":[{"floor":0,"key":"CrustySpines"},{"floor":6,"key":"Potion Belt"},{"floor":8,"key":"hubris:DuctTape"},{"floor":9,"key":"Dota2Spire:HandOfMidas"},{"floor":14,"key":"Juzu Bracelet"},{"floor":26,"key":"Tough Bandages"},{"floor":26,"key":"StuffTheSpire:DarkSteelAnvil"},{"floor":28,"key":"StuffTheSpire:Mouthbags"},{"floor":31,"key":"trackpad:BottledTsunami"},{"floor":43,"key":"Singing Bowl"},{"floor":44,"key":"CCEMRelics:TeddyBear"},{"floor":46,"key":"Ancient Tea Set"},{"floor":47,"key":"reliquary:PrincelyHelmet"},{"floor":47,"key":"CCEMRelics:FryingPan"},{"floor":54,"key":"trackpad:BottledShadow"}],"event_choices":[{"damage_healed":0,"gold_gain":0,"player_choice":"Forge","damage_taken":0,"max_hp_gain":0,"max_hp_loss":0,"event_name":"Accursed Blacksmith","floor":5,"gold_loss":0,"cards_upgraded":["Prepared"]},{"damage_healed":0,"gold_gain":0,"player_choice":"Got Potions","damage_taken":0,"max_hp_gain":0,"max_hp_loss":0,"event_name":"Lab","floor":11,"gold_loss":0},{"damage_healed":0,"gold_gain":0,"player_choice":"Copied","damage_taken":0,"max_hp_gain":0,"max_hp_loss":0,"event_name":"Duplicator","floor":19,"gold_loss":0,"cards_obtained":["hubris:DuctTapeCard"]},{"damage_healed":0,"gold_gain":0,"player_choice":"Bought 0 Potions","damage_taken":0,"max_hp_gain":0,"max_hp_loss":0,"event_name":"The Woman in Blue","floor":39,"gold_loss":0}],"is_beta":false,"boss_relics":[{"not_picked":["conspire:RoyalGoblet","hubris:ScarierMask"],"picked":"energizedSpire:OgreHead"},{"not_picked":["Calling Bell","Coffee Dripper"],"picked":"infinitespire:Cupcake"}],"items_purged_floors":[0,0,0,0,2,21,30,38,40,53],"is_endless":false,"potions_floor_spawned":[3,10,14,22,31,33,35,44,46,54],"ascension_level":9}}