{"host":"js2su9tbbk4rmjfl","time":1613681795,"event":{"mods":["AchievementEnabler","BaseMod","Block Reminder","Colored Map","Colored Powertips","Highlight Path","Minty Spire (QoL Compilation)","Relic Stats"],"gold_per_floor":[99,99,24,24,0,0,35,35,60,60,73,73,105,105,105,105,105],"floor_reached":16,"language":"ENG","playtime":258,"items_purged":["Defend_R"],"score":245,"play_id":"45dba89a-321d-4e5f-8c91-50e62ad4844b","local_time":"20210218215635","is_ascension_mode":true,"campfire_choices":[{"data":"Strike_R","floor":6,"key":"SMITH"},{"data":"Inflame","floor":10,"key":"SMITH"},{"data":"Flex","floor":12,"key":"SMITH"},{"floor":15,"key":"REST"}],"circlet_count":0,"master_deck":["AscendersBane","Strike_R+1","Strike_R+1","Strike_R","Strike_R","Strike_R","Defend_R","Defend_R","Bash+1","Inflame+1","Flex+1","Juggernaut+1"],"relics":["Burning Blood","NeowsBlessing","MealTicket","Frozen Egg 2","Potion Belt","Dead Branch","Blood Vial"],"acts_visited":["Exordium"],"potions_floor_usage":[],"damage_taken":[{"damage":0,"enemies":"Jaw Worm","floor":1,"turns":1},{"damage":0,"enemies":"Lagavulin","floor":7,"turns":1},{"damage":0,"enemies":"2 Louse","floor":11,"turns":1},{"damage":55,"enemies":"3 Sentries","floor":13,"turns":9},{"damage":36,"enemies":"The Guardian","floor":16,"turns":2}],"seed_played":"913046643912956122","potions_obtained":[],"is_trial":false,"path_per_floor":["M","?","$","?","?","R","E","T","T","R","M","R","E","?","R","B"],"character_chosen":"IRONCLAD","items_purchased":[],"campfire_rested":1,"item_purchase_floors":[],"current_hp_per_floor":[74,51,51,44,44,44,50,50,50,50,56,56,7,2,24,0,0],"gold":105,"neow_bonus":"THREE_ENEMY_KILL","is_daily":false,"chose_seed":false,"campfire_upgraded":3,"win_rate":0.0,"timestamp":1613681795,"path_taken":["M","?","$","?","?","R","E","?","T","R","M","R","E","?","R","BOSS"],"items_purchased_type":[],"build_version":"2020-12-22","purchased_purges":1,"victory":false,"max_hp_per_floor":[75,75,75,75,75,75,75,75,75,75,75,75,75,75,75,75,75],"relic_stats":{"Blood Vial":2,"counters":[5,14],"Dead Branch":[1],"MealTicket":0,"obtain_stats":[{"Potion Belt":9,"Blood Vial":14,"NeowsBlessing":0,"Dead Branch":13,"MealTicket":7,"Frozen Egg 2":8,"Burning Blood":0},{"Potion Belt":2,"Blood Vial":4,"NeowsBlessing":0,"Dead Branch":4,"MealTicket":2,"Frozen Egg 2":2,"Burning Blood":0},{"Potion Belt":2,"Blood Vial":12,"NeowsBlessing":0,"Dead Branch":12,"MealTicket":2,"Frozen Egg 2":2,"Burning Blood":0}],"Burning Blood":24},"card_choices":[{"not_picked":["Headbutt","Iron Wave","Evolve"],"picked":"SKIP","floor":1},{"not_picked":["Wild Strike","Thunderclap"],"picked":"Inflame","floor":7},{"not_picked":["Heavy Blade","Havoc"],"picked":"Flex","floor":11},{"not_picked":["Clash","Intimidate"],"picked":"Juggernaut+1","floor":13}],"player_experience":843226,"relics_obtained":[{"floor":7,"key":"MealTicket"},{"floor":8,"key":"Frozen Egg 2"},{"floor":9,"key":"Potion Belt"},{"floor":13,"key":"Dead Branch"}],"event_choices":[{"damage_healed":0,"gold_gain":0,"player_choice":"Entered Light","damage_taken":23,"max_hp_gain":0,"max_hp_loss":0,"event_name":"Shining Light","floor":2,"gold_loss":0,"cards_upgraded":["Strike_R","Bash"]},{"cards_removed":["Defend_R"],"damage_healed":0,"gold_gain":0,"player_choice":"Card Removal","damage_taken":7,"max_hp_gain":0,"max_hp_loss":0,"event_name":"Golden Wing","floor":4,"gold_loss":0},{"damage_healed":0,"gold_gain":0,"player_choice":"Left Gold","damage_taken":0,"max_hp_gain":0,"max_hp_loss":0,"event_name":"World of Goop","floor":5,"gold_loss":24},{"damage_healed":0,"gold_gain":0,"player_choice":"Success","damage_taken":5,"relics_obtained":["Blood Vial"],"max_hp_gain":0,"max_hp_loss":0,"event_name":"Scrap Ooze","floor":14,"gold_loss":0}],"is_beta":false,"boss_relics":[],"items_purged_floors":[3],"is_endless":false,"potions_floor_spawned":[],"killed_by":"The Guardian","ascension_level":18}}