{"host":"Slaske","time":1613671083,"event":{"mods":["AchievementEnabler","BaseMod","Colored Map","Colored Powertips","Minty Spire (QoL Compilation)","Random Character Button","Relic Stats","slay the spire mod where everything is the same but ironclad has a cowboy hat"],"gold_per_floor":[113,123,123,198,218,218,257,257,257,257,170,170,147,161,161,286,286,309,309,309,330,12,76,76,125,173,173,216,216,257,312,312,436,436,491,491,4,29,79,123,123,177,177,177,137,181,194,243,243,243,243],"floor_reached":50,"language":"ENG","playtime":3252,"items_purged":[],"score":788,"play_id":"3c834305-ca0c-4804-afc3-020e15765c52","local_time":"20210218185803","is_ascension_mode":true,"campfire_choices":[{"data":"Ragnarok","floor":6,"key":"SMITH"},{"data":"Vault","floor":8,"key":"SMITH"},{"floor":10,"key":"REST"},{"data":"Eruption","floor":15,"key":"SMITH"},{"floor":24,"key":"RECALL"},{"data":"Wish","floor":27,"key":"SMITH"},{"floor":29,"key":"REST"},{"data":"SashWhip","floor":32,"key":"SMITH"},{"data":"Alpha","floor":44,"key":"SMITH"},{"data":"DevaForm","floor":49,"key":"SMITH"}],"circlet_count":0,"master_deck":["Strike_P+1","Strike_P","Strike_P","Strike_P","Defend_P","Defend_P","Defend_P","Eruption+1","Vigilance+1","FollowUp+1","Ragnarok+1","Vault+1","Finesse","Prostrate","FollowUp","Wish+1","FollowUp","Necronomicurse","WreathOfFlame","Prostrate+1","LessonLearned+1","Master of Strategy","Consecrate","EmptyBody","Shame","Wireheading","Swivel+1","SashWhip+1","DevaForm+1","Wallop","Protect+1","WindmillStrike+1","Alpha+1","Worship","Pain"],"relics":["PureWater","Golden Idol","Gremlin Horn","Strawberry","Meat on the Bone","Cursed Key","Necronomicon","Bag of Preparation","Whetstone","Bronze Scales","Snecko Eye","Vajra","Medical Kit","Toy Ornithopter","HornCleat"],"acts_visited":["Exordium","TheCity","TheBeyond"],"potions_floor_usage":[18,28,31,33,33,39,39,42,46,46,47,47,47,47,50,50],"damage_taken":[{"damage":0,"enemies":"Small Slimes","floor":1,"turns":2},{"damage":2,"enemies":"Jaw Worm","floor":2,"turns":3},{"damage":0,"enemies":"2 Louse","floor":5,"turns":2},{"damage":24,"enemies":"Gremlin Nob","floor":7,"turns":4},{"damage":0,"enemies":"2 Fungi Beasts","floor":14,"turns":1},{"damage":36,"enemies":"Hexaghost","floor":16,"turns":10},{"damage":15,"enemies":"3 Byrds","floor":18,"turns":5},{"damage":0,"enemies":"Spheric Guardian","floor":21,"turns":1},{"damage":0,"enemies":"Gremlin Leader","floor":23,"turns":4},{"damage":0,"enemies":"Centurion and Healer","floor":25,"turns":5},{"damage":40,"enemies":"Snake Plant","floor":28,"turns":4},{"damage":0,"enemies":"Slavers","floor":30,"turns":1},{"damage":1,"enemies":"Snecko","floor":31,"turns":3},{"damage":15,"enemies":"Automaton","floor":33,"turns":7},{"damage":1,"enemies":"Orb Walker","floor":35,"turns":4},{"damage":0,"enemies":"3 Shapes","floor":38,"turns":2},{"damage":9,"enemies":"Maw","floor":39,"turns":6},{"damage":0,"enemies":"Nemesis","floor":40,"turns":6},{"damage":16,"enemies":"Spire Growth","floor":42,"turns":5},{"damage":29,"enemies":"Reptomancer","floor":46,"turns":4},{"damage":6,"enemies":"Writhing Mass","floor":47,"turns":4},{"damage":20,"enemies":"Jaw Worm Horde","floor":48,"turns":3},{"damage":74,"enemies":"Awakened One","floor":50,"turns":6}],"seed_played":"-7598835831737927444","potions_obtained":[{"floor":14,"key":"SteroidPotion"},{"floor":18,"key":"Energy Potion"},{"floor":21,"key":"Energy Potion"},{"floor":28,"key":"Swift Potion"},{"floor":30,"key":"FearPotion"},{"floor":35,"key":"Fruit Juice"},{"floor":39,"key":"Energy Potion"},{"floor":45,"key":"Ambrosia"},{"floor":45,"key":"EntropicBrew"},{"floor":45,"key":"Regen Potion"},{"floor":46,"key":"BlessingOfTheForge"},{"floor":48,"key":"FearPotion"}],"is_trial":false,"path_per_floor":["M","M","?","?","M","R","E","R","T","R","$","?","$","M","R","B",null,"M","?","?","M","$","E","R","M","T","R","M","R","E","M","R","B",null,"M","?","$","M","M","E","?","M","T","R","?","E","M","M","R","B"],"character_chosen":"WATCHER","items_purchased":["Finesse","Prostrate","LessonLearned","Master of Strategy","Vajra","Wallop","Protect","Medical Kit","Ambrosia"],"campfire_rested":2,"item_purchase_floors":[11,13,22,22,37,37,37,37,37],"current_hp_per_floor":[72,70,52,41,41,41,17,17,24,47,47,44,44,44,44,20,79,64,48,48,48,48,48,48,48,48,48,20,43,43,42,42,39,79,78,78,78,78,74,74,74,63,63,63,63,56,70,50,50,0,0],"gold":243,"neow_bonus":"REMOVE_CARD","is_daily":false,"chose_seed":false,"campfire_upgraded":7,"win_rate":0.0,"timestamp":1613671083,"path_taken":["M","M","?","?","M","R","E","R","T","R","?","?","$","M","R","BOSS","M","?","?","M","$","E","R","M","T","R","M","R","E","M","R","BOSS","M","?","$","M","M","E","?","M","T","R","?","E","?","M","R","BOSS"],"items_purchased_type":["Card","Card","Card","Card","Relic","Card","Card","Relic","Potion"],"build_version":"2020-12-18","purchased_purges":0,"victory":false,"max_hp_per_floor":[72,72,72,72,72,72,72,72,79,79,79,79,79,79,79,79,79,79,79,79,79,79,79,79,79,79,79,79,79,79,79,79,79,79,79,79,79,79,84,84,84,84,84,84,84,84,84,84,84,84,84],"relic_stats":{"Gremlin Horn":[19,19],"counters":[23,92],"Golden Idol":147,"Bag of Preparation":[28],"Whetstone":["FollowUp","Strike_P"],"Cursed Key":2,"Medical Kit":[1],"Bronze Scales":[98],"Snecko Eye":[84,70,73,72],"Necronomicon":[39],"obtain_stats":[{"Gremlin Horn":7,"Golden Idol":3,"Vajra":37,"Bag of Preparation":23,"Whetstone":26,"Cursed Key":17,"Medical Kit":37,"HornCleat":46,"Strawberry":9,"Bronze Scales":30,"Snecko Eye":34,"Necronomicon":19,"PureWater":0,"Toy Ornithopter":40,"Meat on the Bone":12},{"Gremlin Horn":4,"Golden Idol":2,"Vajra":15,"Bag of Preparation":9,"Whetstone":10,"Cursed Key":6,"Medical Kit":15,"HornCleat":20,"Strawberry":4,"Bronze Scales":12,"Snecko Eye":14,"Necronomicon":7,"PureWater":0,"Toy Ornithopter":18,"Meat on the Bone":4},{"Gremlin Horn":11,"Golden Idol":5,"Vajra":56,"Bag of Preparation":32,"Whetstone":37,"Cursed Key":22,"Medical Kit":56,"HornCleat":79,"Strawberry":11,"Bronze Scales":42,"Snecko Eye":52,"Necronomicon":27,"PureWater":0,"Toy Ornithopter":70,"Meat on the Bone":11}],"Toy Ornithopter":45,"Meat on the Bone":36},"card_choices":[{"not_picked":["JustLucky","SashWhip"],"picked":"FollowUp","floor":1},{"not_picked":["PathToVictory","BowlingBash"],"picked":"Ragnarok","floor":2},{"not_picked":["Collect","MentalFortress","ThirdEye"],"picked":"SKIP","floor":5},{"not_picked":["Ragnarok","Collect"],"picked":"Vault","floor":7},{"not_picked":["Halt","Conclude"],"picked":"FollowUp","floor":14},{"not_picked":["Alpha","Omniscience"],"picked":"Wish","floor":16},{"not_picked":["CarveReality","JustLucky"],"picked":"FollowUp","floor":18},{"not_picked":["DeceiveReality","FollowUp+1"],"picked":"Prostrate","floor":21},{"not_picked":["SignatureMove","ClearTheMind+1"],"picked":"Consecrate","floor":23},{"not_picked":["Crescendo","Protect+1"],"picked":"EmptyBody","floor":25},{"not_picked":["Blasphemy","Vengeance"],"picked":"Wireheading","floor":28},{"not_picked":["Meditate","CutThroughFate"],"picked":"Swivel+1","floor":30},{"not_picked":["Sanctity","JustLucky+1"],"picked":"SashWhip","floor":31},{"not_picked":["Devotion","ConjureBlade"],"picked":"DevaForm","floor":33},{"not_picked":["JustLucky+1","WaveOfTheHand","FlyingSleeves+1"],"picked":"SKIP","floor":35},{"not_picked":["Protect","Consecrate"],"picked":"WindmillStrike+1","floor":38},{"not_picked":["CarveReality","CutThroughFate"],"picked":"CrushJoints+1","floor":39},{"not_picked":["PathToVictory","ThirdEye"],"picked":"Alpha","floor":40},{"not_picked":["EmptyMind","LikeWater"],"picked":"Worship","floor":42},{"not_picked":["Evaluate","PathToVictory+1","ClearTheMind+1"],"picked":"SKIP","floor":46},{"not_picked":["FollowUp","Vengeance+1","SignatureMove+1"],"picked":"SKIP","floor":47},{"not_picked":["BowlingBash","JustLucky+1","Evaluate+1"],"picked":"SKIP","floor":48}],"player_experience":526911,"relics_obtained":[{"floor":7,"key":"Gremlin Horn"},{"floor":9,"key":"Strawberry"},{"floor":19,"key":"Necronomicon"},{"floor":23,"key":"Bag of Preparation"},{"floor":26,"key":"Whetstone"},{"floor":30,"key":"Bronze Scales"},{"floor":40,"key":"Toy Ornithopter"},{"floor":46,"key":"HornCleat"}],"event_choices":[{"damage_healed":0,"gold_gain":0,"player_choice":"Take Damage","damage_taken":18,"relics_obtained":["Golden Idol"],"max_hp_gain":0,"max_hp_loss":0,"event_name":"Golden Idol","floor":3,"gold_loss":0},{"damage_healed":0,"gold_gain":75,"player_choice":"Gather Gold","damage_taken":11,"max_hp_gain":0,"max_hp_loss":0,"event_name":"World of Goop","floor":4,"gold_loss":0},{"damage_healed":0,"gold_gain":0,"player_choice":"Success","damage_taken":3,"relics_obtained":["Meat on the Bone"],"max_hp_gain":0,"max_hp_loss":0,"event_name":"Scrap Ooze","floor":12,"gold_loss":0},{"damage_healed":0,"gold_gain":0,"player_choice":"Obtained Book","damage_taken":16,"max_hp_gain":0,"max_hp_loss":0,"event_name":"Cursed Tome","floor":19,"gold_loss":0},{"damage_healed":0,"gold_gain":0,"player_choice":"Read","damage_taken":0,"max_hp_gain":0,"max_hp_loss":0,"event_name":"The Library","floor":20,"gold_loss":0,"cards_obtained":["WreathOfFlame"]},{"damage_healed":0,"gold_gain":0,"player_choice":"Ignored","damage_taken":0,"max_hp_gain":0,"max_hp_loss":0,"event_name":"Tomb of Lord Red Mask","floor":36,"gold_loss":0},{"cards_removed":["CrushJoints"],"damage_healed":0,"gold_gain":0,"player_choice":"Removed Attack","damage_taken":0,"max_hp_gain":0,"max_hp_loss":0,"event_name":"Falling","floor":41,"gold_loss":0},{"damage_healed":0,"gold_gain":0,"player_choice":"Bought 3 Potions","damage_taken":0,"max_hp_gain":0,"max_hp_loss":0,"event_name":"The Woman in Blue","floor":45,"gold_loss":0}],"is_beta":true,"boss_relics":[{"not_picked":["Fusion Hammer","Velvet Choker"],"picked":"Cursed Key"},{"not_picked":["Coffee Dripper","SacredBark"],"picked":"Snecko Eye"}],"items_purged_floors":[],"is_endless":false,"potions_floor_spawned":[14,18,21,28,30,35,39,46,48],"killed_by":"Awakened One","ascension_level":4}}