{"host":"xumidyqji6pg2yy3","time":1613643060,"event":{"mods":["ATMod(阿瑾Mod)","BaseMod","Colored Map","Minty Spire (QoL Compilation)","MostiFishMod","Quick Restart","StSLib","[功能]功能增强和修复MOD"],"gold_per_floor":[116,36,36,6,18,18,50,78,136,148,176,217,229,261,273,387,399,425,374,386,404,424,455,264,264,264,264,294,294,322,332,332,428,428,444,458,311,331,233,266,266,298,298,328,328,358,223,256,256,256,256,256,24,55,55],"floor_reached":56,"language":"ZHS","playtime":2251,"items_purged":["Dualcast","Zap","Strike_B","Defend_B","Strike_B","Strike_B+1","Strike_B+1","Defend_B","Defend_B","White Noise","Sweeping Beam","Sweeping Beam+1"],"score":2012,"play_id":"7c2e1e6a-2667-438e-8c51-c008c7fb2d16","local_time":"20210218181100","is_ascension_mode":true,"campfire_choices":[{"data":"Reprogram","floor":6.0,"key":"SMITH"},{"data":"Reprogram","floor":10.0,"key":"SMITH"},{"data":"Hologram","floor":15.0,"key":"SMITH"},{"data":"Machine Learning","floor":25.0,"key":"SMITH"},{"data":"Flash of Steel","floor":29.0,"key":"SMITH"},{"floor":32.0,"key":"RECALL"},{"data":"Double Energy","floor":41.0,"key":"SMITH"},{"data":"Finesse","floor":45.0,"key":"SMITH"},{"data":"AT_KingSlayer","floor":49.0,"key":"SMITH"},{"floor":52.0,"key":"REST"}],"circlet_count":0,"master_deck":["AT_KingSlayer+1","Reprogram+1","Reprogram+1","AT_DarkMatter+1","Hologram+1","Hologram+1","Machine Learning+1","Flash of Steel+1","MostiFishMod:PerfectForm+1","Finesse+1","Double Energy+1","Skim"],"relics":["AT_ATBox","DaveBox","GreenFoldingFan","BloodWine","SynthV:TestCard","Nunchaku","Whetstone","MawBank","AT_BladeRuinedKing","ChiXiaoBlade","Pen Nib","Chemical X","AT_RedNoBalance","ArrowTower","Ginger","Bag of Preparation","Calipers","AT_BellowingDragoncrestRing","AT_TrinityForce","Ice Cream","Technique","Vajra","Bag of Marbles","ClockworkSouvenir","SentryEyes","Lizard Tail","Regal Pillow","PreservedInsect","Happy Flower","Orichalcum","AT_SilvercatRing","BirthdayGift-Tetrahedron","Gambling Chip"],"acts_visited":["Exordium","TheCity","TheBeyond","TheEnding"],"potions_floor_usage":[],"damage_taken":[{"damage":6.0,"enemies":"Small Slimes","floor":1.0,"turns":3.0},{"damage":6.0,"enemies":"Cultist","floor":5.0,"turns":3.0},{"damage":15.0,"enemies":"Gremlin Nob","floor":7.0,"turns":3.0},{"damage":8.0,"enemies":"Jaw Worm","floor":8.0,"turns":2.0},{"damage":6.0,"enemies":"Exordium Thugs","floor":11.0,"turns":3.0},{"damage":13.0,"enemies":"Lagavulin","floor":12.0,"turns":4.0},{"damage":12.0,"enemies":"Lots of Slimes","floor":14.0,"turns":3.0},{"damage":27.0,"enemies":"The Guardian","floor":16.0,"turns":6.0},{"damage":4.0,"enemies":"Spheric Guardian","floor":18.0,"turns":2.0},{"damage":4.0,"enemies":"Shell Parasite","floor":20.0,"turns":2.0},{"damage":4.0,"enemies":"Centurion and Healer","floor":21.0,"turns":2.0},{"damage":4.0,"enemies":"3 Cultists","floor":22.0,"turns":2.0},{"damage":4.0,"enemies":"Book of Stabbing","floor":23.0,"turns":2.0},{"damage":4.0,"enemies":"Slavers","floor":28.0,"turns":2.0},{"damage":2.0,"enemies":"Gremlin Leader","floor":30.0,"turns":1.0},{"damage":2.0,"enemies":"Snake Plant","floor":31.0,"turns":1.0},{"damage":4.0,"enemies":"Collector","floor":33.0,"turns":2.0},{"damage":2.0,"enemies":"Orb Walker","floor":35.0,"turns":1.0},{"damage":2.0,"enemies":"3 Shapes","floor":36.0,"turns":1.0},{"damage":2.0,"enemies":"Transient","floor":38.0,"turns":1.0},{"damage":2.0,"enemies":"Nemesis","floor":40.0,"turns":1.0},{"damage":2.0,"enemies":"Giant Head","floor":42.0,"turns":1.0},{"damage":2.0,"enemies":"Reptomancer","floor":44.0,"turns":1.0},{"damage":2.0,"enemies":"Giant Head","floor":46.0,"turns":1.0},{"damage":2.0,"enemies":"Reptomancer","floor":48.0,"turns":1.0},{"damage":2.0,"enemies":"Donu and Deca","floor":50.0,"turns":1.0},{"damage":2,"enemies":"Shield and Spear","floor":54,"turns":1},{"damage":8,"enemies":"The Heart","floor":55,"turns":3}],"seed_played":"2981315777773825219","potions_obtained":[{"floor":1.0,"key":"LiquidMemories"},{"floor":7.0,"key":"DuplicationPotion"},{"floor":8.0,"key":"EntropicBrew"},{"floor":31.0,"key":"Fruit Juice"},{"floor":36.0,"key":"DuplicationPotion"}],"is_trial":false,"path_per_floor":["M","$","?","$","M","R","E","M","T","R","M","E","$","M","R","B",null,"M","$","M","M","M","E","$","R","T","?","E","R","E","M","R","B",null,"M","M","$","M","$","E","R","E","T","E","R","E","?","E","R","B",null,"R","$","E","B",null],"character_chosen":"DEFECT","items_purchased":["Nunchaku","Whetstone","Reprogram","LiquidMemories","Pen Nib","Chemical X","ArrowTower","Machine Learning","Ginger","Flash of Steel","MostiFishMod:PerfectForm","Ice Cream","Technique","Finesse","Vajra","Bag of Marbles","ClockworkSouvenir","BirthdayGift-Tetrahedron"],"campfire_rested":1,"item_purchase_floors":[2,2,4,4,19,19,24,24,24,24,37,37,37,37,39,39,39,53],"current_hp_per_floor":[75,75,75,75,75,75,70,72,72,72,75,72,72,70,70,58,75,75,75,75,75,75,75,75,75,75,75,43,43,45,50,50,56,80,80,80,80,80,80,80,80,80,80,80,80,80,80,80,80,80,80,80,80,80,80],"gold":55,"neow_bonus":"BOSS_RELIC","is_daily":false,"chose_seed":false,"campfire_upgraded":8,"win_rate":0.0,"timestamp":1613643060,"path_taken":["M","$","?","?","M","R","E","M","T","R","M","E","?","M","R","BOSS","M","$","M","M","M","E","$","R","T","?","E","R","E","M","R","BOSS","M","M","$","?","$","E","R","E","T","E","R","E","?","E","R","BOSS","R","$","E","BOSS"],"items_purchased_type":["Relic","Relic","Card","Potion","Relic","Relic","Relic","Card","Relic","Card","Card","Relic","Relic","Card","Relic","Relic","Relic","Relic"],"build_version":"2020-12-22","purchased_purges":12,"victory":true,"max_hp_per_floor":[75,75,75,75,75,75,75,75,75,75,75,75,75,75,75,75,75,75,75,75,75,75,75,75,75,75,75,75,75,75,80,80,80,80,80,80,80,80,80,80,80,80,80,80,80,80,80,80,80,80,80,80,80,80,80],"card_choices":[{"not_picked":["Lockon","Steam","Gash"],"picked":"SKIP","floor":1.0},{"not_picked":["Compile Driver","Heatsinks","Rebound","Conserve Battery","Static Discharge"],"picked":"SKIP","floor":5.0},{"not_picked":["MostiFishMod:ReprogramOld","Darkness","Redo","Tempest"],"picked":"Reprogram","floor":7.0},{"not_picked":["Ball Lightning","AT_HeatAcrobatics","Doom and Gloom","Go for the Eyes"],"picked":"AT_DarkMatter","floor":8.0},{"not_picked":["FTL","MostiFishMod:PushDownKick","AT_RobotInSpace","Reprogram","Coolheaded"],"picked":"SKIP","floor":11.0},{"not_picked":["MostiFishMod:StrandedSiren","Barrage","Scrape","Static Discharge"],"picked":"Hologram","floor":12.0},{"not_picked":["MostiFishMod:PushDownKick","Steam","Streamline","Turbo"],"picked":"Sweeping Beam","floor":14.0},{"not_picked":["Beam Cell","Double Energy","MostiFishMod:PushDownKick","Go for the Eyes+1","Gash+1"],"picked":"SKIP","floor":18.0},{"not_picked":["Compile Driver","Static Discharge+1","MostiFishMod:StarOceanB","Barrage"],"picked":"Sweeping Beam","floor":20.0},{"not_picked":["Turbo","Barrage","Blizzard","FTL"],"picked":"Hologram+1","floor":21.0},{"not_picked":["Barrage","Compile Driver","Fusion","Hologram","Steam"],"picked":"SKIP","floor":22.0},{"not_picked":["Glacier","Leap","Ball Lightning","Streamline","Force Field"],"picked":"SKIP","floor":23.0},{"not_picked":["MostiFishMod:GatherIntelligence","Coolheaded+1","MostiFishMod:StrandedSiren","Reinforced Body"],"picked":"White Noise","floor":28.0},{"not_picked":["Chaos","Cold Snap","MostiFishMod:LinkProtocol","Capacitor+1","White Noise"],"picked":"SKIP","floor":30.0},{"not_picked":["Leap","AT_ThunderBolt","Sunder","Go for the Eyes","Compile Driver+1"],"picked":"SKIP","floor":31.0},{"not_picked":["Defragment","Barrage+1","Conserve Battery+1","Static Discharge+1","Leap"],"picked":"SKIP","floor":35.0},{"not_picked":["Coolheaded","Redo+1","Beam Cell","Ball Lightning+1","Turbo"],"picked":"SKIP","floor":36.0},{"not_picked":["Redo","Chaos","FTL","MostiFishMod:ActiveDefenseSystem","Hologram+1"],"picked":"SKIP","floor":38.0},{"not_picked":["Thunder Strike","Go for the Eyes","Conserve Battery","Force Field"],"picked":"Double Energy","floor":40.0},{"not_picked":["Leap+1","Hologram+1","Barrage","Aggregate","Recycle+1"],"picked":"SKIP","floor":42.0},{"not_picked":["Undo","Compile Driver+1","Gash","Storm+1","White Noise+1"],"picked":"SKIP","floor":44.0},{"not_picked":["Blizzard+1","Stack+1","Leap+1","Streamline+1","MostiFishMod:DeathFromBelow"],"picked":"SKIP","floor":46.0},{"not_picked":["Electrodynamics","MostiFishMod:FluxCapactior+1","Glacier+1","MostiFishMod:ReprogramOld+1","Coolheaded+1"],"picked":"SKIP","floor":48.0},{"not_picked":["Conserve Battery+1","MostiFishMod:PushDownKick+1","MostiFishMod:ATRI","AT_HeatAcrobatics+1"],"picked":"Skim","floor":54}],"player_experience":70315,"relics_obtained":[{"floor":1.0,"key":"SynthV:TestCard"},{"floor":7.0,"key":"MawBank"},{"floor":12.0,"key":"AT_BladeRuinedKing"},{"floor":23.0,"key":"AT_SilverBalance"},{"floor":26.0,"key":"Bag of Preparation"},{"floor":28.0,"key":"Calipers"},{"floor":30.0,"key":"AT_BellowingDragoncrestRing"},{"floor":40.0,"key":"SentryEyes"},{"floor":42.0,"key":"Lizard Tail"},{"floor":43.0,"key":"Regal Pillow"},{"floor":44.0,"key":"PreservedInsect"},{"floor":46.0,"key":"Happy Flower"},{"floor":48.0,"key":"AT_SilvercatRing"},{"floor":54,"key":"Gambling Chip"}],"event_choices":[{"cards_removed":["Defend_B"],"damage_healed":0.0,"max_hp_gain":0.0,"max_hp_loss":0.0,"gold_gain":0.0,"event_name":"Bonfire Elementals","player_choice":"Offered Basic","floor":3.0,"gold_loss":0.0,"damage_taken":0.0},{"damage_healed":0.0,"max_hp_gain":0.0,"max_hp_loss":0.0,"gold_gain":0.0,"event_name":"Accursed Blacksmith","player_choice":"Forge","floor":27.0,"gold_loss":0.0,"damage_taken":0.0,"cards_upgraded":["Sweeping Beam"]},{"damage_healed":0.0,"max_hp_gain":0.0,"max_hp_loss":0.0,"gold_gain":0.0,"event_name":"WeMeetAgain","player_choice":"Paid Gold","floor":47.0,"gold_loss":135.0,"damage_taken":0.0,"relics_obtained":["Orichalcum"]}],"is_beta":false,"boss_relics":[{"not_picked":["Runic Dome","HereWithMe"],"picked":"ChiXiaoBlade"},{"not_picked":["Black Star","Fusion Hammer"],"picked":"AT_TrinityForce"}],"items_purged_floors":[2,2,2,2,19,24,24,24,24,37,39,39],"is_endless":false,"potions_floor_spawned":[1,7,7,8,11,12,20,21,22,23,28,31,36,36,44,46,46,46],"ascension_level":2}}