{"host":"pke0xxyzw0teju56","time":1613672427,"event":{"mods":["BaseMod","Bestiary","Colored Powertips","Highlight Path","Minty Spire (QoL Compilation)","StSLib"],"gold_per_floor":[113,127,127,127,1,1,1,1,77,77,107,257,287,305,305,377,377,388,303,278,278,297,297,328,328,382,400,325,343,74,106,106,179,179,197,214,214,214,89,89,123,140,164,18,18,18,18],"floor_reached":46,"language":"ENG","playtime":2223,"items_purged":["Strike_B","Strike_B","Strike_B"],"score":1034,"play_id":"285955f3-312f-475e-a011-eef0f212e15d","local_time":"20210218132027","is_ascension_mode":true,"campfire_choices":[{"data":"Sunder","floor":6,"key":"SMITH"},{"data":"Doom and Gloom","floor":8,"key":"SMITH"},{"data":"Zap","floor":10,"key":"SMITH"},{"data":"Storm","floor":15,"key":"SMITH"},{"floor":23,"key":"REST"},{"floor":25,"key":"REST"},{"floor":32,"key":"REST"},{"floor":40,"key":"REST"},{"floor":45,"key":"RECALL"}],"circlet_count":0,"master_deck":["AscendersBane","Strike_B","Defend_B","Defend_B","Defend_B","Zap+1","Dualcast","Conserve Battery","Self Repair","Doom and Gloom+1","Sunder+1","Amplify","Doubt","Storm+1","Chill","Electrodynamics","Coolheaded+1","Cold Snap","Turbo","Consume+1","BootSequence+1","Defragment","Echo Form","Hologram","Enlightenment","Discovery","Hologram"],"relics":["Cracked Core","NeowsBlessing","Blue Candle","Bottled Lightning","DataDisk","Unceasing Top","Fusion Hammer","PreservedInsect","Calipers","War Paint","Ice Cream","Snecko Eye","Symbiotic Virus","Toy Ornithopter"],"acts_visited":["Exordium","TheCity","TheBeyond"],"potions_floor_usage":[18,29,35,41,42,46],"damage_taken":[{"damage":0,"enemies":"Cultist","floor":1,"turns":1},{"damage":0,"enemies":"Small Slimes","floor":2,"turns":1},{"damage":0,"enemies":"Lagavulin","floor":11,"turns":1},{"damage":11,"enemies":"Gremlin Nob","floor":13,"turns":3},{"damage":1,"enemies":"Jaw Worm","floor":14,"turns":3},{"damage":30,"enemies":"Slime Boss","floor":16,"turns":9},{"damage":11,"enemies":"3 Byrds","floor":18,"turns":3},{"damage":30,"enemies":"2 Thieves","floor":20,"turns":4},{"damage":5,"enemies":"Centurion and Healer","floor":22,"turns":6},{"damage":19,"enemies":"Book of Stabbing","floor":24,"turns":4},{"damage":20,"enemies":"Cultist and Chosen","floor":27,"turns":4},{"damage":2,"enemies":"Snake Plant","floor":29,"turns":2},{"damage":6,"enemies":"Slavers","floor":31,"turns":2},{"damage":56,"enemies":"Collector","floor":33,"turns":9},{"damage":2,"enemies":"3 Shapes","floor":35,"turns":2},{"damage":19,"enemies":"Orb Walker","floor":36,"turns":3},{"damage":8,"enemies":"Nemesis","floor":41,"turns":7},{"damage":5,"enemies":"Writhing Mass","floor":42,"turns":4},{"damage":80,"enemies":"Giant Head","floor":46,"turns":8}],"seed_played":"-5637245595061137067","potions_obtained":[{"floor":2,"key":"BlessingOfTheForge"},{"floor":13,"key":"LiquidBronze"},{"floor":24,"key":"Strength Potion"},{"floor":27,"key":"Energy Potion"},{"floor":33,"key":"Block Potion"},{"floor":35,"key":"BlessingOfTheForge"},{"floor":36,"key":"Fire Potion"},{"floor":42,"key":"AttackPotion"}],"is_trial":false,"path_per_floor":["M","M","?","T","$","R","$","R","T","R","E","?","E","M","R","B",null,"M","?","M","?","M","R","E","R","T","M","$","M","$","E","R","B",null,"M","M","?","?","$","R","E","M","T","$","R","E"],"character_chosen":"DEFECT","items_purchased":["Doom and Gloom","Sunder","War Paint","Discovery","Hologram"],"campfire_rested":4,"item_purchase_floors":[5,5,30,44,44],"current_hp_per_floor":[64,64,57,57,57,57,57,57,57,57,64,64,53,59,59,36,62,58,58,42,42,44,65,53,71,71,51,51,56,56,50,71,22,59,71,52,47,47,47,68,67,69,69,69,69,0,0],"gold":18,"neow_bonus":"THREE_ENEMY_KILL","is_daily":false,"chose_seed":false,"campfire_upgraded":4,"win_rate":0.0,"timestamp":1613672427,"path_taken":["M","?","?","?","?","R","$","R","T","R","E","?","E","M","R","BOSS","M","?","M","?","M","R","E","R","T","M","$","M","$","E","R","BOSS","M","M","?","?","$","R","E","M","T","?","R","E"],"items_purchased_type":["Card","Card","Relic","Card","Card"],"build_version":"2020-12-22","purchased_purges":3,"victory":false,"max_hp_per_floor":[71,71,71,71,71,71,71,71,71,71,71,71,71,71,71,71,71,71,71,71,71,71,71,71,71,71,71,71,71,71,71,71,71,71,71,71,71,71,71,71,71,71,71,71,71,71,71],"card_choices":[{"not_picked":["Gash","Coolheaded"],"picked":"Conserve Battery","floor":1},{"not_picked":["Beam Cell","Turbo"],"picked":"Self Repair","floor":2},{"not_picked":["Auto Shields","Redo"],"picked":"Amplify","floor":11},{"not_picked":["Heatsinks","Leap"],"picked":"Storm","floor":13},{"not_picked":["Gash","Steam"],"picked":"Chill","floor":14},{"not_picked":["Hyperbeam","Creative AI"],"picked":"Electrodynamics","floor":16},{"not_picked":["FTL","Steam"],"picked":"Coolheaded","floor":18},{"not_picked":["Leap","Reprogram+1"],"picked":"Cold Snap","floor":20},{"not_picked":["Sweeping Beam","Tempest"],"picked":"Turbo","floor":22},{"not_picked":["BootSequence","Cold Snap"],"picked":"Consume","floor":24},{"not_picked":["Redo","Electrodynamics"],"picked":"BootSequence+1","floor":27},{"not_picked":["Coolheaded+1","Rebound"],"picked":"Defragment","floor":29},{"not_picked":["Hello World","BootSequence","Stack"],"picked":"SKIP","floor":31},{"not_picked":["Reboot","Electrodynamics"],"picked":"Echo Form","floor":33},{"not_picked":["Heatsinks","Sweeping Beam","Turbo"],"picked":"SKIP","floor":35},{"not_picked":["Conserve Battery","Hello World"],"picked":"Hologram","floor":36},{"not_picked":["HandOfGreed","Impatience"],"picked":"Enlightenment","floor":37},{"not_picked":["Sweeping Beam","Leap","Hello World"],"picked":"SKIP","floor":41},{"not_picked":["Chill","Rebound+1","Sweeping Beam"],"picked":"SKIP","floor":42}],"player_experience":5357933,"relics_obtained":[{"floor":4,"key":"Blue Candle"},{"floor":9,"key":"Bottled Lightning"},{"floor":11,"key":"DataDisk"},{"floor":13,"key":"Unceasing Top"},{"floor":24,"key":"Calipers"},{"floor":31,"key":"Ice Cream"},{"floor":41,"key":"Symbiotic Virus"},{"floor":43,"key":"Toy Ornithopter"}],"event_choices":[{"cards_removed":["Defend_B"],"damage_healed":0,"gold_gain":0,"player_choice":"Card Removal","damage_taken":7,"max_hp_gain":0,"max_hp_loss":0,"event_name":"Golden Wing","floor":3,"gold_loss":0},{"damage_healed":0,"gold_gain":150,"player_choice":"AGREE","damage_taken":0,"max_hp_gain":0,"max_hp_loss":0,"event_name":"Liars Game","floor":12,"gold_loss":0,"cards_obtained":["Doubt"]},{"damage_healed":0,"gold_gain":0,"player_choice":"Obtained Relic","damage_taken":0,"relics_obtained":["PreservedInsect"],"max_hp_gain":0,"max_hp_loss":0,"event_name":"Addict","floor":19,"gold_loss":85},{"damage_healed":0,"gold_gain":0,"player_choice":"Ignored","damage_taken":0,"max_hp_gain":0,"max_hp_loss":0,"event_name":"Ghosts","floor":21,"gold_loss":0},{"damage_healed":0,"gold_gain":0,"player_choice":"Memory 2","damage_taken":5,"max_hp_gain":0,"max_hp_loss":0,"event_name":"SensoryStone","floor":37,"gold_loss":0},{"damage_healed":0,"gold_gain":0,"player_choice":"Ignored","damage_taken":0,"max_hp_gain":0,"max_hp_loss":0,"event_name":"Tomb of Lord Red Mask","floor":38,"gold_loss":0}],"is_beta":false,"boss_relics":[{"not_picked":["Astrolabe","Inserter"],"picked":"Fusion Hammer"},{"not_picked":["FrozenCore","Cursed Key"],"picked":"Snecko Eye"}],"items_purged_floors":[28,30,39],"is_endless":false,"potions_floor_spawned":[2,13,24,27,33,35,36,42],"killed_by":"Giant Head","ascension_level":20}}