{"host":"6aycdg1azw3gf4o9","time":1613652526,"event":{"mods":["Act Like it!","Arknights","BaseMod","CapriCore","Friendly Minions","Koishi","Marisa£®ÏF”Í°°ƒß¿Ì…≥£©","Minty Spire (QoL Compilation)","READ ME - Guardian Mod","Remilia£®¿Ÿ√◊¿Ú—«£©","StSLib"],"gold_per_floor":[119,133,150,162,49,79,79,111,181,221,241,15,15,44,44,167,167,185,35,0,10,23,23,57,57,57,57,108,108,138,157,157,276,276,302,314,70,104,114,114,114,40,40,40,40,40,40,40,40],"floor_reached":48,"language":"ZHS","playtime":2130,"items_purged":["Strike_RM"],"score":742,"play_id":"830b484e-a946-495d-9def-8aedb2275a12","local_time":"20210218204846","is_ascension_mode":true,"campfire_choices":[{"data":"HunterOfTheNight","floor":7.0,"key":"SMITH"},{"data":"EternalNight","floor":13.0,"key":"SMITH"},{"data":"RedMoon","floor":15.0,"key":"SMITH"},{"data":"MastersStateliness","floor":23.0,"key":"SMITH"},{"data":"TwelveNightmare","floor":25.0,"key":"SMITH"},{"floor":29.0,"key":"REST"},{"data":"GlobalNightmare","floor":32.0,"key":"SMITH"},{"floor":40.0,"key":"REST"},{"data":"BloodRain","floor":41.0,"key":"SMITH"},{"data":"HeartBreak","floor":46,"key":"SMITH"}],"circlet_count":0,"master_deck":["Strike_RM","Strike_RM","Strike_RM","Defend_RM","Defend_RM","Defend_RM","Defend_RM","RedMoon+1","ScarletShoot+1","EternalNight+1","BlasphemousPunishment","ScarletImprint","DiffusionOfMisfortune","HunterOfTheNight+1","FavorOfDestiny","VampirishNight","StarOfDavid","BombardNight","MastersStateliness+1","NightDance","Ultimatum","BloodySeventeenLaser","DiffusionOfMisfortune+1","HeartBreak+1","TwelveNightmare+1","BloodAndWine","FitfulNightmare","GlobalNightmare+1","BloodRain+1","CurseOfTheBell","BadLadyScramble+1","UnstableMagic","HunterOfTheNight+1","ScarletSymphony+1","QueenOfMidnight","RedMoon"],"relics":["ScarletHat","Bottled Flame","Ginger","InkBottle","Blood Vial","ScarletEmblem","Juzu Bracelet","Oddly Smooth Stone","WingedGreaves","White Beast Statue","Calling Bell","MawBank","Blue Candle","Incense Burner","Vajra","Gremlin Horn"],"acts_visited":["Exordium","TheCity","TheBeyond"],"potions_floor_usage":[48,48],"damage_taken":[{"damage":0.0,"enemies":"Cultist","floor":1.0,"turns":3.0},{"damage":0.0,"enemies":"Small Slimes","floor":2.0,"turns":3.0},{"damage":1.0,"enemies":"Jaw Worm","floor":3.0,"turns":4.0},{"damage":3.0,"enemies":"Blue Slaver","floor":4.0,"turns":4.0},{"damage":11.0,"enemies":"Lagavulin","floor":6.0,"turns":3.0},{"damage":10.0,"enemies":"Gremlin Nob","floor":8.0,"turns":2.0},{"damage":2.0,"enemies":"2 Fungi Beasts","floor":10.0,"turns":4.0},{"damage":10.0,"enemies":"Large Slime","floor":11.0,"turns":2.0},{"damage":7.0,"enemies":"3 Sentries","floor":14.0,"turns":2.0},{"damage":16.0,"enemies":"Hexaghost","floor":16.0,"turns":5.0},{"damage":11.0,"enemies":"Spheric Guardian","floor":18.0,"turns":3.0},{"damage":10.0,"enemies":"Chosen","floor":21.0,"turns":3.0},{"damage":19.0,"enemies":"Snake Plant","floor":22.0,"turns":3.0},{"damage":20.0,"enemies":"Book of Stabbing","floor":24.0,"turns":4.0},{"damage":38.0,"enemies":"Gremlin Leader","floor":28.0,"turns":4.0},{"damage":12.0,"enemies":"Slavers","floor":30.0,"turns":3.0},{"damage":10.0,"enemies":"Centurion and Healer","floor":31.0,"turns":4.0},{"damage":2.0,"enemies":"Collector","floor":33.0,"turns":5.0},{"damage":80.0,"enemies":"3 Shapes","floor":35.0,"turns":3.0},{"damage":8.0,"enemies":"3 Darklings","floor":38.0,"turns":5.0},{"damage":16.0,"enemies":"Transient","floor":39.0,"turns":5.0},{"damage":46,"enemies":"Spire Growth","floor":48,"turns":3}],"seed_played":"-5735908515933515257","potions_obtained":[{"floor":1.0,"key":"ColorlessPotion"},{"floor":2.0,"key":"DuplicationPotion"},{"floor":6.0,"key":"Fire Potion"},{"floor":8.0,"key":"Weak Potion"},{"floor":14.0,"key":"SteroidPotion"},{"floor":14.0,"key":"DuplicationPotion"},{"floor":16.0,"key":"Dexterity Potion"},{"floor":24.0,"key":"LiquidBronze"},{"floor":31.0,"key":"Strength Potion"},{"floor":31.0,"key":"ColorlessPotion"},{"floor":33.0,"key":"SpeedPotion"},{"floor":35.0,"key":"GamblersBrew"},{"floor":38.0,"key":"Swift Potion"},{"floor":39.0,"key":"ColorlessPotion"}],"is_trial":false,"path_per_floor":["M","M","M","M","$","E","R","E","T","M","M","$","R","E","R","B",null,"M","$","?","M","M","R","E","R","T","?","E","R","E","M","R","B",null,"M","?","$","M","M","R","R","$","T","?","?","R","$","M"],"character_chosen":"REMILIA","items_purchased":["DiffusionOfMisfortune","HunterOfTheNight","MastersStateliness","NightDance","Ultimatum","HeartBreak","Vajra","FearPotion","UnstableMagic","DistilledChaos"],"campfire_rested":2,"item_purchase_floors":[5,5,12,12,12,19,37,37,37,42],"current_hp_per_floor":[68,68,67,65,65,54,54,46,46,49,42,42,42,45,45,51,69,60,60,60,59,45,45,36,36,36,36,13,35,40,46,46,71,74,4,4,4,11,13,35,35,35,35,35,35,35,35,0,0],"gold":40,"neow_bonus":"UPGRADE_CARD","is_daily":false,"chose_seed":false,"campfire_upgraded":8,"win_rate":0.0,"timestamp":1613652526,"path_taken":["M","M","M","?","$","E","R","E","T","?","M","?","R","E","R","BOSS","M","$","?","M","M","R","E","R","T","?","E","R","E","M","R","BOSS","M","?","$","M","M","R","R","$","T","?","?","R","?","M"],"items_purchased_type":["Card","Card","Card","Card","Card","Card","Relic","Potion","Card","Potion"],"build_version":"2020-12-22","purchased_purges":1,"victory":false,"max_hp_per_floor":[75,75,75,75,75,75,75,75,75,75,75,75,75,75,75,75,75,75,75,75,75,75,75,75,75,75,75,75,75,75,75,75,75,75,75,75,75,75,75,75,75,75,75,75,75,75,75,75,75],"card_choices":[{"not_picked":["ScarletDevilSign","BloodyMagicSquare","RedNightlessCastle"],"picked":"SKIP","floor":1.0},{"not_picked":["BombardNight","BloodyMagicSquare"],"picked":"EternalNight","floor":2.0},{"not_picked":["Stigmanizer","StarOfDavid"],"picked":"BlasphemousPunishment","floor":3.0},{"not_picked":["BloodHunter","UnderTheZenith"],"picked":"ScarletImprint","floor":4.0},{"not_picked":["UnstableMagic","BloodHunter"],"picked":"FavorOfDestiny","floor":6.0},{"not_picked":["BloodRain","DiffusionOfMisfortune"],"picked":"VampirishNight","floor":8.0},{"not_picked":["NightDance","TwelveNightmare"],"picked":"StarOfDavid","floor":10.0},{"not_picked":["CharismaGuard","VampireKiss"],"picked":"BombardNight","floor":11.0},{"not_picked":["VampireClaw","HunterOfTheNight","RedRainbow"],"picked":"SKIP","floor":14.0},{"not_picked":["ChaoticDestiny","EquivalentExchange"],"picked":"BloodySeventeenLaser","floor":16.0},{"not_picked":["EndlessAdversity","BombardNight"],"picked":"DiffusionOfMisfortune+1","floor":18.0},{"not_picked":["ScarletDevil","ScarletDevilSign"],"picked":"TwelveNightmare","floor":21.0},{"not_picked":["Stigmanizer","Septette","ScarletDream"],"picked":"SKIP","floor":22.0},{"not_picked":["BloodyHallows","BloodyMagicSquare"],"picked":"BloodAndWine","floor":24.0},{"not_picked":["ScarletDevil+1","CharismaGuard","RedRainbow"],"picked":"SKIP","floor":24.0},{"not_picked":["RedRainbow","NightDance"],"picked":"FitfulNightmare","floor":28.0},{"not_picked":["Stigmanizer","ForbiddenFruit","RedNightlessCastle"],"picked":"SKIP","floor":30.0},{"not_picked":["ChainGang","CharismaGuard"],"picked":"GlobalNightmare","floor":31.0},{"not_picked":["ScarletDevilSign+1","Stigmanizer","ChainGang"],"picked":"SKIP","floor":31.0},{"not_picked":["BloodyCatastrophe","HellCatastrophe"],"picked":"BloodRain","floor":33.0},{"not_picked":["VampireKiss","UltimateOffering"],"picked":"BadLadyScramble+1","floor":35.0},{"not_picked":["AfternoonTea+1","NightDance"],"picked":"HunterOfTheNight+1","floor":38.0},{"not_picked":["UnderTheZenith+1","ScarletImprint+1"],"picked":"ScarletSymphony+1","floor":39.0}],"player_experience":530017,"relics_obtained":[{"floor":6.0,"key":"Bottled Flame"},{"floor":8.0,"key":"Ginger"},{"floor":9.0,"key":"InkBottle"},{"floor":14.0,"key":"Blood Vial"},{"floor":24.0,"key":"Juzu Bracelet"},{"floor":26.0,"key":"Oddly Smooth Stone"},{"floor":28.0,"key":"WingedGreaves"},{"floor":30.0,"key":"White Beast Statue"},{"floor":34.0,"key":"MawBank"},{"floor":34.0,"key":"Blue Candle"},{"floor":34.0,"key":"Incense Burner"},{"floor":43.0,"key":"Gremlin Horn"}],"event_choices":[{"damage_healed":0.0,"max_hp_gain":0.0,"max_hp_loss":0.0,"gold_gain":0.0,"event_name":"Masked Bandits","player_choice":"Paid Fearfully","floor":20.0,"gold_loss":35.0,"damage_taken":0.0},{"damage_healed":0.0,"max_hp_gain":0.0,"max_hp_loss":0.0,"gold_gain":0.0,"event_name":"Ghosts","player_choice":"Ignored","floor":27.0,"gold_loss":0.0,"damage_taken":0.0},{"damage_healed":0.0,"max_hp_gain":0.0,"max_hp_loss":0.0,"gold_gain":0.0,"event_name":"Tomb of Lord Red Mask","player_choice":"Ignored","floor":36.0,"gold_loss":0.0,"damage_taken":0.0},{"damage_healed":0.0,"max_hp_gain":0.0,"max_hp_loss":0.0,"gold_gain":0.0,"event_name":"NoteForYourself","player_choice":"Ignored","floor":44.0,"gold_loss":0.0,"damage_taken":0.0},{"damage_healed":0,"gold_gain":0,"player_choice":"2 cards matched","damage_taken":0,"max_hp_gain":0,"max_hp_loss":0,"event_name":"Match and Keep!","floor":45,"gold_loss":0,"cards_obtained":["QueenOfMidnight","RedMoon"]}],"is_beta":false,"boss_relics":[{"not_picked":["Cursed Key","Tiny House"],"picked":"ScarletEmblem"},{"not_picked":["SacredBark","Empty Cage"],"picked":"Calling Bell"}],"items_purged_floors":[12],"is_endless":false,"potions_floor_spawned":[1,2,6,14,16,24,31,33,35,38,39],"killed_by":"Spire Growth","ascension_level":7}}