{"host":"b5jaqh8y266k2cz4","time":1613687213,"event":{"mods":["AchievementEnabler","Aspiration","BaseMod","Colored Powertips","Conspire","Dio Mod","Downfall","Googly Eyes","Hermit","Highlight Path","Hubris","Infinite Spire","MarisaÅiñ∂âJÅ@ñÇóùçπÅj","Mimic Mod","Minty Spire (QoL Compilation)","Quick Restart","Replay The Spire","Spikes Relics","StSLib","Synergy Search","Td1madao Mod","The Animator","The Cursed","The Jungle","The Necromancer","The Servant 0.9.4","The Wild Card","slay the spire mod where everything is the same but ironclad has a cowboy hat"],"gold_per_floor":[111,111,111,111,127,155,155,80,107,126,126,126,160,60,60,165,165,177,177,190,200,200,200,200,200],"floor_reached":24,"language":"ENG","playtime":670,"items_purged":["Defend_C","Strike_C"],"score":250,"play_id":"fe8aa091-889a-4ab4-bac0-36aa429576db","local_time":"20210218172653","is_ascension_mode":true,"campfire_choices":[{"data":"Light Attack","floor":7.0,"key":"SMITH"},{"data":"Judgment","floor":11.0,"key":"SMITH"},{"data":"Knight Kick","floor":15.0,"key":"PURGE"},{"floor":23.0,"key":"REST"}],"circlet_count":0,"master_deck":["Strike_C","Strike_C","Strike_C","Defend_C","Defend_C","Defend_C","Chip+1","Judgment+1","Light Attack+1","Provocative","Lunge+1","Lunge"],"relics":["Apod","NeowsBlessing","Unceasing Top","MealTicket","hubris:Icosahedron","Pet Ghost"],"acts_visited":["Exordium","theJungle:Jungle"],"potions_floor_usage":[],"damage_taken":[{"damage":0.0,"enemies":"Small Slimes","floor":1.0,"turns":1.0},{"damage":0.0,"enemies":"2 Louse","floor":5.0,"turns":1.0},{"damage":0.0,"enemies":"Gremlin Nob","floor":6.0,"turns":1.0},{"damage":0.0,"enemies":"Cultist","floor":10.0,"turns":3.0},{"damage":17.0,"enemies":"3 Sentries","floor":13.0,"turns":3.0},{"damage":23.0,"enemies":"Slime Boss","floor":16.0,"turns":5.0},{"damage":8.0,"enemies":"theJungle:GiantWrat","floor":18.0,"turns":4.0},{"damage":29.0,"enemies":"Shell Parasite","floor":20.0,"turns":4.0},{"damage":17.0,"enemies":"theJungle:JungleHuntersEncounter","floor":21.0,"turns":4.0},{"damage":0,"enemies":"theJungle:Cassacara","floor":24,"turns":1}],"seed_played":"1486418448210731187","potions_obtained":[{"floor":6.0,"key":"Slimebound:ThreeZeroPotion"},{"floor":10.0,"key":"FearPotion"},{"floor":13.0,"key":"Languid Potion"},{"floor":20.0,"key":"Explosive Potion"}],"is_trial":false,"path_per_floor":["M","?","?","$","M","E","R","$","T","M","R","?","E","$","R","B",null,"M","?","M","M","?","R","E"],"character_chosen":"TD1MADAO_CLASS","items_purchased":[],"campfire_rested":1,"item_purchase_floors":[],"current_hp_per_floor":[70,70,70,70,70,70,70,70,70,70,70,70,53,68,68,45,70,62,62,33,16,16,37,37,37],"gold":200,"neow_bonus":"THREE_ENEMY_KILL","is_daily":false,"chose_seed":false,"campfire_upgraded":2,"win_rate":0.0,"timestamp":1613687213,"path_taken":["M","?","?","$","M","E","R","$","T","?","R","?","E","$","R","BOSS","M","?","M","M","?","R","E"],"items_purchased_type":[],"build_version":"2020-12-22","purchased_purges":2,"victory":false,"max_hp_per_floor":[70,70,70,70,70,70,70,70,70,70,70,70,70,70,70,70,70,70,70,70,70,70,70,70,70],"card_choices":[{"not_picked":["Fire Blade","Fire Up"],"picked":"Judgment","floor":1.0},{"not_picked":["Bugfix","Black Dance","Transfer Energy"],"picked":"SKIP","floor":5.0},{"not_picked":["Coercion","Money Cant Rescue"],"picked":"Light Attack","floor":6.0},{"not_picked":["Overclocking","Floating Swing Kick","Reinforcement Parts"],"picked":"SKIP","floor":10.0},{"not_picked":["Fire Blade","Transfer Energy"],"picked":"Provocative","floor":13.0},{"not_picked":["Weapon Shift","Fire Blade+1"],"picked":"Lunge+1","floor":18.0},{"not_picked":["New Defend Magic","Cursed Blade"],"picked":"Lunge","floor":20.0},{"not_picked":["De Ware Chip","White Contract","Floating Swing Kick+1"],"picked":"SKIP","floor":21.0}],"player_experience":400068,"relics_obtained":[{"floor":6.0,"key":"Unceasing Top"},{"floor":9.0,"key":"MealTicket"},{"floor":13.0,"key":"Pet Ghost"}],"event_choices":[{"damage_healed":0.0,"max_hp_gain":0.0,"max_hp_loss":0.0,"gold_gain":0.0,"event_name":"conspire:Investor","player_choice":"Leave","floor":2.0,"gold_loss":0.0,"damage_taken":0.0},{"damage_healed":0.0,"max_hp_gain":0.0,"max_hp_loss":0.0,"gold_gain":0.0,"event_name":"Upgrade Shrine","player_choice":"Upgraded","floor":3.0,"gold_loss":0.0,"damage_taken":0.0,"cards_upgraded":["Chip"]}],"is_beta":false,"boss_relics":[{"not_picked":["ChewingGum","hubris:GrandSneckoEye","hubris:Stopwatch"]}],"items_purged_floors":[8,14],"is_endless":false,"potions_floor_spawned":[6,10,13,20,21],"killed_by":"theJungle:Cassacara","ascension_level":2}}