{"host":"t9zjxed0utvsfjwc","time":1613619907,"event":{"mods":["2.2 Compatiblity","Act Like it!","Aspiration","BaseMod","Better Altar","Better Match","Better Note","Better Sensory Stone","Better Skull","Better Third Choice","Block Reminder","Colored Map","Colored Powertips","Conspire","Defuse TimeMaze Blight","Energized Spire","GifTheSpireLib","Hermit","Highlight Path","Hubris","Infinite Spire","Marked Mod","Minty Spire (QoL Compilation)","Quick Restart","Rare Cards Sparkle","Relic Sorter","Relic Stats","Reliquary","Replay The Spire","Ruina","StSLib","Stuff the Spire","The Blue Laboratory","The Jungle","The Marked","Unceasing Turn Reminder","Wandering Minibosses","everything is the same but u backflip on backflip"],"gold_per_floor":[116,41,116,143,103,103,120,147,224,236,251,265,290,21,21,126,126,136,150,150,25,50,76,87,87,110,121,136,136,168,186,186,289,289,300,150,38,57,57,87,107,107,107,137,137,162,16,16,16,16,16,16,16,46,46,46],"floor_reached":55,"language":"ENG","playtime":3702,"items_purged":["theMarked:Strike","theMarked:Defend","theMarked:Defend","theMarked:Defend","theMarked:Defend"],"score":885,"play_id":"1dcae669-4166-4dd6-854f-be583aab22b5","local_time":"20210218034507","is_ascension_mode":true,"campfire_choices":[{"data":"theMarked:WastefulAttack","floor":6,"key":"SMITH"},{"data":"theMarked:SelfDefenseTraining","floor":15,"key":"SMITH"},{"floor":25,"key":"REST"},{"floor":32,"key":"REST"},{"floor":42,"key":"REST"},{"floor":45,"key":"REST"},{"floor":49,"key":"RECALL"},{"data":"theMarked:Toughness","floor":52,"key":"SMITH"}],"circlet_count":0,"master_deck":["theMarked:Strike","theMarked:Strike","theMarked:Strike","theMarked:SoldierOfQuellstein","theMarked:WastefulAttack+1","theMarked:SelfDefenseTraining+1","theMarked:Indomitable","theMarked:WastefulAttack","theMarked:TakeCover","ReplayTheSpireMod:Faulty Equipment","theMarked:SelfDefenseTraining","theMarked:Toughness+1","theMarked:TakeCover","theMarked:Pokerface+1","hermit:HoleUp+1","Cleave+1"],"relics":["theMarked:ArtifactOfAir","aspiration:Nostalgia","Burning Blood","Tiny Chest","infinitespire:Satchel","StuffTheSpire:Rhapsscallions","Anchor","ReplayTheSpireMod:CursedCoin","conspire:BottledYoYo","conspire:RoyalGoblet","theJungle:BirthdayCakeSlice","Bag of Preparation","theMarked:Gun","Strawberry","PrismaticShard","Runic Pyramid","Replay:Baseball","energizedSpire:MagnifyingGlass","reliquary:PrincelyHelmet","Onion Ring","infinitespire:FocusingShard","reliquary:ExpiredCoupon","Medical Kit","Eternal Feather","hubris:Potato"],"acts_visited":["Exordium","Exordium","TheBeyond","TheEnding"],"potions_floor_usage":[8,11,11,19,23,28,31,33,44,55],"damage_taken":[{"damage":3,"enemies":"Jaw Worm","floor":1,"turns":6},{"damage":21,"enemies":"conspire:MimicChest","floor":4,"turns":7},{"damage":0,"enemies":"2 Louse","floor":7,"turns":2},{"damage":12,"enemies":"Gremlin Nob","floor":8,"turns":2},{"damage":0,"enemies":"Small Slimes","floor":10,"turns":2},{"damage":0,"enemies":"Exordium Thugs","floor":11,"turns":4},{"damage":0,"enemies":"Looter","floor":12,"turns":3},{"damage":12,"enemies":"3 Sentries","floor":13,"turns":8},{"damage":43,"enemies":"The Guardian","floor":16,"turns":19},{"damage":0,"enemies":"theJungle:MUSHROOMGANG","floor":18,"turns":6},{"damage":16,"enemies":"theJungle:GiantWrat","floor":19,"turns":7},{"damage":61,"enemies":"theJungle:Cassacara","floor":23,"turns":10},{"damage":14,"enemies":"theJungle:SlimyTreeVines","floor":24,"turns":11},{"damage":22,"enemies":"theJungle:2_Flameangoes","floor":27,"turns":10},{"damage":4,"enemies":"theJungle:JungleHuntersEncounter","floor":28,"turns":9},{"damage":1,"enemies":"theJungle:MamaSnecko","floor":30,"turns":5},{"damage":9,"enemies":"theJungle:Lyon","floor":31,"turns":6},{"damage":30,"enemies":"theJungle:TotemBoss","floor":33,"turns":10},{"damage":22,"enemies":"3 Shapes","floor":35,"turns":5},{"damage":30,"enemies":"3 Darklings","floor":38,"turns":10},{"damage":24,"enemies":"R_Hoarder","floor":40,"turns":12},{"damage":9,"enemies":"Writhing Mass","floor":41,"turns":9},{"damage":88,"enemies":"Reptomancer","floor":44,"turns":10},{"damage":57,"enemies":"Awakened One","floor":50,"turns":20},{"damage":71,"enemies":"Shield and Spear","floor":54,"turns":8},{"damage":29,"enemies":"The Heart","floor":55,"turns":3}],"seed_played":"-6322205550041799504","potions_obtained":[{"floor":5,"key":"blueLaboratory:CorrosionFlask"},{"floor":5,"key":"Death Potion"},{"floor":5,"key":"FairyPotion"},{"floor":7,"key":"Fire Potion"},{"floor":8,"key":"Swift Potion"},{"floor":16,"key":"blueLaboratory:PolymorphPotion"},{"floor":18,"key":"Dexterity Potion"},{"floor":27,"key":"blueLaboratory:Moonshine"},{"floor":31,"key":"LifebloodPotion"},{"floor":40,"key":"SkillPotion"},{"floor":54,"key":"blueLaboratory:PyrophylliteBrew"}],"is_trial":false,"path_per_floor":["M","$","?","?","?","R","M","E","T","M","M","M","E","$","R","B",null,"M","M","?","$","T","E","M","R","T","M","M","AVR","E","M","R","B",null,"M","$","?","M","$","E","M","R","T","E","R","T","$","T","R","B",null,"R","$","E","B"],"character_chosen":"THE_DEFAULT","items_purchased":["ReplayTheSpireMod:CursedCoin","conspire:BottledYoYo","theMarked:SelfDefenseTraining","Medical Kit"],"campfire_rested":4,"item_purchase_floors":[14,14,14,47],"current_hp_per_floor":[72,72,61,46,46,46,52,46,51,57,63,69,63,63,63,26,77,77,67,72,72,72,17,15,39,46,30,32,32,37,34,60,36,89,73,73,73,49,49,31,28,54,54,28,54,54,54,54,63,12,89,89,89,24,0,0],"gold":46,"neow_bonus":"NOSTALGIA","is_daily":false,"chose_seed":false,"campfire_upgraded":3,"win_rate":0.0,"timestamp":1613619907,"path_taken":["M","$","?","?","?","R","M","E","T","M","M","?","E","$","R","BOSS","M","M","?","$","?","E","M","R","T","M","?","AVR","E","M","R","BOSS","M","$","?","M","$","E","?","R","T","E","R","?","?","?","R","BOSS","R","$","E","BOSS"],"items_purchased_type":["Relic","Relic","Card","Relic"],"build_version":"2020-12-22","purchased_purges":5,"victory":false,"max_hp_per_floor":[72,72,72,72,72,72,72,72,77,77,77,77,77,77,77,77,77,77,77,82,82,82,82,82,82,89,89,89,89,89,89,89,89,89,89,89,89,89,89,89,89,89,89,89,89,89,89,89,89,89,89,89,89,89,89,89],"relic_stats":{"counters":[26,204],"Tiny Chest":2,"Eternal Feather":9,"Bag of Preparation":[30],"Medical Kit":[7],"obtain_stats":[{"conspire:RoyalGoblet":17,"StuffTheSpire:Rhapsscallions":9,"reliquary:PrincelyHelmet":37,"Bag of Preparation":22,"PrismaticShard":29,"Burning Blood":0,"theJungle:BirthdayCakeSlice":20,"Strawberry":26,"Tiny Chest":4,"Runic Pyramid":29,"theMarked:Gun":23,"aspiration:Nostalgia":0,"ReplayTheSpireMod:CursedCoin":14,"Eternal Feather":48,"infinitespire:FocusingShard":43,"Medical Kit":47,"theMarked:ArtifactOfAir":0,"reliquary:ExpiredCoupon":44,"Anchor":13,"Replay:Baseball":30,"infinitespire:Satchel":8,"Onion Ring":40,"conspire:BottledYoYo":14,"energizedSpire:MagnifyingGlass":34,"hubris:Potato":54},{"conspire:RoyalGoblet":9,"StuffTheSpire:Rhapsscallions":4,"reliquary:PrincelyHelmet":19,"Bag of Preparation":11,"PrismaticShard":15,"Burning Blood":0,"theJungle:BirthdayCakeSlice":11,"Strawberry":13,"Tiny Chest":2,"Runic Pyramid":15,"theMarked:Gun":12,"aspiration:Nostalgia":0,"ReplayTheSpireMod:CursedCoin":8,"Eternal Feather":23,"infinitespire:FocusingShard":22,"Medical Kit":23,"theMarked:ArtifactOfAir":0,"reliquary:ExpiredCoupon":23,"Anchor":8,"Replay:Baseball":16,"infinitespire:Satchel":4,"Onion Ring":21,"conspire:BottledYoYo":8,"energizedSpire:MagnifyingGlass":18,"hubris:Potato":25},{"conspire:RoyalGoblet":53,"StuffTheSpire:Rhapsscallions":17,"reliquary:PrincelyHelmet":132,"Bag of Preparation":66,"PrismaticShard":106,"Burning Blood":0,"theJungle:BirthdayCakeSlice":66,"Strawberry":87,"Tiny Chest":13,"Runic Pyramid":106,"theMarked:Gun":76,"aspiration:Nostalgia":0,"ReplayTheSpireMod:CursedCoin":34,"Eternal Feather":173,"infinitespire:FocusingShard":163,"Medical Kit":173,"theMarked:ArtifactOfAir":0,"reliquary:ExpiredCoupon":173,"Anchor":34,"Replay:Baseball":111,"infinitespire:Satchel":17,"Onion Ring":154,"conspire:BottledYoYo":34,"energizedSpire:MagnifyingGlass":127,"hubris:Potato":201}],"Burning Blood":141},"card_choices":[{"not_picked":["theMarked:HeightenedSenses","theMarked:GodGivenPower","theMarked:Frustration"],"picked":"SKIP","floor":1},{"not_picked":["theMarked:EnhanceMovement","theMarked:TakeCover"],"picked":"theMarked:WastefulAttack","floor":4},{"not_picked":["theMarked:RepellingDischarge","theMarked:BanishingStrike"],"picked":"theMarked:SelfDefenseTraining","floor":7},{"not_picked":["theMarked:TheMission","theMarked:MysticalArsenal"],"picked":"theMarked:Indomitable","floor":8},{"not_picked":["theMarked:BanishingStrike","theMarked:GodGivenPower","theMarked:Memento"],"picked":"SKIP","floor":10},{"not_picked":["theMarked:Improvise","theMarked:ElectricStrings","theMarked:BanishingStrike"],"picked":"SKIP","floor":11},{"not_picked":["theMarked:Aftermath","theMarked:WardOff"],"picked":"theMarked:WastefulAttack","floor":12},{"not_picked":["theMarked:Parkour","theMarked:ElectricStrings"],"picked":"theMarked:TakeCover","floor":13},{"not_picked":["theMarked:Vacuum","theMarked:Abjuration"],"picked":"theMarked:Toughness","floor":16},{"not_picked":["theMarked:Improvise","theMarked:HeightenedSenses+1","theMarked:Generate"],"picked":"SKIP","floor":18},{"not_picked":["theMarked:ElectricStrings","theMarked:Maelstrom"],"picked":"theMarked:TakeCover","floor":19},{"not_picked":["theMarked:EmpowerWeapon","theMarked:ChainLightning+1"],"picked":"theMarked:Pokerface+1","floor":23},{"not_picked":["theMarked:Challenge","theMarked:Reabsorb","theMarked:SwordAndMagic"],"picked":"SKIP","floor":24},{"not_picked":["theMarked:RepellingDischarge+1","theMarked:Parkour","theMarked:Frustration+1"],"picked":"SKIP","floor":27},{"not_picked":["theMarked:EmpowerWeapon","theMarked:ChainLightning","theMarked:BanishingStrike"],"picked":"SKIP","floor":28},{"not_picked":["Sword Boomerang","theMarked:UnarmedFury","hermit:SprayPray"],"picked":"SKIP","floor":30},{"not_picked":["Masterful Stab","conspire:DoublingDagger+1","hermit:TrackingShot"],"picked":"SKIP","floor":31},{"not_picked":["Dual Wield+1","Twin Strike+1"],"picked":"hermit:HoleUp+1","floor":35},{"not_picked":["hermit:BodyArmor+1","conspire:ExplosiveBarrier+1","TalkToTheHand"],"picked":"SKIP","floor":38},{"not_picked":["Scrape+1","hermit:DeadMansHand","Twin Strike"],"picked":"SKIP","floor":40},{"not_picked":["Beam Cell+1","hermit:Purgatory","Skim+1"],"picked":"SKIP","floor":41},{"not_picked":["hermit:Enervate+1","Seeing Red"],"picked":"Cleave+1","floor":44},{"not_picked":["hermit:Roulette+1","Flying Knee","theMarked:Convert+1"],"picked":"SKIP","floor":54}],"player_experience":483593,"relics_obtained":[{"floor":4,"key":"Tiny Chest"},{"floor":8,"key":"infinitespire:Satchel"},{"floor":9,"key":"StuffTheSpire:Rhapsscallions"},{"floor":13,"key":"Anchor"},{"floor":22,"key":"Bag of Preparation"},{"floor":23,"key":"theMarked:Gun"},{"floor":26,"key":"Strawberry"},{"floor":30,"key":"Replay:Baseball"},{"floor":40,"key":"Onion Ring"},{"floor":43,"key":"infinitespire:FocusingShard"},{"floor":44,"key":"reliquary:ExpiredCoupon"},{"floor":48,"key":"Eternal Feather"},{"floor":54,"key":"hubris:Potato"}],"event_choices":[{"damage_healed":0,"gold_gain":75,"player_choice":"Gold","damage_taken":11,"max_hp_gain":0,"max_hp_loss":0,"event_name":"betterThird:BetterGoop","floor":3,"gold_loss":0},{"damage_healed":0,"gold_gain":0,"player_choice":"Bought 3 Potions","damage_taken":0,"max_hp_gain":0,"max_hp_loss":0,"event_name":"The Woman in Blue","floor":5,"gold_loss":0},{"damage_healed":0,"gold_gain":0,"player_choice":"Paid Gold","damage_taken":0,"relics_obtained":["reliquary:PrincelyHelmet"],"max_hp_gain":0,"max_hp_loss":0,"event_name":"WeMeetAgain","floor":37,"gold_loss":112}],"is_beta":false,"boss_relics":[{"not_picked":["Fusion Hammer","StuffTheSpire:RunicConfusion"],"picked":"conspire:RoyalGoblet"},{"not_picked":["hubris:TerracottaHorce","Painkiller Herb"],"picked":"energizedSpire:MagnifyingGlass"}],"items_purged_floors":[2,14,21,29,36],"is_endless":false,"potions_floor_spawned":[7,8,16,18,27,31,40,54],"killed_by":"The Heart","ascension_level":1}}