{"host":"uixgxi1v9jim9335","time":1613676270,"event":{"mods":["AchievementEnabler","BaseMod","Downfall","Minty Spire (QoL Compilation)","Rare Cards Sparkle","Relic Sorter","StSLib"],"gold_per_floor":[113,124,74,100,119,150,167,198,198,198,211,242,242,269,281,398,410,440,434,446,27,41,75,90,125,125,125,125,125],"floor_reached":28,"language":"ENG","playtime":19628,"items_purged":[],"score":288,"play_id":"4d36685f-7e25-4e3c-86f8-ca6f095b299c","local_time":"20210218122430","is_ascension_mode":false,"campfire_choices":[{"floor":10.0,"key":"REST"},{"floor":15.0,"key":"REST"}],"circlet_count":0,"master_deck":["Strike_R","Strike_R","Strike_R","Strike_R","Strike_R","Defend_R+1","Defend_R","Defend_R+1","Defend_R","Bash","Juggernaut","Anger","Reaper","Clothesline","Warcry","Armaments","Anger","Dual Wield","Parasite","Iron Wave","Double Tap","Cleave","Armaments+1","Metamorphosis","Rupture+1","Anger","Body Slam","Twin Strike","Spot Weakness+1","Decay"],"relics":["Burning Blood","MawBank","Oddly Smooth Stone","Frozen Egg 2","War Paint","Smiling Mask","Anchor","Runic Pyramid","Sling","Bronze Scales","Toxic Egg 2","PreservedInsect"],"acts_visited":["Exordium","TheCity"],"potions_floor_usage":[25,25,25],"damage_taken":[{"damage":2.0,"enemies":"2 Louse","floor":1.0,"turns":4.0},{"damage":6.0,"enemies":"Jaw Worm","floor":2.0,"turns":3.0},{"damage":3.0,"enemies":"Small Slimes","floor":5.0,"turns":3.0},{"damage":16.0,"enemies":"Gremlin Nob","floor":6.0,"turns":5.0},{"damage":16.0,"enemies":"3 Louse","floor":7.0,"turns":3.0},{"damage":35.0,"enemies":"Lagavulin","floor":8.0,"turns":7.0},{"damage":3.0,"enemies":"2 Fungi Beasts","floor":11.0,"turns":4.0},{"damage":25.0,"enemies":"Gremlin Nob","floor":12.0,"turns":5.0},{"damage":45.0,"enemies":"Lagavulin","floor":14.0,"turns":8.0},{"damage":52.0,"enemies":"Hexaghost","floor":16.0,"turns":13.0},{"damage":15.0,"enemies":"3 Byrds","floor":18.0,"turns":7.0},{"damage":15.0,"enemies":"2 Thieves","floor":19.0,"turns":4.0},{"damage":22.0,"enemies":"Snecko","floor":22.0,"turns":7.0},{"damage":33.0,"enemies":"Slavers","floor":23.0,"turns":5.0},{"damage":7.0,"enemies":"Chosen and Byrds","floor":24.0,"turns":6.0},{"damage":30,"enemies":"Book of Stabbing","floor":25,"turns":6},{"damage":17,"enemies":"Sentry and Sphere","floor":28,"turns":3}],"seed_played":"-3171366265366137","potions_obtained":[{"floor":5.0,"key":"Fire Potion"},{"floor":7.0,"key":"sneckomod:MuddlingPotion"},{"floor":8.0,"key":"Weak Potion"},{"floor":12.0,"key":"BloodPotion"},{"floor":14.0,"key":"SpeedPotion"},{"floor":18.0,"key":"Ancient Potion"},{"floor":22.0,"key":"EntropicBrew"},{"floor":25,"key":"ElixirPotion"}],"is_trial":false,"path_per_floor":["M","M","?","T","M","E","M","E","T","R","M","E","?","E","R","B",null,"M","M","?","$","M","E","M","E","T","?","M"],"character_chosen":"IRONCLAD","items_purchased":["Sling","Metamorphosis","Rupture+1"],"campfire_rested":2,"item_purchase_floors":[21,21,21],"current_hp_per_floor":[80,80,80,80,80,70,72,43,43,67,78,59,79,63,80,38,80,79,70,70,70,64,37,36,12,12,12,0,0],"gold":125,"neow_bonus":"THREE_RARE_CARDS","is_daily":false,"chose_seed":false,"campfire_upgraded":0,"win_rate":0.0,"timestamp":1613676270,"path_taken":["M","M","?","?","M","E","M","E","T","R","M","E","?","E","R","BOSS","M","M","?","$","M","E","M","E","T","?","M"],"items_purchased_type":["Relic","Card","Card"],"build_version":"2020-12-22","purchased_purges":0,"victory":false,"max_hp_per_floor":[80,80,80,80,80,80,80,80,80,80,80,80,80,80,80,80,80,80,80,80,80,80,80,80,80,80,80,80,80],"card_choices":[{"not_picked":["Feed","Reaper"],"picked":"Juggernaut","floor":0.0},{"not_picked":["Sword Boomerang","Clothesline"],"picked":"Anger","floor":1.0},{"not_picked":["Second Wind","Twin Strike"],"picked":"Reaper","floor":2.0},{"not_picked":["Seeing Red","Entrench"],"picked":"Clothesline","floor":5.0},{"not_picked":["True Grit","Clash"],"picked":"Warcry","floor":6.0},{"not_picked":["Intimidate","Sever Soul"],"picked":"Armaments","floor":7.0},{"not_picked":["Offering","Body Slam"],"picked":"Anger","floor":8.0},{"not_picked":["Perfected Strike","Heavy Blade","Body Slam"],"picked":"SKIP","floor":11.0},{"not_picked":["Hemokinesis","Rupture+1"],"picked":"Dual Wield","floor":12.0},{"not_picked":["Berserk+1","Pommel Strike"],"picked":"Iron Wave","floor":14.0},{"not_picked":["Limit Break","Berserk+1"],"picked":"Double Tap","floor":16.0},{"not_picked":["Clothesline+1","Twin Strike"],"picked":"Cleave","floor":18.0},{"not_picked":["Dark Embrace+1","Sword Boomerang"],"picked":"Armaments+1","floor":19.0},{"not_picked":["Thunderclap+1","Battle Trance+1"],"picked":"Anger","floor":22.0},{"not_picked":["Armaments","Bloodletting"],"picked":"Body Slam","floor":23.0},{"not_picked":["Berserk+1","Body Slam+1"],"picked":"Twin Strike","floor":24},{"not_picked":["Body Slam","Clothesline+1"],"picked":"Spot Weakness+1","floor":25}],"player_experience":252271,"relics_obtained":[{"floor":4.0,"key":"Oddly Smooth Stone"},{"floor":6.0,"key":"Frozen Egg 2"},{"floor":8.0,"key":"War Paint"},{"floor":9.0,"key":"Smiling Mask"},{"floor":12.0,"key":"Anchor"},{"floor":14.0,"key":"MawBank"},{"floor":23.0,"key":"Bronze Scales"},{"floor":25,"key":"Toxic Egg 2"},{"floor":26,"key":"PreservedInsect"}],"event_choices":[{"cards_removed":["Normality"],"damage_healed":0.0,"max_hp_gain":0.0,"max_hp_loss":0.0,"gold_gain":0.0,"event_name":"The Cleric","player_choice":"Card Removal","floor":3.0,"gold_loss":50.0,"damage_taken":0.0},{"damage_healed":20.0,"max_hp_gain":0.0,"max_hp_loss":0.0,"gold_gain":0.0,"event_name":"Mushrooms","player_choice":"Healed and dodged fight","floor":13.0,"gold_loss":0.0,"damage_taken":0.0,"cards_obtained":["Parasite"]},{"damage_healed":0,"gold_gain":0,"player_choice":"Smashed Altar","damage_taken":0,"max_hp_gain":0,"max_hp_loss":0,"event_name":"Forgotten Altar","floor":27,"gold_loss":0,"cards_obtained":["Decay"]}],"is_beta":false,"boss_relics":[{"not_picked":["Sozu","Astrolabe"],"picked":"Runic Pyramid"}],"items_purged_floors":[],"is_endless":false,"potions_floor_spawned":[5,7,8,12,14,18,22,25],"killed_by":"Sentry and Sphere","ascension_level":0}}