{"host":"k5wd0jv1m6dz3iwi","time":1613691820,"event":{"mods":["BaseMod","Better Vampires","Challenge The Spire","Custom Start","Highlight Path","Minty Spire (QoL Compilation)","Rare Cards Sparkle","Relic Stats","Slay the Relics Exporter","StSLib","everything is the same but u backflip on backflip"],"gold_per_floor":[111,211,226,245,90,116,128,143,218,244,262,293,293,327,327,404,404,417,46,56,146,174,174,174,208,257,257,257],"floor_reached":27,"language":"ENG","playtime":1718,"items_purged":["Doubt"],"score":542,"play_id":"18e0a224-3f3a-4b63-8436-00ddeb2363e5","local_time":"20210218234340","daily_mods":["Cursed Run","Purple Cards","DeadlyEvents"],"is_ascension_mode":true,"campfire_choices":[{"data":"Neutralize","floor":13,"key":"SMITH"},{"data":"WreathOfFlame","floor":15,"key":"SMITH"},{"floor":23,"key":"REST"}],"circlet_count":0,"master_deck":["AscendersBane","Strike_G","Strike_G","Strike_G","Strike_G","Strike_G","Defend_G","Defend_G","Defend_G","Defend_G","Defend_G","Survivor","Neutralize+1","Dagger Throw","Riddle With Holes","Acrobatics","BowlingBash","Acrobatics","Deadly Poison","Riddle With Holes","Protect","Bouncing Flask","WreathOfFlame+1","Shame","Die Die Die","Crippling Poison+1","Well Laid Plans","Finesse+1","Footwork","Meditate+1","Writhe","Neutralize","Wish+1","Study+1","Clumsy"],"relics":["Cursed Key","Darkstone Periapt","Du-Vu Doll","Sundial","Matryoshka","Calipers","Nunchaku","Toxic Egg 2","Philosopher\u0027s Stone","Strange Spoon","WingedGreaves","Regal Pillow","Pen Nib","Vajra"],"acts_visited":["Exordium","TheCity"],"potions_floor_usage":[6,10,12,14,22,25,27],"damage_taken":[{"damage":0,"enemies":"Small Slimes","floor":1,"turns":4},{"damage":0,"enemies":"Jaw Worm","floor":3,"turns":4},{"damage":0,"enemies":"2 Louse","floor":4,"turns":2},{"damage":12,"enemies":"Lagavulin","floor":6,"turns":6},{"damage":1,"enemies":"Exordium Thugs","floor":7,"turns":4},{"damage":1,"enemies":"Red Slaver","floor":8,"turns":3},{"damage":2,"enemies":"3 Sentries","floor":10,"turns":6},{"damage":0,"enemies":"Looter","floor":11,"turns":3},{"damage":7,"enemies":"Gremlin Nob","floor":12,"turns":3},{"damage":8,"enemies":"Lagavulin","floor":14,"turns":5},{"damage":9,"enemies":"The Guardian","floor":16,"turns":9},{"damage":20,"enemies":"3 Byrds","floor":18,"turns":3},{"damage":0,"enemies":"Shell Parasite","floor":20,"turns":2},{"damage":17,"enemies":"Gremlin Leader","floor":22,"turns":6},{"damage":36,"enemies":"Slavers","floor":25,"turns":4},{"damage":22,"enemies":"Book of Stabbing","floor":27,"turns":2}],"seed_played":"3972205670598810325","potions_obtained":[{"floor":3,"key":"CultistPotion"},{"floor":8,"key":"LiquidMemories"},{"floor":10,"key":"DistilledChaos"},{"floor":11,"key":"SpeedPotion"},{"floor":18,"key":"FearPotion"},{"floor":20,"key":"EssenceOfSteel"},{"floor":22,"key":"Energy Potion"}],"is_trial":true,"path_per_floor":["M","?","M","M","$","E","M","M","T","E","M","E","R","E","R","B",null,"M","$","M","?","E","R","?","E","T","E"],"character_chosen":"THE_SILENT","items_purchased":["BowlingBash","Acrobatics","Deadly Poison","Well Laid Plans","Strange Spoon","Finesse+1"],"campfire_rested":1,"item_purchase_floors":[5,5,5,19,19,19],"current_hp_per_floor":[59,59,59,59,59,47,46,45,51,49,49,42,42,34,34,31,66,46,46,46,34,17,40,46,10,16,0,0],"gold":257,"neow_bonus":"","is_daily":false,"chose_seed":false,"campfire_upgraded":2,"win_rate":0.0,"timestamp":1613691820,"path_taken":["M","?","M","M","$","E","M","M","T","E","M","E","R","?","R","BOSS","M","$","M","?","?","R","?","E","T","?"],"items_purchased_type":["Card","Card","Card","Card","Relic","Card"],"build_version":"2020-12-22","purchased_purges":1,"victory":false,"max_hp_per_floor":[66,66,66,66,66,66,66,66,72,72,72,72,72,72,72,78,78,78,78,78,78,78,78,84,84,90,90,90],"relic_stats":{"Darkstone Periapt":24,"Strange Spoon":[4],"Nunchaku":[5],"Regal Pillow":0,"counters":[16,66],"Sundial":[4],"Pen Nib":[0],"Cursed Key":2,"obtain_stats":[{"Darkstone Periapt":0,"Regal Pillow":25,"Calipers":10,"Vajra":26,"Pen Nib":26,"Cursed Key":0,"Du-Vu Doll":0,"Strange Spoon":19,"Nunchaku":12,"Matryoshka":9,"Sundial":6,"Philosopher\u0027s Stone":17,"WingedGreaves":22,"Toxic Egg 2":14},{"Darkstone Periapt":0,"Regal Pillow":15,"Calipers":7,"Vajra":15,"Pen Nib":15,"Cursed Key":0,"Du-Vu Doll":0,"Strange Spoon":12,"Nunchaku":9,"Matryoshka":6,"Sundial":4,"Philosopher\u0027s Stone":11,"WingedGreaves":14,"Toxic Egg 2":10},{"Darkstone Periapt":0,"Regal Pillow":64,"Calipers":29,"Vajra":64,"Pen Nib":64,"Cursed Key":0,"Du-Vu Doll":0,"Strange Spoon":52,"Nunchaku":35,"Matryoshka":23,"Sundial":16,"Philosopher\u0027s Stone":49,"WingedGreaves":60,"Toxic Egg 2":40}]},"card_choices":[{"not_picked":["Slice","Deflect"],"picked":"Dagger Throw","floor":1},{"not_picked":["Dagger Spray","SashWhip"],"picked":"Riddle With Holes","floor":3},{"not_picked":["Vengeance","Eviscerate"],"picked":"Acrobatics","floor":4},{"not_picked":["ForeignInfluence","Outmaneuver","JustLucky"],"picked":"SKIP","floor":6},{"not_picked":["Dagger Throw","BowlingBash"],"picked":"Riddle With Holes","floor":7},{"not_picked":["SashWhip","Dodge and Roll"],"picked":"Protect","floor":8},{"not_picked":["SpiritShield","Dodge and Roll"],"picked":"Bouncing Flask","floor":10},{"not_picked":["Weave","SignatureMove","Acrobatics"],"picked":"SKIP","floor":11},{"not_picked":["Tools of the Trade","Study"],"picked":"WreathOfFlame","floor":12},{"not_picked":["Bane","Weave","Tantrum"],"picked":"SKIP","floor":14},{"not_picked":["Establishment","Doppelganger+1"],"picked":"Die Die Die","floor":16},{"not_picked":["CutThroughFate","FlurryOfBlows+1"],"picked":"Crippling Poison+1","floor":18},{"not_picked":["Consecrate","Prostrate+1"],"picked":"Footwork","floor":20},{"not_picked":["PathToVictory+1","Tools of the Trade"],"picked":"Meditate+1","floor":22},{"not_picked":["All Out Attack","Backstab"],"picked":"Study+1","floor":25}],"player_experience":1285725,"relics_obtained":[{"floor":6,"key":"Sundial"},{"floor":9,"key":"Matryoshka"},{"floor":10,"key":"Calipers"},{"floor":12,"key":"Nunchaku"},{"floor":14,"key":"Toxic Egg 2"},{"floor":22,"key":"WingedGreaves"},{"floor":25,"key":"Regal Pillow"},{"floor":26,"key":"Pen Nib"},{"floor":26,"key":"Vajra"}],"event_choices":[{"damage_healed":0,"gold_gain":100,"player_choice":"Gold","damage_taken":0,"max_hp_gain":0,"max_hp_loss":0,"event_name":"Wheel of Change","floor":2,"gold_loss":0},{"damage_healed":0,"gold_gain":90,"player_choice":"GOLD ","damage_taken":12,"max_hp_gain":0,"max_hp_loss":0,"event_name":"Knowing Skull","floor":21,"potions_obtained":[],"gold_loss":0,"cards_obtained":[]},{"damage_healed":0,"gold_gain":0,"player_choice":"3 cards matched","damage_taken":0,"max_hp_gain":0,"max_hp_loss":0,"event_name":"Match and Keep!","floor":24,"gold_loss":0,"cards_obtained":["Writhe","Neutralize","Wish"]}],"is_beta":false,"boss_relics":[{"not_picked":["Velvet Choker","Ectoplasm"],"picked":"Philosopher\u0027s Stone"}],"items_purged_floors":[19],"is_endless":false,"potions_floor_spawned":[3,8,10,11,18,20,22],"killed_by":"Book of Stabbing","ascension_level":15}}