{"host":"f7rb14kzcw8hx1r1","time":1613679256,"event":{"mods":["BaseMod","Better Note","Better Third Choice","Colored Map","Curses Come First","Highlight Path","Hubris","Minty Spire (QoL Compilation)","Reliquary","Replay The Spire","StSLib","The Forsaken"],"gold_per_floor":[114,114,114,131,144,144,158,158,158,228,228,22,40,75,75,170,170,182,198,298,298,314,47,47,63,87,87,99,99,129,147,147,242,242,262,262,15,64,64,64,364,383,383,383,410,410,428,448,448,448],"floor_reached":51,"language":"ENG","playtime":1857,"items_purged":["Strike_R","Corruption"],"score":770,"play_id":"5dbb9a61-1576-42db-aa2f-7c80496d148c","local_time":"20210218211416","is_ascension_mode":false,"campfire_choices":[{"data":"Disarm","floor":6,"key":"SMITH"},{"data":"Rampage","floor":8,"key":"SMITH"},{"data":"Dropkick","floor":11,"key":"SMITH"},{"data":"True Grit","floor":15,"key":"SMITH"},{"data":"Feed","floor":24,"key":"SMITH"},{"data":"Demon Form","floor":27,"key":"SMITH"},{"data":"Heavy Blade","floor":29,"key":"SMITH"},{"data":"ReplayTheSpireMod:Limb From Limb","floor":32,"key":"SMITH"},{"data":"Dark Embrace","floor":40,"key":"SMITH"},{"data":"Flame Barrier","floor":46,"key":"SMITH"},{"floor":49,"key":"REST"}],"circlet_count":0,"master_deck":["Bash+1","Dropkick+1","Disarm+1","Rampage+1","True Grit+1","Feed+1","Demon Form+1","Battle Trance+1","Heavy Blade+1","Heavy Blade+1","ReplayTheSpireMod:Limb From Limb+1","Limit Break","Power Through","Dark Embrace+1","Sword Boomerang","Life Link","Flame Barrier","Fire Breathing","Iron Wave+1","Tools of the Trade+1","Flame Barrier+1","Offering","Metallicize","Hemokinesis"],"relics":["Burning Blood","Pantograph","hubris:Reverence","Replay:Grab Bag","reliquary:RedPaperclip","hubris:RunicObelisk","Black Star","Replay:Rubber Ducky","Replay:Baseball","hubris:SlimyHat","MealTicket","Pandora\u0027s Box","Brimstone","hubris:Potato","Mirror","Regal Pillow","reliquary:WeakTea"],"acts_visited":["Exordium","TheCity","TheBeyond"],"potions_floor_usage":[13,14,28,30,50,50,50],"damage_taken":[{"damage":3,"enemies":"Jaw Worm","floor":1,"turns":4},{"damage":0,"enemies":"Small Slimes","floor":4,"turns":4},{"damage":1,"enemies":"Cultist","floor":5,"turns":3},{"damage":27,"enemies":"Exordium Thugs","floor":7,"turns":4},{"damage":0,"enemies":"3 Louse","floor":13,"turns":4},{"damage":16,"enemies":"Lagavulin","floor":14,"turns":9},{"damage":33,"enemies":"Hexaghost","floor":16,"turns":10},{"damage":2,"enemies":"Shell Parasite","floor":18,"turns":5},{"damage":10,"enemies":"3 Byrds","floor":19,"turns":7},{"damage":12,"enemies":"Shelled Parasite and Fungi","floor":22,"turns":5},{"damage":7,"enemies":"Snake Plant","floor":25,"turns":4},{"damage":19,"enemies":"Sentry and Sphere","floor":28,"turns":5},{"damage":6,"enemies":"Gremlin Leader","floor":30,"turns":4},{"damage":7,"enemies":"Cultist and Chosen","floor":31,"turns":5},{"damage":16,"enemies":"Champ","floor":33,"turns":7},{"damage":5,"enemies":"3 Darklings","floor":35,"turns":5},{"damage":42,"enemies":"2 Orb Walkers","floor":38,"turns":4},{"damage":27,"enemies":"3 Shapes","floor":42,"turns":3},{"damage":18,"enemies":"R_Hoarder","floor":45,"turns":3},{"damage":4,"enemies":"Writhing Mass","floor":47,"turns":3},{"damage":0,"enemies":"Maw","floor":48,"turns":4},{"damage":30,"enemies":"Donu and Deca","floor":50,"turns":5}],"seed_played":"4129912366626335773","potions_obtained":[{"floor":1,"key":"ColorlessPotion"},{"floor":7,"key":"Block Potion"},{"floor":19,"key":"BlessingOfTheForge"},{"floor":25,"key":"Explosive Potion"},{"floor":45,"key":"Cursed Concoction"},{"floor":48,"key":"AttackPotion"}],"is_trial":false,"path_per_floor":["M","?","?","M","M","R","M","R","T","T","R","$","M","E","R","B",null,"M","M","?","?","M","$","R","M","T","R","M","R","E","M","R","B",null,"M","?","$","?","$","R","?","M","T","?","E","R","M","M","R","B",null],"character_chosen":"IRONCLAD","items_purchased":["True Grit","Feed","Replay:Rubber Ducky","PowerPotion","Brimstone"],"campfire_rested":1,"item_purchase_floors":[12,12,23,23,37],"current_hp_per_floor":[80,73,73,79,80,80,59,59,59,59,59,59,68,58,58,56,83,86,85,85,85,79,79,79,78,78,78,65,65,69,72,72,87,97,97,97,97,61,76,76,76,55,55,55,47,47,49,59,105,85],"gold":448,"neow_bonus":"REMOVE_CARD","is_daily":false,"chose_seed":false,"campfire_upgraded":10,"win_rate":0.0,"timestamp":1613679256,"path_taken":["M","?","?","?","M","R","M","R","T","?","R","$","M","E","R","BOSS","M","M","?","?","M","$","R","?","T","R","M","R","E","M","R","BOSS","M","?","?","?","$","R","?","?","T","?","E","R","M","M","R","BOSS"],"items_purchased_type":["Card","Card","Relic","Potion","Relic"],"build_version":"2020-12-22","purchased_purges":2,"victory":true,"max_hp_per_floor":[80,80,80,80,80,80,80,80,80,80,80,80,83,83,83,83,83,86,89,89,89,89,89,89,89,89,89,89,89,93,97,97,97,97,97,97,97,97,97,97,97,97,97,97,101,101,101,105,105,109],"card_choices":[{"not_picked":["Flex","Perfected Strike","Havoc"],"picked":"SKIP","floor":1},{"not_picked":["Headbutt","Body Slam"],"picked":"Dropkick","floor":4},{"not_picked":["Burning Pact","Anger"],"picked":"Disarm","floor":5},{"not_picked":["Wild Strike","Flex"],"picked":"Rampage","floor":7},{"not_picked":["Thunderclap","Headbutt","hubris:ReadiedAction"],"picked":"SKIP","floor":13},{"not_picked":["Armaments","Burning Pact","Anger"],"picked":"SKIP","floor":14},{"not_picked":["Eclipse","Offering"],"picked":"Demon Form","floor":16},{"not_picked":["Sever Soul","Clothesline+1"],"picked":"Battle Trance+1","floor":18},{"not_picked":["Warcry+1","Body Slam"],"picked":"Heavy Blade","floor":19},{"not_picked":["Seeing Red","Headbutt"],"picked":"Heavy Blade+1","floor":22},{"not_picked":["Rage","ReplayTheSpireMod:Corrosion Curse"],"picked":"ReplayTheSpireMod:Limb From Limb","floor":25},{"not_picked":["hubris:CleavingFinish","Twin Strike","Replay:Undeath\u0027s Touch"],"picked":"SKIP","floor":28},{"not_picked":["Eclipse","Havoc","Headbutt"],"picked":"SKIP","floor":30},{"not_picked":["Run Through","Anger","Warcry"],"picked":"SKIP","floor":31},{"not_picked":["Exhume","Brutality"],"picked":"Limit Break","floor":33},{"not_picked":["Armaments+1","Flex"],"picked":"Iron Wave+1","floor":35},{"not_picked":["Flex","Pommel Strike"],"picked":"Flame Barrier","floor":38},{"not_picked":["Replay:Undeath\u0027s Touch+1","Body Slam","Armaments"],"picked":"SKIP","floor":42},{"not_picked":["True Grit","Feed"],"picked":"Offering","floor":45},{"not_picked":["Replay:Undeath\u0027s Touch","Havoc"],"picked":"Metallicize","floor":47},{"not_picked":["Warcry+1","Cleave+1"],"picked":"Hemokinesis","floor":48}],"player_experience":974456,"relics_obtained":[{"floor":9,"key":"Pantograph"},{"floor":10,"key":"hubris:Reverence"},{"floor":14,"key":"Replay:Bottled Snecko"},{"floor":26,"key":"Replay:Baseball"},{"floor":30,"key":"hubris:SlimyHat"},{"floor":30,"key":"MealTicket"},{"floor":38,"key":"hubris:Potato"},{"floor":43,"key":"Mirror"},{"floor":45,"key":"Regal Pillow"},{"floor":45,"key":"reliquary:WeakTea"}],"event_choices":[{"damage_healed":0,"gold_gain":0,"player_choice":"Relic ","damage_taken":7,"max_hp_gain":0,"max_hp_loss":0,"event_name":"betterThird:BetterScrap","floor":2,"gold_loss":0,"cards_obtained":["Tactician"]},{"damage_healed":0,"gold_gain":0,"player_choice":"Upgraded","damage_taken":0,"max_hp_gain":0,"max_hp_loss":0,"event_name":"Upgrade Shrine","floor":3,"gold_loss":0,"cards_upgraded":["Bash"]},{"damage_healed":0,"gold_gain":100,"player_choice":"Pray","damage_taken":0,"max_hp_gain":0,"max_hp_loss":0,"event_name":"Golden Shrine","floor":20,"gold_loss":0},{"damage_healed":0,"gold_gain":0,"player_choice":"Ignored","damage_taken":0,"max_hp_gain":0,"max_hp_loss":0,"event_name":"N\u0027loth","floor":21,"gold_loss":0},{"cards_removed":["Feed"],"damage_healed":0,"gold_gain":0,"player_choice":"Take \u0026 Give","damage_taken":0,"max_hp_gain":0,"max_hp_loss":0,"event_name":"betterNote:BetterNote","floor":36,"gold_loss":0,"cards_obtained":["Tools of the Trade"]},{"damage_healed":0,"gold_gain":0,"player_choice":"Fight","damage_taken":0,"max_hp_gain":0,"max_hp_loss":0,"event_name":"Mysterious Sphere","floor":38,"gold_loss":0},{"damage_healed":0,"gold_gain":300,"player_choice":"Gold","damage_taken":0,"max_hp_gain":0,"max_hp_loss":0,"event_name":"Wheel of Change","floor":41,"gold_loss":0}],"is_beta":false,"boss_relics":[{"not_picked":["hubris:GrandSneckoEye","Runic Cube"],"picked":"Replay:Grab Bag"},{"not_picked":["Abe\u0027s Treasure","Velvet Choker"],"picked":"reliquary:RedPaperclip"},{"not_picked":["ReplayTheSpireMod:Onyx Gauntlets","reliquary:BigHammer"],"picked":"hubris:RunicObelisk"},{"not_picked":["reliquary:ThirdArm","hubris:ScarierMask"],"picked":"Black Star"},{"not_picked":["reliquary:WritOfMandamus","hubris:HollowSoul"],"picked":"Pandora\u0027s Box"}],"items_purged_floors":[23,37],"is_endless":false,"potions_floor_spawned":[1,7,19,25,45,48],"ascension_level":0}}