{"host":"8anmd7ibyxevnonj","time":1613659635,"event":{"mods":["BaseMod","Curses Come First","Glutton Mod","Marisa????????","Minty Spire (QoL Compilation)","Reliquary","StSLib","The Cursed","The Marked","The Necromancer"],"gold_per_floor":[109,109,119,188,200,230,230,265,265,285,138,138,147,322,322,380,380,376,376,4,4,19,19,65,101,101],"floor_reached":25,"language":"ENG","playtime":1373,"items_purged":[],"score":300,"play_id":"3c0d944a-9059-45d7-8b3e-f3caae52a87b","local_time":"20210218154715","is_ascension_mode":true,"campfire_choices":[{"floor":7,"key":"REST"},{"floor":12,"key":"REST"},{"data":"Glutton:StarvationMode","floor":15,"key":"SMITH"},{"floor":23,"key":"DIG"}],"circlet_count":0,"master_deck":["Glutton:Strike+1","Glutton:Strike+1","Glutton:Strike+1","Glutton:Strike+1","Glutton:Strike+1","Glutton:Strike+1","Glutton:Defend+1","Glutton:Defend+1","Glutton:Defend+1","Glutton:Flail","Glutton:GnawingHunger+1","Glutton:Demolish","Glutton:GuardStance","Glutton:Overreach","Glutton:Yearn","Glutton:Chrysosphagy","Glutton:StarvationMode+1","Glutton:Bite","Doubt","Glutton:EatAlive","Glutton:Mug","Glutton:Hoard","Glutton:Bite","Glutton:Treat+1"],"relics":["Glutton:EternalHunger","Bag of Marbles","Glutton:LuckySock","Strawberry","reliquary:Buckler","SlaversCollar","Shovel","Nloth\u0027s Gift","Torii","Thread and Needle"],"acts_visited":["Exordium","TheCity"],"potions_floor_usage":[13,24],"damage_taken":[{"damage":7,"enemies":"Jaw Worm","floor":1,"turns":3},{"damage":16,"enemies":"2 Louse","floor":3,"turns":2},{"damage":12,"enemies":"Cultist","floor":5,"turns":2},{"damage":85,"enemies":"Lagavulin","floor":6,"turns":6},{"damage":31,"enemies":"Gremlin Nob","floor":8,"turns":3},{"damage":9,"enemies":"3 Louse","floor":10,"turns":2},{"damage":50,"enemies":"3 Sentries","floor":13,"turns":7},{"damage":58,"enemies":"Hexaghost","floor":16,"turns":8},{"damage":83,"enemies":"3 Byrds","floor":18,"turns":7},{"damage":33,"enemies":"Spheric Guardian","floor":22,"turns":4},{"damage":45,"enemies":"Book of Stabbing","floor":24,"turns":5},{"damage":16,"enemies":"Snake Plant","floor":25,"turns":1}],"seed_played":"-5121003192251175306","potions_obtained":[{"floor":1,"key":"Ancient Potion"},{"floor":6,"key":"Strength Potion"},{"floor":10,"key":"Strength Potion"},{"floor":22,"key":"SneckoOil"}],"is_trial":false,"path_per_floor":["M","?","M","?","M","E","R","E","T","M","$","R","E","?","R","B",null,"M","?","$","?","M","R","E","M"],"character_chosen":"GLUTTON","items_purchased":["Glutton:StarvationMode","Shovel","Glutton:Hoard"],"campfire_rested":2,"item_purchase_floors":[11,20,20],"current_hp_per_floor":[113,113,97,97,85,8,44,20,20,11,11,49,27,27,27,21,127,71,71,71,71,48,48,16,0,0],"gold":101,"neow_bonus":"RANDOM_COMMON_RELIC","is_daily":false,"chose_seed":false,"campfire_upgraded":1,"win_rate":0.0,"timestamp":1613659635,"path_taken":["M","?","M","?","M","E","R","E","T","M","?","R","E","?","R","BOSS","M","?","$","?","?","R","E","M"],"items_purchased_type":["Card","Relic","Card"],"build_version":"2020-12-13","purchased_purges":0,"victory":false,"max_hp_per_floor":[120,120,120,120,120,120,120,127,127,127,127,127,127,127,127,127,127,134,134,134,134,134,134,141,141,141],"card_choices":[{"not_picked":["Glutton:Profligacy","Glutton:BellySlam"],"picked":"Glutton:GnawingHunger","floor":1},{"not_picked":["Glutton:Brace","Glutton:PainMeditation"],"picked":"Glutton:Demolish","floor":3},{"not_picked":["Glutton:Regurgitate","Glutton:Bite"],"picked":"Glutton:GuardStance","floor":5},{"not_picked":["Glutton:Demolish","Glutton:Nostalgia"],"picked":"Glutton:Overreach","floor":6},{"not_picked":["Glutton:Demolish","Glutton:Profligacy"],"picked":"Glutton:Yearn","floor":8},{"not_picked":["Glutton:Autotomy","Glutton:Hoard"],"picked":"Glutton:Chrysosphagy","floor":10},{"not_picked":["Glutton:DistilledAgony","Glutton:BloodyKnuckle"],"picked":"Glutton:Bite","floor":13},{"not_picked":["Glutton:Hemophilia","Glutton:Fast"],"picked":"Glutton:EatAlive","floor":16},{"not_picked":["Glutton:GnawingHunger","Glutton:Toxicity"],"picked":"Glutton:Mug","floor":18},{"not_picked":["Glutton:DecrepitStrike","Glutton:Tantrum"],"picked":"Glutton:Bite","floor":22},{"not_picked":["Glutton:Slam","Glutton:BellySlam"],"picked":"Glutton:Treat+1","floor":24}],"player_experience":73813,"relics_obtained":[{"floor":6,"key":"Glutton:LuckySock"},{"floor":8,"key":"Strawberry"},{"floor":9,"key":"reliquary:HotPoker"},{"floor":13,"key":"reliquary:Buckler"},{"floor":23,"key":"Torii"},{"floor":24,"key":"Thread and Needle"}],"event_choices":[{"damage_healed":0,"gold_gain":0,"player_choice":"Grow","damage_taken":0,"max_hp_gain":0,"max_hp_loss":0,"event_name":"Living Wall","floor":2,"gold_loss":0,"cards_upgraded":["Glutton:GnawingHunger"]},{"damage_healed":0,"gold_gain":69,"player_choice":"Gained Gold","damage_taken":0,"max_hp_gain":0,"max_hp_loss":0,"event_name":"Golden Wing","floor":4,"gold_loss":0},{"damage_healed":0,"gold_gain":175,"player_choice":"AGREE","damage_taken":0,"max_hp_gain":0,"max_hp_loss":0,"event_name":"Liars Game","floor":14,"gold_loss":0,"cards_obtained":["Doubt"]},{"damage_healed":0,"gold_gain":0,"player_choice":"Simplicity","damage_taken":0,"max_hp_gain":0,"max_hp_loss":0,"event_name":"Back to Basics","floor":19,"gold_loss":0,"cards_upgraded":["Glutton:Strike","Glutton:Strike","Glutton:Strike","Glutton:Strike","Glutton:Defend","Glutton:Defend","Glutton:Defend"]},{"damage_healed":0,"gold_gain":0,"player_choice":"Traded Relic","damage_taken":0,"relics_obtained":["Nloth\u0027s Gift"],"max_hp_gain":0,"max_hp_loss":0,"event_name":"N\u0027loth","floor":21,"relics_lost":["reliquary:HotPoker"],"gold_loss":0}],"is_beta":false,"boss_relics":[{"not_picked":["Coffee Dripper","reliquary:WritOfMandamus"],"picked":"SlaversCollar"}],"items_purged_floors":[],"is_endless":false,"potions_floor_spawned":[1,6,10,22],"killed_by":"Snake Plant","ascension_level":1}}