{"host":"jqkewjmybebgw3gd","time":1613649495,"event":{"mods":["AchievementEnabler","BaseMod","Colored Map","DeckTracker","Keyboard Shortcuts","Minty Spire (QoL Compilation)","StSLib","SuperFastMode"],"gold_per_floor":[118,135,235,245,265,265,292,305,377,393,424,434,434,445,445,550,550,560,475,475,475,6,6,21,51,103,113,113,38,56,83,83,206,206,224,101,117,44,56,88,88,113,137,137,155,155,190,38,38,38,38,38,38,68,68],"floor_reached":56,"language":"KOR","playtime":3984,"items_purged":["Strike_B","Defend_B","Defend_B"],"score":1730,"play_id":"187c14b2-4418-4603-ba17-72b7fe3aeeaa","local_time":"20210218205815","is_ascension_mode":true,"campfire_choices":[{"data":"Tempest","floor":6,"key":"SMITH"},{"floor":13,"key":"DIG"},{"floor":15,"key":"DIG"},{"floor":23,"key":"DIG"},{"floor":28,"key":"RECALL"},{"floor":32,"key":"DIG"},{"floor":41,"key":"DIG"},{"floor":44,"key":"DIG"},{"floor":49,"key":"DIG"},{"floor":52,"key":"DIG"}],"circlet_count":0,"master_deck":["Strike_B","Defend_B","Defend_B","Dualcast","Corruption+1","Sweeping Beam","Leap","Tempest+1","Reinforced Body","Electrodynamics","Thunder Strike","BootSequence","Amplify","Transmutation+1","Leap+1","Stack+1","Coolheaded+1","Genetic Algorithm+1","Machine Learning+1","Storm+1","Double Energy+1","Turbo+1","Skim+1","Chrysalis+1","Aggregate+1"],"relics":["Cracked Core","Dead Branch","Tiny Chest","White Beast Statue","Shovel","Dream Catcher","Blood Vial","Black Star","Toxic Egg 2","Molten Egg 2","Membership Card","Frozen Egg 2","Orichalcum","Ornamental Fan","Ginger","StrikeDummy","Bag of Preparation","Eternal Feather","Strawberry","Question Card","SacredBark","Centennial Puzzle","Anchor","Bottled Lightning","Bag of Marbles","Mercury Hourglass","Juzu Bracelet","Potion Belt","Art of War","Vajra","Oddly Smooth Stone","Akabeko","Mummified Hand","Happy Flower","Kunai"],"acts_visited":["Exordium","TheCity","TheBeyond","TheEnding"],"potions_floor_usage":[11,16,18,24,27,33,40,42,54,55,55,55,55],"damage_taken":[{"damage":4,"enemies":"Jaw Worm","floor":1,"turns":4},{"damage":0,"enemies":"Cultist","floor":2,"turns":3},{"damage":0,"enemies":"Small Slimes","floor":4,"turns":2},{"damage":20,"enemies":"Gremlin Gang","floor":5,"turns":3},{"damage":0,"enemies":"3 Sentries","floor":7,"turns":4},{"damage":0,"enemies":"Large Slime","floor":8,"turns":3},{"damage":0,"enemies":"Exordium Thugs","floor":10,"turns":2},{"damage":0,"enemies":"Lagavulin","floor":11,"turns":4},{"damage":0,"enemies":"Exordium Wildlife","floor":12,"turns":2},{"damage":0,"enemies":"Large Slime","floor":14,"turns":4},{"damage":6,"enemies":"Hexaghost","floor":16,"turns":5},{"damage":0,"enemies":"Shell Parasite","floor":18,"turns":4},{"damage":0,"enemies":"3 Byrds","floor":24,"turns":4},{"damage":27,"enemies":"Slavers","floor":25,"turns":4},{"damage":0,"enemies":"Snecko","floor":27,"turns":3},{"damage":0,"enemies":"Cultist and Chosen","floor":30,"turns":5},{"damage":0,"enemies":"Gremlin Leader","floor":31,"turns":3},{"damage":0,"enemies":"Collector","floor":33,"turns":5},{"damage":5,"enemies":"Orb Walker","floor":35,"turns":3},{"damage":4,"enemies":"3 Shapes","floor":37,"turns":4},{"damage":0,"enemies":"Writhing Mass","floor":39,"turns":4},{"damage":0,"enemies":"Reptomancer","floor":40,"turns":3},{"damage":0,"enemies":"Giant Head","floor":42,"turns":6},{"damage":11,"enemies":"Jaw Worm Horde","floor":45,"turns":3},{"damage":0,"enemies":"Nemesis","floor":47,"turns":3},{"damage":0,"enemies":"Donu and Deca","floor":50,"turns":2},{"damage":0,"enemies":"Shield and Spear","floor":54,"turns":2},{"damage":0,"enemies":"The Heart","floor":55,"turns":3}],"seed_played":"-7913900828917696615","potions_obtained":[{"floor":2,"key":"LiquidBronze"},{"floor":5,"key":"EssenceOfDarkness"},{"floor":10,"key":"SkillPotion"},{"floor":11,"key":"Energy Potion"},{"floor":16,"key":"EssenceOfSteel"},{"floor":18,"key":"AttackPotion"},{"floor":24,"key":"PotionOfCapacity"},{"floor":25,"key":"Swift Potion"},{"floor":27,"key":"SpeedPotion"},{"floor":31,"key":"Fire Potion"},{"floor":33,"key":"EssenceOfSteel"},{"floor":37,"key":"Explosive Potion"},{"floor":39,"key":"Energy Potion"},{"floor":40,"key":"BlessingOfTheForge"},{"floor":42,"key":"SkillPotion"},{"floor":45,"key":"AttackPotion"},{"floor":47,"key":"GamblersBrew"},{"floor":54,"key":"SteroidPotion"}],"is_trial":false,"path_per_floor":["M","M","?","M","M","R","E","M","T","M","E","M","R","M","R","B",null,"M","?","?","T","$","R","M","E","T","M","R","?","M","E","R","B",null,"M","$","M","$","M","E","R","E","T","R","M","?","E","$","R","B",null,"R","$","E","B",null],"character_chosen":"DEFECT","items_purchased":["Membership Card","Frozen Egg 2","Orichalcum","Transmutation+1","Centennial Puzzle","Anchor","Chrysalis+1"],"campfire_rested":0,"item_purchase_floors":[22,22,22,22,36,38,48],"current_hp_per_floor":[71,71,71,71,51,51,51,51,51,51,51,51,51,51,51,47,75,75,75,75,75,75,75,75,48,48,50,50,50,52,61,73,75,82,77,77,75,75,77,79,82,82,82,82,71,71,73,73,82,82,82,82,82,82,82],"gold":68,"neow_bonus":"THREE_CARDS","is_daily":false,"chose_seed":false,"campfire_upgraded":1,"win_rate":0.0,"timestamp":1613649495,"path_taken":["M","M","?","M","M","R","E","M","T","M","E","?","R","M","R","BOSS","M","?","?","?","$","R","M","E","T","M","R","?","M","E","R","BOSS","M","$","M","$","M","E","R","E","T","R","M","?","E","$","R","BOSS","R","$","E","BOSS"],"items_purchased_type":["Relic","Relic","Relic","Card","Relic","Relic","Card"],"build_version":"2020-12-22","purchased_purges":3,"victory":true,"max_hp_per_floor":[75,75,75,75,75,75,75,75,75,75,75,75,75,75,75,75,75,75,75,75,75,75,75,75,75,75,75,75,75,75,82,82,82,82,82,82,82,82,82,82,82,82,82,82,82,82,82,82,82,82,82,82,82,82,82],"card_choices":[{"not_picked":["Static Discharge","Go for the Eyes"],"picked":"Sweeping Beam","floor":0},{"not_picked":["Cold Snap","Compile Driver"],"picked":"Leap","floor":1},{"not_picked":["Go for the Eyes","Barrage","Redo"],"picked":"SKIP","floor":2},{"not_picked":["Coolheaded","Aggregate"],"picked":"Tempest","floor":4},{"not_picked":["Sweeping Beam","Hello World","Go for the Eyes"],"picked":"SKIP","floor":5},{"not_picked":["Rip and Tear","Redo"],"picked":"Reinforced Body","floor":7},{"not_picked":["Streamline","Steam"],"picked":"Electrodynamics","floor":8},{"not_picked":["Gash","Doom and Gloom","Go for the Eyes"],"picked":"SKIP","floor":10},{"not_picked":["Sweeping Beam","Hello World","Redo"],"picked":"SKIP","floor":11},{"not_picked":["Loop","Cold Snap"],"picked":"Thunder Strike","floor":12},{"not_picked":["Rip and Tear","Stack"],"picked":"BootSequence","floor":14},{"not_picked":["Buffer","All For One"],"picked":"Amplify","floor":16},{"not_picked":["Ball Lightning","Defragment","Reinforced Body"],"picked":"SKIP","floor":18},{"not_picked":["Steam+1","Cold Snap+1"],"picked":"Leap+1","floor":24},{"not_picked":["Hello World+1","Steam+1"],"picked":"Stack+1","floor":25},{"not_picked":["Hello World+1","Stack+1"],"picked":"Coolheaded+1","floor":27},{"not_picked":["Streamline+1","Leap+1","Gash+1"],"picked":"SKIP","floor":30},{"not_picked":["Steam+1","FTL+1"],"picked":"Genetic Algorithm+1","floor":31},{"not_picked":["Thunder Strike+1","Biased Cognition+1","Rainbow+1"],"picked":"Machine Learning+1","floor":33},{"not_picked":["Go for the Eyes+1","Beam Cell+1","Steam+1","Streamline+1"],"picked":"SKIP","floor":35},{"not_picked":["Loop+1","Fusion+1","Stack+1","Capacitor+1"],"picked":"SKIP","floor":37},{"not_picked":["Compile Driver+1","Leap+1","Cold Snap+1","Ball Lightning+1"],"picked":"SKIP","floor":39},{"not_picked":["Gash+1","Conserve Battery+1","Streamline+1"],"picked":"Storm+1","floor":40},{"not_picked":["Cold Snap+1","Recycle+1","Go for the Eyes+1"],"picked":"Double Energy+1","floor":42},{"not_picked":["Ball Lightning+1","Cold Snap+1","Auto Shields+1"],"picked":"Turbo+1","floor":45},{"not_picked":["Scrape+1","Fission+1","White Noise+1"],"picked":"Skim+1","floor":47},{"not_picked":["Chaos+1","Streamline+1","Ball Lightning+1"],"picked":"Aggregate+1","floor":54}],"player_experience":557784,"relics_obtained":[{"floor":7,"key":"Tiny Chest"},{"floor":9,"key":"White Beast Statue"},{"floor":11,"key":"Shovel"},{"floor":13,"key":"Dream Catcher"},{"floor":15,"key":"Blood Vial"},{"floor":21,"key":"Molten Egg 2"},{"floor":23,"key":"Ornamental Fan"},{"floor":25,"key":"Ginger"},{"floor":25,"key":"StrikeDummy"},{"floor":26,"key":"Bag of Preparation"},{"floor":31,"key":"Eternal Feather"},{"floor":31,"key":"Strawberry"},{"floor":32,"key":"Question Card"},{"floor":40,"key":"Bottled Lightning"},{"floor":40,"key":"Bag of Marbles"},{"floor":41,"key":"Mercury Hourglass"},{"floor":42,"key":"Juzu Bracelet"},{"floor":42,"key":"Potion Belt"},{"floor":44,"key":"Art of War"},{"floor":47,"key":"Vajra"},{"floor":47,"key":"Oddly Smooth Stone"},{"floor":49,"key":"Akabeko"},{"floor":52,"key":"Mummified Hand"},{"floor":54,"key":"Happy Flower"},{"floor":54,"key":"Kunai"}],"event_choices":[{"damage_healed":0,"gold_gain":100,"player_choice":"Pray","damage_taken":0,"max_hp_gain":0,"max_hp_loss":0,"event_name":"Golden Shrine","floor":3,"gold_loss":0},{"damage_healed":0,"gold_gain":0,"player_choice":"Obtained Relic","damage_taken":0,"relics_obtained":["Toxic Egg 2"],"max_hp_gain":0,"max_hp_loss":0,"event_name":"Addict","floor":19,"gold_loss":85},{"cards_removed":["Strike_B"],"damage_healed":0,"gold_gain":0,"player_choice":"Purged","damage_taken":0,"max_hp_gain":0,"max_hp_loss":0,"event_name":"Purifier","floor":20,"gold_loss":0},{"cards_removed":["Strike_B"],"damage_healed":0,"gold_gain":0,"player_choice":"Gave Gold","damage_taken":0,"max_hp_gain":0,"max_hp_loss":0,"event_name":"Beggar","floor":29,"gold_loss":75},{"cards_removed":["Zap"],"damage_healed":0,"gold_gain":0,"player_choice":"Offered Basic","damage_taken":0,"max_hp_gain":0,"max_hp_loss":0,"event_name":"Bonfire Elementals","floor":46,"gold_loss":0}],"is_beta":false,"boss_relics":[{"not_picked":["Runic Pyramid","Empty Cage"],"picked":"Black Star"},{"not_picked":["Inserter","Tiny House"],"picked":"SacredBark"}],"items_purged_floors":[22,36,48],"is_endless":false,"potions_floor_spawned":[2,5,10,11,12,14,16,18,24,25,27,30,31,33,35,37,39,40,42,45,47,54],"ascension_level":1}}