{"host":"ftf7rwqr5w72pdsx","time":1613612022,"event":{"mods":["BaseMod","Bestiary","Minty Spire (QoL Compilation)","Relic Stats","Slay the Relics Exporter"],"gold_per_floor":[122,145,175,204,234,246,272,284,322,345,357,396,421,443,455,562,574,605,630,655,592,621,633,680,710,722,734,760,687,699,726,738,851,863,890,914,926,952,291,291,303,303,303,313,365,395,410,410,410,410,410],"floor_reached":50,"language":"ENG","playtime":3798,"items_purged":["Strike_R"],"score":956,"play_id":"d79c9c05-a6ab-4c45-9b40-a8177fd5859b","local_time":"20210217193342","is_ascension_mode":true,"campfire_choices":[{"data":"Armaments","floor":6,"key":"SMITH"},{"data":"Combust","floor":8,"key":"SMITH"},{"data":"Disarm","floor":11,"key":"SMITH"},{"data":"Carnage","floor":15,"key":"SMITH"},{"data":"Disarm","floor":23,"key":"SMITH"},{"floor":30,"key":"REST"},{"data":"Combust","floor":32,"key":"SMITH"},{"data":"Corruption","floor":40,"key":"SMITH"},{"floor":49,"key":"RECALL"}],"circlet_count":0,"master_deck":["AscendersBane","Strike_R","Strike_R","Defend_R","Defend_R","Defend_R","Defend_R","Bash","Combust+1","Armaments+1","Disarm+1","Battle Trance","Rampage","Flame Barrier","Twin Strike","Shrug It Off","Carnage+1","Feed","Disarm","Seeing Red","Disarm+1","Shrug It Off+1","Headbutt","Power Through+1","Clumsy","Disarm+1","Combust+1","Corruption+1","Flame Barrier","Shrug It Off","Feel No Pain+1","Dark Embrace","Ghostly Armor","Shrug It Off","Clumsy","Second Wind","Iron Wave+1","Ghostly Armor","Flame Barrier","PanicButton","Mind Blast","Bandage Up"],"relics":["Burning Blood","MawBank","Happy Flower","Eternal Feather","Cursed Key","MealTicket","Lantern","Black Star","Lee\u0027s Waffle","Red Skull","Dream Catcher","War Paint","Lizard Tail","Akabeko","FossilizedHelix"],"acts_visited":["Exordium","TheCity","TheBeyond"],"potions_floor_usage":[5,16,19,24,31,35,45,46],"damage_taken":[{"damage":6.0,"enemies":"Cultist","floor":1.0,"turns":4.0},{"damage":0.0,"enemies":"Small Slimes","floor":2.0,"turns":3.0},{"damage":5.0,"enemies":"2 Louse","floor":3.0,"turns":3.0},{"damage":9.0,"enemies":"2 Fungi Beasts","floor":4.0,"turns":3.0},{"damage":7,"enemies":"Lots of Slimes","floor":5,"turns":2},{"damage":2,"enemies":"3 Louse","floor":7,"turns":3},{"damage":4,"enemies":"2 Fungi Beasts","floor":10,"turns":3},{"damage":17,"enemies":"3 Sentries","floor":12,"turns":7},{"damage":3,"enemies":"Large Slime","floor":13,"turns":5},{"damage":10,"enemies":"Exordium Thugs","floor":14,"turns":5},{"damage":59,"enemies":"Slime Boss","floor":16,"turns":9},{"damage":2,"enemies":"Chosen","floor":18,"turns":4},{"damage":13,"enemies":"Spheric Guardian","floor":19,"turns":4},{"damage":24,"enemies":"Snake Plant","floor":20,"turns":5},{"damage":11,"enemies":"Centurion and Healer","floor":22,"turns":6},{"damage":36,"enemies":"Gremlin Leader","floor":24,"turns":10},{"damage":25,"enemies":"Chosen and Byrds","floor":25,"turns":7},{"damage":3,"enemies":"Snake Plant","floor":28,"turns":6},{"damage":9,"enemies":"3 Cultists","floor":31,"turns":5},{"damage":89,"enemies":"Collector","floor":33,"turns":14},{"damage":34,"enemies":"Orb Walker","floor":35,"turns":4},{"damage":20,"enemies":"3 Shapes","floor":36,"turns":5},{"damage":31,"enemies":"3 Darklings","floor":38,"turns":6},{"damage":11,"enemies":"Maw","floor":41,"turns":9},{"damage":31,"enemies":"Writhing Mass","floor":44,"turns":10},{"damage":58,"enemies":"2 Orb Walkers","floor":45,"turns":6},{"damage":13,"enemies":"Giant Head","floor":46,"turns":9},{"damage":42,"enemies":"3 Darklings","floor":47,"turns":8},{"damage":85,"enemies":"Time Eater","floor":50,"turns":13}],"seed_played":"7164759766773059814","potions_obtained":[{"floor":1.0,"key":"Fire Potion"},{"floor":2.0,"key":"ElixirPotion"},{"floor":5,"key":"BloodPotion"},{"floor":12,"key":"Weak Potion"},{"floor":16,"key":"SteroidPotion"},{"floor":19,"key":"Explosive Potion"},{"floor":20,"key":"Energy Potion"},{"floor":33,"key":"FearPotion"},{"floor":35,"key":"SpeedPotion"},{"floor":44,"key":"GamblersBrew"},{"floor":45,"key":"Weak Potion"}],"is_trial":false,"path_per_floor":["M","M","M","M","M","R","M","R","T","M","R","E","M","M","R","B",null,"M","M","M","?","M","R","E","M","T","$","M","?","R","M","R","B",null,"M","M","?","M","$","R","M","?","T","M","?","E","M","?","R","B"],"character_chosen":"IRONCLAD","items_purchased":["Dark Embrace","Lee\u0027s Waffle","Ghostly Armor","Red Skull","Dream Catcher"],"campfire_rested":1,"item_purchase_floors":[39,39,39,39,39],"current_hp_per_floor":[72,78,79,76,75,75,79,79,79,80,80,69,72,68,80,43,71,75,68,50,50,49,61,34,15,15,30,36,36,78,78,93,13,75,51,40,40,15,110,110,105,105,105,83,34,30,58,48,72,0,0],"gold":410,"neow_bonus":"RANDOM_COMMON_RELIC","is_daily":false,"chose_seed":false,"campfire_upgraded":7,"win_rate":0.0,"timestamp":1613612022,"path_taken":["M","?","M","M","M","R","M","R","T","M","R","E","?","M","R","BOSS","M","M","M","?","M","R","E","M","T","$","M","?","R","M","R","BOSS","M","M","?","M","$","R","?","?","T","M","?","E","M","?","R","BOSS"],"items_purchased_type":["Card","Relic","Card","Relic","Relic"],"build_version":"2020-12-22","purchased_purges":1,"victory":false,"max_hp_per_floor":[80,80,80,80,80,80,80,80,80,80,80,80,80,80,80,80,80,80,80,80,80,84,84,87,87,87,87,90,90,90,93,93,96,96,100,103,103,103,110,110,110,110,110,113,116,119,122,122,122,122,122],"relic_stats":{"Lee\u0027s Waffle":80,"Happy Flower":[53],"counters":[29,178],"Eternal Feather":78,"War Paint":["Shrug It Off","Power Through"],"MawBank":468,"Cursed Key":2,"Burning Blood":167,"Dream Catcher":0,"Lizard Tail":59,"MealTicket":30,"Black Star":1,"obtain_stats":[{"Lantern":29,"Lee\u0027s Waffle":39,"Happy Flower":9,"Eternal Feather":12,"War Paint":43,"MawBank":0,"Cursed Key":17,"Burning Blood":0,"Akabeko":46,"Dream Catcher":39,"Lizard Tail":45,"MealTicket":24,"Black Star":34,"Red Skull":39,"FossilizedHelix":46},{"Lantern":18,"Lee\u0027s Waffle":23,"Happy Flower":6,"Eternal Feather":8,"War Paint":24,"MawBank":0,"Cursed Key":11,"Burning Blood":0,"Akabeko":27,"Dream Catcher":23,"Lizard Tail":26,"MealTicket":16,"Black Star":20,"Red Skull":23,"FossilizedHelix":27},{"Lantern":89,"Lee\u0027s Waffle":123,"Happy Flower":18,"Eternal Feather":28,"War Paint":132,"MawBank":0,"Cursed Key":47,"Burning Blood":0,"Akabeko":157,"Dream Catcher":123,"Lizard Tail":148,"MealTicket":76,"Black Star":108,"Red Skull":123,"FossilizedHelix":157}]},"card_choices":[{"not_picked":["Cleave","Sentinel"],"picked":"Combust","floor":1.0},{"not_picked":["Flex","Sentinel","Sword Boomerang"],"picked":"SKIP","floor":2.0},{"not_picked":["Twin Strike","Bloodletting"],"picked":"Armaments","floor":3.0},{"not_picked":["Clash","Power Through"],"picked":"Disarm","floor":4.0},{"not_picked":["Reckless Charge","Anger"],"picked":"Battle Trance","floor":5},{"not_picked":["Bloodletting","Reckless Charge"],"picked":"Rampage","floor":7},{"not_picked":["Iron Wave","Pommel Strike"],"picked":"Flame Barrier","floor":10},{"not_picked":["Sentinel","Iron Wave"],"picked":"Twin Strike","floor":12},{"not_picked":["Sentinel","Burning Pact"],"picked":"Shrug It Off","floor":13},{"not_picked":["Havoc","Heavy Blade"],"picked":"Carnage","floor":14},{"not_picked":["Bludgeon","Impervious"],"picked":"Feed","floor":16},{"not_picked":["Body Slam","Uppercut"],"picked":"Disarm","floor":18},{"not_picked":["Armaments","Warcry+1"],"picked":"Seeing Red","floor":19},{"not_picked":["Wild Strike","Armaments+1"],"picked":"Disarm","floor":20},{"not_picked":["Iron Wave+1","Searing Blow+1"],"picked":"Shrug It Off","floor":22},{"not_picked":["Wild Strike","Perfected Strike"],"picked":"Headbutt","floor":24},{"not_picked":["Evolve+1","Sever Soul"],"picked":"Power Through","floor":25},{"not_picked":["Blood for Blood","Double Tap"],"picked":"Disarm+1","floor":28},{"not_picked":["Twin Strike","Heavy Blade"],"picked":"Combust","floor":31},{"not_picked":["Barricade","Fiend Fire"],"picked":"Corruption","floor":33},{"not_picked":["Iron Wave","True Grit"],"picked":"Flame Barrier","floor":35},{"not_picked":["Searing Blow","Carnage"],"picked":"Shrug It Off","floor":36},{"not_picked":["Warcry+1","Sword Boomerang"],"picked":"Feel No Pain+1","floor":38},{"not_picked":["Warcry","Thunderclap"],"picked":"Shrug It Off","floor":41},{"not_picked":["Double Tap","Twin Strike+1"],"picked":"Second Wind","floor":44},{"not_picked":["Battle Trance","Cleave"],"picked":"Iron Wave+1","floor":45},{"not_picked":["Clash","Headbutt"],"picked":"Ghostly Armor","floor":46},{"not_picked":["Iron Wave","Inflame"],"picked":"Flame Barrier","floor":47},{"not_picked":["Dark Shackles","Master of Strategy"],"picked":"PanicButton","floor":48},{"not_picked":["Discovery","Forethought"],"picked":"Mind Blast","floor":48},{"not_picked":["Transmutation","The Bomb"],"picked":"Bandage Up","floor":48}],"player_experience":835735,"relics_obtained":[{"floor":9,"key":"Happy Flower"},{"floor":12,"key":"Eternal Feather"},{"floor":24,"key":"MealTicket"},{"floor":43,"key":"War Paint"},{"floor":45,"key":"Lizard Tail"},{"floor":46,"key":"Akabeko"},{"floor":46,"key":"FossilizedHelix"}],"event_choices":[{"cards_removed":["Strike_R"],"damage_healed":0,"gold_gain":0,"player_choice":"Gave Gold","damage_taken":0,"max_hp_gain":0,"max_hp_loss":0,"event_name":"Beggar","floor":21,"gold_loss":75},{"damage_healed":0,"gold_gain":0,"player_choice":"Obtained Relic","damage_taken":0,"relics_obtained":["Lantern"],"max_hp_gain":0,"max_hp_loss":0,"event_name":"Addict","floor":29,"gold_loss":85},{"cards_removed":["Strike_R"],"damage_healed":0,"gold_gain":0,"player_choice":"Purged","damage_taken":0,"max_hp_gain":0,"max_hp_loss":0,"event_name":"Purifier","floor":37,"gold_loss":0},{"damage_healed":0,"gold_gain":0,"player_choice":"Ignored","damage_taken":0,"max_hp_gain":0,"max_hp_loss":0,"event_name":"Tomb of Lord Red Mask","floor":42,"gold_loss":0},{"damage_healed":0,"gold_gain":0,"player_choice":"Fight","damage_taken":0,"max_hp_gain":0,"max_hp_loss":0,"event_name":"Mysterious Sphere","floor":45,"gold_loss":0},{"damage_healed":0,"gold_gain":0,"player_choice":"Memory 3","damage_taken":10,"max_hp_gain":0,"max_hp_loss":0,"event_name":"SensoryStone","floor":48,"gold_loss":0}],"is_beta":false,"boss_relics":[{"not_picked":["Mark of Pain","Sozu"],"picked":"Cursed Key"},{"not_picked":["Coffee Dripper","Velvet Choker"],"picked":"Black Star"}],"items_purged_floors":[39],"is_endless":false,"potions_floor_spawned":[1,2,5,12,16,18,19,20,33,35,44,45],"killed_by":"Time Eater","ascension_level":12}}