{"host":"3zmssa4s99zhxek5","time":1613636792,"event":{"mods":["AchievementEnabler","BaseMod","Minty Spire (QoL Compilation)","Permanent Neow","Relic Stats"],"gold_per_floor":[364,377,391,406,305,332,332,344,344,354,429,443,443,470,470,546,546,558,105,116,63,82,112,131,131,154,172,172,8,8,40,40,114,114,127,141,141,141,158,158,177,177,177,177,190,208,58,70,70,70,70],"floor_reached":50,"language":"KOR","playtime":2766,"items_purged":["Strike_R","Strike_R","Decay","Anger+1"],"score":1051,"play_id":"0bc55e30-7b8e-48f0-be7c-af3a5d13ebbc","local_time":"20210218172632","is_ascension_mode":true,"campfire_choices":[{"data":"Anger","floor":7.0,"key":"SMITH"},{"data":"Inflame","floor":15.0,"key":"SMITH"},{"data":"Metallicize","floor":30.0,"key":"SMITH"},{"floor":32.0,"key":"REST"},{"data":"Metallicize","floor":40.0,"key":"SMITH"},{"data":"Barricade","floor":42.0,"key":"SMITH"},{"data":"Battle Trance","floor":44.0,"key":"SMITH"},{"data":"Entrench","floor":49,"key":"SMITH"}],"circlet_count":0,"master_deck":["AscendersBane","Strike_R","Strike_R","Strike_R","Defend_R","Defend_R","Defend_R","Defend_R","Bash","Inflame+1","Battle Trance+1","Metallicize+1","Metallicize+1","Shockwave","Thunderclap","Pummel","Fiend Fire","Clothesline","Impervious","Apotheosis","Metallicize","Shrug It Off","Dark Embrace","RitualDagger","Rage","Barricade+1","Corruption","Burning Pact","Iron Wave+1","Madness","Madness","Dual Wield+1","Body Slam+1","Entrench+1"],"relics":["Burning Blood","MealTicket","Pantograph","Lantern","Sozu","Pen Nib","Tiny Chest","Thread and Needle","Coffee Dripper","Ginger","Gremlin Horn"],"acts_visited":["Exordium","TheCity","TheBeyond"],"potions_floor_usage":[],"damage_taken":[{"damage":7.0,"enemies":"Cultist","floor":1.0,"turns":4.0},{"damage":9.0,"enemies":"Jaw Worm","floor":2.0,"turns":5.0},{"damage":4.0,"enemies":"2 Louse","floor":3.0,"turns":5.0},{"damage":10.0,"enemies":"Blue Slaver","floor":4.0,"turns":7.0},{"damage":19.0,"enemies":"Gremlin Nob","floor":6.0,"turns":4.0},{"damage":12.0,"enemies":"Exordium Thugs","floor":8.0,"turns":4.0},{"damage":5.0,"enemies":"2 Fungi Beasts","floor":10.0,"turns":5.0},{"damage":24.0,"enemies":"Exordium Wildlife","floor":12.0,"turns":4.0},{"damage":34.0,"enemies":"Hexaghost","floor":16.0,"turns":8.0},{"damage":0.0,"enemies":"Chosen","floor":18.0,"turns":3.0},{"damage":13.0,"enemies":"2 Thieves","floor":20.0,"turns":4.0},{"damage":32.0,"enemies":"Snake Plant","floor":22.0,"turns":3.0},{"damage":22.0,"enemies":"Book of Stabbing","floor":23.0,"turns":4.0},{"damage":11.0,"enemies":"Snecko","floor":24.0,"turns":5.0},{"damage":9.0,"enemies":"Chosen and Byrds","floor":27.0,"turns":7.0},{"damage":24.0,"enemies":"Slavers","floor":31.0,"turns":2.0},{"damage":5.0,"enemies":"Automaton","floor":33.0,"turns":10.0},{"damage":14.0,"enemies":"3 Darklings","floor":35.0,"turns":6.0},{"damage":0.0,"enemies":"Orb Walker","floor":36.0,"turns":4.0},{"damage":5.0,"enemies":"4 Shapes","floor":39.0,"turns":9.0},{"damage":18.0,"enemies":"3 Darklings","floor":41.0,"turns":6.0},{"damage":0.0,"enemies":"Maw","floor":45.0,"turns":7.0},{"damage":29,"enemies":"Spire Growth","floor":46,"turns":5},{"damage":1,"enemies":"4 Shapes","floor":48,"turns":5},{"damage":82,"enemies":"Awakened One","floor":50,"turns":7}],"seed_played":"-8696621978732362840","potions_obtained":[{"floor":1.0,"key":"DuplicationPotion"},{"floor":2.0,"key":"BloodPotion"},{"floor":4.0,"key":"AttackPotion"}],"is_trial":false,"path_per_floor":["M","M","M","M","$","E","R","M","T","M","?","M","?","T","R","B",null,"M","$","M","$","M","E","M","?","T","M","?","$","R","E","R","B",null,"M","M","?","T","M","R","M","R","T","R","M","M","$","M","R","B"],"character_chosen":"IRONCLAD","items_purchased":["Anger","Impervious","Apotheosis","Shrug It Off","Rage"],"campfire_rested":1,"item_purchase_floors":[5,19,19,21,29],"current_hp_per_floor":[49,46,48,59,59,46,46,40,40,41,30,12,12,12,12,9,59,65,75,68,75,49,33,28,22,22,19,19,34,34,16,38,64,72,64,70,56,56,57,57,45,45,45,45,51,28,43,48,48,0,0],"gold":70,"neow_bonus":"TWO_FIFTY_GOLD","is_daily":false,"chose_seed":false,"campfire_upgraded":7,"win_rate":0.0,"timestamp":1613636792,"path_taken":["M","M","M","M","$","E","R","M","T","?","?","M","?","?","R","BOSS","M","$","M","$","M","E","M","?","T","M","?","?","R","E","R","BOSS","M","M","?","?","M","R","M","R","T","R","M","M","$","?","R","BOSS"],"items_purchased_type":["Card","Card","Card","Card","Card"],"build_version":"2020-12-22","purchased_purges":4,"victory":false,"max_hp_per_floor":[75,75,75,75,75,75,75,75,75,75,75,75,75,75,75,75,75,75,75,75,75,75,75,75,75,75,75,75,75,75,75,75,75,75,75,75,75,75,75,75,75,75,75,75,75,75,75,75,75,75,75],"relic_stats":{"Sozu":7,"Gremlin Horn":[5,5],"counters":[25,133],"Pantograph":75,"MealTicket":47,"Tiny Chest":1,"Pen Nib":[12],"Ginger":[5],"obtain_stats":[{"Sozu":17,"Lantern":14,"Gremlin Horn":43,"Pantograph":9,"MealTicket":6,"Tiny Chest":26,"Thread and Needle":31,"Pen Nib":23,"Coffee Dripper":34,"Ginger":38,"Burning Blood":0},{"Sozu":9,"Lantern":8,"Gremlin Horn":21,"Pantograph":6,"MealTicket":5,"Tiny Chest":14,"Thread and Needle":16,"Pen Nib":13,"Coffee Dripper":17,"Ginger":19,"Burning Blood":0},{"Sozu":46,"Lantern":38,"Gremlin Horn":109,"Pantograph":29,"MealTicket":25,"Tiny Chest":65,"Thread and Needle":74,"Pen Nib":60,"Coffee Dripper":84,"Ginger":94,"Burning Blood":0}],"Burning Blood":144},"card_choices":[{"not_picked":["Clash","Wild Strike"],"picked":"Inflame","floor":1.0},{"not_picked":["Shrug It Off","Feel No Pain"],"picked":"Battle Trance","floor":2.0},{"not_picked":["Body Slam","Clash"],"picked":"Metallicize","floor":3.0},{"not_picked":["Iron Wave","Twin Strike"],"picked":"Metallicize","floor":4.0},{"not_picked":["Bloodletting","Anger","Fire Breathing"],"picked":"SKIP","floor":6.0},{"not_picked":["Havoc","Wild Strike"],"picked":"Shockwave","floor":8.0},{"not_picked":["Body Slam","Heavy Blade"],"picked":"Thunderclap","floor":10.0},{"not_picked":["Twin Strike","Rampage"],"picked":"Pummel","floor":12.0},{"not_picked":["Double Tap","Limit Break"],"picked":"Fiend Fire","floor":16.0},{"not_picked":["Havoc","Wild Strike"],"picked":"Clothesline","floor":18.0},{"not_picked":["Flex","Pommel Strike+1"],"picked":"Metallicize","floor":20.0},{"not_picked":["Thunderclap+1","Bloodletting+1"],"picked":"Dark Embrace","floor":22.0},{"not_picked":["Carnage","Armaments","Thunderclap"],"picked":"SKIP","floor":23.0},{"not_picked":["Iron Wave","Pommel Strike","Armaments"],"picked":"SKIP","floor":24.0},{"not_picked":["Hemokinesis","Body Slam","Dual Wield+1"],"picked":"SKIP","floor":27.0},{"not_picked":["Wild Strike","Flex"],"picked":"Barricade","floor":31.0},{"not_picked":["Reaper","Immolate"],"picked":"Corruption","floor":33.0},{"not_picked":["Twin Strike","Sever Soul"],"picked":"Burning Pact","floor":35.0},{"not_picked":["Anger","Reckless Charge"],"picked":"Iron Wave+1","floor":36.0},{"not_picked":["Seeing Red+1","Twin Strike+1","Second Wind"],"picked":"SKIP","floor":39.0},{"not_picked":["Havoc+1","Sentinel"],"picked":"Dual Wield+1","floor":41.0},{"not_picked":["Cleave","Shrug It Off"],"picked":"Body Slam+1","floor":45.0},{"not_picked":["Combust","Wild Strike"],"picked":"Entrench","floor":46},{"not_picked":["Fire Breathing","Rupture","Dropkick"],"picked":"SKIP","floor":48}],"player_experience":1666479,"relics_obtained":[{"floor":6.0,"key":"MealTicket"},{"floor":9.0,"key":"Pantograph"},{"floor":14.0,"key":"Lantern"},{"floor":23.0,"key":"Pen Nib"},{"floor":26.0,"key":"Tiny Chest"},{"floor":31.0,"key":"Thread and Needle"},{"floor":38.0,"key":"Ginger"},{"floor":43.0,"key":"Gremlin Horn"}],"event_choices":[{"damage_healed":0.0,"max_hp_gain":0.0,"max_hp_loss":0.0,"gold_gain":75.0,"event_name":"World of Goop","player_choice":"Gather Gold","floor":11.0,"gold_loss":0.0,"damage_taken":11.0},{"damage_healed":0.0,"max_hp_gain":0.0,"max_hp_loss":0.0,"gold_gain":0.0,"event_name":"Dead Adventurer","player_choice":"Searched \u00270\u0027 times","floor":13.0,"gold_loss":0.0,"damage_taken":0.0},{"damage_healed":0.0,"max_hp_gain":0.0,"max_hp_loss":0.0,"gold_gain":0.0,"event_name":"Nest","player_choice":"Joined the Cult","floor":25.0,"gold_loss":0.0,"damage_taken":6.0,"cards_obtained":["RitualDagger"]},{"damage_healed":0.0,"max_hp_gain":0.0,"max_hp_loss":0.0,"gold_gain":0.0,"event_name":"Forgotten Altar","player_choice":"Smashed Altar","floor":28.0,"gold_loss":0.0,"damage_taken":0.0,"cards_obtained":["Decay"]},{"damage_healed":0.0,"max_hp_gain":0.0,"max_hp_loss":0.0,"gold_gain":0.0,"event_name":"Winding Halls","player_choice":"Embrace Madness","floor":37.0,"gold_loss":0.0,"damage_taken":14.0,"cards_obtained":["Madness","Madness"]}],"is_beta":false,"boss_relics":[{"not_picked":["Philosopher\u0027s Stone","Fusion Hammer"],"picked":"Sozu"},{"not_picked":["Astrolabe","Empty Cage"],"picked":"Coffee Dripper"}],"items_purged_floors":[5,19,29,47],"is_endless":false,"potions_floor_spawned":[1,2,4,20,27,31,33,39,41,45],"killed_by":"Awakened One","ascension_level":20}}