{"host":"dqv8oo4v229c1o2l","time":1613670129,"event":{"mods":["AchievementEnabler","BaseMod","Colored Map","Colored Powertips","Minty Spire (QoL Compilation)","Quick Restart","Rare Cards Sparkle","StSLib","Synergy Search"],"gold_per_floor":[210,229,241,27,47,47,47,47,129,129,33,100,119,129,129,229,229,248,24,39,56,56,56,66,66,93,93,93,8,25,25,25,125,125,135,135,185,36,36,63,0,31,55,87,99,111,123,150,162,174],"floor_reached":51,"language":"ENG","playtime":2262,"items_purged":[],"score":1182,"play_id":"21dd19da-fb59-4485-bf58-47b83189fe6c","local_time":"20210218094209","is_ascension_mode":true,"campfire_choices":[{"data":"Zap","floor":6.0,"key":"SMITH"},{"data":"Redo","floor":8.0,"key":"SMITH"},{"data":"Scrape","floor":15.0,"key":"SMITH"},{"floor":23.0,"key":"RECALL"},{"floor":25.0,"key":"REST"},{"data":"Hologram","floor":28.0,"key":"SMITH"},{"data":"Steam Power","floor":32.0,"key":"SMITH"},{"data":"Reboot","floor":45.0,"key":"SMITH"},{"data":"Skim","floor":47.0,"key":"SMITH"},{"data":"Ghostly","floor":49.0,"key":"SMITH"}],"circlet_count":0,"master_deck":["Zap+1","Dualcast+1","Redo+1","Stack","Finesse","Scrape+1","Streamline+1","BootSequence","Swift Strike+1","Beam Cell+1","Go for the Eyes+1","Reboot+1","Glacier","Self Repair","Turbo","BootSequence","Coolheaded","Multi-Cast","Scrape+1","Skim+1","Gash+1","Reinforced Body","Hologram+1","Beam Cell+1","Ghostly+1","Ghostly","Ghostly","Ghostly","Ghostly","Steam Power+1","Gash+1","All For One+1","FTL+1","Scrape+1","Hologram+1"],"relics":["Cracked Core","Molten Egg 2","Pandora\u0027s Box","Sling","Juzu Bracelet","Busted Crown","TungstenRod","Gremlin Horn","Red Mask","Regal Pillow","Centennial Puzzle","MawBank"],"acts_visited":["Exordium","TheCity","TheBeyond"],"potions_floor_usage":[50],"damage_taken":[{"damage":1.0,"enemies":"Cultist","floor":1.0,"turns":3.0},{"damage":1.0,"enemies":"2 Louse","floor":2.0,"turns":2.0},{"damage":2.0,"enemies":"Jaw Worm","floor":3.0,"turns":3.0},{"damage":13.0,"enemies":"Large Slime","floor":5.0,"turns":6.0},{"damage":0.0,"enemies":"2 Fungi Beasts","floor":13.0,"turns":2.0},{"damage":0.0,"enemies":"Looter","floor":14.0,"turns":3.0},{"damage":3.0,"enemies":"Slime Boss","floor":16.0,"turns":6.0},{"damage":18.0,"enemies":"3 Byrds","floor":18.0,"turns":4.0},{"damage":0.0,"enemies":"Spheric Guardian","floor":20.0,"turns":3.0},{"damage":4.0,"enemies":"Snake Plant","floor":21.0,"turns":2.0},{"damage":8.0,"enemies":"3 Cultists","floor":24.0,"turns":4.0},{"damage":3.0,"enemies":"Shelled Parasite and Fungi","floor":30.0,"turns":5.0},{"damage":24.0,"enemies":"Automaton","floor":33.0,"turns":11.0},{"damage":2.0,"enemies":"3 Darklings","floor":35.0,"turns":4.0},{"damage":0.0,"enemies":"Mind Bloom Boss Battle","floor":37.0,"turns":2.0},{"damage":0.0,"enemies":"Giant Head","floor":40.0,"turns":6.0},{"damage":0.0,"enemies":"Reptomancer","floor":42.0,"turns":5.0},{"damage":0.0,"enemies":"Giant Head","floor":44.0,"turns":6.0},{"damage":0.0,"enemies":"3 Shapes","floor":48.0,"turns":4.0},{"damage":22,"enemies":"Time Eater","floor":50,"turns":8}],"seed_played":"2260286740424914231","potions_obtained":[{"floor":1.0,"key":"SpeedPotion"},{"floor":2.0,"key":"GamblersBrew"},{"floor":3.0,"key":"SkillPotion"},{"floor":30.0,"key":"DuplicationPotion"},{"floor":37.0,"key":"Dexterity Potion"}],"is_trial":false,"path_per_floor":["M","M","M","$","M","R","?","R","T","$","$","?","M","M","R","B",null,"M","$","M","M","?","R","M","R","T","?","R","?","M","?","R","B",null,"M","$","?","$","?","E","?","E","T","E","R","?","R","M","R","B",null],"character_chosen":"DEFECT","items_purchased":["Finesse","Scrape","Streamline","Swift Strike+1","Reinforced Body","Sling","FTL+1","Scrape+1"],"campfire_rested":1,"item_purchase_floors":[4,4,4,11,19,19,38,38],"current_hp_per_floor":[67,66,64,64,51,51,36,36,36,36,36,36,36,36,36,33,65,47,47,47,43,43,43,42,64,64,37,37,37,37,37,37,20,33,37,37,37,37,35,35,35,35,35,35,35,35,35,35,35,13],"gold":186,"neow_bonus":"HUNDRED_GOLD","is_daily":false,"chose_seed":false,"campfire_upgraded":8,"win_rate":0.0,"timestamp":1613670129,"path_taken":["M","M","M","$","?","R","?","R","T","?","$","?","M","M","R","BOSS","M","$","M","M","?","R","M","R","T","?","R","?","M","?","R","BOSS","M","$","?","$","?","E","?","E","T","E","R","?","R","M","R","BOSS"],"items_purchased_type":["Card","Card","Card","Card","Card","Relic","Card","Card"],"build_version":"2020-12-22","purchased_purges":0,"victory":true,"max_hp_per_floor":[75,75,75,75,75,75,75,75,75,75,75,75,75,75,75,75,75,75,75,75,75,75,75,75,75,75,37,37,37,37,37,37,37,37,37,37,37,37,35,35,35,35,35,35,35,35,35,35,35,35],"card_choices":[{"not_picked":["Undo","Reprogram"],"picked":"Redo","floor":1.0},{"not_picked":["Undo","Redo","Lockon"],"picked":"SKIP","floor":2.0},{"not_picked":["Barrage","Ball Lightning"],"picked":"Stack","floor":3.0},{"not_picked":["Doom and Gloom","Ball Lightning"],"picked":"BootSequence","floor":5.0},{"not_picked":["Redo","Creative AI"],"picked":"Beam Cell+1","floor":13.0},{"not_picked":["Rip and Tear+1","Darkness"],"picked":"Go for the Eyes+1","floor":14.0},{"not_picked":["Multi-Cast","Creative AI"],"picked":"Reboot","floor":16.0},{"not_picked":["Barrage+1","Cold Snap+1"],"picked":"Gash+1","floor":18.0},{"not_picked":["Barrage+1","Sunder+1"],"picked":"Hologram","floor":20.0},{"not_picked":["Stack","Steam+1"],"picked":"Beam Cell+1","floor":21.0},{"not_picked":["BootSequence","Compile Driver+1"],"picked":"Beam Cell+1","floor":24.0},{"not_picked":["Coolheaded","Storm"],"picked":"Steam Power","floor":30.0},{"not_picked":["Rainbow","Machine Learning"],"picked":"All For One+1","floor":33.0},{"not_picked":["Cold Snap+1"],"picked":"SKIP","floor":35.0},{"not_picked":["Tempest"],"picked":"SKIP","floor":40.0},{"not_picked":[],"picked":"Hologram+1","floor":42.0},{"not_picked":["Streamline+1"],"picked":"SKIP","floor":44.0},{"not_picked":["Streamline+1"],"picked":"SKIP","floor":44.0},{"not_picked":["Coolheaded+1"],"picked":"SKIP","floor":48.0}],"player_experience":327844,"relics_obtained":[{"floor":9.0,"key":"Molten Egg 2"},{"floor":37.0,"key":"TungstenRod"},{"floor":40.0,"key":"Gremlin Horn"},{"floor":42.0,"key":"Regal Pillow"},{"floor":43.0,"key":"Centennial Puzzle"},{"floor":44.0,"key":"MawBank"}],"event_choices":[{"damage_healed":0.0,"max_hp_gain":0.0,"max_hp_loss":0.0,"gold_gain":0.0,"event_name":"Shining Light","player_choice":"Entered Light","floor":7.0,"gold_loss":0.0,"damage_taken":15.0,"cards_upgraded":["Streamline","Dualcast"]},{"damage_healed":0.0,"max_hp_gain":0.0,"max_hp_loss":0.0,"gold_gain":67.0,"event_name":"Golden Wing","player_choice":"Gained Gold","floor":12.0,"gold_loss":0.0,"damage_taken":0.0},{"damage_healed":0.0,"max_hp_gain":0.0,"max_hp_loss":0.0,"gold_gain":0.0,"event_name":"Vampires","player_choice":"Ignored","floor":22.0,"gold_loss":0.0,"damage_taken":0.0},{"damage_healed":0.0,"max_hp_gain":0.0,"max_hp_loss":38.0,"gold_gain":0.0,"event_name":"Ghosts","player_choice":"Became a Ghost","floor":27.0,"gold_loss":0.0,"damage_taken":0.0,"cards_obtained":["Ghostly","Ghostly","Ghostly","Ghostly","Ghostly"]},{"damage_healed":0.0,"max_hp_gain":0.0,"max_hp_loss":0.0,"gold_gain":0.0,"event_name":"Addict","player_choice":"Obtained Relic","floor":29.0,"gold_loss":85.0,"damage_taken":0.0,"relics_obtained":["Juzu Bracelet"]},{"damage_healed":0.0,"max_hp_gain":0.0,"max_hp_loss":0.0,"gold_gain":0.0,"event_name":"The Library","player_choice":"Read","floor":31.0,"gold_loss":0.0,"damage_taken":0.0,"cards_obtained":["Gash"]},{"damage_healed":0.0,"max_hp_gain":0.0,"max_hp_loss":0.0,"gold_gain":0.0,"event_name":"MindBloom","player_choice":"Fight","floor":37.0,"gold_loss":0.0,"damage_taken":0.0},{"damage_healed":0.0,"max_hp_gain":0.0,"max_hp_loss":2.0,"gold_gain":0.0,"event_name":"Winding Halls","player_choice":"Max HP","floor":39.0,"gold_loss":0.0,"damage_taken":0.0},{"damage_healed":0.0,"max_hp_gain":0.0,"max_hp_loss":0.0,"gold_gain":0.0,"event_name":"Tomb of Lord Red Mask","player_choice":"Paid","floor":41.0,"gold_loss":63.0,"damage_taken":0.0,"relics_obtained":["Red Mask"]},{"cards_removed":["Beam Cell"],"damage_healed":0.0,"max_hp_gain":0.0,"max_hp_loss":0.0,"gold_gain":0.0,"event_name":"Falling","player_choice":"Removed Attack","floor":46.0,"gold_loss":0.0,"damage_taken":0.0}],"is_beta":false,"boss_relics":[{"not_picked":["Cursed Key","Runic Pyramid"],"picked":"Pandora\u0027s Box"},{"not_picked":["Inserter","SlaversCollar"],"picked":"Busted Crown"}],"items_purged_floors":[],"is_endless":false,"potions_floor_spawned":[1,2,3,18,21,24,30,37,44],"ascension_level":9}}