{"host":"j2zti408atcvju3x","time":1613644702,"event":{"mods":["BaseMod","Minty Spire (QoL Compilation)","Quick Restart","Shop Mod","StSLib"],"gold_per_floor":[109,123,134,59,59,59,77,77,101,119,130,130,146,160,160,262,262,276,276,292,61,76,76,88,24,24,24,38,38,38,57,57,157,157,169,182,182,201,217,217,247,247,272,272,147,166,166,201,201,201,201,201,0,25,25],"floor_reached":56,"language":"ZHS","playtime":2218,"items_purged":["Defend_G","Strike_G","Strike_G"],"score":1253,"play_id":"f40e8911-4e8b-4493-a7e1-2341a8a67f28","local_time":"20210218183822","is_ascension_mode":false,"campfire_choices":[{"floor":6.0,"key":"RECALL"},{"data":"Survivor","floor":8.0,"key":"SMITH"},{"data":"Catalyst","floor":12.0,"key":"SMITH"},{"floor":15.0,"key":"REST"},{"data":"Deadly Poison","floor":23.0,"key":"SMITH"},{"data":"Burst","floor":27.0,"key":"SMITH"},{"floor":32.0,"key":"REST"},{"data":"Strike_G","floor":40.0,"key":"PURGE"},{"floor":47.0,"key":"REST"},{"data":"Adrenaline","floor":49.0,"key":"SMITH"},{"data":"Neutralize","floor":52.0,"key":"PURGE"}],"circlet_count":0,"master_deck":["Defend_G","Defend_G","Defend_G","Survivor+1","Catalyst+1","Deadly Poison+1","Corpse Explosion","Outmaneuver","Burst+1","Noxious Fumes","Adrenaline+1","CurseOfTheBell","Deadly Poison","Catalyst+1"],"relics":["Ring of the Snake","Runic Pyramid","MerchantsRug","Bronze Scales","Calling Bell","Strawberry","InkBottle","Peace Pipe","Centennial Puzzle","Vajra","Ice Cream","Snake Skull","Nunchaku"],"acts_visited":["Exordium","TheCity","TheBeyond","TheEnding"],"potions_floor_usage":[55],"damage_taken":[{"damage":5.0,"enemies":"Cultist","floor":1.0,"turns":5.0},{"damage":3.0,"enemies":"Jaw Worm","floor":2.0,"turns":7.0},{"damage":0.0,"enemies":"2 Louse","floor":3.0,"turns":4.0},{"damage":0.0,"enemies":"2 Fungi Beasts","floor":7.0,"turns":5.0},{"damage":3.0,"enemies":"Exordium Thugs","floor":10.0,"turns":7.0},{"damage":6.0,"enemies":"Red Slaver","floor":11.0,"turns":6.0},{"damage":15.0,"enemies":"Large Slime","floor":13.0,"turns":11.0},{"damage":7.0,"enemies":"Lots of Slimes","floor":14.0,"turns":4.0},{"damage":35.0,"enemies":"The Guardian","floor":16.0,"turns":10.0},{"damage":20.0,"enemies":"Spheric Guardian","floor":18.0,"turns":7.0},{"damage":5.0,"enemies":"3 Byrds","floor":20.0,"turns":3.0},{"damage":5.0,"enemies":"Centurion and Healer","floor":22.0,"turns":4.0},{"damage":0.0,"enemies":"Snake Plant","floor":24.0,"turns":3.0},{"damage":0.0,"enemies":"Snecko","floor":28.0,"turns":2.0},{"damage":40.0,"enemies":"Shelled Parasite and Fungi","floor":31.0,"turns":5.0},{"damage":48.0,"enemies":"Collector","floor":33.0,"turns":5.0},{"damage":0.0,"enemies":"3 Shapes","floor":35.0,"turns":2.0},{"damage":11.0,"enemies":"3 Darklings","floor":36.0,"turns":3.0},{"damage":2.0,"enemies":"Maw","floor":38.0,"turns":5.0},{"damage":6.0,"enemies":"Writhing Mass","floor":39.0,"turns":3.0},{"damage":18.0,"enemies":"Nemesis","floor":41.0,"turns":3.0},{"damage":8.0,"enemies":"3 Darklings","floor":46.0,"turns":2.0},{"damage":0.0,"enemies":"Reptomancer","floor":48.0,"turns":1.0},{"damage":41.0,"enemies":"Donu and Deca","floor":50.0,"turns":3.0},{"damage":0,"enemies":"Shield and Spear","floor":54,"turns":2},{"damage":47,"enemies":"The Heart","floor":55,"turns":3}],"seed_played":"7624555059331821475","potions_obtained":[{"floor":2.0,"key":"Block Potion"},{"floor":7.0,"key":"AttackPotion"},{"floor":16.0,"key":"Ancient Potion"},{"floor":22.0,"key":"Block Potion"},{"floor":33.0,"key":"LiquidBronze"},{"floor":35.0,"key":"Energy Potion"},{"floor":38.0,"key":"EssenceOfSteel"},{"floor":41.0,"key":"Strength Potion"}],"is_trial":false,"path_per_floor":["M","M","M","$","?","R","M","R","T","M","M","R","M","M","R","B",null,"M","?","M","$","M","R","M","$","T","R","M","?","?","M","R","B",null,"M","M","?","M","M","R","E","?","T","?","$","M","R","E","R","B",null,"R","$","E","B",null],"character_chosen":"THE_SILENT","items_purchased":["MerchantsRug","Noxious Fumes","Snake Skull","SkillPotion"],"campfire_rested":3,"item_purchase_floors":[21,25,53,53],"current_hp_per_floor":[72,69,69,69,69,69,69,69,69,66,60,60,45,38,61,26,77,57,77,72,72,67,67,67,67,67,67,67,67,67,27,50,2,84,84,73,73,71,65,65,47,47,47,47,47,39,64,64,64,23,84,84,84,84,37],"gold":25,"neow_bonus":"TEN_PERCENT_HP_BONUS","is_daily":false,"chose_seed":false,"campfire_upgraded":5,"win_rate":0.0,"timestamp":1613644702,"path_taken":["M","M","M","$","?","R","M","R","T","M","M","R","M","M","R","BOSS","M","?","M","$","M","R","M","$","T","R","M","?","?","M","R","BOSS","M","M","?","?","M","R","E","?","T","?","$","?","R","E","R","BOSS","R","$","E","BOSS"],"items_purchased_type":["Relic","Card","Relic","Potion"],"build_version":"2020-12-22","purchased_purges":3,"victory":true,"max_hp_per_floor":[77,77,77,77,77,77,77,77,77,77,77,77,77,77,77,77,77,77,77,77,77,77,77,77,77,77,77,77,77,77,77,77,77,84,84,84,84,84,84,84,84,84,84,84,84,84,84,84,84,84,84,84,84,84,84],"card_choices":[{"not_picked":["Quick Slash","Sucker Punch","Tactician"],"picked":"SKIP","floor":1.0},{"not_picked":["Quick Slash","Tactician","Prepared"],"picked":"SKIP","floor":2.0},{"not_picked":["Underhanded Strike","Dodge and Roll","Acrobatics"],"picked":"SKIP","floor":3.0},{"not_picked":["Dagger Spray","Sucker Punch","Dagger Throw"],"picked":"SKIP","floor":7.0},{"not_picked":["Blade Dance","Burst"],"picked":"Catalyst","floor":10.0},{"not_picked":["Dagger Throw","Tactician","Footwork"],"picked":"SKIP","floor":11.0},{"not_picked":["Quick Slash","Blur","Sucker Punch"],"picked":"SKIP","floor":13.0},{"not_picked":["Bane","Sucker Punch"],"picked":"Deadly Poison","floor":14.0},{"not_picked":["After Image","Venomology"],"picked":"Corpse Explosion","floor":16.0},{"not_picked":["Blur","Deflect","Riddle With Holes"],"picked":"SKIP","floor":18.0},{"not_picked":["Reflex+1","Acrobatics"],"picked":"Outmaneuver","floor":20.0},{"not_picked":["Deflect","PiercingWail+1","Caltrops"],"picked":"SKIP","floor":22.0},{"not_picked":["Flechettes","Poisoned Stab"],"picked":"Burst","floor":24.0},{"not_picked":["Distraction+1","Sucker Punch","All Out Attack"],"picked":"SKIP","floor":28.0},{"not_picked":["Deflect+1","Terror","Dagger Throw"],"picked":"SKIP","floor":31.0},{"not_picked":["Doppelganger","Burst"],"picked":"Adrenaline","floor":33.0},{"not_picked":["Malaise","Noxious Fumes+1","Prepared"],"picked":"SKIP","floor":35.0},{"not_picked":["Acrobatics","Dagger Throw","Flying Knee"],"picked":"SKIP","floor":36.0},{"not_picked":["Blade Dance","Acrobatics+1"],"picked":"Deadly Poison","floor":38.0},{"not_picked":["Acrobatics","Skewer","Slice"],"picked":"SKIP","floor":39.0},{"not_picked":["Terror+1","Leg Sweep+1","Flying Knee+1"],"picked":"SKIP","floor":41.0},{"not_picked":["Bane+1","Skewer","Dash"],"picked":"SKIP","floor":46.0},{"not_picked":["Blade Dance","Deadly Poison+1","Skewer"],"picked":"SKIP","floor":48.0},{"not_picked":["Glass Knife","Dagger Throw+1","Bane"],"picked":"SKIP","floor":54}],"player_experience":26962,"relics_obtained":[{"floor":26.0,"key":"Bronze Scales"},{"floor":34.0,"key":"Strawberry"},{"floor":34.0,"key":"InkBottle"},{"floor":34.0,"key":"Peace Pipe"},{"floor":41.0,"key":"Centennial Puzzle"},{"floor":43.0,"key":"Vajra"},{"floor":48.0,"key":"Ice Cream"},{"floor":54,"key":"Nunchaku"}],"event_choices":[{"cards_removed":["Defend_G"],"damage_healed":0.0,"max_hp_gain":0.0,"max_hp_loss":0.0,"gold_gain":0.0,"event_name":"Living Wall","player_choice":"Forget","floor":5.0,"gold_loss":0.0,"damage_taken":0.0},{"damage_healed":25.0,"max_hp_gain":0.0,"max_hp_loss":0.0,"gold_gain":0.0,"event_name":"The Library","player_choice":"Heal","floor":19.0,"gold_loss":0.0,"damage_taken":0.0},{"cards_removed":["Strike_G"],"damage_healed":0.0,"max_hp_gain":0.0,"max_hp_loss":0.0,"gold_gain":0.0,"event_name":"Back to Basics","player_choice":"Elegance","floor":29.0,"gold_loss":0.0,"damage_taken":0.0},{"damage_healed":0.0,"max_hp_gain":0.0,"max_hp_loss":0.0,"gold_gain":0.0,"event_name":"Transmorgrifier","player_choice":"Ignored","floor":30.0,"gold_loss":0.0,"damage_taken":0.0},{"cards_removed":["Strike_G"],"damage_healed":0.0,"max_hp_gain":0.0,"max_hp_loss":0.0,"gold_gain":0.0,"event_name":"Purifier","player_choice":"Purged","floor":37.0,"gold_loss":0.0,"damage_taken":0.0},{"damage_healed":0.0,"max_hp_gain":0.0,"max_hp_loss":0.0,"gold_gain":0.0,"event_name":"Mysterious Sphere","player_choice":"Ignored","floor":42.0,"gold_loss":0.0,"damage_taken":0.0},{"damage_healed":0.0,"max_hp_gain":0.0,"max_hp_loss":0.0,"gold_gain":0.0,"event_name":"Duplicator","player_choice":"Copied","floor":44.0,"gold_loss":0.0,"damage_taken":0.0,"cards_obtained":["Catalyst"]}],"is_beta":false,"boss_relics":[{"not_picked":["HoveringKite","Philosopher\u0027s Stone"],"picked":"Runic Pyramid"},{"not_picked":["Cursed Key","Snecko Eye"],"picked":"Calling Bell"}],"items_purged_floors":[4,21,45],"is_endless":false,"potions_floor_spawned":[2,7,16,22,33,35,38,41],"ascension_level":0}}