{"host":"p0hktren06injwdf","time":1613630114,"event":{"mods":["AchievementEnabler","BaseMod","Colored Map","DeckTracker","Minty Spire (QoL Compilation)","Permanent Neow","StSLib","SuperFastMode"],"gold_per_floor":[214,228,153,78,89,89,99,125,125,150,165,165,198,211,211,300,300,325,325,147,163,9,9,44,44,71,71,71],"floor_reached":27,"language":"KOR","playtime":383,"items_purged":["Defend_P","Strike_P","Strike_P"],"score":702,"play_id":"10a2ea2b-4b94-404e-acbb-0828ece1618c","local_time":"20210218153514","is_ascension_mode":true,"campfire_choices":[{"data":"Eruption","floor":6.0,"key":"SMITH"},{"data":"SandsOfTime","floor":15.0,"key":"SMITH"},{"data":"Adaptation","floor":23.0,"key":"SMITH"},{"floor":25.0,"key":"REST"}],"circlet_count":0,"master_deck":["AscendersBane","Strike_P","Strike_P","Defend_P","Defend_P","Eruption+1","Vigilance","Adaptation","EmptyFist","Halt","Tantrum","FlurryOfBlows","SandsOfTime+1","Consecrate","FearNoEvil","Adaptation+1","InnerPeace+1","Halt+1"],"relics":["HolyWater","Bag of Preparation","Boot","Toxic Egg 2","Golden Idol","Happy Flower","Turnip"],"acts_visited":["Exordium","TheCity"],"potions_floor_usage":[],"damage_taken":[{"damage":1.0,"enemies":"Cultist","floor":1.0,"turns":4.0},{"damage":4.0,"enemies":"2 Louse","floor":2.0,"turns":3.0},{"damage":12.0,"enemies":"Jaw Worm","floor":5.0,"turns":2.0},{"damage":7.0,"enemies":"Lots of Slimes","floor":7.0,"turns":3.0},{"damage":0.0,"enemies":"Gremlin Nob","floor":8.0,"turns":2.0},{"damage":10.0,"enemies":"3 Sentries","floor":10.0,"turns":5.0},{"damage":5.0,"enemies":"Blue Slaver","floor":11.0,"turns":3.0},{"damage":0.0,"enemies":"Gremlin Nob","floor":13.0,"turns":3.0},{"damage":10.0,"enemies":"Large Slime","floor":14.0,"turns":2.0},{"damage":0.0,"enemies":"Slime Boss","floor":16.0,"turns":4.0},{"damage":23.0,"enemies":"Shell Parasite","floor":18.0,"turns":4.0},{"damage":0.0,"enemies":"Chosen","floor":21.0,"turns":2.0},{"damage":17.0,"enemies":"Book of Stabbing","floor":24.0,"turns":3.0},{"damage":30,"enemies":"Gremlin Leader","floor":27,"turns":2}],"seed_played":"-1752239084500170858","potions_obtained":[{"floor":2.0,"key":"AttackPotion"},{"floor":8.0,"key":"Block Potion"},{"floor":11.0,"key":"SneckoOil"},{"floor":13.0,"key":"SteroidPotion"},{"floor":18.0,"key":"BlessingOfTheForge"},{"floor":24.0,"key":"Strength Potion"}],"is_trial":false,"path_per_floor":["M","M","?","$","M","R","M","E","T","E","M","?","E","M","R","B",null,"M","?","$","M","$","R","E","R","T","E"],"character_chosen":"WATCHER","items_purchased":["Adaptation","Halt+1"],"campfire_rested":1,"item_purchase_floors":[20,22],"current_hp_per_floor":[60,56,56,56,44,44,37,37,37,27,22,22,22,12,12,12,50,27,27,27,27,27,27,10,28,28,0,0],"gold":71,"neow_bonus":"HUNDRED_GOLD","is_daily":false,"chose_seed":false,"campfire_upgraded":3,"win_rate":0.0,"timestamp":1613630114,"path_taken":["M","?","?","$","M","R","M","E","T","E","M","?","E","M","R","BOSS","M","?","?","M","$","R","E","R","T","E"],"items_purchased_type":["Card","Card"],"build_version":"2020-12-22","purchased_purges":3,"victory":false,"max_hp_per_floor":[68,68,68,68,68,68,68,68,68,68,68,62,62,62,62,62,62,62,62,62,62,62,62,62,62,62,62,62],"card_choices":[{"not_picked":["JustLucky","LikeWater"],"picked":"Adaptation","floor":1.0},{"not_picked":["Vengeance","Prostrate"],"picked":"EmptyFist","floor":2.0},{"not_picked":["JustLucky","Worship","ClearTheMind"],"picked":"SKIP","floor":5.0},{"not_picked":["Swivel","Prostrate"],"picked":"Halt","floor":7.0},{"not_picked":["PathToVictory","Study"],"picked":"Tantrum","floor":8.0},{"not_picked":["Weave","Fasting2"],"picked":"FlurryOfBlows","floor":10.0},{"not_picked":["ThirdEye+1","CrushJoints"],"picked":"SandsOfTime","floor":11.0},{"not_picked":["Indignation+1","EmptyBody+1","Establishment"],"picked":"SKIP","floor":13.0},{"not_picked":["SashWhip","TalkToTheHand"],"picked":"Consecrate","floor":14.0},{"not_picked":["Wallop","SashWhip"],"picked":"FearNoEvil","floor":18.0},{"not_picked":["Protect+1","ClearTheMind+1"],"picked":"InnerPeace+1","floor":21.0},{"not_picked":["FollowUp","InnerPeace+1","EmptyFist"],"picked":"SKIP","floor":24.0}],"player_experience":1081440,"relics_obtained":[{"floor":8.0,"key":"Bag of Preparation"},{"floor":9.0,"key":"Boot"},{"floor":10.0,"key":"Toxic Egg 2"},{"floor":13.0,"key":"Happy Flower"},{"floor":24.0,"key":"Turnip"}],"event_choices":[{"cards_removed":["Defend_P"],"damage_healed":0.0,"max_hp_gain":0.0,"max_hp_loss":0.0,"gold_gain":0.0,"event_name":"The Cleric","player_choice":"Card Removal","floor":3.0,"gold_loss":75.0,"damage_taken":0.0},{"damage_healed":0.0,"max_hp_gain":0.0,"max_hp_loss":6.0,"gold_gain":0.0,"event_name":"Golden Idol","player_choice":"Lose Max HP","floor":12.0,"gold_loss":0.0,"damage_taken":0.0,"relics_obtained":["Golden Idol"]},{"damage_healed":0.0,"max_hp_gain":0.0,"max_hp_loss":0.0,"gold_gain":0.0,"event_name":"Match and Keep!","player_choice":"0 cards matched","floor":19.0,"gold_loss":0.0,"damage_taken":0.0,"cards_obtained":[]}],"is_beta":false,"boss_relics":[{"not_picked":["Philosopher\u0027s Stone","Runic Pyramid"],"picked":"HolyWater"}],"items_purged_floors":[4,20,22],"is_endless":false,"potions_floor_spawned":[2,8,11,13,18,24],"killed_by":"Gremlin Leader","ascension_level":20}}