{"host":"qfskrnw3pl1q86j0","time":1613682804,"event":{"mods":["BaseMod","Block Reminder","Hermit","Marisa????????","Minty Spire (QoL Compilation)","Quick Restart","Random Character Button","Relic Stats","StSLib","The Poker Player","slay the spire mod where everything is the same but ironclad has a cowboy hat"],"gold_per_floor":[16,31,31,46,59,59,74,109,159,185,185,195,195,195,195,296,296,306,306,306,221,238,238,250,264,346,45,45,45,75,94,94,191,191,210,222,20,70,70,70,104,104,104,117,117,131,147,159,159,159],"floor_reached":51,"language":"ENG","playtime":1748,"items_purged":["Injury","Strike_MRS+1"],"score":734,"play_id":"ee2cc77e-d851-41ef-af7b-a78f42a733f9","local_time":"20210218221324","is_ascension_mode":false,"campfire_choices":[{"data":"MasterSpark","floor":6.0,"key":"SMITH"},{"data":"GrandCross","floor":11.0,"key":"SMITH"},{"data":"SporeBomb","floor":13.0,"key":"SMITH"},{"data":"TreasureHunter","floor":15.0,"key":"SMITH"},{"data":"EarthLightRay","floor":23.0,"key":"SMITH"},{"data":"SprinkleStarSeal","floor":28.0,"key":"SMITH"},{"data":"AlicesGift","floor":32.0,"key":"SMITH"},{"data":"FinalSpark","floor":40.0,"key":"SMITH"},{"data":"MagicAbsorber","floor":42.0,"key":"SMITH"},{"data":"MilkyWay","floor":49,"key":"SMITH"}],"circlet_count":0,"master_deck":["Strike_MRS+1","Strike_MRS+1","Strike_MRS+1","Defend_MRS+1","Defend_MRS+1","Defend_MRS+1","Defend_MRS+1","MasterSpark+1","UpSweep+1","GrandCross+1","SporeBomb+1","AlicesGift+1","EarthLightRay+1","TreasureHunter+1","SprinkleStarSeal+1","Necronomicurse","GalacticHalo","BlazeAway+1","FinalSpark+1","GalacticHalo","MagicAbsorber+1","MilkyWay+1","AsteroidBelt+1"],"relics":["MiniHakkero","TungstenRod","Smiling Mask","Strawberry","Kunai","Ancient Tea Set","Ginger","Cursed Key","Necronomicon","Sundial","Mummified Hand","Bottled Lightning","SproutingBranch","Pocketwatch","RampagingMagicTools","Sling","Prayer Wheel","CaptainsWheel","MagicBroom","Regal Pillow","HandmadeGrimoire"],"acts_visited":["Exordium","TheCity","TheBeyond"],"potions_floor_usage":[],"damage_taken":[{"damage":0.0,"enemies":"Jaw Worm","floor":1.0,"turns":3.0},{"damage":0.0,"enemies":"Small Slimes","floor":2.0,"turns":2.0},{"damage":1.0,"enemies":"2 Louse","floor":4.0,"turns":2.0},{"damage":7.0,"enemies":"Exordium Wildlife","floor":5.0,"turns":3.0},{"damage":1.0,"enemies":"Looter","floor":7.0,"turns":2.0},{"damage":6.0,"enemies":"Lagavulin","floor":8.0,"turns":7.0},{"damage":13.0,"enemies":"Gremlin Nob","floor":10.0,"turns":3.0},{"damage":6.0,"enemies":"Blue Slaver","floor":12.0,"turns":3.0},{"damage":24.0,"enemies":"Hexaghost","floor":16.0,"turns":9.0},{"damage":0.0,"enemies":"Chosen","floor":18.0,"turns":3.0},{"damage":5.0,"enemies":"Shell Parasite","floor":22.0,"turns":2.0},{"damage":0.0,"enemies":"Snake Plant","floor":24.0,"turns":2.0},{"damage":5.0,"enemies":"Shelled Parasite and Fungi","floor":25.0,"turns":3.0},{"damage":5.0,"enemies":"Slavers","floor":30.0,"turns":3.0},{"damage":0.0,"enemies":"Centurion and Healer","floor":31.0,"turns":3.0},{"damage":8.0,"enemies":"Champ","floor":33.0,"turns":6.0},{"damage":9.0,"enemies":"3 Darklings","floor":35.0,"turns":3.0},{"damage":10.0,"enemies":"Orb Walker","floor":36.0,"turns":2.0},{"damage":4.0,"enemies":"Mind Bloom Boss Battle","floor":38.0,"turns":8.0},{"damage":12.0,"enemies":"Nemesis","floor":41.0,"turns":8.0},{"damage":2.0,"enemies":"Maw","floor":44.0,"turns":4.0},{"damage":12,"enemies":"Jaw Worm Horde","floor":46,"turns":3},{"damage":7,"enemies":"3 Darklings","floor":47,"turns":2},{"damage":5,"enemies":"Sphere and 2 Shapes","floor":48,"turns":4},{"damage":29,"enemies":"Time Eater","floor":50,"turns":9}],"seed_played":"-2611999523066981786","potions_obtained":[{"floor":4.0,"key":"Energy Potion"},{"floor":5.0,"key":"PowerPotion"},{"floor":8.0,"key":"Fire Potion"},{"floor":12.0,"key":"Strength Potion"},{"floor":16.0,"key":"AttackPotion"},{"floor":24.0,"key":"Swift Potion"},{"floor":25.0,"key":"DuplicationPotion"},{"floor":36.0,"key":"ColorlessPotion"},{"floor":44,"key":"Swift Potion"},{"floor":47,"key":"Energy Potion"}],"is_trial":false,"path_per_floor":["M","M","?","M","M","R","M","E","T","E","R","M","R","?","R","B",null,"M","?","?","?","M","R","M","M","T","$","R","?","E","M","R","B",null,"M","M","$","?","?","R","E","R","T","M","?","M","M","M","R","B",null],"character_chosen":"MARISA","items_purchased":["Bottled Lightning","Sling"],"campfire_rested":0,"item_purchase_floors":[27,37],"current_hp_per_floor":[75,75,61,60,53,53,52,46,53,44,44,42,42,40,40,20,82,82,70,70,70,65,65,65,60,60,60,60,60,61,70,70,80,82,73,72,72,79,79,79,79,79,79,82,82,70,68,81,81,69],"gold":159,"neow_bonus":"ONE_RARE_RELIC","is_daily":false,"chose_seed":false,"campfire_upgraded":10,"win_rate":0.0,"timestamp":1613682804,"path_taken":["M","M","?","M","M","R","M","E","T","E","R","M","R","?","R","BOSS","M","?","?","?","M","R","M","M","T","$","R","?","E","M","R","BOSS","M","M","$","?","?","R","E","R","T","M","?","M","M","M","R","BOSS"],"items_purchased_type":["Relic","Relic"],"build_version":"2020-12-22","purchased_purges":2,"victory":true,"max_hp_per_floor":[75,75,75,75,75,75,75,75,82,82,82,82,82,82,82,82,82,82,82,82,82,82,82,82,82,82,82,82,82,82,82,82,82,82,82,82,82,82,82,82,82,82,82,82,82,82,82,82,82,82],"relic_stats":{"Regal Pillow":0,"counters":[25,99],"Ginger":[15],"Smiling Mask":75,"Cursed Key":1,"Sundial":[6],"Mummified Hand":[0],"Prayer Wheel":5,"Necronomicon":[32],"Kunai":[26],"obtain_stats":[{"Regal Pillow":41,"MagicBroom":38,"Ginger":16,"SproutingBranch":30,"Smiling Mask":8,"Ancient Tea Set":14,"Cursed Key":17,"Sling":37,"CaptainsWheel":38,"Sundial":21,"Mummified Hand":26,"Strawberry":9,"Prayer Wheel":38,"Necronomicon":19,"HandmadeGrimoire":41,"MiniHakkero":0,"Kunai":10,"Bottled Lightning":27,"RampagingMagicTools":34,"TungstenRod":0,"Pocketwatch":33},{"Regal Pillow":20,"MagicBroom":19,"Ginger":9,"SproutingBranch":14,"Smiling Mask":6,"Ancient Tea Set":8,"Cursed Key":9,"Sling":18,"CaptainsWheel":19,"Sundial":10,"Mummified Hand":13,"Strawberry":6,"Prayer Wheel":19,"Necronomicon":10,"HandmadeGrimoire":20,"MiniHakkero":0,"Kunai":7,"Bottled Lightning":13,"RampagingMagicTools":16,"TungstenRod":0,"Pocketwatch":16},{"Regal Pillow":77,"MagicBroom":69,"Ginger":34,"SproutingBranch":47,"Smiling Mask":19,"Ancient Tea Set":25,"Cursed Key":34,"Sling":61,"CaptainsWheel":69,"Sundial":37,"Mummified Hand":44,"Strawberry":19,"Prayer Wheel":69,"Necronomicon":37,"HandmadeGrimoire":77,"MiniHakkero":0,"Kunai":22,"Bottled Lightning":44,"RampagingMagicTools":56,"TungstenRod":0,"Pocketwatch":56}],"TungstenRod":44,"Pocketwatch":[45]},"card_choices":[{"not_picked":["GalacticHalo","GravityBeat"],"picked":"GrandCross","floor":1.0},{"not_picked":["AsteroidBelt","Occultation"],"picked":"SporeBomb","floor":2.0},{"not_picked":["LuminesStrike","NonDirectionalLaser"],"picked":"AlicesGift","floor":4.0},{"not_picked":["GravityBeat","6A","DarkMatter"],"picked":"SKIP","floor":5.0},{"not_picked":["Acceleration","MysteriousBeam"],"picked":"GalacticHalo","floor":7.0},{"not_picked":["ManaRampage","IllusionStar"],"picked":"EarthLightRay","floor":8.0},{"not_picked":["WitchLeyline","GravityBeat"],"picked":"TreasureHunter","floor":10.0},{"not_picked":["RefractionSpark","MeteoricShower","Acceleration"],"picked":"SKIP","floor":12.0},{"not_picked":["ChargingUp","SporeBomb+1"],"picked":"SprinkleStarSeal","floor":18.0},{"not_picked":["SporeBomb","GalacticHalo","DC"],"picked":"SKIP","floor":22.0},{"not_picked":["WitchOfGreed+1","PowerUp"],"picked":"GalacticHalo","floor":24.0},{"not_picked":["WitchOfGreed","TreasureHunter"],"picked":"BlazeAway+1","floor":25.0},{"not_picked":["EnergyRecoil","UnstableBomb","DoubleSpark+1"],"picked":"SKIP","floor":30.0},{"not_picked":["EnergyRecoil","UnstableBomb","DoubleSpark+1"],"picked":"SKIP","floor":30.0},{"not_picked":["DarkMatter+1","MachineGunSpark","RefractionSpark+1"],"picked":"SKIP","floor":31.0},{"not_picked":["JA","SatelliteIllusion"],"picked":"FinalSpark","floor":33.0},{"not_picked":["WitchLeyline+1","6A"],"picked":"GalacticHalo","floor":35.0},{"not_picked":["DC","MysteriousBeam"],"picked":"MagicAbsorber","floor":36.0},{"not_picked":["GasGiant+1","LuminesStrike","AlicesGift"],"picked":"SKIP","floor":41.0},{"not_picked":["SprinkleStarSeal+1","Acceleration","ManaRampage"],"picked":"SKIP","floor":44},{"not_picked":["MagicAbsorber","Occultation+1","IllusionStar"],"picked":"SKIP","floor":44},{"not_picked":["IllusionStar","GrandCross"],"picked":"MilkyWay","floor":46},{"not_picked":["IllusionStar+1","DC","StarBarrage+1"],"picked":"SKIP","floor":46},{"not_picked":["FairyDestructionRay","OneTimeOff+1"],"picked":"AsteroidBelt+1","floor":47},{"not_picked":["SporeBomb+1","DoubleSpark+1","LuminesStrike"],"picked":"SKIP","floor":47},{"not_picked":["6A","GrandCross+1","ShootTheMoon"],"picked":"SKIP","floor":48},{"not_picked":["GrandCross","UnstableBomb+1","SporeBomb+1"],"picked":"SKIP","floor":48}],"player_experience":1086322,"relics_obtained":[{"floor":8.0,"key":"Smiling Mask"},{"floor":9.0,"key":"Strawberry"},{"floor":10.0,"key":"Kunai"},{"floor":16.0,"key":"Ginger"},{"floor":19.0,"key":"Necronomicon"},{"floor":26.0,"key":"Mummified Hand"},{"floor":30.0,"key":"SproutingBranch"},{"floor":33.0,"key":"Pocketwatch"},{"floor":38.0,"key":"Prayer Wheel"},{"floor":38.0,"key":"CaptainsWheel"},{"floor":38.0,"key":"MagicBroom"},{"floor":41.0,"key":"Regal Pillow"},{"floor":41.0,"key":"HandmadeGrimoire"}],"event_choices":[{"damage_healed":0.0,"max_hp_gain":0.0,"max_hp_loss":0.0,"gold_gain":0.0,"event_name":"Shining Light","player_choice":"Entered Light","floor":3.0,"gold_loss":0.0,"damage_taken":15.0,"cards_upgraded":["Defend_MRS","UpSweep"]},{"damage_healed":0.0,"max_hp_gain":0.0,"max_hp_loss":0.0,"gold_gain":0.0,"event_name":"Scrap Ooze","player_choice":"Success","floor":14.0,"gold_loss":0.0,"damage_taken":3.0,"relics_obtained":["Ancient Tea Set"]},{"damage_healed":0.0,"max_hp_gain":0.0,"max_hp_loss":0.0,"gold_gain":0.0,"event_name":"Cursed Tome","player_choice":"Obtained Book","floor":19.0,"gold_loss":0.0,"damage_taken":16.0},{"damage_healed":0.0,"max_hp_gain":0.0,"max_hp_loss":0.0,"gold_gain":0.0,"event_name":"Vampires","player_choice":"Ignored","floor":20.0,"gold_loss":0.0,"damage_taken":0.0},{"damage_healed":0.0,"max_hp_gain":0.0,"max_hp_loss":0.0,"gold_gain":0.0,"event_name":"Addict","player_choice":"Obtained Relic","floor":21.0,"gold_loss":85.0,"damage_taken":0.0,"relics_obtained":["Sundial"]},{"damage_healed":0.0,"max_hp_gain":0.0,"max_hp_loss":0.0,"gold_gain":0.0,"event_name":"Back to Basics","player_choice":"Simplicity","floor":29.0,"gold_loss":0.0,"damage_taken":0.0,"cards_upgraded":["Strike_MRS","Strike_MRS","Strike_MRS","Strike_MRS","Defend_MRS","Defend_MRS","Defend_MRS"]},{"damage_healed":0.0,"max_hp_gain":0.0,"max_hp_loss":0.0,"gold_gain":0.0,"event_name":"MindBloom","player_choice":"Fight","floor":38.0,"gold_loss":0.0,"damage_taken":0.0},{"damage_healed":0.0,"max_hp_gain":0.0,"max_hp_loss":0.0,"gold_gain":0.0,"event_name":"SensoryStone","player_choice":"Memory 1","floor":39.0,"gold_loss":0.0,"damage_taken":0.0},{"cards_removed":["GalacticHalo"],"damage_healed":0,"gold_gain":0,"player_choice":"Removed Skill","damage_taken":0,"max_hp_gain":0,"max_hp_loss":0,"event_name":"Falling","floor":45,"gold_loss":0}],"is_beta":false,"boss_relics":[{"not_picked":["Tiny House","Astrolabe"],"picked":"Cursed Key"},{"not_picked":["Pandora\u0027s Box","SacredBark"],"picked":"RampagingMagicTools"}],"items_purged_floors":[27,37],"is_endless":false,"potions_floor_spawned":[4,5,8,12,16,24,25,36,44,47],"ascension_level":0}}