{"host":"p0hktren06injwdf","time":1613632431,"event":{"mods":["AchievementEnabler","BaseMod","Colored Map","DeckTracker","Minty Spire (QoL Compilation)","Permanent Neow","StSLib","SuperFastMode"],"gold_per_floor":[13,31,43,118,134,159,159,159,159,170,185,185,203,168,168,245,245,262,262,280,280,290,290,290,290],"floor_reached":24,"language":"KOR","playtime":353,"items_purged":[],"score":400,"play_id":"e845853d-c3e6-446d-8ae9-4f78302c51ac","local_time":"20210218161351","is_ascension_mode":true,"campfire_choices":[{"data":"Blade Dance","floor":7,"key":"SMITH"},{"data":"Dagger Throw","floor":12,"key":"SMITH"},{"data":"Accuracy","floor":15,"key":"SMITH"},{"floor":23,"key":"REST"}],"circlet_count":0,"master_deck":["AscendersBane","Strike_G","Strike_G","Strike_G","Strike_G","Strike_G","Defend_G","Defend_G","Defend_G","Defend_G","Defend_G","Survivor","Neutralize","Underhanded Strike","Slice","Blade Dance+1","Dagger Throw+1","PiercingWail","Blade Dance","Tactician","Accuracy+1","Tools of the Trade","Accuracy+1","All Out Attack","Dodge and Roll"],"relics":["Ring of the Snake","Incense Burner","Mercury Hourglass","White Beast Statue","Sundial","WristBlade"],"acts_visited":["Exordium","TheCity"],"potions_floor_usage":[6,16],"damage_taken":[{"damage":5,"enemies":"Cultist","floor":1,"turns":5},{"damage":1,"enemies":"Small Slimes","floor":2,"turns":5},{"damage":0,"enemies":"2 Louse","floor":3,"turns":2},{"damage":6,"enemies":"Red Slaver","floor":5,"turns":2},{"damage":27,"enemies":"Gremlin Nob","floor":6,"turns":4},{"damage":4,"enemies":"Blue Slaver","floor":10,"turns":3},{"damage":1,"enemies":"Lots of Slimes","floor":11,"turns":5},{"damage":12,"enemies":"Large Slime","floor":13,"turns":4},{"damage":7,"enemies":"Slime Boss","floor":16,"turns":7},{"damage":1,"enemies":"Spheric Guardian","floor":18,"turns":3},{"damage":10,"enemies":"Shell Parasite","floor":20,"turns":2},{"damage":29,"enemies":"3 Cultists","floor":22,"turns":5},{"damage":14,"enemies":"Snake Plant","floor":24,"turns":3}],"seed_played":"7717486093033690328","potions_obtained":[{"floor":1,"key":"DuplicationPotion"},{"floor":10,"key":"Energy Potion"},{"floor":11,"key":"Strength Potion"},{"floor":16,"key":"EssenceOfSteel"},{"floor":20,"key":"SpeedPotion"}],"is_trial":false,"path_per_floor":["M","M","M","T","M","E","R","?","T","M","M","R","M","?","R","B",null,"M","?","M","?","M","R","M"],"character_chosen":"THE_SILENT","items_purchased":[],"campfire_rested":1,"item_purchase_floors":[],"current_hp_per_floor":[54,53,53,53,47,20,20,20,20,16,15,15,3,19,19,12,53,52,52,42,42,13,32,18,18],"gold":290,"neow_bonus":"ONE_RARE_RELIC","is_daily":false,"chose_seed":false,"campfire_upgraded":3,"win_rate":0.0,"timestamp":1613632431,"path_taken":["M","M","M","?","M","E","R","?","T","M","M","R","M","?","R","BOSS","M","?","?","?","M","R","M"],"items_purchased_type":[],"build_version":"2020-12-22","purchased_purges":0,"victory":false,"max_hp_per_floor":[66,66,66,66,66,66,66,66,66,66,66,66,66,66,66,66,66,66,66,66,66,66,66,66,66],"card_choices":[{"not_picked":["Distraction","Backflip"],"picked":"Underhanded Strike","floor":1},{"not_picked":["Acrobatics","Setup"],"picked":"Slice","floor":2},{"not_picked":["Slice","Well Laid Plans"],"picked":"Blade Dance","floor":3},{"not_picked":["Crippling Poison","PiercingWail"],"picked":"Dagger Throw","floor":5},{"not_picked":["Eviscerate","Riddle With Holes"],"picked":"PiercingWail","floor":6},{"not_picked":["Well Laid Plans","Underhanded Strike"],"picked":"Blade Dance","floor":10},{"not_picked":["Dagger Throw","Flying Knee"],"picked":"Tactician","floor":11},{"not_picked":["Underhanded Strike","Concentrate"],"picked":"Accuracy","floor":13},{"not_picked":["Bullet Time","Venomology"],"picked":"Tools of the Trade","floor":16},{"not_picked":["Sucker Punch","Underhanded Strike","Prepared"],"picked":"SKIP","floor":18},{"not_picked":["Heel Hook","Quick Slash"],"picked":"All Out Attack","floor":20},{"not_picked":["Catalyst+1","All Out Attack"],"picked":"Dodge and Roll","floor":22}],"player_experience":1083560,"relics_obtained":[{"floor":4,"key":"Mercury Hourglass"},{"floor":6,"key":"White Beast Statue"},{"floor":9,"key":"Sundial"}],"event_choices":[{"damage_healed":0,"gold_gain":0,"player_choice":"Ignored","damage_taken":0,"max_hp_gain":0,"max_hp_loss":0,"event_name":"Liars Game","floor":8,"gold_loss":0},{"damage_healed":16,"gold_gain":0,"player_choice":"Healed","damage_taken":0,"max_hp_gain":0,"max_hp_loss":0,"event_name":"The Cleric","floor":14,"gold_loss":35},{"damage_healed":0,"gold_gain":0,"player_choice":"Copied","damage_taken":0,"max_hp_gain":0,"max_hp_loss":0,"event_name":"Duplicator","floor":19,"gold_loss":0,"cards_obtained":["Accuracy"]},{"damage_healed":0,"gold_gain":0,"player_choice":"Got Potions","damage_taken":0,"max_hp_gain":0,"max_hp_loss":0,"event_name":"Lab","floor":21,"gold_loss":0}],"is_beta":false,"boss_relics":[{"not_picked":["Busted Crown","Astrolabe"],"picked":"WristBlade"}],"items_purged_floors":[],"is_endless":false,"potions_floor_spawned":[1,10,11,13,16,18,20,22],"killed_by":"Snake Plant","ascension_level":20}}