{"host":"yqw1zpryoutrnocq","time":1613679932,"event":{"mods":["2.2 Compatiblity","AchievementEnabler","BaseMod","Colored Map","Custom Start","DeckTracker","Minty Spire (QoL Compilation)","StSLib","SuperFastMode"],"gold_per_floor":[109,123,123,137,156,183,183,214,238,238,238,249,265,280,280,382,382,392,410,429,441,457,457,457,457],"floor_reached":24,"language":"KOR","playtime":606,"items_purged":[],"score":342,"play_id":"e71ce393-3939-4cc0-888b-a0b5538e985d","local_time":"20210218142532","is_ascension_mode":true,"campfire_choices":[{"data":"Bash","floor":7,"key":"SMITH"},{"data":"Clothesline","floor":10,"key":"SMITH"},{"data":"Fire Breathing","floor":15,"key":"SMITH"},{"data":"Corruption","floor":23,"key":"SMITH"}],"circlet_count":0,"master_deck":["AscendersBane","Strike_R","Strike_R","Strike_R","Strike_R","Strike_R","Defend_R","Defend_R","Defend_R","Defend_R","Bash+1","Burning Pact","Flame Barrier","Fire Breathing+1","Whirlwind","Clothesline+1","Pommel Strike","Havoc","Corruption+1","Intimidate","Shockwave","Uppercut","Pummel"],"relics":["Burning Blood","NeowsBlessing","Happy Flower","Blood Vial","Juzu Bracelet","Bag of Preparation","Cursed Key"],"acts_visited":["Exordium","TheCity"],"potions_floor_usage":[8,12,12,20,22,24],"damage_taken":[{"damage":0,"enemies":"Cultist","floor":1,"turns":1},{"damage":0,"enemies":"2 Louse","floor":2,"turns":1},{"damage":0,"enemies":"Small Slimes","floor":4,"turns":1},{"damage":18,"enemies":"Red Slaver","floor":5,"turns":5},{"damage":11,"enemies":"3 Sentries","floor":6,"turns":5},{"damage":16,"enemies":"Gremlin Nob","floor":8,"turns":4},{"damage":25,"enemies":"Large Slime","floor":12,"turns":5},{"damage":6,"enemies":"Blue Slaver","floor":13,"turns":5},{"damage":13,"enemies":"Exordium Thugs","floor":14,"turns":4},{"damage":16,"enemies":"Slime Boss","floor":16,"turns":7},{"damage":12,"enemies":"3 Byrds","floor":18,"turns":3},{"damage":20,"enemies":"Spheric Guardian","floor":19,"turns":4},{"damage":2,"enemies":"3 Cultists","floor":20,"turns":4},{"damage":36,"enemies":"Chosen and Byrds","floor":21,"turns":5},{"damage":17,"enemies":"Centurion and Healer","floor":22,"turns":5},{"damage":30,"enemies":"Sentry and Sphere","floor":24,"turns":4}],"seed_played":"5001136182481612070","potions_obtained":[{"floor":1,"key":"LiquidMemories"},{"floor":4,"key":"SkillPotion"},{"floor":8,"key":"Energy Potion"},{"floor":14,"key":"EssenceOfSteel"},{"floor":16,"key":"PowerPotion"},{"floor":19,"key":"FearPotion"},{"floor":20,"key":"ColorlessPotion"},{"floor":22,"key":"ColorlessPotion"}],"is_trial":false,"path_per_floor":["M","M","?","M","M","E","R","E","T","R","?","M","M","M","R","B",null,"M","M","M","M","M","R","M"],"character_chosen":"IRONCLAD","items_purchased":[],"campfire_rested":0,"item_purchase_floors":[],"current_hp_per_floor":[78,80,68,74,62,57,57,49,49,49,54,37,39,34,34,26,70,66,54,60,32,23,23,0,0],"gold":457,"neow_bonus":"THREE_ENEMY_KILL","is_daily":false,"chose_seed":false,"campfire_upgraded":4,"win_rate":0.0,"timestamp":1613679932,"path_taken":["M","?","?","M","M","E","R","E","T","R","?","M","M","M","R","BOSS","M","M","M","M","M","R","M"],"items_purchased_type":[],"build_version":"2020-12-22","purchased_purges":0,"victory":false,"max_hp_per_floor":[80,80,80,80,80,80,80,80,80,80,85,85,85,85,85,85,85,85,85,85,85,85,85,85,85],"card_choices":[{"not_picked":["True Grit","Warcry"],"picked":"Burning Pact","floor":1},{"not_picked":["Havoc","Anger"],"picked":"Flame Barrier","floor":2},{"not_picked":["Iron Wave","Metallicize","Havoc"],"picked":"SKIP","floor":4},{"not_picked":["Burning Pact","Double Tap"],"picked":"Fire Breathing","floor":5},{"not_picked":["Twin Strike","Fire Breathing"],"picked":"Whirlwind","floor":6},{"not_picked":["Burning Pact","Perfected Strike"],"picked":"Clothesline","floor":8},{"not_picked":["Dual Wield","True Grit"],"picked":"Pommel Strike","floor":12},{"not_picked":["Infernal Blade","Heavy Blade"],"picked":"Havoc","floor":13},{"not_picked":["Heavy Blade","Flame Barrier","Cleave"],"picked":"SKIP","floor":14},{"not_picked":["Berserk","Immolate"],"picked":"Corruption","floor":16},{"not_picked":["Cleave","Infernal Blade"],"picked":"Intimidate","floor":18},{"not_picked":["Burning Pact","Anger"],"picked":"Shockwave","floor":19},{"not_picked":["Perfected Strike","Sword Boomerang"],"picked":"Uppercut","floor":20},{"not_picked":["Flex","Havoc","Sword Boomerang"],"picked":"SKIP","floor":21},{"not_picked":["Headbutt","Dual Wield"],"picked":"Pummel","floor":22}],"player_experience":344738,"relics_obtained":[{"floor":6,"key":"Blood Vial"},{"floor":8,"key":"Juzu Bracelet"},{"floor":9,"key":"Bag of Preparation"}],"event_choices":[{"damage_healed":0,"gold_gain":0,"player_choice":"Success","damage_taken":12,"relics_obtained":["Happy Flower"],"max_hp_gain":0,"max_hp_loss":0,"event_name":"Scrap Ooze","floor":3,"gold_loss":0},{"damage_healed":0,"gold_gain":0,"player_choice":"Donut","damage_taken":0,"max_hp_gain":5,"max_hp_loss":0,"event_name":"Big Fish","floor":11,"gold_loss":0}],"is_beta":false,"boss_relics":[{"not_picked":["Black Blood","Runic Dome"],"picked":"Cursed Key"}],"items_purged_floors":[],"is_endless":false,"potions_floor_spawned":[1,4,8,14,16,19,20,22],"killed_by":"Sentry and Sphere","ascension_level":12}}