{"host":"9slw7l0ws16384qq","time":1613670821,"event":{"mods":["A Penny For Your Troubles","BaseMod","Colored Map","Downfall","Evolution","Hubris","Minty Spire (QoL Compilation)","Replay The Spire","StS++","StSLib"],"gold_per_floor":[99,99,24,24,24,57,81,108,108,123,123,157,157,157,173,244,244,144,163,179,194,194,9,9,43,43,58,73,73,73,73,91,163,213,213,232,232,232,74,74,74,74,74,74,74,28,38,39],"floor_reached":51,"language":"FRA","playtime":2137,"items_purged":["Guardian:Strike_Guardian","Guardian:Defend_Guardian"],"score":1155,"play_id":"a0c6832a-1190-454f-8865-085327630df5","local_time":"20210218185341","is_ascension_mode":true,"campfire_choices":[{"floor":1.0,"key":"DIG"},{"data":"Guardian:PrimingBeam","floor":9.0,"key":"SMITH"},{"floor":13.0,"key":"RECALL"},{"data":"Guardian:Defend_Guardian","floor":18.0,"key":"PURGE"},{"data":"Guardian:StasisField","floor":26.0,"key":"SMITH"},{"data":"Guardian:TwinSlam","floor":30.0,"key":"SMITH"},{"data":"Guardian:SentryBeam","floor":35.0,"key":"SMITH"},{"data":"Guardian:Defend_Guardian","floor":40,"key":"SMITH"},{"floor":43,"key":"REST"},{"floor":47,"key":"REST"}],"circlet_count":0,"master_deck":["AscendersBane","Guardian:PrimingBeam+1","Guardian:PrimingBeam+1","Guardian:PrimingBeam","Guardian:Defend_Guardian+1","Guardian:Defend_Guardian+1","Guardian:TwinSlam+1","Guardian:Orbwalk+1","Guardian:StasisField+1","Guardian:SentryBeam+1","Guardian:Orbwalk","Guardian:Orbwalk"],"relics":["Guardian:ModeShifterPlus","EVO:Axolotl","downfall:HeartsMalice","Gremlin Food","Mango","Anchor","hexamod:BolsterEngine","hubris:TinFlute","Pet Ghost","downfall:HeartBlessingRed","Guardian:PocketSentry","hubris:Teleporter","Bag of Preparation","Nilry\u0027s Codex","Tiny House","Blue Candle","Guardian:BottledStasis","DollysMirror","hubris:CuriousFeather"],"acts_visited":["Exordium","TheCity","TheBeyond"],"potions_floor_usage":[50,50],"damage_taken":[{"damage":0.0,"enemies":"Jaw Worm","floor":2.0,"turns":1.0},{"damage":0.0,"enemies":"downfall:FleeingMerchant","floor":3.0,"turns":1.0},{"damage":0.0,"enemies":"Small Slimes","floor":5.0,"turns":1.0},{"damage":15.0,"enemies":"3 Sentries","floor":6.0,"turns":10.0},{"damage":12.0,"enemies":"Gremlin Nob","floor":8.0,"turns":5.0},{"damage":0.0,"enemies":"Cultist","floor":10.0,"turns":3.0},{"damage":7.0,"enemies":"Lagavulin","floor":12.0,"turns":7.0},{"damage":2.0,"enemies":"Exordium Thugs","floor":15.0,"turns":7.0},{"damage":27.0,"enemies":"DF_ARCHETYPE_STREAMLINE","floor":16.0,"turns":10.0},{"damage":0.0,"enemies":"Shell Parasite","floor":19.0,"turns":4.0},{"damage":0.0,"enemies":"downfall:LooterAlt2","floor":20.0,"turns":4.0},{"damage":0.0,"enemies":"Sentry and Sphere","floor":21.0,"turns":5.0},{"damage":0.0,"enemies":"downfall:FleeingMerchant","floor":23.0,"turns":4.0},{"damage":0.0,"enemies":"Gremlin Leader","floor":25.0,"turns":6.0},{"damage":0.0,"enemies":"Cultist and Chosen","floor":27.0,"turns":4.0},{"damage":0.0,"enemies":"Snecko","floor":28.0,"turns":4.0},{"damage":0.0,"enemies":"Shelled Parasite and Fungi","floor":32.0,"turns":4.0},{"damage":15.0,"enemies":"WA_ARCHETYPE_CALM","floor":33.0,"turns":10.0},{"damage":0.0,"enemies":"3 Shapes","floor":36.0,"turns":5.0},{"damage":0,"enemies":"downfall:FleeingMerchant","floor":39,"turns":4},{"damage":0,"enemies":"downfall:FleeingMerchant","floor":48,"turns":3},{"damage":0,"enemies":"Orb Walker","floor":49,"turns":3},{"damage":81,"enemies":"SI_POISON_ARCHETYPE","floor":50,"turns":14}],"seed_played":"8795136463391706793","potions_obtained":[{"floor":6.0,"key":"Weak Potion"},{"floor":8.0,"key":"DistilledChaos"},{"floor":12.0,"key":"BlessingOfTheForge"},{"floor":19.0,"key":"AttackPotion"},{"floor":21.0,"key":"Guardian:DefensiveModePotion"},{"floor":33.0,"key":"Milkshake"},{"floor":34.0,"key":"bronze:BurnAndBuffPotion"},{"floor":36.0,"key":"Strength Potion"}],"is_trial":false,"path_per_floor":["R_BF","M","$","?","M","E","T","E","R","M","?","E","R","?","M","B",null,"R_BF","M","M","M","?","$","T","E","R","M","M","T","R","?","M","B",null,"R","M","?","?","$","R","T","R","?","$","R","$","M","B",null],"character_chosen":"GUARDIAN","items_purchased":["Guardian:SentryBeam","Guardian:BottledStasis","DollysMirror","hubris:CuriousFeather","Guardian:Orbwalk"],"campfire_rested":2,"item_purchase_floors":[23,39,45,48,48],"current_hp_per_floor":[65,65,65,65,65,64,64,52,52,52,52,45,45,45,43,16,69,69,69,69,69,69,69,69,69,69,69,69,69,69,53,53,38,79,79,79,74,74,74,74,74,91,91,81,91,91,91,10],"gold":39,"neow_bonus":"THREE_ENEMY_KILL","is_daily":false,"chose_seed":false,"campfire_upgraded":5,"win_rate":0.0,"timestamp":1613670821,"path_taken":["R_BF","M","$","?","M","E","T","E","R","M","?","E","R","?","M","BOSS","R_BF","M","M","M","?","$","T","E","R","M","M","?","R","?","M","BOSS","R","M","?","?","$","R","T","R","?","?","R","$","M","BOSS"],"items_purchased_type":["Card","Relic","Relic","Relic","Card"],"build_version":"2020-12-22","purchased_purges":2,"victory":true,"max_hp_per_floor":[72,72,72,72,72,86,86,86,86,86,86,86,86,86,86,86,86,86,86,86,86,86,86,86,86,86,86,86,86,86,86,86,86,91,91,91,91,91,91,91,91,91,91,91,91,91,91,91],"card_choices":[{"not_picked":["Guardian:CrystalBeam","Guardian:EvasiveProtocol","Guardian:Incinerate"],"picked":"SKIP","floor":2.0},{"not_picked":["Guardian:Gem_Lightblue","Guardian:EvasiveProtocol","Guardian:VentSteam"],"picked":"SKIP","floor":3.0},{"not_picked":["Guardian:PrismaticBeam","Guardian:PolyBeam","Guardian:RollAttack"],"picked":"SKIP","floor":5.0},{"not_picked":["Guardian:Gem_Yellow","Guardian:Clone","Guardian:ArmoredProtocol"],"picked":"SKIP","floor":6.0},{"not_picked":["Guardian:Clone","Guardian:Gem_Red"],"picked":"Guardian:Gem_Blue","floor":8.0},{"not_picked":["Guardian:WalkerClaw","Guardian:CrystalBeam","Guardian:Incinerate"],"picked":"SKIP","floor":10.0},{"not_picked":["Guardian:Suspension","Guardian:Reroute","Guardian:RollAttack"],"picked":"SKIP","floor":12.0},{"not_picked":["Guardian:Incinerate","Guardian:EvasiveProtocol"],"picked":"Guardian:Orbwalk","floor":15.0},{"not_picked":["Guardian:FierceBash","Guardian:HyperBeam_Guardian"],"picked":"Guardian:StasisField","floor":16.0},{"not_picked":["Guardian:SpikerProtocol","Guardian:Gem_Cyan","Guardian:GuardianWhirl"],"picked":"SKIP","floor":19.0},{"not_picked":["Guardian:Gem_Green","Guardian:ChargeCore","Guardian:Reroute+1"],"picked":"SKIP","floor":20.0},{"not_picked":["Guardian:Emergency","Guardian:VentSteam"],"picked":"Guardian:Gem_White","floor":21.0},{"not_picked":["Guardian:Gem_Red","Guardian:ChargeCore","Guardian:WalkerClaw"],"picked":"SKIP","floor":23.0},{"not_picked":["Guardian:Recover","Guardian:BronzeArmor","Guardian:StasisStrike"],"picked":"SKIP","floor":25.0},{"not_picked":["Guardian:Gem_Lightblue","Guardian:Clone","Guardian:ChargeCore"],"picked":"SKIP","floor":27.0},{"not_picked":["Guardian:ChargeCore","Guardian:Gem_Green","Guardian:PrimingBeam"],"picked":"SKIP","floor":28.0},{"not_picked":["Guardian:Recover","Guardian:VentSteam","Guardian:PrimingBeam"],"picked":"SKIP","floor":32.0},{"not_picked":["Guardian:ShieldCharger","Guardian:RefractedBeam+1","Guardian:Gem_Green"],"picked":"SKIP","floor":36.0},{"not_picked":["Guardian:ArmoredProtocol","Guardian:RevengeProtocol"],"picked":"Guardian:Gem_White","floor":39},{"not_picked":["Guardian:Gem_Red","Guardian:DonusPower+1","Guardian:Reroute"],"picked":"SKIP","floor":48},{"not_picked":["Guardian:Gem_Cyan","Guardian:GuardianWhirl","Guardian:FuturePlans+1"],"picked":"SKIP","floor":49}],"player_experience":1704884,"relics_obtained":[{"floor":1.0,"key":"Gremlin Food"},{"floor":6.0,"key":"Mango"},{"floor":7.0,"key":"Anchor"},{"floor":8.0,"key":"hexamod:BolsterEngine"},{"floor":12.0,"key":"Pet Ghost"},{"floor":24.0,"key":"Guardian:PocketSentry"},{"floor":25.0,"key":"hubris:Teleporter"},{"floor":29.0,"key":"Bag of Preparation"},{"floor":31.0,"key":"Nilry\u0027s Codex"}],"event_choices":[{"cards_removed":["Guardian:CurlUp"],"damage_healed":0,"gold_gain":0,"player_choice":"Removed Skill","damage_taken":0,"max_hp_gain":0,"max_hp_loss":0,"event_name":"Falling","floor":44,"gold_loss":0}],"is_beta":false,"boss_relics":[{"not_picked":["Abe\u0027s Treasure","hubris:RunicObelisk"],"picked":"Guardian:ModeShifterPlus"},{"not_picked":["Runic Pyramid","Velvet Choker"],"picked":"Tiny House"}],"items_purged_floors":[3,23],"is_endless":false,"potions_floor_spawned":[6,8,12,15,19,21,33,36,49],"ascension_level":14}}