{"host":"Sean","time":1613665899,"event":{"mods":["BaseMod","Block Reminder","Colored Map","Colored Powertips","Highlight Path","Minty Spire (QoL Compilation)","Permanent Neow","Relic Stats"],"gold_per_floor":[117,131,148,165,165,165,205,228,228,13,52,52,72,106,106,237,237,255,278,301,317,317,317,352,352,427,465,465,506,506,529,529,652,652,668,95,158,178,199,199,233,566,644,676,676,676,676,692,692,692,692,692,29,61,61],"floor_reached":56,"language":"ENG","playtime":4042,"items_purged":["Defend_B","Strike_B","Zap"],"score":1840,"play_id":"809db2dd-431b-4a34-bfdd-65f16cb65b56","local_time":"20210218163139","is_ascension_mode":true,"campfire_choices":[{"data":"Gash","floor":6.0,"key":"SMITH"},{"data":"Scrape","floor":15.0,"key":"SMITH"},{"data":"Reboot","floor":23.0,"key":"SMITH"},{"data":"Ghostly","floor":32.0,"key":"SMITH"},{"data":"Buffer","floor":40.0,"key":"SMITH"},{"data":"Panacea","floor":47.0,"key":"SMITH"},{"floor":49.0,"key":"RECALL"},{"data":"Defragment","floor":52,"key":"SMITH"}],"circlet_count":0,"master_deck":["AscendersBane","Dualcast","Glacier","Go for the Eyes","Gash+1","Hologram","Reboot+1","Steam","Self Repair","Gash","Cold Snap","Scrape+1","Electrodynamics","Gash+1","All For One+1","Hyperbeam+1","Double Energy+1","Reinforced Body","Ghostly","Ghostly","Ghostly+1","Ghostly","Ghostly","Skim","Hologram+1","Turbo+1","Buffer+1","CurseOfTheBell","Redo+1","All For One","Defragment+1","Core Surge","Coolheaded+1","Double Energy+1","Panacea+1","Dark Shackles","Dark Shackles","Defragment+1","Echo Form","Loop+1"],"relics":["Cracked Core","Bottled Flame","Eternal Feather","Ice Cream","Singing Bowl","Astrolabe","Letter Opener","Question Card","Bottled Tornado","Bottled Lightning","Calling Bell","Bag of Preparation","Pear","Prayer Wheel","Lantern","Peace Pipe","The Courier","Mummified Hand","Emotion Chip","Happy Flower","HornCleat","Bronze Scales","Gremlin Horn"],"acts_visited":["Exordium","TheCity","TheBeyond","TheEnding"],"potions_floor_usage":[55,55,55,55],"damage_taken":[{"damage":5.0,"enemies":"Small Slimes","floor":1.0,"turns":3.0},{"damage":1.0,"enemies":"Jaw Worm","floor":2.0,"turns":5.0},{"damage":0.0,"enemies":"2 Louse","floor":3.0,"turns":2.0},{"damage":2.0,"enemies":"Large Slime","floor":4.0,"turns":7.0},{"damage":29.0,"enemies":"Lagavulin","floor":7.0,"turns":8.0},{"damage":0.0,"enemies":"Looter","floor":8.0,"turns":3.0},{"damage":20.0,"enemies":"3 Sentries","floor":11.0,"turns":10.0},{"damage":8.0,"enemies":"Exordium Wildlife","floor":13.0,"turns":5.0},{"damage":20.0,"enemies":"Gremlin Nob","floor":14.0,"turns":5.0},{"damage":9.0,"enemies":"Hexaghost","floor":16.0,"turns":8.0},{"damage":1.0,"enemies":"3 Byrds","floor":18.0,"turns":4.0},{"damage":8.0,"enemies":"Chosen","floor":19.0,"turns":2.0},{"damage":5.0,"enemies":"Centurion and Healer","floor":20.0,"turns":3.0},{"damage":14.0,"enemies":"Chosen and Byrds","floor":21.0,"turns":5.0},{"damage":0.0,"enemies":"Book of Stabbing","floor":24.0,"turns":5.0},{"damage":5.0,"enemies":"Slavers","floor":27.0,"turns":4.0},{"damage":2.0,"enemies":"Gremlin Leader","floor":29.0,"turns":7.0},{"damage":1.0,"enemies":"Snecko","floor":31.0,"turns":4.0},{"damage":25.0,"enemies":"Champ","floor":33.0,"turns":11.0},{"damage":15.0,"enemies":"3 Shapes","floor":35.0,"turns":4.0},{"damage":0.0,"enemies":"Mind Bloom Boss Battle","floor":37.0,"turns":5.0},{"damage":2.0,"enemies":"3 Darklings","floor":38.0,"turns":4.0},{"damage":28.0,"enemies":"Spire Growth","floor":39.0,"turns":4.0},{"damage":2.0,"enemies":"Giant Head","floor":41.0,"turns":5.0},{"damage":3.0,"enemies":"Reptomancer","floor":44.0,"turns":5.0},{"damage":0.0,"enemies":"Jaw Worm Horde","floor":48.0,"turns":3.0},{"damage":30,"enemies":"Awakened One","floor":50,"turns":10},{"damage":33,"enemies":"Shield and Spear","floor":54,"turns":5},{"damage":46,"enemies":"The Heart","floor":55,"turns":10}],"seed_played":"-3898549995480699995","potions_obtained":[{"floor":1.0,"key":"BlessingOfTheForge"},{"floor":7.0,"key":"DuplicationPotion"},{"floor":13.0,"key":"SneckoOil"},{"floor":16.0,"key":"GamblersBrew"},{"floor":18.0,"key":"FairyPotion"},{"floor":19.0,"key":"Ancient Potion"},{"floor":27.0,"key":"Weak Potion"},{"floor":31.0,"key":"DistilledChaos"},{"floor":33.0,"key":"SmokeBomb"},{"floor":37.0,"key":"Strength Potion"}],"is_trial":false,"path_per_floor":["M","M","M","M","?","R","E","M","T","$","E","?","M","E","R","B",null,"M","M","M","M","?","R","E","?","T","E","T","E","?","M","R","B",null,"M","$","?","M","M","R","E","?","T","E","?","?","R","M","R","B",null,"R","$","E","B",null],"character_chosen":"DEFECT","items_purchased":["FairyPotion","Self Repair","All For One","EntropicBrew","Lantern","Defragment","Echo Form","Happy Flower","HornCleat","Bronze Scales"],"campfire_rested":0,"item_purchase_floors":[10,10,36,36,36,36,53,53,53,53],"current_hp_per_floor":[45,44,44,42,42,42,13,13,13,13,20,43,42,29,38,36,61,67,61,58,44,36,36,38,38,38,33,33,38,38,39,40,22,46,40,40,40,45,28,49,56,56,56,60,50,50,60,62,62,39,56,62,62,29,13],"gold":61,"neow_bonus":"REMOVE_TWO","is_daily":false,"chose_seed":false,"campfire_upgraded":7,"win_rate":0.0,"timestamp":1613665899,"path_taken":["M","M","M","M","?","R","E","M","T","$","E","?","M","E","R","BOSS","M","M","M","M","?","R","E","?","T","E","?","E","?","M","R","BOSS","M","$","?","M","M","R","E","?","T","E","?","?","R","M","R","BOSS","R","$","E","BOSS"],"items_purchased_type":["Potion","Card","Card","Potion","Relic","Card","Card","Relic","Relic","Relic"],"build_version":"2020-12-18","purchased_purges":3,"victory":true,"max_hp_per_floor":[75,75,75,75,69,69,69,69,69,69,69,69,69,69,69,69,69,69,71,73,73,36,36,38,38,38,38,38,38,38,40,40,40,50,52,52,52,52,56,56,58,58,58,60,60,60,60,62,62,62,62,62,62,62,62],"relic_stats":{"Singing Bowl":20,"Happy Flower":[5],"Gremlin Horn":[0,0],"counters":[29,156],"Astrolabe":["Gash","All For One","Hyperbeam"],"Eternal Feather":47,"Bag of Preparation":[20],"Letter Opener":[244],"Question Card":20,"Peace Pipe":0,"Emotion Chip":[28,15,13,0,0],"Mummified Hand":[21],"Bronze Scales":[156],"Prayer Wheel":4,"obtain_stats":[{"Ice Cream":11,"Lantern":36,"Pear":34,"Singing Bowl":14,"Happy Flower":53,"Gremlin Horn":54,"Golden Idol":5,"Astrolabe":17,"Eternal Feather":9,"The Courier":41,"Bag of Preparation":34,"Letter Opener":24,"Bottled Tornado":27,"Question Card":26,"Calling Bell":34,"Peace Pipe":37,"Bottled Flame":7,"Emotion Chip":44,"HornCleat":53,"Mummified Hand":43,"Bronze Scales":53,"Prayer Wheel":34,"Bottled Lightning":29,"Cracked Core":0},{"Ice Cream":7,"Lantern":20,"Pear":19,"Singing Bowl":9,"Happy Flower":27,"Gremlin Horn":28,"Golden Idol":4,"Astrolabe":10,"Eternal Feather":6,"The Courier":24,"Bag of Preparation":19,"Letter Opener":15,"Bottled Tornado":16,"Question Card":15,"Calling Bell":19,"Peace Pipe":21,"Bottled Flame":5,"Emotion Chip":25,"HornCleat":27,"Mummified Hand":24,"Bronze Scales":27,"Prayer Wheel":19,"Bottled Lightning":17,"Cracked Core":0},{"Ice Cream":38,"Lantern":105,"Pear":101,"Singing Bowl":48,"Happy Flower":141,"Gremlin Horn":146,"Golden Idol":17,"Astrolabe":56,"Eternal Feather":28,"The Courier":123,"Bag of Preparation":101,"Letter Opener":75,"Bottled Tornado":79,"Question Card":75,"Calling Bell":101,"Peace Pipe":110,"Bottled Flame":25,"Emotion Chip":128,"HornCleat":141,"Mummified Hand":123,"Bronze Scales":141,"Prayer Wheel":101,"Bottled Lightning":86,"Cracked Core":0}]},"card_choices":[{"not_picked":["Stack","Self Repair"],"picked":"Glacier","floor":1.0},{"not_picked":["Stack","Turbo"],"picked":"Go for the Eyes","floor":2.0},{"not_picked":["Rip and Tear","Go for the Eyes"],"picked":"Gash","floor":3.0},{"not_picked":["Auto Shields","Leap"],"picked":"Hologram","floor":4.0},{"not_picked":["Reinforced Body","Redo"],"picked":"Reboot","floor":7.0},{"not_picked":["Streamline","Sweeping Beam"],"picked":"Steam","floor":8.0},{"not_picked":["Sunder","Self Repair"],"picked":"Gash","floor":11.0},{"not_picked":["Redo","Ball Lightning"],"picked":"Cold Snap","floor":13.0},{"not_picked":["Compile Driver","Sweeping Beam"],"picked":"Scrape","floor":14.0},{"not_picked":["Creative AI","Thunder Strike"],"picked":"Electrodynamics","floor":16.0},{"not_picked":["Barrage+1","Aggregate"],"picked":"Double Energy+1","floor":18.0},{"not_picked":["Compile Driver+1","Sweeping Beam+1","Blizzard"],"picked":"Singing Bowl","floor":19.0},{"not_picked":["Darkness","Stack","Self Repair"],"picked":"Singing Bowl","floor":20.0},{"not_picked":["Barrage","Redo"],"picked":"Reinforced Body","floor":21.0},{"not_picked":["Fusion","Redo+1","Machine Learning"],"picked":"Singing Bowl","floor":24.0},{"not_picked":["Steam","Hyperbeam","White Noise+1"],"picked":"Hologram+1","floor":27.0},{"not_picked":["Self Repair","Go for the Eyes","Conserve Battery"],"picked":"Turbo+1","floor":29.0},{"not_picked":["Sweeping Beam+1","Compile Driver","Gash","Rip and Tear"],"picked":"Singing Bowl","floor":31.0},{"not_picked":["Thunder Strike","Electrodynamics","Creative AI"],"picked":"Buffer","floor":33.0},{"not_picked":["Leap","Force Field","Sweeping Beam"],"picked":"Redo+1","floor":35.0},{"not_picked":["Steam","Compile Driver+1","Self Repair","Redo+1"],"picked":"Singing Bowl","floor":35.0},{"not_picked":["Rebound","Gash+1","Undo+1"],"picked":"Core Surge","floor":37.0},{"not_picked":["Steam","Doom and Gloom","Rebound"],"picked":"Coolheaded+1","floor":38.0},{"not_picked":["Fusion+1","Storm","Beam Cell+1"],"picked":"Double Energy+1","floor":38.0},{"not_picked":["Recycle","Go for the Eyes","Force Field","Ball Lightning"],"picked":"Singing Bowl","floor":39.0},{"not_picked":["Ball Lightning+1","Force Field+1","Tempest","FTL+1"],"picked":"Singing Bowl","floor":39.0},{"not_picked":["FTL+1","Scrape","Sunder+1","Darkness"],"picked":"Singing Bowl","floor":41.0},{"not_picked":["FTL+1","Beam Cell","Lockon","Force Field+1"],"picked":"Singing Bowl","floor":44.0},{"not_picked":["Trip","Bandage Up","Swift Strike"],"picked":"Panacea","floor":45.0},{"not_picked":["PanicButton","Secret Weapon","Good Instincts"],"picked":"Dark Shackles","floor":45.0},{"not_picked":["Swift Strike","Transmutation","Bandage Up"],"picked":"Dark Shackles","floor":45.0},{"not_picked":["Gash","Redo","Barrage+1"],"picked":"Defragment+1","floor":48.0},{"not_picked":["Conserve Battery","Coolheaded","Lockon","Stack"],"picked":"Singing Bowl","floor":48.0},{"not_picked":["Stack","Steam","Scrape"],"picked":"Loop+1","floor":54}],"player_experience":553258,"relics_obtained":[{"floor":7.0,"key":"Bottled Flame"},{"floor":9.0,"key":"Eternal Feather"},{"floor":11.0,"key":"Ice Cream"},{"floor":14.0,"key":"Singing Bowl"},{"floor":24.0,"key":"Letter Opener"},{"floor":26.0,"key":"Question Card"},{"floor":27.0,"key":"Bottled Tornado"},{"floor":29.0,"key":"Bottled Lightning"},{"floor":34.0,"key":"Bag of Preparation"},{"floor":34.0,"key":"Pear"},{"floor":34.0,"key":"Prayer Wheel"},{"floor":37.0,"key":"Peace Pipe"},{"floor":41.0,"key":"The Courier"},{"floor":43.0,"key":"Mummified Hand"},{"floor":44.0,"key":"Emotion Chip"},{"floor":54,"key":"Gremlin Horn"}],"event_choices":[{"damage_healed":0.0,"max_hp_gain":0.0,"max_hp_loss":6.0,"gold_gain":0.0,"event_name":"Golden Idol","player_choice":"Lose Max HP","floor":5.0,"gold_loss":0.0,"damage_taken":0.0,"relics_obtained":["Golden Idol"]},{"damage_healed":23.0,"max_hp_gain":0.0,"max_hp_loss":0.0,"gold_gain":0.0,"event_name":"Big Fish","player_choice":"Banana","floor":12.0,"gold_loss":0.0,"damage_taken":0.0},{"damage_healed":0.0,"max_hp_gain":0.0,"max_hp_loss":37.0,"gold_gain":0.0,"event_name":"Ghosts","player_choice":"Became a Ghost","floor":22.0,"gold_loss":0.0,"damage_taken":0.0,"cards_obtained":["Ghostly","Ghostly","Ghostly","Ghostly","Ghostly"]},{"damage_healed":0.0,"max_hp_gain":0.0,"max_hp_loss":0.0,"gold_gain":0.0,"event_name":"The Library","player_choice":"Read","floor":25.0,"gold_loss":0.0,"damage_taken":0.0,"cards_obtained":["Skim"]},{"damage_healed":0.0,"max_hp_gain":0.0,"max_hp_loss":0.0,"gold_gain":0.0,"event_name":"Vampires","player_choice":"Ignored","floor":30.0,"gold_loss":0.0,"damage_taken":0.0},{"damage_healed":0.0,"max_hp_gain":0.0,"max_hp_loss":0.0,"gold_gain":0.0,"event_name":"MindBloom","player_choice":"Fight","floor":37.0,"gold_loss":0.0,"damage_taken":0.0},{"damage_healed":0.0,"max_hp_gain":0.0,"max_hp_loss":0.0,"gold_gain":333.0,"event_name":"The Moai Head","player_choice":"Gave Idol","floor":42.0,"relics_lost":["Golden Idol"],"gold_loss":0.0,"damage_taken":0.0},{"damage_healed":0.0,"max_hp_gain":0.0,"max_hp_loss":0.0,"gold_gain":0.0,"event_name":"SensoryStone","player_choice":"Memory 3","floor":45.0,"gold_loss":0.0,"damage_taken":10.0},{"cards_removed":["Defend_B"],"damage_healed":0.0,"max_hp_gain":0.0,"max_hp_loss":0.0,"gold_gain":0.0,"event_name":"Falling","player_choice":"Removed Skill","floor":46.0,"gold_loss":0.0,"damage_taken":0.0}],"is_beta":true,"boss_relics":[{"not_picked":["SlaversCollar","Nuclear Battery"],"picked":"Astrolabe"},{"not_picked":["Coffee Dripper","Sozu"],"picked":"Calling Bell"}],"items_purged_floors":[10,36,53],"is_endless":false,"potions_floor_spawned":[1,7,13,16,18,19,27,31,33,37,44,54],"ascension_level":10}}