{"host":"5f8ute538gzudddu","time":1613627517,"event":{"mods":["BaseMod","Highlight Path","Minty Spire (QoL Compilation)","Relic Stats","StSLib"],"gold_per_floor":[116,129,129,204,204,239,21,55,55,86,101,101,251,176,176,274,274,287,29,389,414,41,41,79,100,127,170,7,50,50,88,88,177,177,196,529,549,549,549,549,584,584,584,615,630,232,232,283,283,283,283,283],"floor_reached":51,"language":"ENG","playtime":2737,"items_purged":["Defend_P","Study","Evaluate","CrushJoints"],"score":1761,"play_id":"7fdba410-d8b1-466b-ba6f-593ab89e3dd2","local_time":"20210217215157","is_ascension_mode":true,"campfire_choices":[{"data":"Worship","floor":12.0,"key":"SMITH"},{"data":"DeceiveReality","floor":15.0,"key":"SMITH"},{"floor":23.0,"key":"REST"},{"floor":32.0,"key":"REST"},{"floor":40,"key":"REST"},{"floor":47,"key":"DIG"},{"floor":49,"key":"RECALL"}],"circlet_count":0,"master_deck":["AscendersBane","Eruption+1","Vigilance","FlyingSleeves+1","DeceiveReality+1","Worship+1","TalkToTheHand","Prostrate","Meditate","Brilliance","ClearTheMind","BowlingBash","SandsOfTime","Protect","DeceiveReality","Wireheading","Meditate+1","WaveOfTheHand","Scrawl","MentalFortress+1","Prostrate"],"relics":["PureWater","NeowsBlessing","InkBottle","Smiling Mask","Strawberry","Bottled Lightning","Lizard Tail","Ginger","Pandora\u0027s Box","Medical Kit","PreservedInsect","Sling","Toy Ornithopter","TeardropLocket","Whetstone","Akabeko","Omamori","Fusion Hammer","Ancient Tea Set","The Courier","Yang","Sundial","Shovel","Vajra","Du-Vu Doll"],"acts_visited":["Exordium","TheCity","TheBeyond"],"potions_floor_usage":[37,48,50,50,50,51],"damage_taken":[{"damage":0.0,"enemies":"Small Slimes","floor":1.0,"turns":1.0},{"damage":0.0,"enemies":"Jaw Worm","floor":2.0,"turns":1.0},{"damage":0.0,"enemies":"Lagavulin","floor":6.0,"turns":1.0},{"damage":16.0,"enemies":"Gremlin Nob","floor":8.0,"turns":3.0},{"damage":4.0,"enemies":"Lagavulin","floor":10.0,"turns":8.0},{"damage":0.0,"enemies":"Cultist","floor":11.0,"turns":4.0},{"damage":15.0,"enemies":"The Guardian","floor":16.0,"turns":14.0},{"damage":15.0,"enemies":"2 Thieves","floor":18.0,"turns":3.0},{"damage":2.0,"enemies":"Chosen","floor":21.0,"turns":5.0},{"damage":29.0,"enemies":"Slavers","floor":24.0,"turns":3.0},{"damage":10.0,"enemies":"Snake Plant","floor":25.0,"turns":5.0},{"damage":7.0,"enemies":"Gremlin Leader","floor":27.0,"turns":4.0},{"damage":21.0,"enemies":"Book of Stabbing","floor":29.0,"turns":5.0},{"damage":0.0,"enemies":"Gremlin Leader","floor":31.0,"turns":3.0},{"damage":4.0,"enemies":"Champ","floor":33.0,"turns":8.0},{"damage":0.0,"enemies":"Orb Walker","floor":35.0,"turns":2.0},{"damage":12,"enemies":"3 Darklings","floor":37,"turns":5},{"damage":23,"enemies":"Giant Head","floor":41,"turns":6},{"damage":0,"enemies":"Nemesis","floor":44,"turns":3},{"damage":3,"enemies":"4 Shapes","floor":45,"turns":5},{"damage":8,"enemies":"2 Orb Walkers","floor":48,"turns":5},{"damage":25,"enemies":"Awakened One","floor":50,"turns":11},{"damage":57,"enemies":"Time Eater","floor":51,"turns":9}],"seed_played":"845654633527627454","potions_obtained":[{"floor":2.0,"key":"Fire Potion"},{"floor":8.0,"key":"Weak Potion"},{"floor":18.0,"key":"DuplicationPotion"},{"floor":25.0,"key":"ColorlessPotion"},{"floor":33.0,"key":"Explosive Potion"},{"floor":45,"key":"Ambrosia"},{"floor":48,"key":"BottledMiracle"}],"is_trial":false,"path_per_floor":["M","M","?","?","T","E","$","E","T","E","M","R","?","?","R","B",null,"M","$","?","M","$","R","E","M","T","E","$","E","?","E","R","B",null,"M","?","M","?","?","R","E","T","T","E","M","$","R","?","R","B","B"],"character_chosen":"WATCHER","items_purchased":["Strawberry","Medical Kit","Wireheading","PreservedInsect","Sling","Whetstone","Shovel","EntropicBrew"],"campfire_rested":3,"item_purchase_floors":[7,19,19,22,22,28,46,46],"current_hp_per_floor":[61,61,61,50,50,50,57,41,41,37,37,37,37,37,37,22,57,42,42,6,4,4,24,34,24,24,22,22,1,1,1,21,17,56,56,56,49,49,49,66,43,43,43,43,40,40,40,37,37,27,0,0],"gold":283,"neow_bonus":"THREE_ENEMY_KILL","is_daily":false,"chose_seed":false,"campfire_upgraded":2,"win_rate":0.0,"timestamp":1613627517,"path_taken":["M","M","?","?","?","E","$","E","T","E","?","R","?","?","R","BOSS","M","$","?","M","$","R","E","M","T","E","?","E","?","E","R","BOSS","M","?","M","?","?","R","E","?","T","E","M","$","R","?","R","BOSS","BOSS"],"items_purchased_type":["Relic","Relic","Card","Relic","Relic","Relic","Relic","Potion"],"build_version":"2020-12-22","purchased_purges":4,"victory":false,"max_hp_per_floor":[68,68,62,62,62,62,69,69,69,69,69,69,69,69,69,69,69,69,69,69,69,69,69,69,69,69,69,69,69,69,69,69,69,69,69,69,69,69,66,66,66,66,66,66,66,66,66,66,66,66,66,66],"relic_stats":{"counters":[23,114],"Yang":[50],"PreservedInsect":359,"Ginger":[16],"Whetstone":["FlyingSleeves","Eruption"],"Smiling Mask":220,"Medical Kit":[5],"Lizard Tail":34,"Shovel":1,"Sundial":[6],"Pandora\u0027s Box":["ClearTheMind","CrushJoints","BowlingBash","SandsOfTime","Protect","Study","Evaluate"],"obtain_stats":[{"Vajra":47,"Yang":43,"Ginger":10,"TeardropLocket":27,"Whetstone":28,"Smiling Mask":6,"Sling":22,"Ancient Tea Set":41,"Lizard Tail":9,"Shovel":46,"Sundial":44,"Strawberry":7,"Fusion Hammer":34,"InkBottle":5,"NeowsBlessing":0,"Golden Idol":3,"PreservedInsect":22,"The Courier":42,"Omamori":31,"Medical Kit":19,"Akabeko":29,"Du-Vu Doll":48,"Pandora\u0027s Box":17,"Bottled Lightning":8,"PureWater":0,"Toy Ornithopter":24},{"Vajra":20,"Yang":18,"Ginger":5,"TeardropLocket":12,"Whetstone":12,"Smiling Mask":3,"Sling":9,"Ancient Tea Set":18,"Lizard Tail":4,"Shovel":20,"Sundial":19,"Strawberry":3,"Fusion Hammer":15,"InkBottle":2,"NeowsBlessing":0,"Golden Idol":2,"PreservedInsect":9,"The Courier":18,"Omamori":14,"Medical Kit":8,"Akabeko":13,"Du-Vu Doll":21,"Pandora\u0027s Box":7,"Bottled Lightning":4,"PureWater":0,"Toy Ornithopter":10},{"Vajra":89,"Yang":81,"Ginger":14,"TeardropLocket":52,"Whetstone":52,"Smiling Mask":3,"Sling":40,"Ancient Tea Set":81,"Lizard Tail":6,"Shovel":89,"Sundial":84,"Strawberry":3,"Fusion Hammer":68,"InkBottle":2,"NeowsBlessing":0,"Golden Idol":2,"PreservedInsect":40,"The Courier":81,"Omamori":60,"Medical Kit":35,"Akabeko":57,"Du-Vu Doll":94,"Pandora\u0027s Box":32,"Bottled Lightning":6,"PureWater":0,"Toy Ornithopter":43}],"InkBottle":[42],"Toy Ornithopter":35},"card_choices":[{"not_picked":["Protect","JustLucky"],"picked":"FlyingSleeves","floor":1.0},{"not_picked":["Protect","CutThroughFate"],"picked":"DeceiveReality","floor":2.0},{"not_picked":["Nirvana","ThirdEye"],"picked":"Worship","floor":6.0},{"not_picked":["Protect","Blasphemy"],"picked":"TalkToTheHand","floor":8.0},{"not_picked":["Protect","ConjureBlade"],"picked":"Prostrate","floor":10.0},{"not_picked":["EmptyBody","Study"],"picked":"Meditate","floor":11.0},{"not_picked":["Blasphemy","Vault"],"picked":"Brilliance","floor":16.0},{"not_picked":["WreathOfFlame+1","Indignation"],"picked":"DeceiveReality","floor":18.0},{"not_picked":["ClearTheMind","PathToVictory"],"picked":"Meditate+1","floor":21.0},{"not_picked":["InnerPeace","Nirvana","Protect"],"picked":"SKIP","floor":24.0},{"not_picked":["EmptyFist","Fasting2+1"],"picked":"WaveOfTheHand","floor":25.0},{"not_picked":["Wireheading","Weave","Conclude"],"picked":"SKIP","floor":27.0},{"not_picked":["Perseverance","Weave","Evaluate+1"],"picked":"SKIP","floor":29.0},{"not_picked":["FlurryOfBlows","ForeignInfluence","Perseverance"],"picked":"SKIP","floor":31.0},{"not_picked":["Blasphemy","SpiritShield"],"picked":"Scrawl","floor":33.0},{"not_picked":["ClearTheMind","Conclude","CutThroughFate"],"picked":"SKIP","floor":35.0},{"not_picked":["Crescendo","Wireheading+1"],"picked":"EmptyMind","floor":37},{"not_picked":["Evaluate","Protect","SpiritShield"],"picked":"SKIP","floor":41},{"not_picked":["EmptyFist","SashWhip","FlurryOfBlows"],"picked":"SKIP","floor":44},{"not_picked":["EmptyFist","InnerPeace"],"picked":"MentalFortress+1","floor":45},{"not_picked":["Wireheading","FlyingSleeves"],"picked":"Prostrate","floor":48}],"player_experience":950745,"relics_obtained":[{"floor":5.0,"key":"InkBottle"},{"floor":6.0,"key":"Smiling Mask"},{"floor":8.0,"key":"Bottled Lightning"},{"floor":9.0,"key":"Lizard Tail"},{"floor":10.0,"key":"Ginger"},{"floor":24.0,"key":"Toy Ornithopter"},{"floor":27.0,"key":"TeardropLocket"},{"floor":29.0,"key":"Akabeko"},{"floor":31.0,"key":"Omamori"},{"floor":41,"key":"Ancient Tea Set"},{"floor":42,"key":"The Courier"},{"floor":43,"key":"Yang"},{"floor":44,"key":"Sundial"},{"floor":47,"key":"Vajra"},{"floor":48,"key":"Du-Vu Doll"}],"event_choices":[{"damage_healed":0.0,"max_hp_gain":0.0,"max_hp_loss":6.0,"gold_gain":0.0,"event_name":"Golden Idol","player_choice":"Lose Max HP","floor":3.0,"gold_loss":0.0,"damage_taken":0.0,"relics_obtained":["Golden Idol"]},{"damage_healed":0.0,"max_hp_gain":0.0,"max_hp_loss":0.0,"gold_gain":75.0,"event_name":"World of Goop","player_choice":"Gather Gold","floor":4.0,"gold_loss":0.0,"damage_taken":11.0},{"damage_healed":0.0,"max_hp_gain":0.0,"max_hp_loss":0.0,"gold_gain":150.0,"event_name":"Liars Game","player_choice":"AGREE","floor":13.0,"gold_loss":0.0,"damage_taken":0.0,"cards_obtained":["Doubt"]},{"cards_removed":["Doubt"],"damage_healed":0.0,"max_hp_gain":0.0,"max_hp_loss":0.0,"gold_gain":0.0,"event_name":"The Cleric","player_choice":"Card Removal","floor":14.0,"gold_loss":75.0,"damage_taken":0.0},{"damage_healed":0.0,"max_hp_gain":0.0,"max_hp_loss":0.0,"gold_gain":360.0,"event_name":"Knowing Skull","player_choice":"GOLD GOLD GOLD GOLD ","floor":20.0,"potions_obtained":[],"gold_loss":0.0,"damage_taken":36.0,"cards_obtained":[]},{"damage_healed":0.0,"max_hp_gain":0.0,"max_hp_loss":0.0,"gold_gain":0.0,"event_name":"Cursed Tome","player_choice":"Ignored","floor":30.0,"gold_loss":0.0,"damage_taken":0.0},{"damage_healed":0.0,"max_hp_gain":0.0,"max_hp_loss":0.0,"gold_gain":333.0,"event_name":"The Moai Head","player_choice":"Gave Idol","floor":36.0,"relics_lost":["Golden Idol"],"gold_loss":0.0,"damage_taken":0.0},{"cards_removed":["EmptyMind"],"damage_healed":0,"gold_gain":0,"player_choice":"Removed Skill","damage_taken":0,"max_hp_gain":0,"max_hp_loss":0,"event_name":"Falling","floor":38,"gold_loss":0},{"damage_healed":0,"gold_gain":0,"player_choice":"Max HP","damage_taken":0,"max_hp_gain":0,"max_hp_loss":3,"event_name":"Winding Halls","floor":39,"gold_loss":0},{"damage_healed":0,"gold_gain":0,"player_choice":"Fight","damage_taken":0,"max_hp_gain":0,"max_hp_loss":0,"event_name":"Mysterious Sphere","floor":48,"gold_loss":0}],"is_beta":false,"boss_relics":[{"not_picked":["Philosopher\u0027s Stone","Cursed Key"],"picked":"Pandora\u0027s Box"},{"not_picked":["Empty Cage","Black Star"],"picked":"Fusion Hammer"}],"items_purged_floors":[7,19,22,46],"is_endless":false,"potions_floor_spawned":[2,8,18,25,33,45,48],"killed_by":"Time Eater","ascension_level":20}}