{"host":"xvcswx52z80fmg13","time":1613682277,"event":{"mods":["BaseMod","Colored Map","Colored Powertips","Highlight Path","Minty Spire (QoL Compilation)"],"gold_per_floor":[116,116,136,136,150,175,175,201,201,221,253,271,282,297,297,392,392,412,428,444,369,369,398,398,415,439,439,538,563,563,594,594,690,690,709,709,760,810,829,839,839,864,890,890,1112,1112,1130,1149,1149,1149,1149],"floor_reached":50,"language":"ENG","playtime":3172,"items_purged":[],"score":577,"play_id":"e5626bfa-c23b-4add-9d45-29482785070a","local_time":"20210218170437","is_ascension_mode":false,"campfire_choices":[{"data":"Neutralize","floor":7,"key":"SMITH"},{"data":"Dagger Spray","floor":15,"key":"SMITH"},{"data":"Calculated Gamble","floor":24,"key":"SMITH"},{"data":"Storm of Steel","floor":30,"key":"SMITH"},{"data":"Good Instincts","floor":32,"key":"SMITH"},{"floor":44,"key":"RECALL"},{"data":"After Image","floor":46,"key":"SMITH"},{"data":"Leg Sweep","floor":49,"key":"SMITH"}],"circlet_count":0,"master_deck":["Strike_G","Strike_G","Strike_G","Defend_G+1","Defend_G","Defend_G","Defend_G","Survivor","Neutralize+1","Good Instincts+1","Dagger Spray","Dagger Spray+1","Quick Slash","Die Die Die","Terror","Calculated Gamble+1","Backflip","Storm of Steel+1","Underhanded Strike+1","All Out Attack+1","Underhanded Strike+1","Leg Sweep+1","Backstab+1","After Image+1","Outmaneuver+1"],"relics":["Ring of the Snake","Ninja Scroll","InkBottle","Matryoshka","Omamori","Sozu","Centennial Puzzle","Letter Opener","Molten Egg 2","Pen Nib","Unceasing Top","Red Mask","Busted Crown","Peace Pipe","Thread and Needle","Juzu Bracelet","Bronze Scales"],"acts_visited":["Exordium","TheCity","TheBeyond"],"potions_floor_usage":[6,11,16],"damage_taken":[{"damage":0,"enemies":"2 Louse","floor":1,"turns":7},{"damage":0,"enemies":"Jaw Worm","floor":3,"turns":5},{"damage":0,"enemies":"Cultist","floor":5,"turns":4},{"damage":18,"enemies":"3 Sentries","floor":6,"turns":7},{"damage":11,"enemies":"Gremlin Nob","floor":8,"turns":4},{"damage":0,"enemies":"2 Fungi Beasts","floor":10,"turns":1},{"damage":1,"enemies":"3 Sentries","floor":11,"turns":4},{"damage":0,"enemies":"Looter","floor":12,"turns":2},{"damage":2,"enemies":"Large Slime","floor":13,"turns":2},{"damage":0,"enemies":"3 Louse","floor":14,"turns":1},{"damage":0,"enemies":"Slime Boss","floor":16,"turns":4},{"damage":5,"enemies":"Shell Parasite","floor":18,"turns":3},{"damage":0,"enemies":"Spheric Guardian","floor":19,"turns":3},{"damage":0,"enemies":"Chosen and Byrds","floor":20,"turns":3},{"damage":15,"enemies":"Book of Stabbing","floor":23,"turns":6},{"damage":0,"enemies":"Snecko","floor":25,"turns":3},{"damage":6,"enemies":"Gremlin Leader","floor":29,"turns":4},{"damage":0,"enemies":"Masked Bandits","floor":31,"turns":1},{"damage":23,"enemies":"Automaton","floor":33,"turns":8},{"damage":0,"enemies":"Orb Walker","floor":35,"turns":1},{"damage":18,"enemies":"2 Orb Walkers","floor":37,"turns":4},{"damage":1,"enemies":"Mind Bloom Boss Battle","floor":38,"turns":7},{"damage":0,"enemies":"3 Darklings","floor":39,"turns":3},{"damage":0,"enemies":"Transient","floor":40,"turns":5},{"damage":0,"enemies":"4 Shapes","floor":47,"turns":2},{"damage":0,"enemies":"3 Darklings","floor":48,"turns":2},{"damage":48,"enemies":"Time Eater","floor":50,"turns":10}],"seed_played":"-2140957345212515290","potions_obtained":[{"floor":3,"key":"Poison Potion"},{"floor":5,"key":"Ancient Potion"},{"floor":8,"key":"Regen Potion"},{"floor":13,"key":"SteroidPotion"},{"floor":14,"key":"Weak Potion"}],"is_trial":false,"path_per_floor":["M","?","M","?","M","E","R","E","T","M","E","M","M","M","R","B",null,"M","M","M","?","?","E","R","M","T","?","?","E","R","?","R","B",null,"M","?","?","?","M","M","?","T","T","R","?","R","M","M","R","B"],"character_chosen":"THE_SILENT","items_purchased":[],"campfire_rested":0,"item_purchase_floors":[],"current_hp_per_floor":[70,63,63,63,63,45,45,34,34,34,45,45,43,43,43,43,70,65,65,65,65,65,50,50,50,50,50,50,44,44,44,44,21,70,70,60,42,41,41,41,41,41,41,41,41,41,41,41,41,0,0],"gold":1149,"neow_bonus":"RANDOM_COLORLESS","is_daily":false,"chose_seed":false,"campfire_upgraded":7,"win_rate":0.0,"timestamp":1613682277,"path_taken":["M","?","M","?","M","E","R","E","T","M","E","M","?","M","R","BOSS","M","M","M","?","?","E","R","M","T","?","?","E","R","?","R","BOSS","M","?","?","?","M","M","?","?","T","R","?","R","M","M","R","BOSS"],"items_purchased_type":[],"build_version":"2020-12-22","purchased_purges":0,"victory":false,"max_hp_per_floor":[70,70,70,70,70,70,70,70,70,70,70,70,70,70,70,70,70,70,70,70,70,70,70,70,70,70,70,70,70,70,70,70,70,70,70,70,70,70,70,70,70,70,70,70,70,70,70,70,70,70,70],"card_choices":[{"not_picked":["Purity","Flash of Steel"],"picked":"Good Instincts","floor":0},{"not_picked":["Acrobatics","Bane"],"picked":"Dagger Spray","floor":1},{"not_picked":["Expertise","Acrobatics"],"picked":"Dagger Spray","floor":3},{"not_picked":["Dodge and Roll","Outmaneuver"],"picked":"Quick Slash","floor":5},{"not_picked":["All Out Attack","Sucker Punch"],"picked":"Die Die Die","floor":6},{"not_picked":["Flying Knee","All Out Attack"],"picked":"Terror","floor":8},{"not_picked":["Flying Knee","Outmaneuver","Acrobatics"],"picked":"SKIP","floor":10},{"not_picked":["Bane","Flechettes","Dodge and Roll"],"picked":"SKIP","floor":11},{"not_picked":["Dagger Throw","Concentrate","Flying Knee"],"picked":"SKIP","floor":12},{"not_picked":["Underhanded Strike","Blur"],"picked":"Calculated Gamble","floor":13},{"not_picked":["Slice","Underhanded Strike"],"picked":"Backflip","floor":14},{"not_picked":["Grand Finale","Wraith Form v2"],"picked":"Storm of Steel","floor":16},{"not_picked":["Noxious Fumes+1","Backflip+1"],"picked":"Underhanded Strike+1","floor":18},{"not_picked":["Dagger Spray","Backflip"],"picked":"All Out Attack+1","floor":19},{"not_picked":["Eviscerate","Quick Slash"],"picked":"Underhanded Strike+1","floor":20},{"not_picked":["Dagger Throw+1","Masterful Stab+1"],"picked":"Leg Sweep","floor":23},{"not_picked":["Tactician","Skewer","Blade Dance"],"picked":"SKIP","floor":25},{"not_picked":["Caltrops","Poisoned Stab+1","Reflex"],"picked":"SKIP","floor":29},{"not_picked":["PiercingWail","Prepared"],"picked":"Backstab+1","floor":31},{"not_picked":["Storm of Steel","Phantasmal Killer"],"picked":"After Image","floor":33},{"not_picked":["Distraction"],"picked":"SKIP","floor":35},{"not_picked":["Bouncing Flask"],"picked":"SKIP","floor":39},{"not_picked":["Deadly Poison"],"picked":"SKIP","floor":40},{"not_picked":["Outmaneuver+1"],"picked":"SKIP","floor":47},{"not_picked":[],"picked":"Outmaneuver+1","floor":47},{"not_picked":["Poisoned Stab+1"],"picked":"SKIP","floor":48}],"player_experience":1332559,"relics_obtained":[{"floor":6,"key":"Ninja Scroll"},{"floor":8,"key":"InkBottle"},{"floor":9,"key":"Matryoshka"},{"floor":11,"key":"Omamori"},{"floor":23,"key":"Letter Opener"},{"floor":26,"key":"Molten Egg 2"},{"floor":26,"key":"Pen Nib"},{"floor":29,"key":"Unceasing Top"},{"floor":31,"key":"Red Mask"},{"floor":37,"key":"Peace Pipe"},{"floor":38,"key":"Thread and Needle"},{"floor":42,"key":"Juzu Bracelet"},{"floor":43,"key":"Bronze Scales"}],"event_choices":[{"cards_removed":["Strike_G"],"damage_healed":0,"gold_gain":0,"player_choice":"Card Removal","damage_taken":7,"max_hp_gain":0,"max_hp_loss":0,"event_name":"Golden Wing","floor":2,"gold_loss":0},{"damage_healed":0,"gold_gain":0,"player_choice":"Forge","damage_taken":0,"max_hp_gain":0,"max_hp_loss":0,"event_name":"Accursed Blacksmith","floor":4,"gold_loss":0,"cards_upgraded":["Defend_G"]},{"cards_removed":["Strike_G"],"damage_healed":0,"gold_gain":0,"player_choice":"Gave Gold","damage_taken":0,"max_hp_gain":0,"max_hp_loss":0,"event_name":"Beggar","floor":21,"gold_loss":75},{"damage_healed":0,"gold_gain":0,"player_choice":"Opened","damage_taken":0,"relics_obtained":["Centennial Puzzle"],"max_hp_gain":0,"max_hp_loss":0,"event_name":"The Mausoleum","floor":22,"gold_loss":0,"cards_obtained":["Writhe"]},{"damage_healed":0,"gold_gain":0,"player_choice":"Ignored","damage_taken":0,"max_hp_gain":0,"max_hp_loss":0,"event_name":"Vampires","floor":27,"gold_loss":0},{"damage_healed":0,"gold_gain":99,"player_choice":"Stole From Cult","damage_taken":0,"max_hp_gain":0,"max_hp_loss":0,"event_name":"Nest","floor":28,"gold_loss":0},{"damage_healed":0,"gold_gain":0,"player_choice":"Fought Bandits","damage_taken":0,"max_hp_gain":0,"max_hp_loss":0,"event_name":"Masked Bandits","floor":31,"gold_loss":0},{"damage_healed":0,"gold_gain":0,"player_choice":"Memory 3","damage_taken":10,"max_hp_gain":0,"max_hp_loss":0,"event_name":"SensoryStone","floor":36,"gold_loss":0},{"damage_healed":0,"gold_gain":0,"player_choice":"Fight","damage_taken":0,"max_hp_gain":0,"max_hp_loss":0,"event_name":"Mysterious Sphere","floor":37,"gold_loss":0},{"damage_healed":0,"gold_gain":0,"player_choice":"Fight","damage_taken":0,"max_hp_gain":0,"max_hp_loss":0,"event_name":"MindBloom","floor":38,"gold_loss":0},{"cards_removed":["Defend_G"],"damage_healed":0,"gold_gain":0,"player_choice":"Removed Skill","damage_taken":0,"max_hp_gain":0,"max_hp_loss":0,"event_name":"Falling","floor":41,"gold_loss":0},{"damage_healed":0,"gold_gain":222,"player_choice":"Wore Mask","damage_taken":0,"max_hp_gain":0,"max_hp_loss":0,"event_name":"Tomb of Lord Red Mask","floor":45,"gold_loss":0}],"is_beta":false,"boss_relics":[{"not_picked":["Calling Bell","HoveringKite"],"picked":"Sozu"},{"not_picked":["Black Star","Runic Pyramid"],"picked":"Busted Crown"}],"items_purged_floors":[],"is_endless":false,"potions_floor_spawned":[3,5,8,13,14,18,23,25,29,35,37,39,47],"killed_by":"Time Eater","ascension_level":0}}