{"host":"tmk46lqetm74e6y6","time":1613662106,"event":{"mods":["100% Spire Juice","2.2 Compatiblity","Abigail Mod","AchievementEnabler","Act Like it!","Arknights","BaseMod","Beaked The Cultist","Better Match","BetterRewards","CapriCore","ChefMod","Chen","Decade(â§è¨ñæ)","Friendly Minions","GifTheSpireLib","HololiveMod","KinomotoSakuraMod(ñÿîVñ{?)","KiyohimeÅiê¥?Åj","Koishi","KomeijiMod","Magitek Elite","MarisaÅiñ∂âJÅ@ñÇóùçπÅj","Minty Spire (QoL Compilation)","Onozuka Komachi Mod","Permanent Neow","Prisma Mod","Railgun Mod","Random Character Button","Reliquary","Remilia_Scarlet MoedÅiÂQïƒ‰ª?ÅEéz?óãì¡Åj3.3.5","SOSÅiézîb?îVéqÅj","Small Relic Pack","StSLib","SuperFastMode","The Administrix","The Alterego","The Animator","The Bladedancer","The Immortal","The Servant 0.9.4","The Wild Card","TheSwordswoman","Trackpad","Wide Potions","Yakumo Yukari mod","YoumuÅiç∞ÈÆódöÎÅj","Yuri Mod"],"gold_per_floor":[112,112,112,128,128,146,146,205,205,219,219,239,239,14,14,110,110,120,132,231,231,248,248,229,241,321,321,348,348,348,6,6,105,105,119,134,234,24,24,24,44,62,62,79,79,4,16,16,16,16,16],"floor_reached":50,"language":"ENG","playtime":4745,"items_purged":["Pain"],"score":552,"play_id":"ffce4a2c-fe08-433e-8ce2-3fe91d91a2a1","local_time":"20210218232826","is_ascension_mode":false,"campfire_choices":[{"data":"PrismaMod:ChloeCaladbolg","floor":7,"key":"SMITH"},{"data":"PrismaMod:ChloeRitsuka","floor":11,"key":"SMITH"},{"floor":13,"key":"REST"},{"data":"PrismaMod:ChloeAnyAttackTrace","floor":15,"key":"SMITH"},{"data":"PrismaMod:ChloeBetterTracePools","floor":23,"key":"SMITH"},{"data":"PrismaMod:ChloeDoubleRelicSpeed","floor":27,"key":"SMITH"},{"data":"PrismaMod:ChloeRitsuka","floor":29,"key":"SMITH"},{"floor":32,"key":"REST"},{"data":"PrismaMod:ChloeAnyRareTrace","floor":40,"key":"SMITH"},{"floor":49,"key":"REST"}],"circlet_count":0,"master_deck":["PrismaMod:ChloeCommonDefend","PrismaMod:ChloeCommonDefend","PrismaMod:ChloeCommonDefend","PrismaMod:ChloeCommonDefend","PrismaMod:ChloeCommonDefend","PrismaMod:ChloeCheapAttack","PrismaMod:ChloeCheapDefend","PrismaMod:ChloeCaladbolg+1","PrismaMod:ChloeBetterTracePools+1","PrismaMod:ChloeDiscardRecovery","PrismaMod:ChloeCheapDefendTwo","PrismaMod:ChloeCheapAttackTwo","PrismaMod:ChloeCheapAttack","PrismaMod:ChloeRitsuka+1","PrismaMod:ChloeCheapDefendTwo","PrismaMod:ChloeCheapAttackTwo","PrismaMod:ChloeDoubleRelicSpeed+1","PrismaMod:ChloeAnyAttackTrace+1","PrismaMod:ChloeAnyRareTrace+1","PrismaMod:ChloeEyeOfTheEuryale","PrismaMod:ChloeRuleBreaker","PrismaMod:ChloeCheapDefend","PrismaMod:ChloeExhaustOne","PrismaMod:ChloeMaid+1","PrismaMod:ChloeRitsuka+1","PrismaMod:ChloeCheapAttack","PrismaMod:ChloeDiscardRecovery","PrismaMod:ChloeCheapDefend","PrismaMod:ChloeCaladbolg","PrismaMod:ChloeCarnivalAttack","PrismaMod:ChloeUncommonAttack+1","PrismaMod:ChloeCommonAOEAttack+1","PrismaMod:ChloeGaeBolg","PrismaMod:ChloeGaeBolg","PrismaMod:ChloeChristmas","PrismaMod:ChloeCheapAttackTwo","Wraith","PrismaMod:ChloeGreatTracePools"],"relics":["PrismaMod:PrismaTraceOn","reliquary:OuijaBoard","relicPack:OneForAll","Happy Flower","Bottled Lightning","trackpad:Coffee","yuri:PortableGlitches","trackpad:ZombieHeart","Strange Spoon","trackpad:StolenKidneys","Orichalcum","WarpedTongs","reliquary:PurpleTingedLeaf"],"acts_visited":["TheCity","TheBeyond"],"potions_floor_usage":[8,8,18,22,25,28,35,36],"damage_taken":[{"damage":2,"enemies":"2 Louse","floor":1,"turns":4},{"damage":12,"enemies":"2 Louse","floor":3,"turns":5},{"damage":2,"enemies":"Small Slimes","floor":4,"turns":2},{"damage":1,"enemies":"Jaw Worm","floor":6,"turns":4},{"damage":12,"enemies":"Gremlin Nob","floor":8,"turns":4},{"damage":6,"enemies":"2 Fungi Beasts","floor":10,"turns":3},{"damage":1,"enemies":"Blue Slaver","floor":12,"turns":3},{"damage":7,"enemies":"The Guardian","floor":16,"turns":10},{"damage":6,"enemies":"Spheric Guardian","floor":18,"turns":6},{"damage":0,"enemies":"Shell Parasite","floor":19,"turns":3},{"damage":8,"enemies":"Snake Plant","floor":22,"turns":7},{"damage":2,"enemies":"Shelled Parasite and Fungi","floor":24,"turns":7},{"damage":6,"enemies":"Centurion and Healer","floor":25,"turns":7},{"damage":51,"enemies":"Book of Stabbing","floor":28,"turns":8},{"damage":6,"enemies":"Champ","floor":33,"turns":10},{"damage":11,"enemies":"3 Darklings","floor":35,"turns":4},{"damage":0,"enemies":"Orb Walker","floor":36,"turns":3},{"damage":23,"enemies":"4 Shapes","floor":41,"turns":6},{"damage":38,"enemies":"Writhing Mass","floor":42,"turns":5},{"damage":9,"enemies":"Spire Growth","floor":44,"turns":4},{"damage":1,"enemies":"Maw","floor":47,"turns":1},{"damage":50,"enemies":"Awakened One","floor":50,"turns":4}],"seed_played":"1064901876013517198","potions_obtained":[{"floor":4,"key":"ColorlessPotion"},{"floor":6,"key":"Explosive Potion"},{"floor":12,"key":"Block Potion"},{"floor":18,"key":"Block Potion"},{"floor":24,"key":"DistilledChaos"},{"floor":25,"key":"RedTea"},{"floor":33,"key":"PowerPotion"},{"floor":35,"key":"AttackPotion"}],"is_trial":false,"path_per_floor":["M","?","?","M","?","M","R","?","T","M","R","M","R","$","R","B",null,"M","M","?","?","M","R","M","M","T","R","E","R","?","$","R","B",null,"M","M","?","$","?","R","M","M","T","M","?","$","M","$","R","B"],"character_chosen":"CHLOE","items_purchased":["PrismaMod:ChloeCaladbolg","PrismaMod:ChloeBetterTracePools","PrismaMod:ChloeDiscardRecovery","PrismaMod:ChloeCheapDefendTwo","PrismaMod:ChloeDoubleRelicSpeed","PrismaMod:ChloeAnyAttackTrace","Strange Spoon","PrismaMod:ChloeCheapAttack","PrismaMod:ChloeDiscardRecovery","PrismaMod:ChloeCheapDefend","PrismaMod:ChloeCaladbolg","PrismaMod:ChloeGaeBolg","Orichalcum"],"campfire_rested":3,"item_purchase_floors":[0,0,0,0,14,14,31,31,31,31,31,38,38],"current_hp_per_floor":[73,73,61,59,59,58,58,46,46,40,40,39,61,61,61,54,75,69,69,69,75,67,67,75,75,75,75,24,24,24,24,46,41,76,71,72,72,72,72,72,53,16,16,10,10,10,10,10,37,0,0],"gold":16,"neow_bonus":"","is_daily":false,"chose_seed":false,"campfire_upgraded":7,"win_rate":0.0,"timestamp":1613662106,"path_taken":["M","?","?","?","?","M","R","?","T","M","R","M","R","$","R","BOSS","M","M","?","?","M","R","?","M","T","R","E","R","?","?","R","BOSS","M","M","?","?","?","R","M","M","T","?","?","$","M","?","R","BOSS"],"items_purchased_type":["Card","Card","Card","Card","Card","Card","Relic","Card","Card","Card","Card","Card","Relic"],"build_version":"2020-12-22","purchased_purges":1,"victory":false,"max_hp_per_floor":[75,75,75,75,75,75,75,75,75,75,75,75,75,75,75,75,75,75,75,75,75,75,75,75,75,75,75,75,75,75,75,75,76,76,82,83,83,83,83,83,87,88,88,89,89,89,90,90,90,90,90],"card_choices":[{"not_picked":["PrismaMod:ChloeExhaustOne","PrismaMod:ChloeCommonAOEAttack"],"picked":"PrismaMod:ChloeCheapAttackTwo","floor":1},{"not_picked":["PrismaMod:ChloeCheapDefend","PrismaMod:ChloeCommonAOEAttack"],"picked":"PrismaMod:ChloeCheapAttack","floor":4},{"not_picked":["PrismaMod:ChloeCommonAOEAttack","PrismaMod:ChloeDiscardRecovery"],"picked":"PrismaMod:ChloeUncommonAOEAttack","floor":6},{"not_picked":["PrismaMod:ChloeCheapAttackTwo","PrismaMod:ChloeCheapAttack"],"picked":"PrismaMod:ChloeRitsuka","floor":8},{"not_picked":["PrismaMod:ChloeCommonAOEAttack","PrismaMod:ChloeCheapDefend"],"picked":"PrismaMod:ChloeCheapDefendTwo","floor":10},{"not_picked":["PrismaMod:ChloeCommonAOEAttack","PrismaMod:ChloeDiscardRecovery"],"picked":"PrismaMod:ChloeCheapAttackTwo","floor":12},{"not_picked":["PrismaMod:ChloeAnyPowerTrace","PrismaMod:ChloeDevil"],"picked":"PrismaMod:ChloeAnyRareTrace","floor":16},{"not_picked":["PrismaMod:ChloeExhaustOne+1","PrismaMod:ChloeCheapAttackTwo"],"picked":"PrismaMod:ChloeEyeOfTheEuryale","floor":18},{"not_picked":["PrismaMod:ChloeBetterTracePools+1","PrismaMod:ChloeDemonicTutor"],"picked":"PrismaMod:ChloeRuleBreaker","floor":19},{"not_picked":["PrismaMod:ChloeDiscardRecovery","PrismaMod:ChloeCommonAOEAttack"],"picked":"PrismaMod:ChloeCheapDefend","floor":22},{"not_picked":["PrismaMod:ChloeCommonAOEAttack","PrismaMod:ChloeCheapDefendTwo"],"picked":"PrismaMod:ChloeExhaustOne","floor":24},{"not_picked":["PrismaMod:ChloeDiscardRecovery","PrismaMod:ChloeCheapAttackTwo"],"picked":"PrismaMod:ChloeMaid+1","floor":25},{"not_picked":["PrismaMod:ChloeExhaustThree","PrismaMod:ChloeAnyRareTrace"],"picked":"PrismaMod:ChloeRitsuka","floor":28},{"not_picked":["PrismaMod:ChloeAnyAttackTrace","PrismaMod:ChloeDoubleRelicSpeed"],"picked":"PrismaMod:ChloeCarnivalAttack","floor":33},{"not_picked":["PrismaMod:ChloeExhaustOne+1","PrismaMod:ChloeEyeOfTheEuryale+1"],"picked":"PrismaMod:ChloeUncommonAttack+1","floor":35},{"not_picked":["PrismaMod:ChloeExhaustOne","PrismaMod:ChloeCheapAttackTwo"],"picked":"PrismaMod:ChloeCommonAOEAttack+1","floor":36},{"not_picked":["PrismaMod:ChloeCheapDefend","PrismaMod:ChloeCheapDefendTwo"],"picked":"PrismaMod:ChloeGaeBolg","floor":41},{"not_picked":["PrismaMod:ChloeDiscardRecovery+1","PrismaMod:ChloeCheapDefend"],"picked":"PrismaMod:ChloeChristmas","floor":42},{"not_picked":["PrismaMod:ChloeDiscardRecovery","PrismaMod:ChloeExhaustOne+1"],"picked":"PrismaMod:ChloeCheapAttackTwo","floor":44},{"not_picked":["PrismaMod:ChloeCheapDefendTwo","PrismaMod:ChloeCheapAttackTwo+1"],"picked":"PrismaMod:ChloeGreatTracePools","floor":47}],"player_experience":86097,"relics_obtained":[{"floor":8,"key":"Happy Flower"},{"floor":9,"key":"Bottled Lightning"},{"floor":26,"key":"yuri:PortableGlitches"},{"floor":28,"key":"trackpad:ZombieHeart"},{"floor":43,"key":"reliquary:PurpleTingedLeaf"}],"event_choices":[{"damage_healed":0,"gold_gain":0,"player_choice":"Ignored","damage_taken":0,"max_hp_gain":0,"max_hp_loss":0,"event_name":"Liars Game","floor":2,"gold_loss":0},{"damage_healed":0,"gold_gain":30,"player_choice":"Searched \u00272\u0027 times","damage_taken":0,"max_hp_gain":0,"max_hp_loss":0,"event_name":"Dead Adventurer","floor":8,"gold_loss":0},{"damage_healed":0,"gold_gain":99,"player_choice":"Stole From Cult","damage_taken":0,"max_hp_gain":0,"max_hp_loss":0,"event_name":"Nest","floor":20,"gold_loss":0},{"cards_removed":["PrismaMod:ChloeUncommonAOEAttack"],"damage_healed":6,"gold_gain":0,"player_choice":"Offered Uncommon","damage_taken":0,"max_hp_gain":0,"max_hp_loss":0,"event_name":"Bonfire Elementals","floor":21,"gold_loss":0},{"damage_healed":0,"gold_gain":0,"player_choice":"Ignored","damage_taken":0,"max_hp_gain":0,"max_hp_loss":0,"event_name":"Vampires","floor":30,"gold_loss":0},{"damage_healed":0,"gold_gain":100,"player_choice":"Pray","damage_taken":0,"max_hp_gain":0,"max_hp_loss":0,"event_name":"Golden Shrine","floor":37,"gold_loss":0},{"damage_healed":0,"gold_gain":0,"player_choice":"Rummage","damage_taken":0,"relics_obtained":["WarpedTongs"],"max_hp_gain":0,"max_hp_loss":0,"event_name":"Accursed Blacksmith","floor":39,"gold_loss":0,"cards_obtained":["Pain"]},{"damage_healed":0,"gold_gain":0,"player_choice":"Ignored","damage_taken":0,"max_hp_gain":0,"max_hp_loss":0,"event_name":"OrinTheCat","floor":45,"gold_loss":0}],"is_beta":false,"boss_relics":[{"not_picked":["Empty Cage","beaked:MawFillet"],"picked":"trackpad:Coffee"},{"not_picked":["relicPack:StarArrow","Runic Dome"],"picked":"trackpad:StolenKidneys"}],"items_purged_floors":[46],"is_endless":false,"potions_floor_spawned":[4,6,12,16,18,24,25,33,35],"killed_by":"Awakened One","ascension_level":0}}