{"host":"mlerl2sxhcwd6xvy","time":1613687880,"event":{"mods":["BaseMod","Minty Spire (QoL Compilation)","Shapeshifter Mod","StSLib","The Runesmith"],"gold_per_floor":[111,126,126,144,154,154,179,179,203,219,239,414,426,460,460,555,555,566,566,665,192,203,203,219,219,246,262,262,292,312,312,312,414,414,428,441,441,441,455,455,117,145,145,145,162,162,172,172,172,172],"floor_reached":51,"language":"ENG","playtime":3544,"items_purged":["Doubt","StSShapeShifter:HummingbirdForm"],"score":864,"play_id":"bd6b2a7b-a04a-4f42-8414-fd329ff7d727","local_time":"20210218173800","is_ascension_mode":false,"campfire_choices":[{"data":"StSShapeShifter:HippoForm","floor":6,"key":"SMITH"},{"data":"StSShapeShifter:RockSlide","floor":8,"key":"SMITH"},{"floor":15,"key":"REST"},{"floor":23,"key":"REST"},{"data":"StSShapeShifter:DiverseSpirit","floor":25,"key":"SMITH"},{"floor":28,"key":"REST"},{"floor":32,"key":"REST"},{"floor":40,"key":"REST"},{"floor":46,"key":"REST"},{"floor":49,"key":"REST"}],"circlet_count":0,"master_deck":["StSShapeShifter:ShapeShifter_Strike","StSShapeShifter:ShapeShifter_Strike","StSShapeShifter:ShapeShifter_Defend","StSShapeShifter:ShapeShifter_Defend","StSShapeShifter:ShapeShifter_Defend","StSShapeShifter:ShapeShifter_Defend+1","StSShapeShifter:ShapeShifter_Defend","StSShapeShifter:PantherForm","StSShapeShifter:Roar+1","StSShapeShifter:HippoForm+1","StSShapeShifter:RockSlide+1","StSShapeShifter:Summon_Mountains","StSShapeShifter:SpiritOfTheEarth","StSShapeShifter:Rest","StSShapeShifter:WaspSwarmForm","StSShapeShifter:FullMoon","StSShapeShifter:StormGryphonForm","StSShapeShifter:PoisonIvy","StSShapeShifter:Garden","StSShapeShifter:DeepWound","StSShapeShifter:DiverseSpirit+1","StSShapeShifter:Rabid","StSShapeShifter:Bonk","StSShapeShifter:PowerShifter","StSShapeShifter:UnicornForm","StSShapeShifter:Flourish"],"relics":["StSShapeShifter:AnimalHeart","StSShapeShifter:TheShapeShiftersMagnolia","Pen Nib","Vajra","Ancient Tea Set","SlaversCollar","StSShapeShifter:LoyalLobster","Orrery","Strawberry","Centennial Puzzle","Snecko Eye","StSShapeShifter:FruitTree","Happy Flower","Kunai"],"acts_visited":["Exordium","TheCity","TheBeyond"],"potions_floor_usage":[14,16,29,29,33,48,50],"damage_taken":[{"damage":0,"enemies":"2 Louse","floor":1,"turns":4},{"damage":8,"enemies":"Jaw Worm","floor":2,"turns":3},{"damage":0,"enemies":"Small Slimes","floor":4,"turns":3},{"damage":7,"enemies":"2 Fungi Beasts","floor":5,"turns":3},{"damage":0,"enemies":"Lagavulin","floor":7,"turns":6},{"damage":0,"enemies":"Exordium Wildlife","floor":10,"turns":2},{"damage":18,"enemies":"Exordium Thugs","floor":11,"turns":6},{"damage":0,"enemies":"2 Fungi Beasts","floor":13,"turns":3},{"damage":14,"enemies":"Gremlin Nob","floor":14,"turns":4},{"damage":32,"enemies":"The Guardian","floor":16,"turns":13},{"damage":0,"enemies":"Chosen","floor":18,"turns":4},{"damage":33,"enemies":"2 Thieves","floor":22,"turns":5},{"damage":11,"enemies":"Snecko","floor":24,"turns":5},{"damage":28,"enemies":"Chosen and Byrds","floor":27,"turns":5},{"damage":12,"enemies":"Slavers","floor":29,"turns":5},{"damage":14,"enemies":"3 Cultists","floor":30,"turns":4},{"damage":47,"enemies":"Collector","floor":33,"turns":9},{"damage":23,"enemies":"Orb Walker","floor":35,"turns":3},{"damage":13,"enemies":"3 Shapes","floor":36,"turns":3},{"damage":24,"enemies":"Jaw Worm Horde","floor":39,"turns":3},{"damage":45,"enemies":"Nemesis","floor":42,"turns":5},{"damage":14,"enemies":"3 Darklings","floor":45,"turns":4},{"damage":34,"enemies":"Spire Growth","floor":47,"turns":5},{"damage":0,"enemies":"Giant Head","floor":48,"turns":1},{"damage":44,"enemies":"Donu and Deca","floor":50,"turns":8}],"seed_played":"6948652121960316166","potions_obtained":[{"floor":1,"key":"Ancient Potion"},{"floor":2,"key":"BlessingOfTheForge"},{"floor":5,"key":"SneckoOil"},{"floor":10,"key":"Energy Potion"},{"floor":11,"key":"FairyPotion"},{"floor":24,"key":"AttackPotion"},{"floor":27,"key":"Fire Potion"},{"floor":29,"key":"Fire Potion"},{"floor":35,"key":"SteroidPotion"},{"floor":42,"key":"BlessingOfTheForge"},{"floor":47,"key":"SmokeBomb"}],"is_trial":false,"path_per_floor":["M","M","?","M","M","R","E","R","T","M","M","?","M","E","R","B",null,"M","?","?","$","M","R","M","R","T","M","R","E","M","?","R","B",null,"M","M","?","?","M","R","$","E","T","?","M","R","M","E","R","B",null],"character_chosen":"SHAPESHIFTER","items_purchased":["StSShapeShifter:LoyalLobster","Orrery","StSShapeShifter:FruitTree"],"campfire_rested":7,"item_purchase_floors":[21,21,41],"current_hp_per_floor":[78,70,54,54,47,47,47,47,47,47,29,29,29,15,38,6,78,78,71,71,71,38,61,50,50,57,29,54,42,28,28,53,8,85,62,49,49,49,25,50,50,5,5,5,25,50,18,20,45,3],"gold":172,"neow_bonus":"THREE_CARDS","is_daily":false,"chose_seed":false,"campfire_upgraded":3,"win_rate":0.0,"timestamp":1613687880,"path_taken":["M","M","?","M","M","R","E","R","T","M","M","?","M","E","R","BOSS","M","?","?","$","M","R","M","R","T","M","R","E","M","?","R","BOSS","M","M","?","?","?","R","$","E","T","?","M","R","M","E","R","BOSS"],"items_purchased_type":["Relic","Relic","Relic"],"build_version":"2020-12-22","purchased_purges":2,"victory":true,"max_hp_per_floor":[78,78,78,78,78,78,78,78,78,78,78,78,78,78,78,78,78,78,78,78,78,78,78,78,78,85,85,85,85,85,85,85,85,85,85,85,85,85,85,85,85,85,85,85,85,85,85,85,85,85],"card_choices":[{"not_picked":["StSShapeShifter:FesteringBite","StSShapeShifter:MultiSpiritedStrike"],"picked":"StSShapeShifter:PantherForm","floor":0},{"not_picked":["StSShapeShifter:ClimbTree","StSShapeShifter:VineHandcuffs"],"picked":"StSShapeShifter:Roar","floor":1},{"not_picked":["StSShapeShifter:SunflowerShuriken","StSShapeShifter:ShiftingStrike"],"picked":"StSShapeShifter:HippoForm","floor":2},{"not_picked":["StSShapeShifter:BladeOfGrass","StSShapeShifter:Sapling"],"picked":"StSShapeShifter:RockSlide","floor":4},{"not_picked":["StSShapeShifter:BloomingSlash","StSShapeShifter:Hunt"],"picked":"StSShapeShifter:Summon_Mountains","floor":5},{"not_picked":["StSShapeShifter:EntForm","StSShapeShifter:BulwarkOfDiscovery","StSShapeShifter:OwlForm"],"picked":"SKIP","floor":7},{"not_picked":["StSShapeShifter:VineHandcuffs","StSShapeShifter:Flourish"],"picked":"StSShapeShifter:SpiritOfTheEarth","floor":10},{"not_picked":["StSShapeShifter:Roar","StSShapeShifter:BurstingSpore"],"picked":"StSShapeShifter:Rest","floor":11},{"not_picked":["StSShapeShifter:EntForm","StSShapeShifter:ShiftingStrike","StSShapeShifter:SquirrelForm"],"picked":"SKIP","floor":13},{"not_picked":["StSShapeShifter:AdaptiveStrikes","StSShapeShifter:Roar"],"picked":"StSShapeShifter:WaspSwarmForm","floor":14},{"not_picked":["StSShapeShifter:LionForm","StSShapeShifter:Tornado"],"picked":"StSShapeShifter:FullMoon","floor":16},{"not_picked":["StSShapeShifter:Guard","StSShapeShifter:LeapingSlash","StSShapeShifter:FallingLeaves+1"],"picked":"SKIP","floor":18},{"not_picked":["StSShapeShifter:BulwarkOfDiscovery","StSShapeShifter:Roar+1"],"picked":"StSShapeShifter:PoisonIvy","floor":21},{"not_picked":["StSShapeShifter:WiltingWrath","StSShapeShifter:MonkeyForm"],"picked":"StSShapeShifter:Garden","floor":21},{"not_picked":["StSShapeShifter:PoisonIvy","StSShapeShifter:AdaptiveStrikes+1"],"picked":"StSShapeShifter:DeepWound","floor":21},{"not_picked":["StSShapeShifter:AdaptiveStrikes","StSShapeShifter:PoisonIvy+1"],"picked":"StSShapeShifter:DiverseSpirit","floor":22},{"not_picked":["StSShapeShifter:SquirrelForm","StSShapeShifter:Flourish"],"picked":"StSShapeShifter:Rabid","floor":24},{"not_picked":["StSShapeShifter:OakBlade","StSShapeShifter:ClimbTree","StSShapeShifter:DiverseSpirit"],"picked":"SKIP","floor":27},{"not_picked":["StSShapeShifter:FlowerShield","StSShapeShifter:Garden","StSShapeShifter:ThornToss"],"picked":"SKIP","floor":29},{"not_picked":["StSShapeShifter:RhinoCalfForm","StSShapeShifter:RockSlide+1","StSShapeShifter:PantherForm"],"picked":"SKIP","floor":30},{"not_picked":["StSShapeShifter:Flood","StSShapeShifter:MammothForm"],"picked":"StSShapeShifter:PowerShifter","floor":33},{"not_picked":["StSShapeShifter:RatForm+1","StSShapeShifter:SpiritOfTheEarth","StSShapeShifter:Wildfire2+1"],"picked":"SKIP","floor":35},{"not_picked":["StSShapeShifter:Roar+1","StSShapeShifter:BurstingSpore","StSShapeShifter:VineHandcuffs+1"],"picked":"SKIP","floor":36},{"not_picked":["StSShapeShifter:PantherForm","StSShapeShifter:OwlForm","StSShapeShifter:BloomingSlash+1"],"picked":"SKIP","floor":39},{"not_picked":["StSShapeShifter:VineHandcuffs","StSShapeShifter:Sapling","StSShapeShifter:ThornToss"],"picked":"SKIP","floor":42},{"not_picked":["StSShapeShifter:ReplenishingNectar","StSShapeShifter:Rest","StSShapeShifter:ForestFire+1"],"picked":"SKIP","floor":45},{"not_picked":["StSShapeShifter:BloomingSlash+1","StSShapeShifter:MonkeyForm+1"],"picked":"StSShapeShifter:Flourish","floor":47}],"player_experience":204930,"relics_obtained":[{"floor":7,"key":"Pen Nib"},{"floor":9,"key":"Vajra"},{"floor":14,"key":"Ancient Tea Set"},{"floor":26,"key":"Strawberry"},{"floor":29,"key":"Centennial Puzzle"},{"floor":42,"key":"Happy Flower"},{"floor":43,"key":"Kunai"}],"event_choices":[{"damage_healed":0,"gold_gain":0,"player_choice":"Entered Light","damage_taken":16,"max_hp_gain":0,"max_hp_loss":0,"event_name":"Shining Light","floor":3,"gold_loss":0,"cards_upgraded":["StSShapeShifter:ShapeShifter_Defend","StSShapeShifter:Roar"]},{"damage_healed":0,"gold_gain":175,"player_choice":"AGREE","damage_taken":0,"max_hp_gain":0,"max_hp_loss":0,"event_name":"Liars Game","floor":12,"gold_loss":0,"cards_obtained":["Doubt"]},{"damage_healed":0,"gold_gain":99,"player_choice":"Stole From Cult","damage_taken":0,"max_hp_gain":0,"max_hp_loss":0,"event_name":"Nest","floor":20,"gold_loss":0},{"damage_healed":0,"gold_gain":0,"cards_transformed":["StSShapeShifter:ShapeShifter_Strike","StSShapeShifter:ShapeShifter_Strike"],"player_choice":"Became Test Subject","damage_taken":0,"max_hp_gain":0,"max_hp_loss":0,"event_name":"Drug Dealer","floor":31,"gold_loss":0,"cards_obtained":["StSShapeShifter:HummingbirdForm","StSShapeShifter:Bonk"]},{"cards_removed":["StSShapeShifter:ShapeShifter_Strike"],"damage_healed":0,"gold_gain":0,"player_choice":"Removed Attack","damage_taken":0,"max_hp_gain":0,"max_hp_loss":0,"event_name":"Falling","floor":37,"gold_loss":0},{"damage_healed":0,"gold_gain":0,"player_choice":"Ignored","damage_taken":0,"max_hp_gain":0,"max_hp_loss":0,"event_name":"Transmorgrifier","floor":44,"gold_loss":0}],"is_beta":false,"boss_relics":[{"not_picked":["Fusion Hammer","Astrolabe"],"picked":"SlaversCollar"},{"not_picked":["SacredBark","Tiny House"],"picked":"Snecko Eye"}],"items_purged_floors":[21,41],"is_endless":false,"potions_floor_spawned":[1,2,5,10,11,24,27,29,35,42,47,48],"ascension_level":0}}