{"host":"mxr7fl53uuvtjusr","time":1613676812,"event":{"mods":["2.2 Compatiblity","AchievementEnabler","Act Like it!","BaseMod","BetterRewards","Block Reminder","Card Forge","Colored Map","Colored Powertips","Dark Map","Downfall","Highlight Path","Minty Spire (QoL Compilation)","Permanent Neow","Quick Restart","Rare Cards Sparkle","Shop Mod","Spicy Shops","StSLib"],"gold_per_floor":[99,99,99,99,99,274,274,174,174,187,187,203,267,267,282,380,380,380,394,412,412,424,22,49,49,60,45,45,72,72,89,107,204,204,204,204,219,236,247,247,272,288,303,403,429,204,4,24,41,41,41,69,69,69,69,69],"floor_reached":57,"language":"ENG","playtime":4215,"items_purged":[],"score":1342,"play_id":"38fc4b68-bbd8-4a66-88ad-2f4c3344ae6d","local_time":"20210218113332","is_ascension_mode":false,"campfire_choices":[{"floor":1,"key":"RECALL"},{"data":"Slimebound:RainOfGoop","floor":8,"key":"SMITH"},{"data":"Slimebound:ItLooksTasty","floor":11,"key":"SMITH"},{"data":"Slimebound:GoopSpray","floor":18,"key":"SMITH"},{"data":"Slimebound:LevelUp","floor":30,"key":"SMITH"},{"data":"Slimebound:Gluttony","floor":35,"key":"SMITH"},{"data":"Slimebound:LevelUp","floor":47,"key":"SMITH"}],"circlet_count":0,"master_deck":["Slimebound:Defend_Slimebound+1","Slimebound:Defend_Slimebound+1","Slimebound:Defend_Slimebound+1","Slimebound:Defend_Slimebound+1","Slimebound:Split+1","Slimebound:CorrosiveSpit+1","Slimebound:RejuvenatingLick+1","Slimebound:HauntingLick+1","Slimebound:MegaLick+1","Slimebound:Schlurp+1","Slimebound:WasteNot+1","Slimebound:TongueLash+1","Slimebound:SplitMire+1","Slimebound:SamplingLick+1","Slimebound:Recollect+1","Slimebound:Recycling+1","Slimebound:Nibble+1","Slimebound:OozeBath+1","Slimebound:Gluttony+1","Slimebound:RainOfGoop+1","Slimebound:ItLooksTasty+1","Slimebound:GoopSpray+1","Slimebound:LevelUp+1","Slimebound:AcidTongue+1","Slimebound:ViciousTackle+1","Slimebound:LivingWall+1","Slimebound:SamplingLick+1","Slimebound:SpikyOuterGoop+1","Slimebound:Darklings+1","Slimebound:LeechEnergy+1","Slimebound:LevelUp+1","Slimebound:LeadByExample+1"],"relics":["Slimebound:AbsorbEndCombat","Hammer of Thor","Seething Fire","Anvil of the Gods","downfall:HeartsMalice","WarpedTongs","Oddly Smooth Stone","downfall:HeartBlessingRed","Slimebound:MaxSlimesRelic","downfall:ShatteredFragment","Coffee Dripper","Nunchaku","Meat on the Bone","downfall:RedIOU","Membership Card","Darkstone Periapt","Pear","Ornamental Fan","Slimebound:TarBlob","downfall:ExtraCursedKey","PreservedInsect","Boot","Potion Belt","Incense Burner","downfall:HeartBlessingBlue","downfall:HeartBlessingGreen","War Paint"],"acts_visited":["Exordium","TheCity","TheBeyond","TheEnding"],"potions_floor_usage":[43],"damage_taken":[{"damage":0,"enemies":"Jaw Worm","floor":2,"turns":1},{"damage":0,"enemies":"Cultist","floor":3,"turns":1},{"damage":0,"enemies":"Small Slimes","floor":5,"turns":1},{"damage":5,"enemies":"downfall:LooterAlt","floor":10,"turns":3},{"damage":13,"enemies":"Red Slaver","floor":12,"turns":3},{"damage":8,"enemies":"3 Sentries","floor":13,"turns":6},{"damage":0,"enemies":"Blue Slaver","floor":15,"turns":2},{"damage":0,"enemies":"IC_STATUS_ARCHETYPE","floor":16,"turns":3},{"damage":0,"enemies":"downfall:LooterAlt2","floor":19,"turns":2},{"damage":1,"enemies":"Chosen","floor":20,"turns":2},{"damage":13,"enemies":"Shelled Parasite and Fungi","floor":22,"turns":5},{"damage":7,"enemies":"downfall:FleeingMerchant","floor":23,"turns":4},{"damage":13,"enemies":"Centurion and Healer","floor":26,"turns":3},{"damage":0,"enemies":"downfall:FleeingMerchant","floor":27,"turns":2},{"damage":13,"enemies":"Gremlin Leader","floor":29,"turns":3},{"damage":0,"enemies":"Snake Plant","floor":31,"turns":2},{"damage":0,"enemies":"Cultist and Chosen","floor":32,"turns":4},{"damage":11,"enemies":"DF_ARCHETYPE_CLAW","floor":33,"turns":5},{"damage":6,"enemies":"Orb Walker","floor":37,"turns":4},{"damage":0,"enemies":"3 Shapes","floor":38,"turns":4},{"damage":0,"enemies":"Sphere and 2 Shapes","floor":39,"turns":3},{"damage":0,"enemies":"Maw","floor":42,"turns":3},{"damage":0,"enemies":"Jaw Worm Horde","floor":43,"turns":3},{"damage":10,"enemies":"Nemesis","floor":45,"turns":5},{"damage":0,"enemies":"Transient","floor":48,"turns":5},{"damage":0,"enemies":"3 Darklings","floor":49,"turns":3},{"damage":8,"enemies":"SI_POISON_ARCHETYPE","floor":50,"turns":5},{"damage":12,"enemies":"downfall:CharBossMerchant","floor":52,"turns":5},{"damage":8,"enemies":"downfall:NeowBoss","floor":55,"turns":9},{"damage":30,"enemies":"downfall:NeowBossFinal","floor":56,"turns":7}],"seed_played":"5494127391830875924","potions_obtained":[{"floor":13,"key":"BlessingOfTheForge"},{"floor":15,"key":"SkillPotion"},{"floor":16,"key":"SteroidPotion"},{"floor":33,"key":"Dexterity Potion"},{"floor":45,"key":"Slimebound:SlimedPotion"},{"floor":48,"key":"Energy Potion"}],"is_trial":false,"path_per_floor":["R","M","M","?","M","?","T","R","?","M","R","M","?","?","M","B",null,"R","M","M","?","M","$","T","?","M","$","$","E","R","M","M","B",null,"R","?","M","M","M","R","T","M","M","?","E","$","R","M","M","B",null,"E","$","R","B","B",null],"character_chosen":"SLIMEBOUND","items_purchased":["Nunchaku","Meat on the Bone","Slimebound:LivingWall","Membership Card","Darkstone Periapt","Pear","Boot","Potion Belt","Incense Burner"],"campfire_rested":0,"item_purchase_floors":[23,23,23,27,27,27,46,46,46],"current_hp_per_floor":[65,65,65,65,65,65,65,65,65,66,66,57,55,37,41,53,73,73,73,73,73,64,65,65,65,64,88,88,81,81,85,93,88,97,97,97,91,97,97,97,97,97,97,103,94,94,104,112,113,111,113,106,106,106,105,83],"gold":69,"neow_bonus":"THREE_ENEMY_KILL","is_daily":false,"chose_seed":false,"campfire_upgraded":6,"win_rate":0.0,"timestamp":1613676812,"path_taken":["R","M","M","?","?","?","T","R","?","M","R","?","?","?","M","BOSS","R","M","M","?","M","$","T","?","M","?","$","E","R","M","M","BOSS","R","?","M","M","M","R","T","M","M","?","E","$","R","M","M","BOSS","E","$","R","BOSS","BOSS"],"items_purchased_type":["Relic","Relic","Card","Relic","Relic","Relic","Relic","Relic","Relic"],"build_version":"2020-12-22","purchased_purges":0,"victory":true,"max_hp_per_floor":[65,65,65,65,65,65,65,65,65,69,69,69,69,69,69,73,73,73,73,73,73,73,73,73,73,77,97,97,97,97,97,97,97,97,97,97,97,97,97,97,97,97,97,103,103,103,113,113,113,113,113,113,113,113,113,113],"card_choices":[{"not_picked":["Slimebound:LivingWall","Slimebound:HauntingLick"],"picked":"Slimebound:Gluttony","floor":2},{"not_picked":["Slimebound:MegaLick","Slimebound:TongueLash"],"picked":"Slimebound:RainOfGoop","floor":3},{"not_picked":["Slimebound:SamplingLick","Slimebound:Schlurp","Slimebound:RainOfGoop"],"picked":"SKIP","floor":5},{"not_picked":["Slimebound:TongueLash","Slimebound:FirmFortitude"],"picked":"Slimebound:ItLooksTasty","floor":10},{"not_picked":["Slimebound:FlameTackle","Slimebound:BestDefense","Slimebound:SlimeTap"],"picked":"SKIP","floor":12},{"not_picked":["Slimebound:Replication","Slimebound:Equalize"],"picked":"Slimebound:GoopSpray","floor":15},{"not_picked":["Slimebound:Prepare","Slimebound:SplitMire+1","Slimebound:ProtectTheBoss"],"picked":"SKIP","floor":19},{"not_picked":["Slimebound:FinishingTackle","Slimebound:LeechingTouch"],"picked":"Slimebound:LevelUp","floor":20},{"not_picked":["Slimebound:SplitBruiser","Slimebound:SamplingLick"],"picked":"Slimebound:AcidTongue","floor":22},{"not_picked":["Slimebound:SplitBruiser","Slimebound:SpikyOuterGoop+1"],"picked":"Slimebound:ViciousTackle+1","floor":23},{"not_picked":["Slimebound:SplitAcid+1","Slimebound:Schlurp"],"picked":"Slimebound:SamplingLick+1","floor":26},{"not_picked":["Slimebound:SplitBruiser+1","Slimebound:RallyTheTroops","Slimebound:LivingWall"],"picked":"SKIP","floor":27},{"not_picked":["Slimebound:HauntingLick+1","Slimebound:AcidTongue","Slimebound:Grow"],"picked":"SKIP","floor":29},{"not_picked":["Slimebound:AcidTongue","Slimebound:Equalize","Slimebound:FormOfPuddle+1"],"picked":"SKIP","floor":31},{"not_picked":["Slimebound:LeechingTouch","Slimebound:SplitMire"],"picked":"Slimebound:SpikyOuterGoop+1","floor":32},{"not_picked":["Slimebound:SlimeBrawl+1","Slimebound:SamplingLick"],"picked":"Slimebound:LeechEnergy","floor":37},{"not_picked":["Slimebound:SlimeBrawl","Slimebound:RollThrough","Slimebound:LeechEnergy"],"picked":"SKIP","floor":38},{"not_picked":["Slimebound:FlameTackle+1","Slimebound:ComboTackle","Slimebound:ItLooksTasty"],"picked":"SKIP","floor":39},{"not_picked":["Slimebound:SlimeSpikes","Slimebound:ProtectTheBoss+1"],"picked":"Slimebound:LevelUp","floor":42},{"not_picked":["Slimebound:SplitMire","Slimebound:Dissolve","Slimebound:ComboTackle"],"picked":"SKIP","floor":43},{"not_picked":["Slimebound:MinionMaster","Slimebound:FirmFortitude"],"picked":"Slimebound:LeadByExample+1","floor":45},{"not_picked":["Slimebound:PressTheAttack+1","Slimebound:GrowthPunch","Slimebound:SplitLeeching+1"],"picked":"SKIP","floor":48},{"not_picked":["Slimebound:ForwardTackle+1","Slimebound:SplitAcid","Slimebound:SplitMire+1"],"picked":"SKIP","floor":49},{"not_picked":["Slimebound:AcidTongue+1","Slimebound:Dissolve+1","Slimebound:SplitBruiser+1"],"picked":"SKIP","floor":52}],"player_experience":262157,"relics_obtained":[{"floor":7,"key":"Oddly Smooth Stone"},{"floor":13,"key":"Slimebound:MaxSlimesRelic"},{"floor":24,"key":"MealTicket"},{"floor":29,"key":"Ornamental Fan"},{"floor":45,"key":"PreservedInsect"},{"floor":52,"key":"War Paint"}],"event_choices":[{"damage_healed":0,"gold_gain":0,"player_choice":"Rummage","damage_taken":0,"relics_obtained":["WarpedTongs"],"max_hp_gain":0,"max_hp_loss":0,"event_name":"Accursed Blacksmith","floor":4,"gold_loss":0,"cards_obtained":["Pain"]},{"damage_healed":0,"gold_gain":0,"player_choice":"Ignored","damage_taken":0,"max_hp_gain":0,"max_hp_loss":0,"event_name":"NoteForYourself","floor":9,"gold_loss":0},{"damage_healed":0,"gold_gain":0,"player_choice":"Ignored","damage_taken":0,"max_hp_gain":0,"max_hp_loss":0,"event_name":"Vampires","floor":21,"gold_loss":0}],"is_beta":false,"boss_relics":[{"not_picked":["Calling Bell","bronze:MakeshiftBattery"],"picked":"Coffee Dripper"},{"not_picked":["Sozu","SlaversCollar"],"picked":"Slimebound:TarBlob"}],"items_purged_floors":[],"is_endless":false,"potions_floor_spawned":[12,13,15,16,20,22,31,33,37,45,48],"ascension_level":0}}