{"host":"prxrhpgaxnj4om9r","time":1613659955,"event":{"mods":["AchievementEnabler","BaseMod","Colored Map","DeckTracker","Minty Spire (QoL Compilation)"],"gold_per_floor":[118,137,157,157,173,206,233,233,256,256,268,298,373,428,428,523,523,534,584,67,67,67,67,67,67,67,82,117,117,87,101,101,206,256,271,271,271,283,32,32,32,51,77,77,108,0,17,43,43,43,43],"floor_reached":50,"language":"KOR","playtime":2269,"items_purged":[],"score":574,"play_id":"8a45f8d4-f4a2-406a-a9cc-207e06dc2385","local_time":"20210218235235","is_ascension_mode":false,"campfire_choices":[{"data":"ForeignInfluence","floor":8,"key":"SMITH"},{"data":"MentalFortress","floor":10,"key":"SMITH"},{"floor":15,"key":"REST"},{"floor":23,"key":"RECALL"},{"data":"Adaptation","floor":25,"key":"SMITH"},{"floor":29,"key":"REST"},{"floor":32,"key":"REST"},{"data":"Alpha","floor":40,"key":"SMITH"},{"floor":49,"key":"REST"}],"circlet_count":0,"master_deck":["Strike_P","Strike_P","Defend_P","Eruption+1","Vigilance+1","WindmillStrike","MentalFortress+1","TalkToTheHand","CutThroughFate+1","ForeignInfluence+1","ReachHeaven+1","Sanctity","Pray","Ragnarok","CurseOfTheBell","Evaluate","Adaptation+1","Alpha+1","CarveReality","Collect+1","Consecrate","Halt","Protect","DeusExMachina+1","JustLucky+1","Halt+1","ClearTheMind+1","TalkToTheHand","Tantrum+1","FlurryOfBlows+1","Worship+1"],"relics":["PureWater","Happy Flower","Whetstone","Juzu Bracelet","Question Card","Calling Bell","Damaru","Mercury Hourglass","Mango","Vajra","Sling","Kunai","War Paint","Tiny House","InkBottle","Pen Nib","Bag of Preparation","Red Mask","Toxic Egg 2"],"acts_visited":["Exordium","TheCity","TheBeyond"],"potions_floor_usage":[5,12,16,16,18,28,31,33,45,45,48],"damage_taken":[{"damage":3,"enemies":"Jaw Worm","floor":1,"turns":3},{"damage":7,"enemies":"2 Louse","floor":2,"turns":3},{"damage":0,"enemies":"Cultist","floor":3,"turns":4},{"damage":7,"enemies":"Large Slime","floor":5,"turns":3},{"damage":0,"enemies":"Lagavulin","floor":6,"turns":3},{"damage":4,"enemies":"Exordium Thugs","floor":11,"turns":2},{"damage":10,"enemies":"3 Sentries","floor":12,"turns":4},{"damage":27,"enemies":"3 Sentries","floor":14,"turns":4},{"damage":23,"enemies":"The Guardian","floor":16,"turns":7},{"damage":18,"enemies":"3 Byrds","floor":18,"turns":4},{"damage":1,"enemies":"Spheric Guardian","floor":27,"turns":3},{"damage":56,"enemies":"Book of Stabbing","floor":28,"turns":6},{"damage":0,"enemies":"Snake Plant","floor":31,"turns":2},{"damage":21,"enemies":"Champ","floor":33,"turns":10},{"damage":7,"enemies":"3 Darklings","floor":35,"turns":4},{"damage":25,"enemies":"3 Shapes","floor":38,"turns":5},{"damage":15,"enemies":"Maw","floor":42,"turns":6},{"damage":6,"enemies":"Reptomancer","floor":45,"turns":4},{"damage":6,"enemies":"3 Darklings","floor":47,"turns":2},{"damage":1,"enemies":"Giant Head","floor":48,"turns":6},{"damage":64,"enemies":"Time Eater","floor":50,"turns":5}],"seed_played":"-5536725707875254608","potions_obtained":[{"floor":2,"key":"Explosive Potion"},{"floor":3,"key":"Dexterity Potion"},{"floor":11,"key":"LiquidBronze"},{"floor":14,"key":"Ancient Potion"},{"floor":16,"key":"Fire Potion"},{"floor":18,"key":"Block Potion"},{"floor":30,"key":"Block Potion"},{"floor":30,"key":"CultistPotion"},{"floor":34,"key":"LiquidBronze"},{"floor":38,"key":"SpeedPotion"},{"floor":42,"key":"AttackPotion"},{"floor":47,"key":"EssenceOfSteel"}],"is_trial":false,"path_per_floor":["M","M","M","?","M","E","T","R","T","R","M","E","?","?","R","B",null,"M","?","$","?","?","R","?","R","T","M","E","R","?","M","R","B",null,"M","?","?","M","$","R","$","M","T","?","E","?","M","E","R","B"],"character_chosen":"WATCHER","items_purchased":["Adaptation","Alpha","Vajra","Sling","InkBottle"],"campfire_rested":4,"item_purchase_floors":[20,20,20,20,39],"current_hp_per_floor":[69,62,62,62,55,55,55,55,55,55,51,41,34,7,28,5,86,68,68,68,68,68,68,86,86,86,85,29,54,54,54,79,58,91,84,84,84,59,59,59,59,44,44,44,38,38,32,31,58,0,0],"gold":43,"neow_bonus":"UPGRADE_CARD","is_daily":false,"chose_seed":false,"campfire_upgraded":4,"win_rate":0.0,"timestamp":1613659955,"path_taken":["M","M","M","?","M","E","?","R","T","R","M","E","?","?","R","BOSS","M","?","?","?","?","R","?","R","T","M","E","R","?","M","R","BOSS","M","?","?","M","$","R","$","M","T","?","E","?","M","E","R","BOSS"],"items_purchased_type":["Card","Card","Relic","Relic","Relic"],"build_version":"2020-12-22","purchased_purges":0,"victory":false,"max_hp_per_floor":[72,72,72,72,72,72,72,72,72,72,72,72,72,72,72,72,86,86,86,86,86,86,86,86,86,86,86,86,86,86,86,86,86,91,91,91,91,91,91,91,91,91,91,91,91,91,91,91,91,91,91],"card_choices":[{"not_picked":["Consecrate","Prostrate"],"picked":"WindmillStrike","floor":1},{"not_picked":["Protect","CrushJoints"],"picked":"MentalFortress","floor":2},{"not_picked":["ClearTheMind","EmptyFist"],"picked":"TalkToTheHand","floor":3},{"not_picked":["Protect","PathToVictory"],"picked":"ForeignInfluence","floor":5},{"not_picked":["DevaForm","Halt"],"picked":"ReachHeaven","floor":6},{"not_picked":["Crescendo","CarveReality"],"picked":"Sanctity","floor":11},{"not_picked":["EmptyFist","Tantrum"],"picked":"Pray","floor":12},{"not_picked":["DeusExMachina","ConjureBlade","Scrawl"],"picked":"Ragnarok","floor":16},{"not_picked":["PathToVictory","EmptyBody","FlurryOfBlows"],"picked":"Evaluate","floor":18},{"not_picked":["FlurryOfBlows","SignatureMove+1","SashWhip"],"picked":"Consecrate","floor":27},{"not_picked":["CarveReality","SashWhip+1","Ragnarok"],"picked":"Halt","floor":28},{"not_picked":["EmptyBody","Meditate","Pray"],"picked":"Protect","floor":31},{"not_picked":["DevaForm","Scrawl","Establishment"],"picked":"DeusExMachina","floor":33},{"not_picked":["Fasting2","Meditate","Evaluate"],"picked":"JustLucky+1","floor":34},{"not_picked":["MentalFortress","Consecrate+1","CrushJoints+1"],"picked":"Halt+1","floor":35},{"not_picked":["Consecrate+1","PathToVictory+1","JustLucky"],"picked":"ClearTheMind+1","floor":38},{"not_picked":["Meditate","SashWhip","JustLucky"],"picked":"TalkToTheHand","floor":42},{"not_picked":["Devotion","EmptyBody","CarveReality+1"],"picked":"Tantrum+1","floor":45},{"not_picked":["CrushJoints","Weave","Halt+1"],"picked":"FlurryOfBlows+1","floor":47},{"not_picked":["PathToVictory+1","Protect+1","JustLucky+1"],"picked":"Worship+1","floor":48}],"player_experience":524262,"relics_obtained":[{"floor":6,"key":"Happy Flower"},{"floor":9,"key":"Whetstone"},{"floor":12,"key":"Juzu Bracelet"},{"floor":14,"key":"Question Card"},{"floor":17,"key":"Damaru"},{"floor":17,"key":"Mercury Hourglass"},{"floor":17,"key":"Mango"},{"floor":26,"key":"Kunai"},{"floor":28,"key":"War Paint"},{"floor":43,"key":"Pen Nib"},{"floor":45,"key":"Bag of Preparation"},{"floor":48,"key":"Toxic Egg 2"}],"event_choices":[{"damage_healed":0,"gold_gain":0,"cards_transformed":["Defend_P"],"player_choice":"Change","damage_taken":0,"max_hp_gain":0,"max_hp_loss":0,"event_name":"Living Wall","floor":4,"gold_loss":0,"cards_obtained":["CutThroughFate"]},{"damage_healed":0,"gold_gain":75,"player_choice":"Touch","damage_taken":7,"max_hp_gain":0,"max_hp_loss":0,"event_name":"FaceTrader","floor":13,"gold_loss":0},{"damage_healed":0,"gold_gain":30,"player_choice":"Searched \u00273\u0027 times","damage_taken":0,"max_hp_gain":0,"max_hp_loss":0,"event_name":"Dead Adventurer","floor":14,"gold_loss":0},{"damage_healed":0,"gold_gain":100,"player_choice":"Bet on Murderer","damage_taken":0,"max_hp_gain":0,"max_hp_loss":0,"event_name":"The Joust","floor":19,"gold_loss":50},{"damage_healed":0,"gold_gain":0,"player_choice":"Ignored","damage_taken":0,"max_hp_gain":0,"max_hp_loss":0,"event_name":"Vampires","floor":21,"gold_loss":0},{"damage_healed":0,"gold_gain":0,"cards_transformed":["Defend_P","Strike_P"],"player_choice":"Became Test Subject","damage_taken":0,"max_hp_gain":0,"max_hp_loss":0,"event_name":"Drug Dealer","floor":22,"gold_loss":0,"cards_obtained":["CarveReality","Collect"]},{"damage_healed":28,"gold_gain":0,"player_choice":"Heal","damage_taken":0,"max_hp_gain":0,"max_hp_loss":0,"event_name":"The Library","floor":24,"gold_loss":0},{"damage_healed":0,"gold_gain":0,"player_choice":"Bought 2 Potions","damage_taken":0,"max_hp_gain":0,"max_hp_loss":0,"event_name":"The Woman in Blue","floor":30,"gold_loss":0},{"cards_removed":["Defend_P"],"damage_healed":0,"gold_gain":0,"player_choice":"Purged","damage_taken":0,"max_hp_gain":0,"max_hp_loss":0,"event_name":"Purifier","floor":36,"gold_loss":0},{"cards_removed":["Strike_P"],"damage_healed":0,"gold_gain":0,"player_choice":"Removed Attack","damage_taken":0,"max_hp_gain":0,"max_hp_loss":0,"event_name":"Falling","floor":37,"gold_loss":0},{"damage_healed":0,"gold_gain":0,"player_choice":"Ignored","damage_taken":0,"max_hp_gain":0,"max_hp_loss":0,"event_name":"Mysterious Sphere","floor":44,"gold_loss":0},{"damage_healed":0,"gold_gain":0,"player_choice":"Paid","damage_taken":0,"relics_obtained":["Red Mask"],"max_hp_gain":0,"max_hp_loss":0,"event_name":"Tomb of Lord Red Mask","floor":46,"gold_loss":108}],"is_beta":false,"boss_relics":[{"not_picked":["Velvet Choker","SacredBark"],"picked":"Calling Bell"},{"not_picked":["Pandora\u0027s Box","Runic Dome"],"picked":"Tiny House"}],"items_purged_floors":[],"is_endless":false,"potions_floor_spawned":[2,3,11,14,16,18,38,42,47],"killed_by":"Time Eater","ascension_level":0}}