{"host":"vlqej45p0v31lhdi","time":1613662451,"event":{"mods":["AchievementEnabler","BaseMod","Bestiary","Colored Powertips","Minty Spire (QoL Compilation)","Relic Stats"],"gold_per_floor":[110,185,195,195,211,211,237,237,237,53,63,63,81,92,92,166,166,185,204,204,204,216,216,216,216],"floor_reached":24,"language":"ENG","playtime":958,"items_purged":[],"score":386,"play_id":"993cf596-63a7-4f7f-ad0f-148ae244e18d","local_time":"20210218093411","is_ascension_mode":true,"campfire_choices":[{"data":"Armaments","floor":6.0,"key":"SMITH"},{"floor":8.0,"key":"REST"},{"data":"Inflame","floor":12.0,"key":"SMITH"},{"data":"Bash","floor":15.0,"key":"SMITH"},{"floor":23,"key":"REST"}],"circlet_count":0,"master_deck":["AscendersBane","Strike_R","Strike_R","Strike_R","Strike_R","Strike_R","Defend_R","Defend_R","Defend_R","Defend_R","Bash+1","Armaments+1","Inflame+1","Headbutt","Impervious","Sword Boomerang","Sword Boomerang","Pummel","Fiend Fire","Immolate","Fire Breathing","Shrug It Off","Ghostly","Ghostly","Ghostly","Shame","Warcry+1"],"relics":["Burning Blood","NeowsBlessing","Pantograph","HornCleat","Philosopher\u0027s Stone","Centennial Puzzle"],"acts_visited":["Exordium","TheCity"],"potions_floor_usage":[18,22],"damage_taken":[{"damage":0.0,"enemies":"2 Louse","floor":1.0,"turns":1.0},{"damage":0.0,"enemies":"Jaw Worm","floor":3.0,"turns":1.0},{"damage":0.0,"enemies":"Cultist","floor":5.0,"turns":1.0},{"damage":62.0,"enemies":"Gremlin Nob","floor":7.0,"turns":5.0},{"damage":0.0,"enemies":"3 Louse","floor":11.0,"turns":4.0},{"damage":7.0,"enemies":"Large Slime","floor":13.0,"turns":3.0},{"damage":0.0,"enemies":"Lots of Slimes","floor":14.0,"turns":2.0},{"damage":66.0,"enemies":"Hexaghost","floor":16.0,"turns":11.0},{"damage":47,"enemies":"3 Byrds","floor":18,"turns":4},{"damage":10,"enemies":"Shell Parasite","floor":19,"turns":4},{"damage":1,"enemies":"Centurion and Healer","floor":22,"turns":5},{"damage":32,"enemies":"Slavers","floor":24,"turns":1}],"seed_played":"-8300406486499107536","potions_obtained":[{"floor":3.0,"key":"ColorlessPotion"},{"floor":5.0,"key":"ElixirPotion"},{"floor":7.0,"key":"SkillPotion"},{"floor":11.0,"key":"Explosive Potion"},{"floor":18,"key":"ElixirPotion"},{"floor":22,"key":"BlessingOfTheForge"}],"is_trial":false,"path_per_floor":["M","?","M","?","M","R","E","R","T","$","M","R","M","M","R","B",null,"M","M","?","?","M","R","E"],"character_chosen":"IRONCLAD","items_purchased":["Impervious","Sword Boomerang"],"campfire_rested":2,"item_purchase_floors":[10,10],"current_hp_per_floor":[74,63,69,69,75,75,19,41,41,41,47,47,46,52,52,15,60,19,15,15,15,20,31,0,0],"gold":216,"neow_bonus":"THREE_ENEMY_KILL","is_daily":false,"chose_seed":false,"campfire_upgraded":3,"win_rate":0.0,"timestamp":1613662451,"path_taken":["M","?","M","?","M","R","E","R","T","$","M","R","?","M","R","BOSS","M","M","?","?","M","R","E"],"items_purchased_type":["Card","Card"],"build_version":"2020-12-22","purchased_purges":0,"victory":false,"max_hp_per_floor":[75,75,75,75,75,75,75,75,75,75,75,75,75,75,75,75,75,75,75,37,37,37,37,37,37],"relic_stats":{"Centennial Puzzle":[6],"counters":[12,42],"Pantograph":23,"obtain_stats":[{"Centennial Puzzle":21,"HornCleat":9,"NeowsBlessing":0,"Pantograph":7,"Philosopher\u0027s Stone":17,"Burning Blood":0},{"Centennial Puzzle":10,"HornCleat":4,"NeowsBlessing":0,"Pantograph":4,"Philosopher\u0027s Stone":8,"Burning Blood":0},{"Centennial Puzzle":36,"HornCleat":8,"NeowsBlessing":0,"Pantograph":8,"Philosopher\u0027s Stone":28,"Burning Blood":0}],"Burning Blood":66},"card_choices":[{"not_picked":["Clash","Rupture","Dark Embrace"],"picked":"SKIP","floor":1.0},{"not_picked":["Intimidate","Fire Breathing"],"picked":"Armaments","floor":3.0},{"not_picked":["Body Slam","Shrug It Off"],"picked":"Inflame","floor":5.0},{"not_picked":["Double Tap","True Grit"],"picked":"Headbutt","floor":7.0},{"not_picked":["Rage","Armaments"],"picked":"Sword Boomerang","floor":11.0},{"not_picked":["Armaments","Rage"],"picked":"Pummel","floor":13.0},{"not_picked":["Sever Soul","Flex"],"picked":"Fiend Fire","floor":14.0},{"not_picked":["Exhume","Juggernaut"],"picked":"Immolate","floor":16.0},{"not_picked":["Heavy Blade","Rupture"],"picked":"Fire Breathing","floor":18},{"not_picked":["Second Wind","Clothesline"],"picked":"Shrug It Off","floor":19},{"not_picked":["Iron Wave","Clothesline"],"picked":"Warcry+1","floor":22}],"player_experience":3074986,"relics_obtained":[{"floor":7.0,"key":"Pantograph"},{"floor":9.0,"key":"HornCleat"}],"event_choices":[{"damage_healed":0.0,"max_hp_gain":0.0,"max_hp_loss":0.0,"gold_gain":75.0,"event_name":"World of Goop","player_choice":"Gather Gold","floor":2.0,"gold_loss":0.0,"damage_taken":11.0},{"damage_healed":0.0,"max_hp_gain":0.0,"max_hp_loss":0.0,"gold_gain":0.0,"event_name":"Liars Game","player_choice":"Ignored","floor":4.0,"gold_loss":0.0,"damage_taken":0.0},{"damage_healed":0,"gold_gain":0,"player_choice":"Became a Ghost","damage_taken":0,"max_hp_gain":0,"max_hp_loss":38,"event_name":"Ghosts","floor":20,"gold_loss":0,"cards_obtained":["Ghostly","Ghostly","Ghostly"]},{"damage_healed":0,"gold_gain":0,"player_choice":"Stole Relic","damage_taken":0,"relics_obtained":["Centennial Puzzle"],"max_hp_gain":0,"max_hp_loss":0,"event_name":"Addict","floor":21,"gold_loss":0,"cards_obtained":["Shame"]}],"is_beta":false,"boss_relics":[{"not_picked":["Busted Crown","Ectoplasm"],"picked":"Philosopher\u0027s Stone"}],"items_purged_floors":[],"is_endless":false,"potions_floor_spawned":[3,5,7,11,18,22],"killed_by":"Slavers","ascension_level":19}}