{"host":"7iv10lxbxedtd0qh","time":1613674813,"event":{"mods":["100% Spire Juice","Act Like it!","BaseMod","Bestiary","Colored Map","Colored Powertips","Downfall","Minty Spire (QoL Compilation)","Spire Arcade","StSLib","The Alterego","The Marked","TheVacant"],"gold_per_floor":[113,63,73,84,101,101,101,101],"floor_reached":7,"language":"ENG","playtime":435,"items_purged":[],"score":45,"play_id":"da2e68e3-760a-4449-bac3-4ebb3dec8c4e","local_time":"20210218200013","is_ascension_mode":true,"campfire_choices":[{"floor":6,"key":"REST"}],"circlet_count":0,"master_deck":["theVacant:VacantStarterStrike","theVacant:VacantStarterStrike","theVacant:VacantStarterDefend","theVacant:VacantStarterDefend","theVacant:VacantStarterDefend","theVacant:Release","theVacant:Crunch","theVacant:Expand","theVacant:Necromancy","theVacant:Expand","theVacant:Hex"],"relics":["theVacant:BrassGoblet"],"acts_visited":["Exordium"],"potions_floor_usage":[4],"damage_taken":[{"damage":3,"enemies":"Small Slimes","floor":1,"turns":4},{"damage":8,"enemies":"2 Louse","floor":3,"turns":4},{"damage":18,"enemies":"Cultist","floor":4,"turns":6},{"damage":38,"enemies":"Large Slime","floor":5,"turns":9},{"damage":45,"enemies":"3 Sentries","floor":7,"turns":6}],"seed_played":"-5445402703264777863","potions_obtained":[{"floor":1,"key":"ColorlessPotion"}],"is_trial":false,"path_per_floor":["M","?","M","M","M","R","E"],"character_chosen":"THE_VACANT","items_purchased":[],"campfire_rested":1,"item_purchase_floors":[],"current_hp_per_floor":[69,69,63,49,17,42,1,1],"gold":101,"neow_bonus":"REMOVE_TWO","is_daily":false,"chose_seed":false,"campfire_upgraded":0,"win_rate":0.0,"timestamp":1613674813,"path_taken":["M","?","M","M","M","R","E"],"items_purchased_type":[],"build_version":"2020-12-22","purchased_purges":0,"victory":false,"max_hp_per_floor":[72,72,74,78,84,84,88,88],"card_choices":[{"not_picked":["theVacant:CursedBlast","theVacant:FranticBlow"],"picked":"theVacant:Expand","floor":1},{"not_picked":["theVacant:BurdenBreak","theVacant:Jab"],"picked":"theVacant:Necromancy","floor":3},{"not_picked":["theVacant:GraveDigger","theVacant:Dig"],"picked":"theVacant:Expand","floor":4},{"not_picked":["theVacant:Spinshield","theVacant:Cower"],"picked":"theVacant:Hex","floor":5}],"player_experience":858377,"relics_obtained":[],"event_choices":[{"cards_removed":["theVacant:VacantStarterDefend"],"damage_healed":0,"gold_gain":0,"player_choice":"Card Removal","damage_taken":0,"max_hp_gain":0,"max_hp_loss":0,"event_name":"The Cleric","floor":2,"gold_loss":50}],"is_beta":false,"boss_relics":[],"items_purged_floors":[],"is_endless":false,"potions_floor_spawned":[1],"killed_by":"3 Sentries","ascension_level":1}}