{"host":"aas8f8jvicx6tcxp","time":1613619541,"event":{"mods":["BaseMod","Better Third Choice","BetterRewards","Hermit","Minty Spire (QoL Compilation)","Shop Mod","StSLib","The Construct"],"gold_per_floor":[114,114,133,152,171,190,190,228,253,3,3,3,3,3,3,128,128,147,147,147],"floor_reached":19,"language":"ENG","playtime":1144,"items_purged":[],"score":192,"play_id":"e20668d7-912d-4af4-a69b-902ab42c2f82","local_time":"20210217213901","daily_mods":["Cursed Run","ControlledChaos","Lethality"],"is_ascension_mode":false,"campfire_choices":[{"data":"construct:Enhance","floor":7,"key":"SMITH"},{"floor":11,"key":"REST"},{"floor":15,"key":"REST"}],"circlet_count":0,"master_deck":["construct:AttackMode","construct:DefenseMode","construct:Enhance+1","Injury","construct:Reinforce","construct:HeavyBolt","construct:FlameCore","Decay","construct:ShieldGenerator","construct:ClusterMines","construct:ShiftStrike","construct:HeavyBolt","construct:QuickAttack","construct:PowerUp","construct:QuickAttack","construct:Bunker","construct:ForceCore","construct:OneWayMirror","construct:SuppressiveFire","construct:LaserCore"],"relics":["Cursed Key","Darkstone Periapt","Du-Vu Doll","Frozen Eye","Golden Idol","Shuriken","Smiling Mask","construct:MegaBattery","Pandora\u0027s Box"],"acts_visited":["Exordium","TheCity"],"potions_floor_usage":[3,16],"damage_taken":[{"damage":7,"enemies":"Jaw Worm","floor":1,"turns":3},{"damage":8,"enemies":"2 Louse","floor":3,"turns":2},{"damage":4,"enemies":"Cultist","floor":4,"turns":3},{"damage":2,"enemies":"Looter","floor":5,"turns":2},{"damage":8,"enemies":"Blue Slaver","floor":6,"turns":3},{"damage":17,"enemies":"Gremlin Nob","floor":8,"turns":4},{"damage":39,"enemies":"The Guardian","floor":16,"turns":8},{"damage":16,"enemies":"Chosen","floor":18,"turns":3},{"damage":91,"enemies":"3 Byrds","floor":19,"turns":4}],"seed_played":"-4060160915487772418","potions_obtained":[{"floor":1,"key":"SkillPotion"},{"floor":4,"key":"Strength Potion"},{"floor":18,"key":"SteroidPotion"}],"is_trial":false,"path_per_floor":["M","?","M","M","M","M","R","E","T","$","R","$","?","?","R","B",null,"M","M"],"character_chosen":"THE_CONSTRUCT_MOD","items_purchased":["construct:MegaBattery"],"campfire_rested":2,"item_purchase_floors":[10],"current_hp_per_floor":[78,84,76,72,70,62,62,45,51,51,80,80,64,57,86,53,103,87,0,0],"gold":147,"neow_bonus":"","is_daily":true,"chose_seed":false,"campfire_upgraded":1,"win_rate":0.0,"timestamp":1613619541,"path_taken":["M","?","M","M","M","M","R","E","T","$","R","$","?","?","R","BOSS","M","M"],"items_purchased_type":["Relic"],"build_version":"2020-12-22","purchased_purges":0,"victory":false,"max_hp_per_floor":[85,91,91,91,91,91,91,91,97,97,97,97,97,97,97,103,103,103,103,103],"card_choices":[{"not_picked":["construct:Versatility","construct:Backup"],"picked":"construct:Enhance","floor":1},{"not_picked":["construct:FierceBash","construct:Dampening"],"picked":"construct:Reinforce","floor":3},{"not_picked":["construct:ShiftStrike","construct:Autoturret"],"picked":"construct:HeavyBolt","floor":4},{"not_picked":["construct:GuardCore","construct:SaveState"],"picked":"construct:FlameCore","floor":5},{"not_picked":["construct:Boost","construct:Dampening","construct:HeavyBolt"],"picked":"SKIP","floor":6},{"not_picked":["construct:Versatility","construct:SuppressiveFire","construct:ShiftingStance"],"picked":"SKIP","floor":8},{"not_picked":["construct:GoldenBullet","construct:HastyRepair"],"picked":"construct:ShieldGenerator","floor":16},{"not_picked":["construct:HardReboot","construct:Failsafe"],"picked":"construct:LaserCore","floor":18}],"player_experience":252998,"relics_obtained":[{"floor":8,"key":"Shuriken"},{"floor":9,"key":"Smiling Mask"}],"event_choices":[{"damage_healed":0,"gold_gain":0,"player_choice":"Take Wound","damage_taken":0,"relics_obtained":["Golden Idol"],"max_hp_gain":0,"max_hp_loss":0,"event_name":"Golden Idol","floor":2,"gold_loss":0,"cards_obtained":["Injury"]},{"damage_healed":0,"gold_gain":1,"player_choice":"LEAVE","damage_taken":16,"max_hp_gain":0,"max_hp_loss":0,"event_name":"betterThird:BetterScrap","floor":13,"gold_loss":0,"cards_obtained":["Auto Shields"]},{"cards_removed":["Writhe"],"damage_healed":0,"gold_gain":0,"player_choice":"Card Removal","damage_taken":7,"max_hp_gain":0,"max_hp_loss":0,"event_name":"Golden Wing","floor":14,"gold_loss":0}],"is_beta":false,"boss_relics":[{"not_picked":["Fusion Hammer","Sozu"],"picked":"Pandora\u0027s Box"}],"items_purged_floors":[],"is_endless":false,"potions_floor_spawned":[1,4,18],"killed_by":"3 Byrds","ascension_level":0}}