{"host":"aapp7ew3jk5k1bvd","time":1613647769,"event":{"mods":["AchievementEnabler","BaseMod","Colored Map","Custom Start","Keyboard Shortcuts","Minty Spire (QoL Compilation)","Permanent Neow","Quick Restart","StSLib","SuperFastMode"],"gold_per_floor":[112,123,135,150,150,150,167,167,167],"floor_reached":8,"language":"KOR","playtime":245,"items_purged":[],"score":63,"play_id":"c13e63c5-f804-43d5-9e2e-70e466a903e1","local_time":"20210218202929","is_ascension_mode":true,"campfire_choices":[{"data":"A Thousand Cuts","floor":6,"key":"SMITH"}],"circlet_count":0,"master_deck":["Strike_G","Strike_G","Strike_G","Strike_G","Defend_G","Defend_G","Defend_G","Defend_G","Defend_G","Survivor","Neutralize","A Thousand Cuts+1","Quick Slash","Well Laid Plans","Dodge and Roll","Dodge and Roll","Cloak And Dagger"],"relics":["Ring of the Snake"],"acts_visited":["Exordium"],"potions_floor_usage":[7],"damage_taken":[{"damage":0,"enemies":"Cultist","floor":1,"turns":5},{"damage":0,"enemies":"Jaw Worm","floor":2,"turns":4},{"damage":0,"enemies":"Small Slimes","floor":3,"turns":3},{"damage":6,"enemies":"Looter","floor":4,"turns":5},{"damage":15,"enemies":"Gremlin Gang","floor":7,"turns":6},{"damage":4,"enemies":"Lagavulin","floor":8,"turns":6}],"seed_played":"1423419996622072990","potions_obtained":[{"floor":4,"key":"Poison Potion"},{"floor":7,"key":"Block Potion"}],"is_trial":false,"path_per_floor":["M","M","M","M","?","R","M","E"],"character_chosen":"THE_SILENT","items_purchased":[],"campfire_rested":0,"item_purchase_floors":[],"current_hp_per_floor":[63,63,63,57,57,57,42,38,38],"gold":167,"neow_bonus":"THREE_RARE_CARDS","is_daily":false,"chose_seed":false,"campfire_upgraded":1,"win_rate":0.0,"timestamp":1613647769,"path_taken":["M","M","M","?","?","R","M","E"],"items_purchased_type":[],"build_version":"2020-12-22","purchased_purges":0,"victory":false,"max_hp_per_floor":[63,63,63,63,63,63,63,63,63],"card_choices":[{"not_picked":["Unload","Corpse Explosion"],"picked":"A Thousand Cuts","floor":0},{"not_picked":["Poisoned Stab","Dagger Spray"],"picked":"Quick Slash","floor":1},{"not_picked":["Setup","Skewer"],"picked":"Well Laid Plans","floor":2},{"not_picked":["Deadly Poison","Poisoned Stab"],"picked":"Dodge and Roll","floor":3},{"not_picked":["Flying Knee","Dash"],"picked":"Dodge and Roll","floor":4},{"not_picked":["Underhanded Strike","Acrobatics"],"picked":"Cloak And Dagger","floor":7}],"player_experience":1023113,"relics_obtained":[],"event_choices":[{"cards_removed":["Strike_G"],"damage_healed":0,"gold_gain":0,"player_choice":"Purged","damage_taken":0,"max_hp_gain":0,"max_hp_loss":0,"event_name":"Purifier","floor":5,"gold_loss":0}],"is_beta":false,"boss_relics":[],"items_purged_floors":[],"is_endless":false,"potions_floor_spawned":[4,7],"killed_by":"Lagavulin","ascension_level":5}}