{"host":"bz6w3lfmpwgz81o3","time":1613659624,"event":{"mods":["BaseMod","Downfall","Hermit","Minty Spire (QoL Compilation)","StSLib"],"gold_per_floor":[112,123,123,48,65,92,92,105,105,124,152,170,204,220,220,316,316,326,326,342,292,304,304,329,329,329,428,456,104,104,121,121,222,222,240,257,186,204,204,204,204,204],"floor_reached":41,"language":"ENG","playtime":2485,"items_purged":["hermit:Defend_Hermit","hermit:Snapshot"],"score":498,"play_id":"a512c82b-52d3-4286-b1a5-cd4892764e8a","local_time":"20210218154704","is_ascension_mode":true,"campfire_choices":[{"data":"hermit:Manifest","floor":7,"key":"SMITH"},{"data":"hermit:Determination","floor":15,"key":"SMITH"},{"data":"hermit:ShadowCloak","floor":23,"key":"SMITH"},{"data":"hermit:LuckOfTheDraw","floor":25,"key":"SMITH"},{"floor":32,"key":"REST"},{"data":"hermit:Determination","floor":40,"key":"SMITH"}],"circlet_count":0,"master_deck":["hermit:Defend_Hermit+1","hermit:Defend_Hermit+1","hermit:Defend_Hermit+1","hermit:Covet","hermit:Magnum","hermit:Gestalt","hermit:Midnight","hermit:FlashPowder","hermit:Manifest+1","hermit:Determination+1","hermit:Grudge+1","hermit:Misfire","hermit:GhostlyPresence","hermit:Gestalt","hermit:Purgatory+1","hermit:Gestalt+1","hermit:FullyLoaded+1","hermit:Brawl+1","hermit:LuckOfTheDraw+1","hermit:ShadowCloak+1","hermit:BodyArmor+1","hermit:FinalCanter","hermit:SprayPray","hermit:Midnight+1","hermit:EyeOfTheStorm+1","hermit:Determination+1"],"relics":["hermit:Momento","Toy Ornithopter","Strawberry","Mercury Hourglass","Pen Nib","Astrolabe","Vajra","hexamod:CandleOfCauterizing","Slimebound:StickyStick","Whetstone","Oddly Smooth Stone","Sozu"],"acts_visited":["Exordium","TheCity","TheBeyond"],"potions_floor_usage":[6,6,11,11,13,28,31,31,35],"damage_taken":[{"damage":2,"enemies":"Small Slimes","floor":1,"turns":3},{"damage":1,"enemies":"Cultist","floor":2,"turns":3},{"damage":9,"enemies":"2 Louse","floor":5,"turns":3},{"damage":28,"enemies":"3 Sentries","floor":6,"turns":11},{"damage":0,"enemies":"Large Slime","floor":8,"turns":5},{"damage":4,"enemies":"Lots of Slimes","floor":10,"turns":4},{"damage":2,"enemies":"Lagavulin","floor":11,"turns":6},{"damage":0,"enemies":"Exordium Wildlife","floor":12,"turns":4},{"damage":3,"enemies":"3 Sentries","floor":13,"turns":7},{"damage":17,"enemies":"Exordium Thugs","floor":14,"turns":3},{"damage":1,"enemies":"Slime Boss","floor":16,"turns":8},{"damage":1,"enemies":"Chosen","floor":18,"turns":4},{"damage":3,"enemies":"Spheric Guardian","floor":20,"turns":5},{"damage":7,"enemies":"Chosen and Byrds","floor":22,"turns":5},{"damage":23,"enemies":"Slavers","floor":24,"turns":6},{"damage":50,"enemies":"Book of Stabbing","floor":28,"turns":9},{"damage":2,"enemies":"Snake Plant","floor":31,"turns":5},{"damage":1,"enemies":"Champ","floor":33,"turns":11},{"damage":26,"enemies":"3 Darklings","floor":35,"turns":4},{"damage":2,"enemies":"Orb Walker","floor":36,"turns":4},{"damage":9,"enemies":"3 Darklings","floor":38,"turns":4},{"damage":59,"enemies":"Reptomancer","floor":41,"turns":2}],"seed_played":"2091114123433618779","potions_obtained":[{"floor":2,"key":"CultistPotion"},{"floor":3,"key":"DuplicationPotion"},{"floor":3,"key":"Dexterity Potion"},{"floor":3,"key":"hermit:BlackBile"},{"floor":6,"key":"LiquidBronze"},{"floor":8,"key":"Fruit Juice"},{"floor":10,"key":"Dexterity Potion"},{"floor":16,"key":"SteroidPotion"},{"floor":20,"key":"Ancient Potion"},{"floor":24,"key":"EssenceOfSteel"},{"floor":28,"key":"Strength Potion"},{"floor":33,"key":"hexamod:SoulburnPotion"}],"is_trial":false,"path_per_floor":["M","M","?","$","M","E","R","M","T","M","E","M","E","M","R","B",null,"M","?","M","?","M","R","E","R","T","?","E","$","T","M","R","B",null,"M","M","$","M","?","R","E"],"character_chosen":"HERMIT","items_purchased":["hermit:SprayPray","Whetstone","Block Potion","hermit:Determination"],"campfire_rested":1,"item_purchase_floors":[29,29,29,37],"current_hp_per_floor":[73,72,72,72,63,35,35,35,42,38,51,51,53,36,36,35,87,86,86,83,83,76,76,53,53,53,53,8,8,8,16,42,41,87,66,64,64,55,55,55,0,0],"gold":204,"neow_bonus":"TRANSFORM_CARD","is_daily":false,"chose_seed":false,"campfire_upgraded":5,"win_rate":0.0,"timestamp":1613659624,"path_taken":["M","M","?","$","?","E","R","M","T","M","E","M","E","M","R","BOSS","M","?","M","?","?","R","E","R","T","?","E","$","?","M","R","BOSS","M","M","$","M","?","R","E"],"items_purchased_type":["Card","Relic","Potion","Card"],"build_version":"2020-12-22","purchased_purges":2,"victory":false,"max_hp_per_floor":[75,75,75,75,75,75,75,75,82,82,87,87,87,87,87,87,87,87,87,87,87,87,87,87,87,87,87,87,87,87,87,87,87,87,87,87,87,87,87,87,87,87],"card_choices":[{"not_picked":["hermit:LowProfile","hermit:BodyArmor"],"picked":"hermit:Gestalt","floor":1},{"not_picked":["hermit:TakeCover","hermit:Brawl"],"picked":"hermit:Midnight","floor":2},{"not_picked":["hermit:Headshot","hermit:SprayPray"],"picked":"hermit:FlashPowder","floor":5},{"not_picked":["hermit:Horror","hermit:Dive"],"picked":"hermit:Manifest","floor":6},{"not_picked":["hermit:TrackingShot","hermit:Dive"],"picked":"hermit:Determination","floor":8},{"not_picked":["hermit:EternalForm","hermit:Virtue"],"picked":"hermit:Grudge","floor":10},{"not_picked":["hermit:FlashPowder","hermit:Showdown"],"picked":"hermit:Misfire","floor":11},{"not_picked":["hermit:CalledShot","hermit:Shortfuse"],"picked":"hermit:GhostlyPresence","floor":12},{"not_picked":["hermit:Combo","hermit:Headshot"],"picked":"hermit:Gestalt","floor":13},{"not_picked":["hermit:Roulette","hermit:HoleUp","hermit:Desperado"],"picked":"SKIP","floor":14},{"not_picked":["hermit:Roughhouse","hermit:Dissolve"],"picked":"hermit:Purgatory","floor":16},{"not_picked":["hermit:Snipe","hermit:Showdown"],"picked":"hermit:LowProfile","floor":18},{"not_picked":["hermit:ItchyTrigger","hermit:Showdown+1"],"picked":"hermit:LuckOfTheDraw","floor":20},{"not_picked":["hermit:Quickdraw","hermit:GoldenBullet"],"picked":"hermit:ShadowCloak","floor":22},{"not_picked":["hermit:Manifest","hermit:Coalescence"],"picked":"hermit:BodyArmor+1","floor":24},{"not_picked":["hermit:BigShot","hermit:Virtue"],"picked":"hermit:FinalCanter","floor":28},{"not_picked":["hermit:ItchyTrigger+1","hermit:Roulette"],"picked":"hermit:Midnight+1","floor":31},{"not_picked":["hermit:PistolWhip+1","hermit:Quickdraw+1"],"picked":"hermit:EyeOfTheStorm+1","floor":35},{"not_picked":["hermit:TrackingShot+1","hermit:Vantage","hermit:Shortfuse"],"picked":"SKIP","floor":36},{"not_picked":["hermit:Coalescence","hermit:Shortfuse","hermit:HighCaliber"],"picked":"SKIP","floor":38}],"player_experience":56062,"relics_obtained":[{"floor":6,"key":"Toy Ornithopter"},{"floor":9,"key":"Strawberry"},{"floor":11,"key":"Mercury Hourglass"},{"floor":13,"key":"Pen Nib"},{"floor":24,"key":"Vajra"},{"floor":26,"key":"hexamod:CandleOfCauterizing"},{"floor":28,"key":"Slimebound:StickyStick"},{"floor":30,"key":"Oddly Smooth Stone"}],"event_choices":[{"damage_healed":0,"gold_gain":0,"player_choice":"Got Potions","damage_taken":0,"max_hp_gain":0,"max_hp_loss":0,"event_name":"Lab","floor":3,"gold_loss":0},{"damage_healed":0,"gold_gain":0,"player_choice":"Simplicity","damage_taken":0,"max_hp_gain":0,"max_hp_loss":0,"event_name":"Back to Basics","floor":19,"gold_loss":0,"cards_upgraded":["hermit:Defend_Hermit","hermit:Defend_Hermit","hermit:Defend_Hermit"]},{"damage_healed":0,"gold_gain":0,"player_choice":"Bet on Murderer","damage_taken":0,"max_hp_gain":0,"max_hp_loss":0,"event_name":"The Joust","floor":21,"gold_loss":50},{"damage_healed":0,"gold_gain":99,"player_choice":"Stole From Cult","damage_taken":0,"max_hp_gain":0,"max_hp_loss":0,"event_name":"Nest","floor":27,"gold_loss":0},{"cards_removed":["hermit:LowProfile"],"damage_healed":0,"gold_gain":0,"player_choice":"Removed Skill","damage_taken":0,"max_hp_gain":0,"max_hp_loss":0,"event_name":"Falling","floor":39,"gold_loss":0}],"is_beta":false,"boss_relics":[{"not_picked":["Black Star","SlaversCollar"],"picked":"Astrolabe"},{"not_picked":["Empty Cage","SacredBark"],"picked":"Sozu"}],"items_purged_floors":[4,29],"is_endless":false,"potions_floor_spawned":[2,6,8,10,16,20,24,28,33,36],"killed_by":"Reptomancer","ascension_level":2}}