{"host":"phy652c7lim9lcu2","time":1613639499,"event":{"mods":["BaseMod","Colored Powertips","Googly Eyes","Minty Spire (QoL Compilation)","Relic Stats","Spicy Shops","StSLib","everything is the same but u backflip on backflip"],"gold_per_floor":[113,131,131,131,81,114,39,39,39,101,101,111,111,123,123,200,200,217,234,245,275,374,374,399,399,447,447,447],"floor_reached":27,"language":"ENG","playtime":692,"items_purged":["Defend_R"],"score":378,"play_id":"df2de251-5037-4a1c-92fe-7387054da2fa","local_time":"20210218191139","is_ascension_mode":true,"campfire_choices":[{"data":"Searing Blow+1","floor":8,"key":"SMITH"},{"data":"Searing Blow+2","floor":11,"key":"SMITH"},{"data":"Searing Blow+3","floor":13,"key":"SMITH"},{"data":"Armaments","floor":15,"key":"SMITH"},{"data":"Searing Blow+4","floor":23,"key":"SMITH"},{"data":"Searing Blow+5","floor":25,"key":"SMITH"}],"circlet_count":0,"master_deck":["AscendersBane","Strike_R","Strike_R","Strike_R","Strike_R+1","Defend_R","Defend_R","Defend_R+1","Bash","Reaper","Searing Blow+6","True Grit","Headbutt","Armaments+1","Barricade","Pommel Strike"],"relics":["Burning Blood","Shuriken","Ancient Tea Set","Busted Crown","Red Mask","Centennial Puzzle","Red Skull"],"acts_visited":["Exordium","TheCity"],"potions_floor_usage":[12,21,24,24],"damage_taken":[{"damage":1,"enemies":"2 Louse","floor":1,"turns":3},{"damage":20,"enemies":"Small Slimes","floor":2,"turns":4},{"damage":46,"enemies":"Lagavulin","floor":6,"turns":10},{"damage":12,"enemies":"Jaw Worm","floor":12,"turns":2},{"damage":4,"enemies":"2 Fungi Beasts","floor":14,"turns":3},{"damage":27,"enemies":"Slime Boss","floor":16,"turns":11},{"damage":51,"enemies":"3 Byrds","floor":18,"turns":7},{"damage":0,"enemies":"Chosen","floor":19,"turns":4},{"damage":21,"enemies":"3 Cultists","floor":20,"turns":5},{"damage":33,"enemies":"Masked Bandits","floor":21,"turns":4},{"damage":25,"enemies":"Slavers","floor":24,"turns":5},{"damage":20,"enemies":"Book of Stabbing","floor":27,"turns":3}],"seed_played":"1657283210507350367","potions_obtained":[{"floor":1,"key":"Strength Potion"},{"floor":12,"key":"Fruit Juice"},{"floor":14,"key":"Explosive Potion"},{"floor":16,"key":"Energy Potion"},{"floor":21,"key":"Strength Potion"}],"is_trial":false,"path_per_floor":["M","M","?","?","?","E","$","R","T","?","R","M","R","M","R","B",null,"M","M","M","?","?","R","E","R","T","E"],"character_chosen":"IRONCLAD","items_purchased":[],"campfire_rested":0,"item_purchase_floors":[],"current_hp_per_floor":[80,70,54,54,54,14,14,14,14,14,14,17,17,27,27,10,66,27,33,30,17,17,17,10,10,10,0,0],"gold":447,"neow_bonus":"ONE_RANDOM_RARE_CARD","is_daily":false,"chose_seed":true,"campfire_upgraded":6,"win_rate":0.0,"timestamp":1613639499,"path_taken":["M","M","?","?","?","E","$","R","T","?","R","M","R","M","R","BOSS","M","M","M","?","?","R","E","R","T","E"],"items_purchased_type":[],"build_version":"2020-12-22","purchased_purges":1,"victory":false,"max_hp_per_floor":[80,80,80,80,80,80,80,80,80,80,80,85,85,85,85,85,85,85,85,85,85,85,85,85,85,85,85,85],"relic_stats":{"Centennial Puzzle":[3],"Busted Crown":10,"counters":[12,61],"Shuriken":[10],"obtain_stats":[{"Centennial Puzzle":24,"Busted Crown":17,"Shuriken":6,"Red Mask":21,"Ancient Tea Set":9,"Burning Blood":0,"Red Skull":26},{"Centennial Puzzle":11,"Busted Crown":6,"Shuriken":3,"Red Mask":10,"Ancient Tea Set":3,"Burning Blood":0,"Red Skull":11},{"Centennial Puzzle":58,"Busted Crown":33,"Shuriken":17,"Red Mask":53,"Ancient Tea Set":17,"Burning Blood":0,"Red Skull":58}],"Burning Blood":65},"card_choices":[{"not_picked":["Spot Weakness","Twin Strike"],"picked":"Searing Blow","floor":1},{"not_picked":["Carnage","Twin Strike","Entrench"],"picked":"SKIP","floor":2},{"not_picked":["Carnage","Clothesline"],"picked":"True Grit","floor":6},{"not_picked":["Infernal Blade","Spot Weakness"],"picked":"Headbutt","floor":12},{"not_picked":["Twin Strike","Dropkick"],"picked":"Armaments","floor":14},{"not_picked":["Juggernaut","Bludgeon"],"picked":"Barricade","floor":16},{"not_picked":["Iron Wave"],"picked":"SKIP","floor":18},{"not_picked":["Fire Breathing"],"picked":"SKIP","floor":19},{"not_picked":["Rage+1"],"picked":"SKIP","floor":20},{"not_picked":[],"picked":"Pommel Strike","floor":21},{"not_picked":["Headbutt"],"picked":"SKIP","floor":24}],"player_experience":348305,"relics_obtained":[{"floor":6,"key":"Shuriken"},{"floor":9,"key":"Ancient Tea Set"},{"floor":21,"key":"Red Mask"},{"floor":24,"key":"Centennial Puzzle"},{"floor":26,"key":"Red Skull"}],"event_choices":[{"damage_healed":0,"gold_gain":0,"player_choice":"Entered Light","damage_taken":16,"max_hp_gain":0,"max_hp_loss":0,"event_name":"Shining Light","floor":3,"gold_loss":0,"cards_upgraded":["Strike_R","Defend_R"]},{"damage_healed":0,"gold_gain":0,"player_choice":"Grow","damage_taken":0,"max_hp_gain":0,"max_hp_loss":0,"event_name":"Living Wall","floor":4,"gold_loss":0,"cards_upgraded":["Searing Blow"]},{"cards_removed":["Strike_R"],"damage_healed":0,"gold_gain":0,"player_choice":"Card Removal","damage_taken":0,"max_hp_gain":0,"max_hp_loss":0,"event_name":"The Cleric","floor":5,"gold_loss":50},{"damage_healed":0,"gold_gain":62,"player_choice":"Gained Gold","damage_taken":0,"max_hp_gain":0,"max_hp_loss":0,"event_name":"Golden Wing","floor":10,"gold_loss":0},{"damage_healed":0,"gold_gain":0,"player_choice":"Fought Bandits","damage_taken":0,"max_hp_gain":0,"max_hp_loss":0,"event_name":"Masked Bandits","floor":21,"gold_loss":0},{"damage_healed":0,"gold_gain":99,"player_choice":"Stole From Cult","damage_taken":0,"max_hp_gain":0,"max_hp_loss":0,"event_name":"Nest","floor":22,"gold_loss":0}],"is_beta":false,"boss_relics":[{"not_picked":["Pandora\u0027s Box","Coffee Dripper"],"picked":"Busted Crown"}],"items_purged_floors":[7],"is_endless":false,"potions_floor_spawned":[1,12,14,16,20,21],"killed_by":"Book of Stabbing","ascension_level":13}}