{"host":"00f1p9ihhzi7hxfk","time":1613662729,"event":{"mods":["AchievementEnabler","BaseMod","Colored Map","Colored Powertips","Minty Spire (QoL Compilation)","Rare Cards Sparkle","Relic Stats"],"gold_per_floor":[112,132,92,105,75,75,89,108,108,126,36,50,50,69,69,167,167,181,199,4,18,18,18,18,18,41,41,41,60,60,87,87,87,87],"floor_reached":33,"language":"DEU","playtime":1939,"items_purged":[],"score":259,"play_id":"cd90df7f-f808-4ed5-b58c-1d6e3d64e4b6","local_time":"20210218163849","is_ascension_mode":false,"campfire_choices":[{"floor":6,"key":"REST"},{"floor":13,"key":"REST"},{"floor":15,"key":"REST"},{"floor":23,"key":"REST"},{"data":"Noxious Fumes","floor":28,"key":"SMITH"},{"data":"Bullet Time","floor":32,"key":"SMITH"}],"circlet_count":0,"master_deck":["Strike_G","Strike_G","Strike_G","Strike_G","Defend_G","Defend_G","Defend_G","Defend_G","Defend_G","Survivor","Neutralize","Deflect","Poisoned Stab","Noxious Fumes+1","Leg Sweep","Bane","Deadly Poison","Corpse Explosion","Panacea","Dagger Spray","Slice","Backflip","Dodge and Roll","Deadly Poison","Writhe","Bullet Time+1"],"relics":["Ring of the Snake","MealTicket","WristBlade","Potion Belt","Centennial Puzzle","Dream Catcher","White Beast Statue"],"acts_visited":["Exordium","TheCity"],"potions_floor_usage":[29,29,33,33],"damage_taken":[{"damage":1,"enemies":"Cultist","floor":1,"turns":6},{"damage":1,"enemies":"Small Slimes","floor":2,"turns":3},{"damage":1,"enemies":"2 Louse","floor":4,"turns":3},{"damage":0,"enemies":"Looter","floor":5,"turns":4},{"damage":1,"enemies":"Red Slaver","floor":7,"turns":4},{"damage":12,"enemies":"3 Louse","floor":8,"turns":4},{"damage":37,"enemies":"Gremlin Gang","floor":10,"turns":5},{"damage":16,"enemies":"Exordium Thugs","floor":12,"turns":4},{"damage":3,"enemies":"Red Slaver","floor":14,"turns":4},{"damage":56,"enemies":"The Guardian","floor":16,"turns":11},{"damage":11,"enemies":"3 Byrds","floor":18,"turns":3},{"damage":11,"enemies":"Chosen","floor":19,"turns":5},{"damage":24,"enemies":"Snake Plant","floor":21,"turns":7},{"damage":18,"enemies":"Sentry and Sphere","floor":29,"turns":5},{"damage":15,"enemies":"Gremlin Leader","floor":31,"turns":7},{"damage":66,"enemies":"Champ","floor":33,"turns":11}],"seed_played":"-7619050473432487812","potions_obtained":[{"floor":2,"key":"LiquidMemories"},{"floor":3,"key":"Swift Potion"},{"floor":3,"key":"Dexterity Potion"},{"floor":4,"key":"Dexterity Potion"},{"floor":21,"key":"SpeedPotion"},{"floor":29,"key":"CultistPotion"}],"is_trial":false,"path_per_floor":["M","M","?","M","M","R","M","M","T","M","$","M","R","M","R","B",null,"M","M","$","M","?","R","?","?","T","$","R","M","$","E","R","B"],"character_chosen":"THE_SILENT","items_purchased":["Panacea","Potion Belt","Deadly Poison"],"campfire_rested":4,"item_purchase_floors":[11,20,20],"current_hp_per_floor":[69,68,68,67,67,70,69,57,57,20,35,19,40,37,58,2,70,59,48,63,39,39,60,47,72,72,75,75,57,72,57,57,0,0],"gold":87,"neow_bonus":"TRANSFORM_CARD","is_daily":false,"chose_seed":false,"campfire_upgraded":2,"win_rate":0.0,"timestamp":1613662729,"path_taken":["M","M","?","M","M","R","M","M","T","M","$","?","R","M","R","BOSS","M","M","$","M","?","R","?","?","T","$","R","M","?","E","R","BOSS"],"items_purchased_type":["Card","Relic","Card"],"build_version":"2020-12-22","purchased_purges":0,"victory":false,"max_hp_per_floor":[70,70,70,70,70,70,70,70,70,70,70,70,70,70,70,70,70,70,70,70,70,70,70,75,75,75,75,75,75,75,75,75,75,75],"relic_stats":{"Centennial Puzzle":[9],"Dream Catcher":0,"counters":[16,86],"MealTicket":48,"obtain_stats":[{"Potion Belt":20,"Centennial Puzzle":22,"Dream Catcher":26,"WristBlade":17,"MealTicket":9,"White Beast Statue":31,"Ring of the Snake":0},{"Potion Belt":12,"Centennial Puzzle":13,"Dream Catcher":13,"WristBlade":10,"MealTicket":6,"White Beast Statue":15,"Ring of the Snake":0},{"Potion Belt":56,"Centennial Puzzle":63,"Dream Catcher":63,"WristBlade":48,"MealTicket":24,"White Beast Statue":75,"Ring of the Snake":0}],"Ring of the Snake":[32]},"card_choices":[{"not_picked":["Blade Dance","Underhanded Strike"],"picked":"Poisoned Stab","floor":1},{"not_picked":["Outmaneuver","Dodge and Roll"],"picked":"Noxious Fumes","floor":2},{"not_picked":["Deflect","Accuracy"],"picked":"Leg Sweep","floor":4},{"not_picked":["Prepared","Reflex"],"picked":"Bane","floor":5},{"not_picked":["Noxious Fumes","Endless Agony"],"picked":"Deadly Poison","floor":7},{"not_picked":["Bane","Prepared","Masterful Stab"],"picked":"SKIP","floor":8},{"not_picked":["Caltrops","Flying Knee"],"picked":"Corpse Explosion","floor":10},{"not_picked":["Deflect","Flying Knee"],"picked":"Dagger Spray","floor":12},{"not_picked":["Distraction","Endless Agony"],"picked":"Slice","floor":14},{"not_picked":["Cloak And Dagger","Bane"],"picked":"Backflip","floor":18},{"not_picked":["Slice","Distraction+1"],"picked":"Dodge and Roll","floor":19},{"not_picked":["Tactician","Deflect","Die Die Die"],"picked":"SKIP","floor":21},{"not_picked":["Distraction+1","Outmaneuver","Deflect"],"picked":"SKIP","floor":29},{"not_picked":["PiercingWail","Outmaneuver+1"],"picked":"Bullet Time","floor":31}],"player_experience":115767,"relics_obtained":[{"floor":9,"key":"MealTicket"},{"floor":26,"key":"Dream Catcher"},{"floor":31,"key":"White Beast Statue"}],"event_choices":[{"damage_healed":0,"gold_gain":0,"player_choice":"Bought 3 Potions","damage_taken":0,"max_hp_gain":0,"max_hp_loss":0,"event_name":"The Woman in Blue","floor":3,"gold_loss":0},{"damage_healed":0,"gold_gain":0,"player_choice":"Opened","damage_taken":0,"relics_obtained":["Centennial Puzzle"],"max_hp_gain":0,"max_hp_loss":0,"event_name":"The Mausoleum","floor":22,"gold_loss":0,"cards_obtained":["Writhe"]},{"damage_healed":0,"gold_gain":0,"player_choice":"Shed Blood","damage_taken":18,"max_hp_gain":5,"max_hp_loss":0,"event_name":"Forgotten Altar","floor":24,"gold_loss":0},{"damage_healed":25,"gold_gain":0,"player_choice":"Heal","damage_taken":0,"max_hp_gain":0,"max_hp_loss":0,"event_name":"The Library","floor":25,"gold_loss":0}],"is_beta":false,"boss_relics":[{"not_picked":["Astrolabe","Empty Cage"],"picked":"WristBlade"}],"items_purged_floors":[],"is_endless":false,"potions_floor_spawned":[2,4,7,16,21,29],"killed_by":"Champ","ascension_level":0}}