{"host":"tr0r177cvmpvg89h","time":1613666206,"event":{"mods":["BaseMod","Colored Map","DeckTracker","Minty Spire (QoL Compilation)","StSLib","SuperFastMode"],"gold_per_floor":[109,119,44,44,60,60,76,96,120,120,120,137,137,150,150,245,245,255,274,101,120,30,30,42,42,42,58,71,71,85,100,100,201,201,221,221,238,89,103,103,131,6,6,6,23,23,23,40,40,40,40],"floor_reached":50,"language":"KOR","playtime":3131,"items_purged":["Strike_G","Defend_G","Defend_G"],"score":470,"play_id":"e06fd0b2-bfe7-4247-b33a-c4193e78716c","local_time":"20210219013646","is_ascension_mode":false,"campfire_choices":[{"data":"Noxious Fumes","floor":6,"key":"SMITH"},{"data":"After Image","floor":10,"key":"SMITH"},{"data":"Finesse","floor":13,"key":"SMITH"},{"data":"Bane","floor":15,"key":"SMITH"},{"data":"Adrenaline","floor":23,"key":"SMITH"},{"data":"Bouncing Flask","floor":25,"key":"SMITH"},{"data":"Deflect","floor":29,"key":"SMITH"},{"data":"Footwork","floor":32,"key":"SMITH"},{"data":"Catalyst","floor":40,"key":"SMITH"},{"floor":47,"key":"REST"},{"data":"Calculated Gamble","floor":49,"key":"SMITH"}],"circlet_count":0,"master_deck":["Defend_G","Defend_G","Defend_G","Survivor","Neutralize","Finesse+1","Noxious Fumes+1","Dodge and Roll","Bane+1","After Image+1","Dagger Throw","Prepared","Adrenaline+1","Cloak And Dagger","Deflect+1","Bouncing Flask+1","Footwork+1","Corpse Explosion","Catalyst+1","Calculated Gamble+1"],"relics":["Ring of the Snake","Oddly Smooth Stone","Philosopher\u0027s Stone","Sundial","Empty Cage","Happy Flower","Bronze Scales","Ninja Scroll"],"acts_visited":["Exordium","TheCity","TheBeyond"],"potions_floor_usage":[16,21,33,33,33,50,50],"damage_taken":[{"damage":0,"enemies":"2 Louse","floor":1,"turns":3},{"damage":6,"enemies":"Cultist","floor":2,"turns":4},{"damage":0,"enemies":"Small Slimes","floor":5,"turns":3},{"damage":0,"enemies":"Blue Slaver","floor":7,"turns":5},{"damage":0,"enemies":"Looter","floor":8,"turns":3},{"damage":2,"enemies":"Exordium Wildlife","floor":12,"turns":4},{"damage":5,"enemies":"Red Slaver","floor":14,"turns":5},{"damage":23,"enemies":"The Guardian","floor":16,"turns":11},{"damage":0,"enemies":"Chosen","floor":18,"turns":6},{"damage":13,"enemies":"3 Byrds","floor":19,"turns":5},{"damage":8,"enemies":"Snake Plant","floor":21,"turns":5},{"damage":9,"enemies":"Centurion and Healer","floor":24,"turns":8},{"damage":0,"enemies":"Shelled Parasite and Fungi","floor":27,"turns":8},{"damage":7,"enemies":"Snake Plant","floor":28,"turns":5},{"damage":0,"enemies":"Centurion and Healer","floor":30,"turns":5},{"damage":10,"enemies":"Shelled Parasite and Fungi","floor":31,"turns":6},{"damage":6,"enemies":"Champ","floor":33,"turns":11},{"damage":0,"enemies":"Orb Walker","floor":35,"turns":4},{"damage":9,"enemies":"3 Darklings","floor":37,"turns":7},{"damage":8,"enemies":"Jaw Worm Horde","floor":39,"turns":6},{"damage":31,"enemies":"Giant Head","floor":41,"turns":9},{"damage":11,"enemies":"4 Shapes","floor":45,"turns":3},{"damage":0,"enemies":"Spire Growth","floor":48,"turns":4},{"damage":33,"enemies":"Time Eater","floor":50,"turns":5}],"seed_played":"6029619539845930773","potions_obtained":[{"floor":5,"key":"DuplicationPotion"},{"floor":14,"key":"Regen Potion"},{"floor":16,"key":"Energy Potion"},{"floor":18,"key":"Dexterity Potion"},{"floor":28,"key":"Poison Potion"},{"floor":30,"key":"FearPotion"},{"floor":33,"key":"Explosive Potion"},{"floor":37,"key":"Dexterity Potion"},{"floor":45,"key":"Strength Potion"}],"is_trial":false,"path_per_floor":["M","M","$","?","M","R","M","M","T","R","?","M","R","M","R","B",null,"M","M","$","M","?","R","M","R","T","M","M","R","M","M","R","B",null,"M","?","M","$","M","R","E","$","T","?","M","$","R","M","R","B"],"character_chosen":"THE_SILENT","items_purchased":["Bouncing Flask","Happy Flower"],"campfire_rested":1,"item_purchase_floors":[20,38],"current_hp_per_floor":[70,64,64,64,64,64,64,64,64,64,57,55,55,50,50,42,70,70,57,57,49,49,49,40,40,40,40,33,33,33,23,23,17,70,70,70,61,61,53,53,22,22,22,22,11,11,30,30,30,0,0],"gold":40,"neow_bonus":"RANDOM_COLORLESS","is_daily":false,"chose_seed":false,"campfire_upgraded":10,"win_rate":0.0,"timestamp":1613666206,"path_taken":["M","M","$","?","M","R","M","M","T","R","?","M","R","M","R","BOSS","M","M","$","?","?","R","M","R","T","M","?","R","M","M","R","BOSS","M","?","M","$","M","R","E","$","T","?","M","?","R","M","R","BOSS"],"items_purchased_type":["Card","Relic"],"build_version":"2020-12-22","purchased_purges":3,"victory":false,"max_hp_per_floor":[70,70,70,70,70,70,70,70,70,70,70,70,70,70,70,70,70,70,70,70,70,70,70,70,70,70,70,70,70,70,70,70,70,70,70,70,70,70,70,70,70,70,70,66,66,66,66,66,66,66,66],"card_choices":[{"not_picked":["Mind Blast","Enlightenment"],"picked":"Finesse","floor":0},{"not_picked":["Deflect","Flying Knee"],"picked":"Noxious Fumes","floor":1},{"not_picked":["Outmaneuver","Eviscerate"],"picked":"Dodge and Roll","floor":2},{"not_picked":["Noxious Fumes","Backstab"],"picked":"Bane","floor":5},{"not_picked":["Acrobatics","Dagger Throw"],"picked":"After Image","floor":7},{"not_picked":["Reflex","Poisoned Stab"],"picked":"Dagger Throw","floor":8},{"not_picked":["Underhanded Strike","PiercingWail","Infinite Blades"],"picked":"SKIP","floor":12},{"not_picked":["Dodge and Roll","Slice"],"picked":"Prepared","floor":14},{"not_picked":["Die Die Die","Storm of Steel"],"picked":"Adrenaline","floor":16},{"not_picked":["Sucker Punch","All Out Attack"],"picked":"Cloak And Dagger","floor":18},{"not_picked":["Cloak And Dagger","Flying Knee+1"],"picked":"Deflect","floor":19},{"not_picked":["Dagger Throw","Bane","Deflect"],"picked":"SKIP","floor":21},{"not_picked":["Choke+1","Bane","Glass Knife"],"picked":"SKIP","floor":24},{"not_picked":["Deflect","Cloak And Dagger","Predator"],"picked":"SKIP","floor":27},{"not_picked":["Bane","Blur","Underhanded Strike"],"picked":"SKIP","floor":28},{"not_picked":["Bane","Acrobatics"],"picked":"Footwork","floor":30},{"not_picked":["Accuracy","Dagger Throw","Bane+1"],"picked":"SKIP","floor":31},{"not_picked":["Doppelganger","Storm of Steel"],"picked":"Corpse Explosion","floor":33},{"not_picked":["Deadly Poison","Prepared+1"],"picked":"Catalyst","floor":35},{"not_picked":["Poisoned Stab+1","PiercingWail","Noxious Fumes+1"],"picked":"SKIP","floor":37},{"not_picked":["Acrobatics","PiercingWail","Dagger Spray+1"],"picked":"SKIP","floor":39},{"not_picked":["Blade Dance","Poisoned Stab","Outmaneuver"],"picked":"SKIP","floor":41},{"not_picked":["PiercingWail","Unload","Infinite Blades+1"],"picked":"SKIP","floor":45},{"not_picked":["Cloak And Dagger+1","Footwork"],"picked":"Calculated Gamble","floor":48}],"player_experience":114977,"relics_obtained":[{"floor":9,"key":"Oddly Smooth Stone"},{"floor":26,"key":"Sundial"},{"floor":41,"key":"Bronze Scales"},{"floor":43,"key":"Ninja Scroll"}],"event_choices":[{"damage_healed":0,"gold_gain":0,"player_choice":"Ignored","damage_taken":0,"max_hp_gain":0,"max_hp_loss":0,"event_name":"Golden Idol","floor":4,"gold_loss":0},{"damage_healed":0,"gold_gain":0,"player_choice":"Damaged","damage_taken":7,"max_hp_gain":0,"max_hp_loss":0,"event_name":"Wheel of Change","floor":11,"gold_loss":0},{"cards_removed":["Strike_G"],"damage_healed":0,"gold_gain":0,"player_choice":"Upgrade and Remove","damage_taken":0,"max_hp_gain":0,"max_hp_loss":0,"event_name":"Designer","floor":22,"gold_loss":90,"cards_upgraded":["Strike_G"]},{"cards_removed":["Strike_G"],"damage_healed":0,"gold_gain":0,"player_choice":"Removed Attack","damage_taken":0,"max_hp_gain":0,"max_hp_loss":0,"event_name":"Falling","floor":36,"gold_loss":0},{"damage_healed":0,"gold_gain":0,"player_choice":"Max HP","damage_taken":0,"max_hp_gain":0,"max_hp_loss":4,"event_name":"Winding Halls","floor":44,"gold_loss":0}],"is_beta":false,"boss_relics":[{"not_picked":["SacredBark","Tiny House"],"picked":"Philosopher\u0027s Stone"},{"not_picked":["SlaversCollar","Velvet Choker"],"picked":"Empty Cage"}],"items_purged_floors":[3,20,42],"is_endless":false,"potions_floor_spawned":[5,14,16,18,21,28,30,33,37,45],"killed_by":"Time Eater","ascension_level":0}}