{"host":"xsuxkwaivmtd234a","time":1613660572,"event":{"mods":["BaseMod","Bestiary","Colored Map","Minty Spire (QoL Compilation)","Relic Stats","StSLib"],"gold_per_floor":[117,127,127,4,15,45,45,72,95,26,26,26,46,62,62,167,167,187,187,207,207,8,8,42,42,42,73,73,102,118,118,118,215,215,232,142,67,67,81,114,114,114,114,114,38,65,65,0,0,0,0,0,0,26,26,26],"floor_reached":55,"language":"ENG","playtime":2394,"items_purged":["Strike_R"],"score":978,"play_id":"2f332a9e-df20-424b-b770-4f639f1c808a","local_time":"20210218100252","is_ascension_mode":true,"campfire_choices":[{"data":"Armaments","floor":7.0,"key":"SMITH"},{"data":"Inflame","floor":11.0,"key":"SMITH"},{"floor":15.0,"key":"REST"},{"floor":23.0,"key":"REST"},{"data":"Fiend Fire","floor":28.0,"key":"SMITH"},{"floor":32,"key":"REST"},{"floor":41,"key":"REST"},{"floor":44,"key":"REST"},{"floor":47,"key":"REST"},{"floor":49,"key":"RECALL"},{"floor":52,"key":"REST"}],"circlet_count":0,"master_deck":["Strike_R","Strike_R","Strike_R+1","Defend_R","Defend_R","Defend_R","Defend_R","Bash","Perfected Strike","Carnage","Dark Embrace","Armaments+1","Dual Wield","Cleave","Sword Boomerang","Inflame+1","Reaper","Feel No Pain","Disarm","RitualDagger","Fiend Fire+1","Shockwave+1","Heavy Blade+1","Corruption","Body Slam+1","Demon Form","Havoc+1","Battle Trance+1","True Grit+1","Clothesline+1"],"relics":["Black Blood","NeowsBlessing","Art of War","Strawberry","Bag of Preparation","Mummified Hand","SlaversCollar","Nilry\u0027s Codex","Tiny Chest","Dream Catcher","Omamori","Molten Egg 2","Blood Vial","Juzu Bracelet","PreservedInsect","Red Mask","Oddly Smooth Stone"],"acts_visited":["Exordium","TheCity","TheBeyond","TheEnding"],"potions_floor_usage":[31,33,33,50,50,50],"damage_taken":[{"damage":0.0,"enemies":"Jaw Worm","floor":1.0,"turns":1.0},{"damage":0.0,"enemies":"2 Louse","floor":2.0,"turns":1.0},{"damage":0.0,"enemies":"Cultist","floor":5.0,"turns":1.0},{"damage":35.0,"enemies":"Lagavulin","floor":6.0,"turns":8.0},{"damage":37.0,"enemies":"3 Sentries","floor":8.0,"turns":7.0},{"damage":2.0,"enemies":"3 Louse","floor":13.0,"turns":3.0},{"damage":8.0,"enemies":"Red Slaver","floor":14.0,"turns":4.0},{"damage":48.0,"enemies":"The Guardian","floor":16.0,"turns":12.0},{"damage":48.0,"enemies":"2 Thieves","floor":18.0,"turns":5.0},{"damage":33.0,"enemies":"3 Byrds","floor":20.0,"turns":6.0},{"damage":51.0,"enemies":"Book of Stabbing","floor":24.0,"turns":5.0},{"damage":46.0,"enemies":"Slavers","floor":27.0,"turns":5.0},{"damage":21.0,"enemies":"Gremlin Leader","floor":29.0,"turns":6.0},{"damage":55.0,"enemies":"Shelled Parasite and Fungi","floor":30.0,"turns":8.0},{"damage":0,"enemies":"Snake Plant","floor":31,"turns":1},{"damage":81,"enemies":"Collector","floor":33,"turns":10},{"damage":15,"enemies":"3 Shapes","floor":35,"turns":4},{"damage":28,"enemies":"Orb Walker","floor":39,"turns":4},{"damage":60,"enemies":"Reptomancer","floor":40,"turns":5},{"damage":73,"enemies":"Nemesis","floor":46,"turns":5},{"damage":90,"enemies":"Donu and Deca","floor":50,"turns":8},{"damage":47,"enemies":"Shield and Spear","floor":54,"turns":7},{"damage":77,"enemies":"The Heart","floor":55,"turns":5}],"seed_played":"80721189833980696","potions_obtained":[{"floor":5.0,"key":"Weak Potion"},{"floor":13.0,"key":"CultistPotion"},{"floor":14.0,"key":"FairyPotion"},{"floor":20.0,"key":"SmokeBomb"},{"floor":24.0,"key":"LiquidMemories"},{"floor":29.0,"key":"Energy Potion"},{"floor":30.0,"key":"Fire Potion"},{"floor":35,"key":"Dexterity Potion"},{"floor":39,"key":"BlessingOfTheForge"}],"is_trial":false,"path_per_floor":["M","M","?","$","M","E","R","E","T","$","R","?","M","M","R","B",null,"M","?","M","?","$","R","E","?","T","E","R","E","M","M","R","B",null,"M","?","$","T","M","E","R","?","T","R","$","E","R","?","R","B",null,"R","$","E","B"],"character_chosen":"IRONCLAD","items_purchased":["Dark Embrace","Armaments","Inflame","Fiend Fire","BloodPotion","DuplicationPotion"],"campfire_rested":7,"item_purchase_floors":[4,4,10,22,22,45],"current_hp_per_floor":[80,80,85,85,85,56,56,32,32,32,32,14,18,16,43,23,75,40,24,24,18,18,45,36,102,102,71,71,84,44,50,80,35,85,82,82,82,82,68,39,69,69,69,99,99,41,71,71,71,35,85,102,102,67,0,0],"gold":26,"neow_bonus":"THREE_ENEMY_KILL","is_daily":false,"chose_seed":false,"campfire_upgraded":3,"win_rate":0.0,"timestamp":1613660572,"path_taken":["M","M","?","$","M","E","R","E","T","$","R","?","M","M","R","BOSS","M","?","M","?","$","R","E","?","T","E","R","E","?","M","R","BOSS","M","?","$","?","M","E","R","?","T","R","$","E","R","?","R","BOSS","R","$","E","BOSS"],"items_purchased_type":["Card","Card","Card","Card","Potion","Potion"],"build_version":"2020-12-22","purchased_purges":1,"victory":false,"max_hp_per_floor":[80,80,85,85,85,85,85,92,92,92,92,92,92,92,92,92,92,92,92,92,92,92,92,92,102,102,102,102,102,102,102,102,102,102,102,102,102,102,102,102,102,102,102,102,102,102,102,102,102,102,102,102,102,102,102,102],"relic_stats":{"Blood Vial":10,"Dream Catcher":5,"counters":[23,121],"Mummified Hand":[99],"Black Blood":150,"Tiny Chest":1,"PreservedInsect":68,"Art of War":[14],"Bag of Preparation":[36],"Juzu Bracelet":0,"obtain_stats":[{"NeowsBlessing":0,"Nilry\u0027s Codex":19,"Black Blood":34,"Oddly Smooth Stone":54,"PreservedInsect":46,"Bag of Preparation":9,"Omamori":27,"Juzu Bracelet":40,"Burning Blood":0,"Blood Vial":38,"SlaversCollar":17,"Dream Catcher":26,"Mummified Hand":12,"Strawberry":8,"Tiny Chest":24,"Molten Egg 2":29,"Art of War":6,"Red Mask":48},{"NeowsBlessing":0,"Nilry\u0027s Codex":9,"Black Blood":16,"Oddly Smooth Stone":22,"PreservedInsect":20,"Bag of Preparation":5,"Omamori":12,"Juzu Bracelet":19,"Burning Blood":0,"Blood Vial":17,"SlaversCollar":8,"Dream Catcher":11,"Mummified Hand":5,"Strawberry":5,"Tiny Chest":11,"Molten Egg 2":13,"Art of War":4,"Red Mask":20},{"NeowsBlessing":0,"Nilry\u0027s Codex":42,"Black Blood":83,"Oddly Smooth Stone":116,"PreservedInsect":101,"Bag of Preparation":18,"Omamori":58,"Juzu Bracelet":96,"Burning Blood":0,"Blood Vial":87,"SlaversCollar":37,"Dream Catcher":53,"Mummified Hand":18,"Strawberry":18,"Tiny Chest":53,"Molten Egg 2":64,"Art of War":11,"Red Mask":101}]},"card_choices":[{"not_picked":["Body Slam","Intimidate"],"picked":"Perfected Strike","floor":1.0},{"not_picked":["Havoc","Ghostly Armor"],"picked":"Carnage","floor":2.0},{"not_picked":["Clothesline","Sever Soul"],"picked":"Dual Wield","floor":5.0},{"not_picked":["Shrug It Off","Sword Boomerang"],"picked":"Cleave","floor":6.0},{"not_picked":["Flex","Second Wind"],"picked":"Sword Boomerang","floor":8.0},{"not_picked":["Armaments","Seeing Red"],"picked":"Reaper","floor":13.0},{"not_picked":["Second Wind","Rampage"],"picked":"Feel No Pain","floor":14.0},{"not_picked":["Fiend Fire","Juggernaut"],"picked":"Demon Form","floor":16.0},{"not_picked":["Intimidate","Dropkick"],"picked":"Evolve","floor":18.0},{"not_picked":["True Grit","Metallicize"],"picked":"Disarm","floor":20.0},{"not_picked":["Cleave","Sever Soul","Intimidate"],"picked":"SKIP","floor":24.0},{"not_picked":["Thunderclap","Warcry+1"],"picked":"Shockwave+1","floor":27.0},{"not_picked":["Burning Pact","Bloodletting","Combust"],"picked":"SKIP","floor":29.0},{"not_picked":["Fire Breathing","Wild Strike+1","True Grit"],"picked":"SKIP","floor":30.0},{"not_picked":["Clothesline+1","Cleave+1"],"picked":"Heavy Blade+1","floor":32},{"not_picked":["Feed+1","Juggernaut"],"picked":"Corruption","floor":33},{"not_picked":["Pommel Strike+1","Armaments"],"picked":"Body Slam+1","floor":35},{"not_picked":["Wild Strike+1","Heavy Blade+1","Headbutt+1"],"picked":"SKIP","floor":39},{"not_picked":["Armaments+1","Flex"],"picked":"Demon Form","floor":40},{"not_picked":["Body Slam+1","Clothesline+1"],"picked":"Havoc+1","floor":41},{"not_picked":["Warcry","Dark Embrace"],"picked":"Battle Trance+1","floor":44},{"not_picked":["Rage+1","Fire Breathing"],"picked":"True Grit+1","floor":46},{"not_picked":["Clash+1","Combust+1"],"picked":"Clothesline+1","floor":52},{"not_picked":["Infernal Blade","Body Slam+1","Anger+1"],"picked":"SKIP","floor":54}],"player_experience":1290960,"relics_obtained":[{"floor":6.0,"key":"Art of War"},{"floor":8.0,"key":"Strawberry"},{"floor":9.0,"key":"Bag of Preparation"},{"floor":19.0,"key":"Nilry\u0027s Codex"},{"floor":24.0,"key":"Tiny Chest"},{"floor":26.0,"key":"Dream Catcher"},{"floor":27.0,"key":"Omamori"},{"floor":29.0,"key":"Molten Egg 2"},{"floor":38,"key":"Blood Vial"},{"floor":40,"key":"Juzu Bracelet"},{"floor":46,"key":"PreservedInsect"},{"floor":54,"key":"Oddly Smooth Stone"}],"event_choices":[{"damage_healed":0.0,"max_hp_gain":5.0,"max_hp_loss":0.0,"gold_gain":0.0,"event_name":"Big Fish","player_choice":"Donut","floor":3.0,"gold_loss":0.0,"damage_taken":0.0},{"damage_healed":0.0,"max_hp_gain":0.0,"max_hp_loss":0.0,"gold_gain":0.0,"event_name":"Scrap Ooze","player_choice":"Success","floor":12.0,"gold_loss":0.0,"damage_taken":18.0,"relics_obtained":["Mummified Hand"]},{"damage_healed":0.0,"max_hp_gain":0.0,"max_hp_loss":0.0,"gold_gain":0.0,"event_name":"Cursed Tome","player_choice":"Obtained Book","floor":19.0,"gold_loss":0.0,"damage_taken":16.0},{"damage_healed":0.0,"max_hp_gain":0.0,"max_hp_loss":0.0,"gold_gain":0.0,"event_name":"Nest","player_choice":"Joined the Cult","floor":21.0,"gold_loss":0.0,"damage_taken":6.0,"cards_obtained":["RitualDagger"]},{"cards_removed":["Demon Form"],"damage_healed":56.0,"max_hp_gain":10.0,"max_hp_loss":0.0,"gold_gain":0.0,"event_name":"Bonfire Elementals","player_choice":"Offered Rare","floor":25.0,"gold_loss":0.0,"damage_taken":0.0},{"cards_removed":["Strike_R"],"damage_healed":0,"gold_gain":0,"player_choice":"Upgrade and Remove","damage_taken":0,"max_hp_gain":0,"max_hp_loss":0,"event_name":"Designer","floor":36,"gold_loss":90,"cards_upgraded":["Strike_R"]},{"cards_removed":["Evolve"],"damage_healed":0,"gold_gain":0,"player_choice":"Removed Power","damage_taken":0,"max_hp_gain":0,"max_hp_loss":0,"event_name":"Falling","floor":42,"gold_loss":0},{"damage_healed":0,"gold_gain":0,"player_choice":"Paid","damage_taken":0,"relics_obtained":["Red Mask"],"max_hp_gain":0,"max_hp_loss":0,"event_name":"Tomb of Lord Red Mask","floor":48,"gold_loss":65}],"is_beta":false,"boss_relics":[{"not_picked":["Astrolabe","Cursed Key"],"picked":"SlaversCollar"},{"not_picked":["Busted Crown","Tiny House"],"picked":"Black Blood"}],"items_purged_floors":[37],"is_endless":false,"potions_floor_spawned":[5,13,14,20,24,29,30,35,39,46],"killed_by":"The Heart","ascension_level":5}}