{"host":"e8rlfedn69rz2s07","time":1613679361,"event":{"mods":["AchievementEnabler","BaseMod","Minty Spire (QoL Compilation)","Permanent Neow","Relic Stats"],"gold_per_floor":[360,380,390,355,369,399,399,425,425,600,472,472,498,498,498,498,498],"floor_reached":16,"language":"ENG","playtime":913,"items_purged":["Doubt"],"score":136,"play_id":"b3a756e2-ba83-4eb9-8e78-b2ca280bd7c1","local_time":"20210218221600","is_ascension_mode":true,"campfire_choices":[{"floor":7,"key":"REST"},{"data":"LikeWater","floor":12,"key":"SMITH"},{"floor":15,"key":"REST"}],"circlet_count":0,"master_deck":["Strike_P","Strike_P","Strike_P","Strike_P","Defend_P+1","Defend_P","Defend_P","Defend_P","Eruption","Vigilance+1","Clumsy","FlurryOfBlows","EmptyFist","LikeWater+1","ForeignInfluence","EmptyBody","Blasphemy","BowlingBash","ThirdEye","Consecrate"],"relics":["PureWater","Smiling Mask","Dream Catcher","Bottled Tornado"],"acts_visited":["Exordium"],"potions_floor_usage":[8],"damage_taken":[{"damage":12,"enemies":"Jaw Worm","floor":1,"turns":4},{"damage":0,"enemies":"2 Louse","floor":2,"turns":2},{"damage":11,"enemies":"Small Slimes","floor":3,"turns":4},{"damage":1,"enemies":"2 Fungi Beasts","floor":5,"turns":3},{"damage":34,"enemies":"Gremlin Nob","floor":6,"turns":5},{"damage":5,"enemies":"Lagavulin","floor":8,"turns":9},{"damage":25,"enemies":"Gremlin Nob","floor":13,"turns":4},{"damage":49,"enemies":"The Guardian","floor":16,"turns":18}],"seed_played":"4868987933719625606","potions_obtained":[{"floor":6,"key":"AttackPotion"},{"floor":8,"key":"BlessingOfTheForge"}],"is_trial":false,"path_per_floor":["M","M","M","?","M","E","R","E","T","?","$","R","E","?","R","B"],"character_chosen":"WATCHER","items_purchased":["BowlingBash","ThirdEye"],"campfire_rested":2,"item_purchase_floors":[11,11],"current_hp_per_floor":[60,60,49,67,66,32,53,48,48,48,48,48,23,9,30,0,0],"gold":498,"neow_bonus":"TWO_FIFTY_GOLD","is_daily":false,"chose_seed":false,"campfire_upgraded":1,"win_rate":0.0,"timestamp":1613679360,"path_taken":["M","M","M","?","M","E","R","E","T","?","$","R","E","?","R","BOSS"],"items_purchased_type":["Card","Card"],"build_version":"2020-12-22","purchased_purges":1,"victory":false,"max_hp_per_floor":[72,72,72,72,72,72,72,72,72,72,72,72,72,72,72,72,72],"relic_stats":{"Dream Catcher":1,"counters":[8,49],"Smiling Mask":25,"obtain_stats":[{"Dream Catcher":8,"PureWater":0,"Bottled Tornado":13,"Smiling Mask":6},{"Dream Catcher":6,"PureWater":0,"Bottled Tornado":7,"Smiling Mask":5},{"Dream Catcher":27,"PureWater":0,"Bottled Tornado":31,"Smiling Mask":18}]},"card_choices":[{"not_picked":["JustLucky","Pray"],"picked":"FlurryOfBlows","floor":1},{"not_picked":["BattleHymn","Crescendo"],"picked":"EmptyFist","floor":2},{"not_picked":["Crescendo","Perseverance"],"picked":"LikeWater","floor":3},{"not_picked":["Halt","FollowUp"],"picked":"ForeignInfluence","floor":5},{"not_picked":["Halt","ThirdEye"],"picked":"EmptyBody","floor":6},{"not_picked":["EmptyBody","Evaluate"],"picked":"Blasphemy","floor":8},{"not_picked":["Weave","Sanctity","PathToVictory"],"picked":"SKIP","floor":13},{"not_picked":["ThirdEye","Crescendo"],"picked":"Consecrate","floor":15}],"player_experience":1087681,"relics_obtained":[{"floor":6,"key":"Smiling Mask"},{"floor":8,"key":"Dream Catcher"},{"floor":13,"key":"Bottled Tornado"}],"event_choices":[{"damage_healed":18,"gold_gain":0,"player_choice":"Healed","damage_taken":0,"max_hp_gain":0,"max_hp_loss":0,"event_name":"The Cleric","floor":4,"gold_loss":35},{"damage_healed":0,"gold_gain":175,"player_choice":"AGREE","damage_taken":0,"max_hp_gain":0,"max_hp_loss":0,"event_name":"Liars Game","floor":10,"gold_loss":0,"cards_obtained":["Doubt"]},{"damage_healed":0,"gold_gain":0,"player_choice":"Entered Light","damage_taken":14,"max_hp_gain":0,"max_hp_loss":0,"event_name":"Shining Light","floor":14,"gold_loss":0,"cards_upgraded":["Vigilance","Defend_P"]}],"is_beta":false,"boss_relics":[],"items_purged_floors":[11],"is_endless":false,"potions_floor_spawned":[6,8],"killed_by":"The Guardian","ascension_level":3}}