{"host":"373g0ui1bgeshz9m","time":1613679017,"event":{"mods":["Act Like it!","Aspiration","BaseMod","Beaked The Cultist","Better Third Choice","Colored Map","Conspire","Downfall","Halation","Hermit","Hubris","Infinite Spire","Minty Spire (QoL Compilation)","Pale of the Ancients","Permanent Neow","Quick Restart","Replay The Spire","Shade Mod","Shop Mod","Spikes Relics","StSLib","The Animator","The Bladedancer","The Florist","The Jungle","The Necromancer","The Sage","Trackpad"],"gold_per_floor":[117,133,143,73,73,100,100,100,100,125,9,9,39,39,51,167,179,209,221,333,26,42,42,75,75,122,138,53,83,83,108,108,108,108],"floor_reached":33,"language":"ENG","playtime":1400,"items_purged":[],"score":359,"play_id":"e6b572a2-e4eb-417b-b4d7-487d6a9999e9","local_time":"20210218151017","is_ascension_mode":true,"campfire_choices":[{"data":"Conclude","floor":8,"key":"SMITH"},{"data":"Crescendo","floor":15,"key":"SMITH"},{"data":"HandOfGreed","floor":23,"key":"SMITH"},{"floor":25,"key":"REST"},{"floor":30,"key":"REST"},{"floor":32,"key":"REST"}],"circlet_count":0,"master_deck":["Strike_P+1","Strike_P+1","Strike_P+1","Strike_P+1","Defend_P+1","Defend_P+1","Defend_P+1","Defend_P+1","Eruption+1","Vigilance","CutThroughFate+1","DeceiveReality","FlurryOfBlows","MentalFortress+1","Conclude+1","Consecrate","Crescendo+1","Replay:Hum","LessonLearned","EmptyFist+1","HandOfGreed+1","CarveReality","MentalFortress","ReachHeaven","SandsOfTime"],"relics":["PureWater","The Courier","BrokenLever","aspiration:ChemicalBlood","ReplayTheSpireMod:TigerMarble","Chameleon Ring","MawBank","Membership Card","hubris:Reverence","trackpad:IceCube","trackpad:Compendium","infinitespire:Lucky Rock","Anchor","Replay:Bottled Snecko"],"acts_visited":["Exordium","TheCity"],"potions_floor_usage":[16,18,29],"damage_taken":[{"damage":4,"enemies":"Cultist","floor":1,"turns":3},{"damage":0,"enemies":"2 Louse","floor":2,"turns":1},{"damage":0,"enemies":"Small Slimes","floor":3,"turns":2},{"damage":8,"enemies":"Lagavulin","floor":6,"turns":5},{"damage":0,"enemies":"3 Sentries","floor":10,"turns":3},{"damage":2,"enemies":"Lagavulin","floor":13,"turns":4},{"damage":28,"enemies":"The Guardian","floor":16,"turns":7},{"damage":0,"enemies":"Chosen","floor":18,"turns":1},{"damage":0,"enemies":"3 Byrds","floor":22,"turns":2},{"damage":50,"enemies":"Book of Stabbing","floor":24,"turns":4},{"damage":7,"enemies":"Centurion and Healer","floor":27,"turns":5},{"damage":26,"enemies":"Slavers","floor":29,"turns":4},{"damage":7,"enemies":"Gremlin Leader","floor":31,"turns":3},{"damage":117,"enemies":"Automaton","floor":33,"turns":6}],"seed_played":"3713702220866115229","potions_obtained":[{"floor":6,"key":"DuplicationPotion"},{"floor":13,"key":"FearPotion"},{"floor":18,"key":"CultistPotion"},{"floor":22,"key":"SneckoOil"},{"floor":24,"key":"DuplicationPotion"},{"floor":24,"key":"Weak Potion"},{"floor":33,"key":"sagemod:Wine"}],"is_trial":false,"path_per_floor":["M","M","M","$","?","E","?","R","T","E","$","?","E","T","R","B",null,"M","?","?","$","M","R","E","R","T","M","?","E","R","E","R","B"],"character_chosen":"WATCHER","items_purchased":["MentalFortress","ReplayTheSpireMod:TigerMarble","Membership Card","HandOfGreed","CarveReality","hubris:Reverence"],"campfire_rested":3,"item_purchase_floors":[4,11,21,21,21,21],"current_hp_per_floor":[68,68,68,68,68,60,60,60,60,60,60,65,63,63,63,35,77,77,77,77,77,77,77,27,50,50,43,43,17,40,33,56,0,0],"gold":108,"neow_bonus":"UPGRADE_CARD","is_daily":false,"chose_seed":false,"campfire_upgraded":3,"win_rate":0.0,"timestamp":1613679017,"path_taken":["M","?","M","$","?","E","?","R","T","E","?","?","E","?","R","BOSS","M","?","?","$","?","R","E","R","T","M","?","E","R","E","R","BOSS"],"items_purchased_type":["Card","Relic","Relic","Card","Card","Relic"],"build_version":"2020-12-22","purchased_purges":0,"victory":false,"max_hp_per_floor":[72,72,72,72,72,72,72,72,72,72,72,77,77,77,77,77,77,77,77,77,77,77,77,77,77,77,77,77,77,77,77,77,77,77],"card_choices":[{"not_picked":["Crescendo","SashWhip"],"picked":"CutThroughFate","floor":1},{"not_picked":["Replay:Anticipation","CutThroughFate"],"picked":"DeceiveReality","floor":2},{"not_picked":["FollowUp","DevaForm"],"picked":"FlurryOfBlows","floor":3},{"not_picked":["FlurryOfBlows","Replay:AtTheReady"],"picked":"Consecrate","floor":6},{"not_picked":["CrushJoints","FlyingSleeves"],"picked":"Crescendo","floor":10},{"not_picked":["ClearTheMind","SandsOfTime"],"picked":"Replay:Hum","floor":13},{"not_picked":["DevaForm","ConjureBlade"],"picked":"LessonLearned","floor":16},{"not_picked":["Replay:Anticipation","WheelKick+1"],"picked":"EmptyFist+1","floor":18},{"not_picked":["Crescendo+1","Worship"],"picked":"MentalFortress","floor":22},{"not_picked":["FlurryOfBlows","ThirdEye"],"picked":"ReachHeaven","floor":24},{"not_picked":["ReachHeaven","CrushJoints","EmptyFist"],"picked":"SKIP","floor":27},{"not_picked":["EmptyFist","CutThroughFate"],"picked":"SandsOfTime","floor":29},{"not_picked":["Judgement","Prostrate+1","CrushJoints"],"picked":"SKIP","floor":31}],"player_experience":384045,"relics_obtained":[{"floor":6,"key":"The Courier"},{"floor":9,"key":"BrokenLever"},{"floor":10,"key":"aspiration:ChemicalBlood"},{"floor":13,"key":"Chameleon Ring"},{"floor":14,"key":"MawBank"},{"floor":24,"key":"trackpad:IceCube"},{"floor":26,"key":"trackpad:Compendium"},{"floor":29,"key":"Anchor"},{"floor":31,"key":"Replay:Bottled Snecko"}],"event_choices":[{"damage_healed":0,"gold_gain":0,"player_choice":"Grow","damage_taken":0,"max_hp_gain":0,"max_hp_loss":0,"event_name":"Living Wall","floor":7,"gold_loss":0,"cards_upgraded":["MentalFortress"]},{"damage_healed":0,"gold_gain":0,"player_choice":"Donut","damage_taken":0,"max_hp_gain":5,"max_hp_loss":0,"event_name":"Big Fish","floor":12,"gold_loss":0},{"damage_healed":0,"gold_gain":0,"player_choice":"Simplicity","damage_taken":0,"max_hp_gain":0,"max_hp_loss":7,"event_name":"betterThird:BetterWriting","floor":19,"gold_loss":0},{"damage_healed":0,"gold_gain":100,"player_choice":"Pray","damage_taken":0,"max_hp_gain":0,"max_hp_loss":0,"event_name":"Golden Shrine","floor":20,"gold_loss":0},{"damage_healed":0,"gold_gain":0,"player_choice":"Obtained Relic","damage_taken":0,"relics_obtained":["infinitespire:Lucky Rock"],"max_hp_gain":0,"max_hp_loss":0,"event_name":"Addict","floor":28,"gold_loss":85}],"is_beta":false,"boss_relics":[{"not_picked":["sagemod:Falmels_Amulet","ChewingGum","hubris:HollowSoul"]}],"items_purged_floors":[],"is_endless":false,"potions_floor_spawned":[6,13,18,22,27,29],"killed_by":"Automaton","ascension_level":1}}