{"host":"vh33hu3wddwn6yt6","time":1613679257,"event":{"mods":["AchievementEnabler","Act Like it!","Aspiration","BaseMod","Better Altar","Better Match","Better Note","Better Sensory Stone","Better Skull","Better Third Choice","BetterRewards","Bossed Relics","Downfall","Hermit","Hubris","Infinite Spire","Minty Spire (QoL Compilation)","Permanent Neow","Replay The Spire","Robot Space Explorer","Shade Mod","Shop Mod","Spicy Shops","StSLib","SuperFastMode","The Blackbeard","The Necromancer","The Runesmith","The Servant 0.9.4","TheBandit","Wandering Minibosses"],"gold_per_floor":[109,109,126,144,144,177,189,201,213,225,237,260,272,304,316,431,443,474,486,486],"floor_reached":19,"language":"DEU","playtime":631,"items_purged":[],"score":167,"play_id":"b8bfd975-5b96-4e57-acc3-cc4ddef247ac","local_time":"20210218211417","is_ascension_mode":false,"campfire_choices":[{"floor":8,"key":"REST"},{"data":"RobotSpaceExplorer:PowerCollector","floor":10,"key":"SMITH"},{"floor":13,"key":"REST"},{"floor":15,"key":"REST"}],"circlet_count":0,"master_deck":["RobotSpaceExplorer:Strike","RobotSpaceExplorer:Strike","RobotSpaceExplorer:Strike","RobotSpaceExplorer:Strike","RobotSpaceExplorer:Defend","RobotSpaceExplorer:Defend","RobotSpaceExplorer:Defend","RobotSpaceExplorer:Scan","RobotSpaceExplorer:MiniLasers+1","RobotSpaceExplorer:Probe","RobotSpaceExplorer:PowerCollector+1","RobotSpaceExplorer:Pulsar","RobotSpaceExplorer:ExhaustFan","RobotSpaceExplorer:PowerGlove","RobotSpaceExplorer:StunGrenade","RobotSpaceExplorer:Multitool"],"relics":["RobotSpaceExplorer:RoboCore","Simple Rune","MawBank","RobotSpaceExplorer:PlasmaHourglass"],"acts_visited":["Exordium","TheCity"],"potions_floor_usage":[6,12,16],"damage_taken":[{"damage":0,"enemies":"Small Slimes","floor":1,"turns":2},{"damage":0,"enemies":"Cultist","floor":3,"turns":3},{"damage":0,"enemies":"2 Louse","floor":4,"turns":2},{"damage":54,"enemies":"Gremlin Nob","floor":6,"turns":7},{"damage":23,"enemies":"Gremlin Gang","floor":12,"turns":6},{"damage":13,"enemies":"3 Louse","floor":14,"turns":3},{"damage":15,"enemies":"Fading Forest","floor":16,"turns":11},{"damage":69,"enemies":"Shell Parasite","floor":18,"turns":6},{"damage":12,"enemies":"Chosen","floor":19,"turns":4}],"seed_played":"2774184269780587617","potions_obtained":[{"floor":1,"key":"Guardian:BlockOnCardUsePotion"},{"floor":6,"key":"SkillPotion"},{"floor":12,"key":"champ:CounterPotion"},{"floor":18,"key":"Slimebound:ThreeZeroPotion"}],"is_trial":false,"path_per_floor":["M","?","M","M","?","E","$","R","T","R","?","M","R","M","R","B",null,"M","M"],"character_chosen":"RobotSpaceExplorer","items_purchased":[],"campfire_rested":3,"item_purchase_floors":[],"current_hp_per_floor":[78,78,78,78,78,24,24,47,47,47,47,24,47,34,57,52,78,9,0,0],"gold":486,"neow_bonus":"RANDOM_EVENT","is_daily":false,"chose_seed":false,"campfire_upgraded":1,"win_rate":0.0,"timestamp":1613679257,"path_taken":["M","?","?","M","?","E","$","R","T","R","?","M","R","?","R","BOSS","M","M"],"items_purchased_type":[],"build_version":"2020-12-22","purchased_purges":0,"victory":false,"max_hp_per_floor":[78,78,78,78,78,78,78,78,78,78,78,78,78,78,78,78,78,78,78,78],"card_choices":[{"not_picked":["RobotSpaceExplorer:Blitz","RobotSpaceExplorer:Jetpack"],"picked":"RobotSpaceExplorer:Probe","floor":1},{"not_picked":["RobotSpaceExplorer:Probe","RobotSpaceExplorer:ShockKick"],"picked":"RobotSpaceExplorer:PowerCollector","floor":3},{"not_picked":["RobotSpaceExplorer:Counterblock","RobotSpaceExplorer:FreezingShield"],"picked":"RobotSpaceExplorer:Pulsar","floor":4},{"not_picked":["RobotSpaceExplorer:DualCore","RobotSpaceExplorer:Counterblock"],"picked":"RobotSpaceExplorer:ExhaustFan","floor":6},{"not_picked":["RobotSpaceExplorer:Scanner","RobotSpaceExplorer:ScrapToss"],"picked":"RobotSpaceExplorer:PowerGlove","floor":12},{"not_picked":["RobotSpaceExplorer:Pulsar","RobotSpaceExplorer:SlimeMissile"],"picked":"RobotSpaceExplorer:StunGrenade","floor":14},{"not_picked":["RobotSpaceExplorer:ChargingLaser","RobotSpaceExplorer:Asteroid"],"picked":"RobotSpaceExplorer:Multitool","floor":16},{"not_picked":["RobotSpaceExplorer:Calculate","RobotSpaceExplorer:LaserBurst","RobotSpaceExplorer:Jetpack"],"picked":"SKIP","floor":18}],"player_experience":680877,"relics_obtained":[{"floor":5,"key":"Simple Rune"},{"floor":6,"key":"MawBank"},{"floor":9,"key":"RobotSpaceExplorer:PlasmaHourglass"}],"event_choices":[{"damage_healed":0,"gold_gain":0,"player_choice":"Forge","damage_taken":0,"max_hp_gain":0,"max_hp_loss":0,"event_name":"Accursed Blacksmith","floor":2,"gold_loss":0,"cards_upgraded":["RobotSpaceExplorer:MiniLasers"]},{"cards_removed":["RobotSpaceExplorer:Defend"],"damage_healed":0,"gold_gain":0,"player_choice":"Offered Basic","damage_taken":0,"max_hp_gain":0,"max_hp_loss":0,"event_name":"Bonfire Elementals","floor":11,"gold_loss":0}],"is_beta":false,"boss_relics":[{"not_picked":["Runic Pyramid","hubris:CrackedHourglass","ReplayTheSpireMod:SealedPack"]}],"items_purged_floors":[],"is_endless":false,"potions_floor_spawned":[1,6,12,18],"killed_by":"Chosen","ascension_level":0}}