{"host":"rtw1tnr74gozsrw1","time":1613610424,"event":{"mods":["BaseMod","Colored Map","Colored Powertips","Highlight Path","Infinite Spire","Minty Spire (QoL Compilation)","StSLib","The Jungle"],"gold_per_floor":[119,44,62,62,82,82,107,107,107,107,130,130,130,145,145,246,246,265,265,276,287,187,219,219,219,219,94,123,123,153,171,171,271,271,290,304,78,96,96,96,122,122,122,47,47,61,95,95,95,95,95],"floor_reached":50,"language":"ENG","playtime":1699,"items_purged":["Strike_B","Hyperbeam+1","Defend_B","Defend_B","Defend_B","Ball Lightning+1"],"score":753,"play_id":"da79c8dd-4fdd-40bc-bf81-86e96b34f8be","local_time":"20210218020704","is_ascension_mode":true,"campfire_choices":[{"data":"Conserve Battery","floor":6,"key":"SMITH"},{"data":"Dualcast","floor":8,"key":"SMITH"},{"data":"Ball Lightning","floor":10,"key":"SMITH"},{"floor":15,"key":"REST"},{"data":"infinitespire:NeuralNetwork","floor":24,"key":"SMITH"},{"data":"Rainbow","floor":32,"key":"SMITH"},{"data":"Conserve Battery","floor":40,"key":"SMITH"},{"data":"infinitespire:Collect","floor":42,"key":"SMITH"},{"data":"Loop","floor":45,"key":"SMITH"},{"data":"Glacier","floor":49,"key":"SMITH"}],"circlet_count":0,"master_deck":["Zap+1","Dualcast+1","Conserve Battery+1","infinitespire:Collect+1","Glacier+1","Rainbow+1","Ball Lightning+1","Electrodynamics+1","Conserve Battery+1","Self Repair","infinitespire:NeuralNetwork+1","Chaos+1","Loop+1","Conserve Battery+1","Self Repair"],"relics":["Cracked Core","infinitespire:ShieldingShard","Cables","Toy Ornithopter","Astrolabe","Whetstone","Singing Bowl","Nunchaku","Boot","Busted Crown","Bag of Preparation","Du-Vu Doll"],"acts_visited":["Exordium","TheCity","TheBeyond"],"potions_floor_usage":[14,33,46,50],"damage_taken":[{"damage":3,"enemies":"2 Louse","floor":1,"turns":3},{"damage":1,"enemies":"Cultist","floor":3,"turns":3},{"damage":7,"enemies":"Small Slimes","floor":5,"turns":2},{"damage":13,"enemies":"Lagavulin","floor":7,"turns":6},{"damage":0,"enemies":"Exordium Wildlife","floor":14,"turns":3},{"damage":15,"enemies":"Slime Boss","floor":16,"turns":10},{"damage":0,"enemies":"3 Byrds","floor":18,"turns":2},{"damage":3,"enemies":"2 Thieves","floor":20,"turns":3},{"damage":9,"enemies":"Snecko","floor":21,"turns":5},{"damage":6,"enemies":"Nightmare","floor":23,"turns":8},{"damage":16,"enemies":"Slavers","floor":28,"turns":2},{"damage":6,"enemies":"Book of Stabbing","floor":30,"turns":5},{"damage":0,"enemies":"3 Cultists","floor":31,"turns":2},{"damage":22,"enemies":"Champ","floor":33,"turns":11},{"damage":0,"enemies":"3 Shapes","floor":35,"turns":3},{"damage":0,"enemies":"3 Darklings","floor":36,"turns":3},{"damage":14,"enemies":"4 Shapes","floor":38,"turns":3},{"damage":14,"enemies":"Nightmare","floor":41,"turns":9},{"damage":0,"enemies":"Sphere and 2 Shapes","floor":46,"turns":3},{"damage":0,"enemies":"Reptomancer","floor":47,"turns":6},{"damage":101,"enemies":"Time Eater","floor":50,"turns":9}],"seed_played":"5651950982286551774","potions_obtained":[{"floor":1,"key":"Dexterity Potion"},{"floor":3,"key":"LiquidMemories"},{"floor":7,"key":"Block Potion"},{"floor":14,"key":"ColorlessPotion"},{"floor":28,"key":"FocusPotion"},{"floor":33,"key":"AttackPotion"},{"floor":35,"key":"Fire Potion"}],"is_trial":false,"path_per_floor":["M","$","M","?","M","R","E","R","T","R","T","?","?","M","R","B",null,"M","AVR","M","M","$","NM","R","?","T","$","E","?","E","M","R","B",null,"M","M","$","M","AVR","R","NM","R","T","$","R","M","E","?","R","B"],"character_chosen":"DEFECT","items_purchased":["Loop","Self Repair"],"campfire_rested":1,"item_purchase_floors":[37,44],"current_hp_per_floor":[65,65,64,64,57,57,44,44,44,44,44,44,26,31,53,38,66,66,66,63,54,54,55,55,55,55,55,39,44,50,59,59,51,74,83,85,85,73,73,73,66,66,66,66,66,87,91,86,86,0,0],"gold":95,"neow_bonus":"REMOVE_CARD","is_daily":false,"chose_seed":false,"campfire_upgraded":9,"win_rate":0.0,"timestamp":1613610424,"path_taken":["M","$","M","?","?","R","E","R","T","R","?","?","?","M","R","BOSS","M","AVR","M","M","$","NM","R","?","T","$","E","?","E","M","R","BOSS","M","M","$","M","AVR","R","NM","R","T","?","R","?","E","?","R","BOSS"],"items_purchased_type":["Card","Card"],"build_version":"2020-12-22","purchased_purges":6,"victory":false,"max_hp_per_floor":[75,75,75,75,75,75,75,75,75,75,75,75,75,75,75,75,75,75,75,75,75,75,75,75,75,75,75,75,75,77,79,79,81,81,83,85,85,87,87,87,87,87,87,87,87,89,91,86,86,86,86],"card_choices":[{"not_picked":["Coolheaded","Hello World","Steam"],"picked":"SKIP","floor":1},{"not_picked":["Rebound","Meteor Strike"],"picked":"Ball Lightning","floor":3},{"not_picked":["Beam Cell","Steam"],"picked":"Conserve Battery","floor":5},{"not_picked":["Turbo","Go for the Eyes"],"picked":"Cold Snap","floor":7},{"not_picked":["infinitespire:SealOfDarkness+","infinitespire:FutureSight"],"picked":"infinitespire:Collect","floor":13},{"not_picked":["Gash","Amplify"],"picked":"Glacier","floor":14},{"not_picked":["Echo Form","Reboot"],"picked":"Rainbow","floor":16},{"not_picked":["Redo+1","Coolheaded"],"picked":"Conserve Battery","floor":18},{"not_picked":["Gash+1","BootSequence","Streamline"],"picked":"SKIP","floor":20},{"not_picked":["Ball Lightning","Go for the Eyes"],"picked":"Self Repair","floor":21},{"not_picked":["infinitespire:Fortify","infinitespire:Starlight"],"picked":"infinitespire:NeuralNetwork","floor":23},{"not_picked":["Gash","Fission","FTL+1"],"picked":"SKIP","floor":23},{"not_picked":["Fission","Steam Power"],"picked":"Chaos+1","floor":28},{"not_picked":["Storm","Leap","Gash+1"],"picked":"Singing Bowl","floor":30},{"not_picked":["Double Energy","Rip and Tear+1","Ball Lightning+1"],"picked":"Singing Bowl","floor":31},{"not_picked":["Fission","Rainbow","Amplify"],"picked":"Singing Bowl","floor":33},{"not_picked":["Turbo+1"],"picked":"Singing Bowl","floor":35},{"not_picked":["Go for the Eyes+1"],"picked":"Singing Bowl","floor":36},{"not_picked":["Glacier"],"picked":"Singing Bowl","floor":38},{"not_picked":[],"picked":"Conserve Battery+1","floor":41},{"not_picked":["Coolheaded"],"picked":"Singing Bowl","floor":46},{"not_picked":["Heatsinks+1"],"picked":"Singing Bowl","floor":47}],"player_experience":161570,"relics_obtained":[{"floor":7,"key":"infinitespire:ShieldingShard"},{"floor":9,"key":"Cables"},{"floor":11,"key":"Toy Ornithopter"},{"floor":23,"key":"Whetstone"},{"floor":26,"key":"Singing Bowl"},{"floor":28,"key":"Nunchaku"},{"floor":30,"key":"Boot"},{"floor":41,"key":"Bag of Preparation"},{"floor":47,"key":"Du-Vu Doll"}],"event_choices":[{"damage_healed":0,"gold_gain":0,"player_choice":"Forge","damage_taken":0,"max_hp_gain":0,"max_hp_loss":0,"event_name":"Accursed Blacksmith","floor":4,"gold_loss":0,"cards_upgraded":["Zap"]},{"damage_healed":0,"gold_gain":0,"player_choice":"Ignored","damage_taken":0,"max_hp_gain":0,"max_hp_loss":0,"event_name":"Shining Light","floor":12,"gold_loss":0},{"damage_healed":0,"gold_gain":0,"player_choice":"Ignored","damage_taken":0,"max_hp_gain":0,"max_hp_loss":0,"event_name":"Vampires","floor":25,"gold_loss":0},{"cards_removed":["Cold Snap"],"damage_healed":5,"gold_gain":0,"player_choice":"Offered Common","damage_taken":0,"max_hp_gain":0,"max_hp_loss":0,"event_name":"Bonfire Elementals","floor":29,"gold_loss":0},{"cards_removed":["Cold Snap"],"damage_healed":5,"gold_gain":0,"player_choice":"Offered Special","damage_taken":0,"max_hp_gain":0,"max_hp_loss":0,"event_name":"Bonfire Elementals","floor":29,"gold_loss":0},{"damage_healed":0,"gold_gain":0,"player_choice":"Max HP","damage_taken":0,"max_hp_gain":0,"max_hp_loss":5,"event_name":"Winding Halls","floor":48,"gold_loss":0}],"is_beta":false,"boss_relics":[{"not_picked":["Ectoplasm","Tiny House"],"picked":"Astrolabe"},{"not_picked":["Snecko Eye","Pandora\u0027s Box"],"picked":"Busted Crown"}],"items_purged_floors":[2,19,22,27,37,39],"is_endless":false,"potions_floor_spawned":[1,3,7,14,18,20,28,33,35,36,38],"killed_by":"Time Eater","ascension_level":6}}