{"host":"3e3mwsgb9gfqiuxm","time":1613678343,"event":{"mods":["Act Like it!","BaseMod","Colored Map","Colored Powertips","Downfall","Gensokyo","Googly Eyes","Hallownest","Hermit","Hubris","Infinite Spire","Koishi","Marisa????????","Minty Spire (QoL Compilation)","Quick Restart","Rare Cards Sparkle","Reimu??????","Remilia??????","Replay The Spire","Shop Mod","StSLib","SuperFastMode","Td1madao Mod","The Administrix","The Servant 0.9.4","Youmu??????","Yuyuko","everything is the same but u backflip on backflip","slay the spire mod where everything is the same but ironclad has a cowboy hat"],"gold_per_floor":[110,110,12,46,61,102,102,102,102],"floor_reached":8,"language":"ENG","playtime":225,"items_purged":[],"score":77,"play_id":"a054aade-dd44-487b-8135-4823b92be493","local_time":"20210218145903","is_ascension_mode":true,"campfire_choices":[{"data":"SprinkleStarSeal","floor":7,"key":"SMITH"}],"circlet_count":0,"master_deck":["Strike_MRS","Strike_MRS","Strike_MRS","Strike_MRS","Defend_MRS","Defend_MRS","Defend_MRS","Defend_MRS","MasterSpark","UpSweep","WitchOfGreed","BlazeAway","DoubleSpark","SprinkleStarSeal+1"],"relics":["MiniHakkero","NeowsBlessing","Mango","Vajra","hubris:DisguiseKit","Art of War"],"acts_visited":["Gensokyo:Gensokyo"],"potions_floor_usage":[8,8],"damage_taken":[{"damage":0,"enemies":"Gensokyo:2_Kodama","floor":1,"turns":1},{"damage":15,"enemies":"Gensokyo:Gryphon","floor":4,"turns":3},{"damage":0,"enemies":"Gensokyo:Python","floor":5,"turns":2},{"damage":10,"enemies":"Gensokyo:Mamizou","floor":6,"turns":8},{"damage":7,"enemies":"Gensokyo:Aya","floor":8,"turns":5}],"seed_played":"2735442619878458760","potions_obtained":[{"floor":1,"key":"FearPotion"},{"floor":4,"key":"Milkshake"},{"floor":6,"key":"Reflective Coating"}],"is_trial":false,"path_per_floor":["M","?","COS","M","M","E","R","E"],"character_chosen":"MARISA","items_purchased":[],"campfire_rested":0,"item_purchase_floors":[],"current_hp_per_floor":[68,61,61,46,46,36,36,29,29],"gold":102,"neow_bonus":"THREE_ENEMY_KILL","is_daily":false,"chose_seed":false,"campfire_upgraded":1,"win_rate":0.0,"timestamp":1613678343,"path_taken":["M","?","COS","?","M","E","R","E"],"items_purchased_type":[],"build_version":"2020-12-22","purchased_purges":0,"victory":false,"max_hp_per_floor":[75,89,89,89,89,89,89,89,89],"card_choices":[{"not_picked":["DoubleSpark","EnergyRecoil"],"picked":"WitchOfGreed","floor":1},{"not_picked":["ChargeUpSpray","OrrerysSun"],"picked":"BlazeAway","floor":4},{"not_picked":["SporeBomb","GravityBeat"],"picked":"DoubleSpark","floor":5},{"not_picked":["EnergyRecoil","GalacticHalo","MiserableFate"],"picked":"SprinkleStarSeal","floor":6}],"player_experience":1421571,"relics_obtained":[{"floor":6,"key":"Art of War"}],"event_choices":[],"is_beta":false,"boss_relics":[],"items_purged_floors":[],"is_endless":false,"potions_floor_spawned":[1,6],"killed_by":"Gensokyo:Aya","ascension_level":9}}