{"host":"flm17o2q7bfjyna6","time":1613675090,"event":{"mods":["2.2 Compatiblity","Act Like it!","BaseMod","Better Altar","Better Match","Better Note","Better Sensory Stone","Better Skull","Better Third Choice","Better Vampires","Colored Map","Colored Powertips","DeckTracker","Downfall","Fox Events","Minty Spire (QoL Compilation)","Quick Restart","Replay The Spire","Reworked Bosses","Spicy Shops","StSLib","TheSwordswoman","Wandering Minibosses"],"gold_per_floor":[99,99,199,199,199,233,233,233,259,271,287,305,5,22,36,134,134,134,146,146,146,52,82,106,106,136,221,235,65,75,85,101,101,101,101],"floor_reached":33,"language":"ENG","playtime":2215,"items_purged":[],"score":480,"play_id":"ace4ac51-d7da-4bcb-83d4-c3acc40abc2a","local_time":"20210218140450","is_ascension_mode":true,"campfire_choices":[{"floor":1,"key":"RECALL"},{"data":"Guardian:TwinSlam","floor":13,"key":"SMITH"},{"data":"Guardian:StasisStrike","floor":18,"key":"SMITH"}],"circlet_count":0,"master_deck":["AscendersBane","Guardian:Strike_Guardian","Guardian:Strike_Guardian","Guardian:Strike_Guardian","Guardian:Strike_Guardian","Guardian:Defend_Guardian","Guardian:Defend_Guardian","Guardian:Defend_Guardian","Guardian:Defend_Guardian","Guardian:CurlUp","Guardian:TwinSlam+1","Guardian:Planning","Guardian:ChargeUp","Guardian:EvasiveProtocol","ReplayTheSpireMod:Brewmster","Guardian:Planning","Guardian:ChargeUp","Guardian:ShieldCharger","Guardian:TimeCapacitor","Guardian:Orbwalk","Guardian:StasisStrike+1","Guardian:Gem_Crimson","Guardian:WalkerClaw+1","Guardian:Gem_Red","Guardian:CompilePackage","Guardian:Gem_Orange","Guardian:Gem_Crimson","Guardian:Gem_Cyan","Guardian:CompilePackage","Guardian:Gem_Blue","Guardian:WalkerClaw+1"],"relics":["Guardian:ModeShifter","downfall:HeartsMalice","Meat on the Bone","Ancient Tea Set","downfall:HeartBlessingRed","downfall:HeartBlessingGreen","downfall:HeartBlessingBlue","expansioncontent:StudyCardRelic","Regal Pillow","MealTicket","White Beast Statue","Akabeko","Bronze Scales"],"acts_visited":["Exordium","TheCity"],"potions_floor_usage":[11,12,16,16,16,16,16,16,16,16,16,16,16,19,19,22,28,28,29,31,31,33,33,33,33,33,33],"damage_taken":[{"damage":0,"enemies":"2 Louse","floor":2,"turns":1},{"damage":0,"enemies":"Jaw Worm","floor":5,"turns":1},{"damage":0,"enemies":"Replay:BlueRogue","floor":6,"turns":1},{"damage":22,"enemies":"Gremlin Nob","floor":9,"turns":6},{"damage":10,"enemies":"Small Slimes","floor":10,"turns":4},{"damage":32,"enemies":"Exordium Wildlife","floor":11,"turns":8},{"damage":12,"enemies":"3 Louse","floor":12,"turns":5},{"damage":10,"enemies":"Exordium Thugs","floor":14,"turns":6},{"damage":6,"enemies":"Exordium Wildlife","floor":15,"turns":6},{"damage":29,"enemies":"WA_ARCHETYPE_RETAIN","floor":16,"turns":11},{"damage":0,"enemies":"Shell Parasite","floor":19,"turns":5},{"damage":0,"enemies":"Chosen","floor":21,"turns":1},{"damage":0,"enemies":"downfall:FleeingMerchant","floor":22,"turns":4},{"damage":24,"enemies":"Gremlin Leader","floor":23,"turns":7},{"damage":8,"enemies":"Replay:Snechameleon","floor":26,"turns":5},{"damage":13,"enemies":"Shelled Parasite and Fungi","floor":28,"turns":3},{"damage":1,"enemies":"downfall:FleeingMerchant","floor":29,"turns":7},{"damage":0,"enemies":"Sentry and Sphere","floor":30,"turns":4},{"damage":18,"enemies":"3 Cultists","floor":31,"turns":4},{"damage":23,"enemies":"Shelled Parasite and Fungi","floor":32,"turns":6},{"damage":67,"enemies":"IC_MUSHROOM_ARCHETYPE","floor":33,"turns":7}],"seed_played":"9155875956246546257","potions_obtained":[{"floor":9,"key":"Block Potion"},{"floor":10,"key":"bronze:BurnAndBuffPotion"},{"floor":16,"key":"Strength Potion"},{"floor":23,"key":"GamblersBrew"},{"floor":26,"key":"hexamod:SoulburnPotion"},{"floor":28,"key":"Guardian:BlockOnCardUsePotion"},{"floor":29,"key":"Explosive Potion"},{"floor":30,"key":"FairyPotion"},{"floor":31,"key":"EntropicBrew"}],"is_trial":false,"path_per_floor":["R","M","?","?","M","E","T","?","E","M","M","M","R","M","M","B",null,"R","M","?","M","$","E","T","T","E","?","M","$","M","M","M","B"],"character_chosen":"GUARDIAN","items_purchased":["Guardian:CompilePackage","Bronze Scales"],"campfire_rested":0,"item_purchase_floors":[22,29],"current_hp_per_floor":[72,72,72,72,72,72,72,72,50,52,32,32,42,44,50,33,76,76,85,85,85,85,61,61,61,53,37,36,50,50,44,33,0,0,0],"gold":101,"neow_bonus":"THREE_ENEMY_KILL","is_daily":false,"chose_seed":false,"campfire_upgraded":2,"win_rate":0.0,"timestamp":1613675090,"path_taken":["R","M","?","?","M","E","T","?","E","?","M","M","R","M","M","BOSS","R","M","?","M","?","E","T","?","E","?","?","$","M","M","M","BOSS"],"items_purchased_type":["Card","Relic"],"build_version":"2020-12-22","purchased_purges":0,"victory":false,"max_hp_per_floor":[80,80,80,80,80,80,80,80,80,80,80,80,90,90,90,90,90,90,90,90,90,90,90,90,90,90,90,90,90,90,90,90,90,90,90],"card_choices":[{"not_picked":["Guardian:PiercingHide","Guardian:WalkerClaw"],"picked":"Guardian:Planning","floor":2},{"not_picked":["Guardian:ShieldCharger","Guardian:PiercingHide"],"picked":"Guardian:ChargeUp","floor":5},{"not_picked":["Guardian:BodySlam","Guardian:ShieldSpikes"],"picked":"Guardian:EvasiveProtocol","floor":6},{"not_picked":["The Bomb","Replay:Sssssssssstrike"],"picked":"ReplayTheSpireMod:Brewmster","floor":8},{"not_picked":["Guardian:ChargeCore","Guardian:HyperBeam_Guardian"],"picked":"Guardian:Planning","floor":9},{"not_picked":["Guardian:Gem_Cyan","Guardian:ChargeCore"],"picked":"Guardian:ChargeUp","floor":10},{"not_picked":["Guardian:Reroute","Guardian:Incinerate"],"picked":"Guardian:ShieldCharger","floor":11},{"not_picked":["Guardian:Suspension","Guardian:EvasiveProtocol"],"picked":"Guardian:TimeCapacitor","floor":12},{"not_picked":["Guardian:Planning","Guardian:Gem_Green"],"picked":"Guardian:Gem_Cyan","floor":14},{"not_picked":["Guardian:Gem_Cyan","Guardian:Clone"],"picked":"Guardian:Orbwalk","floor":15},{"not_picked":["Guardian:TimeSifter","Guardian:GemFire"],"picked":"Guardian:StasisStrike","floor":16},{"not_picked":["Guardian:Gem_Fragmented","Guardian:PiercingHide+1"],"picked":"Guardian:Gem_Crimson","floor":19},{"not_picked":["Guardian:ShieldCharger","Guardian:Planning"],"picked":"Guardian:WalkerClaw+1","floor":21},{"not_picked":["Guardian:Gem_Cyan","Guardian:ChargeCore"],"picked":"Guardian:Gem_Red","floor":22},{"not_picked":["Guardian:Gem_Green","Guardian:Recover+1"],"picked":"Guardian:Gem_Orange","floor":23},{"not_picked":["Guardian:Gem_Cyan","Guardian:CrystalBeam"],"picked":"Guardian:Gem_Crimson","floor":26},{"not_picked":["Guardian:Gem_Red","Guardian:ShieldCharger"],"picked":"Guardian:Gem_Cyan","floor":28},{"not_picked":["Guardian:Gem_Yellow","Guardian:Suspension+1"],"picked":"Guardian:CompilePackage","floor":29},{"not_picked":["Guardian:SentryBeam+1","Guardian:ChargeCore"],"picked":"Guardian:Gem_Blue","floor":30},{"not_picked":["Guardian:Repulse","Guardian:Gem_Purple"],"picked":"Guardian:WalkerClaw+1","floor":31},{"not_picked":["Guardian:TemporalShield","Guardian:RefractedBeam","Guardian:PrimingBeam"],"picked":"SKIP","floor":32}],"player_experience":1947681,"relics_obtained":[{"floor":6,"key":"Meat on the Bone"},{"floor":9,"key":"Ancient Tea Set"},{"floor":23,"key":"Regal Pillow"},{"floor":24,"key":"MealTicket"},{"floor":25,"key":"White Beast Statue"},{"floor":26,"key":"Akabeko"}],"event_choices":[{"damage_healed":0,"gold_gain":1,"player_choice":"1","damage_taken":0,"max_hp_gain":0,"max_hp_loss":0,"event_name":"betterStone:BetterStone","floor":8,"gold_loss":0},{"cards_removed":["Guardian:Strike_Guardian"],"damage_healed":0,"gold_gain":0,"player_choice":"Give","damage_taken":0,"max_hp_gain":0,"max_hp_loss":0,"event_name":"betterNote:BetterNote","floor":20,"gold_loss":0,"cards_obtained":["blazmod:Defend"]}],"is_beta":false,"boss_relics":[{"not_picked":["Pandora\u0027s Box","Calling Bell"],"picked":"expansioncontent:StudyCardRelic"}],"items_purged_floors":[],"is_endless":false,"potions_floor_spawned":[9,10,11,12,14,16,23,26,28,29,30,31,32],"killed_by":"IC_MUSHROOM_ARCHETYPE","ascension_level":10}}