{"host":"c83fcgyuu74iknko","time":1613620085,"event":{"mods":["BaseMod","BetterRewards","Colored Map","Colored Powertips","Minty Spire (QoL Compilation)","Quick Restart","StSLib","The Animator","The Senshi"],"gold_per_floor":[118,118,131,147,162,188,188,220,269,283,138,155,175,175,175],"floor_reached":14,"language":"ENG","playtime":560,"items_purged":["Strike_B"],"score":104,"play_id":"849eba48-e6fb-4df7-a341-6b7e67775d66","local_time":"20210217194805","is_ascension_mode":false,"campfire_choices":[{"data":"Zap","floor":7,"key":"SMITH"}],"circlet_count":0,"master_deck":["Strike_B","Strike_B","Strike_B","Defend_B","Defend_B","Defend_B","Defend_B","Zap+1","Dualcast","Go for the Eyes","Gash","Stack","Gash","Gash","Beam Cell","Impatience","Go for the Eyes","Beam Cell"],"relics":["Cracked Core","Bottled Flame","Shuriken","Smiling Mask"],"acts_visited":["Exordium"],"potions_floor_usage":[14,14],"damage_taken":[{"damage":0,"enemies":"Jaw Worm","floor":1,"turns":3},{"damage":0,"enemies":"Cultist","floor":3,"turns":3},{"damage":0,"enemies":"2 Louse","floor":4,"turns":3},{"damage":7,"enemies":"Large Slime","floor":5,"turns":7},{"damage":33,"enemies":"3 Sentries","floor":6,"turns":10},{"damage":19,"enemies":"Gremlin Nob","floor":8,"turns":4},{"damage":8,"enemies":"Red Slaver","floor":10,"turns":2},{"damage":3,"enemies":"Exordium Wildlife","floor":12,"turns":4},{"damage":7,"enemies":"Blue Slaver","floor":13,"turns":3},{"damage":8,"enemies":"Lagavulin","floor":14,"turns":3}],"seed_played":"-4827847193430562661","potions_obtained":[{"floor":4,"key":"GamblersBrew"},{"floor":8,"key":"Strength Potion"},{"floor":12,"key":"Explosive Potion"}],"is_trial":false,"path_per_floor":["M","?","M","M","M","E","R","E","T","M","$","M","M","E"],"character_chosen":"DEFECT","items_purchased":["Gash","Stack","Impatience"],"campfire_rested":0,"item_purchase_floors":[0,0,11],"current_hp_per_floor":[75,85,85,85,78,45,45,26,26,18,18,15,8,0,0],"gold":175,"neow_bonus":"","is_daily":false,"chose_seed":false,"campfire_upgraded":1,"win_rate":0.0,"timestamp":1613620085,"path_taken":["M","?","?","?","M","E","R","E","T","M","$","M","M","E"],"items_purchased_type":["Card","Card","Card"],"build_version":"2020-12-22","purchased_purges":1,"victory":false,"max_hp_per_floor":[75,85,85,85,85,85,85,85,85,85,85,85,85,85,85],"card_choices":[{"not_picked":["White Noise","Compile Driver","Recycle"],"picked":"SKIP","floor":1},{"not_picked":["Sweeping Beam","Redo","Compile Driver"],"picked":"SKIP","floor":3},{"not_picked":["Darkness","Turbo","Tempest"],"picked":"SKIP","floor":4},{"not_picked":["Reinforced Body","Redo","Rebound"],"picked":"SKIP","floor":5},{"not_picked":["Lockon","Sweeping Beam"],"picked":"Gash","floor":6},{"not_picked":["Tempest","Cold Snap"],"picked":"Gash","floor":8},{"not_picked":["Darkness","Barrage"],"picked":"Beam Cell","floor":10},{"not_picked":["Leap","Amplify"],"picked":"Go for the Eyes","floor":12},{"not_picked":["Steam Power","Undo"],"picked":"Beam Cell","floor":13}],"player_experience":266726,"relics_obtained":[{"floor":6,"key":"Bottled Flame"},{"floor":8,"key":"Shuriken"},{"floor":9,"key":"Smiling Mask"}],"event_choices":[{"cards_removed":["Secret Weapon"],"damage_healed":0,"gold_gain":0,"player_choice":"Offered Rare","damage_taken":0,"max_hp_gain":10,"max_hp_loss":0,"event_name":"Bonfire Elementals","floor":2,"gold_loss":0}],"is_beta":false,"boss_relics":[],"items_purged_floors":[11],"is_endless":false,"potions_floor_spawned":[4,8,12],"killed_by":"Lagavulin","ascension_level":0}}