{"host":"6pietnjer90du4bs","time":1613658418,"event":{"mods":["Aspiration","BaseMod","Bossed Relics","Colored Map","Infinite Spire","Minty Spire (QoL Compilation)","Replay The Spire","StSLib"],"gold_per_floor":[211,228,242,254,254,254,286,257,336,171,236,236,251,41,41,119,119,129,141,141,154,165,165,185,185,185,185,201,201,232,232,232,232,232],"floor_reached":33,"language":"ENG","playtime":5587,"items_purged":["ReplayTheSpireMod:Splinters","Defend_R"],"score":525,"play_id":"a926701a-76a3-412f-87bb-9860783a9434","local_time":"20210218152658","is_ascension_mode":true,"campfire_choices":[{"data":"Uppercut","floor":6,"key":"SMITH"},{"floor":15,"key":"REST"},{"floor":23,"key":"REST"},{"floor":25,"key":"REST"},{"data":"Dropkick","floor":27,"key":"SMITH"},{"data":"Dropkick","floor":29,"key":"SMITH"},{"floor":32,"key":"REST"}],"circlet_count":0,"master_deck":["AscendersBane","Strike_R","Strike_R","Strike_R","Strike_R","Strike_R","Defend_R","Defend_R","Defend_R","Bash","Uppercut+1","Uppercut+1","Dropkick+1","ReplayTheSpireMod:Muscle Training","Berserk+1","Reaper+1","Dropkick+1"],"relics":["Burning Blood","Eternal Feather","aspiration:HummingbirdHeart","Blood Vial","ReplayTheSpireMod:CursedCoin","Potion Belt","Smiling Mask","Strawberry","Pandora\u0027s Box","infinitespire:BottledMercury","Gremlin Horn"],"acts_visited":["Exordium","TheCity"],"potions_floor_usage":[7,13,16,16,24,30,33],"damage_taken":[{"damage":1,"enemies":"Cultist","floor":1,"turns":3},{"damage":15,"enemies":"Small Slimes","floor":2,"turns":4},{"damage":7,"enemies":"2 Louse","floor":3,"turns":2},{"damage":17,"enemies":"Blue Slaver","floor":4,"turns":3},{"damage":12,"enemies":"Gremlin Nob","floor":7,"turns":4},{"damage":26,"enemies":"Exordium Thugs","floor":8,"turns":4},{"damage":19,"enemies":"Gremlin Nob","floor":11,"turns":4},{"damage":3,"enemies":"3 Louse","floor":13,"turns":3},{"damage":61,"enemies":"The Guardian","floor":16,"turns":9},{"damage":17,"enemies":"Shell Parasite","floor":18,"turns":3},{"damage":10,"enemies":"Spheric Guardian","floor":19,"turns":3},{"damage":28,"enemies":"Chosen and Byrds","floor":21,"turns":6},{"damage":27,"enemies":"Snecko","floor":22,"turns":5},{"damage":29,"enemies":"Cultist and Chosen","floor":24,"turns":5},{"damage":23,"enemies":"Centurion and Healer","floor":28,"turns":4},{"damage":86,"enemies":"Slavers","floor":30,"turns":7},{"damage":84,"enemies":"Automaton","floor":33,"turns":6}],"seed_played":"2488847048053865074","potions_obtained":[{"floor":3,"key":"PowerPotion"},{"floor":4,"key":"LifebloodPotion"},{"floor":11,"key":"AttackPotion"},{"floor":13,"key":"Ancient Potion"},{"floor":22,"key":"SkillPotion"},{"floor":24,"key":"GamblersBrew"},{"floor":30,"key":"Toxic Potion"}],"is_trial":false,"path_per_floor":["M","M","M","M","?","R","E","M","T","$","?","T","M","$","R","B",null,"M","M","?","M","M","R","M","R","T","R","M","R","E","?","R","B"],"character_chosen":"IRONCLAD","items_purchased":["Blood Vial","ReplayTheSpireMod:CursedCoin","Dropkick","Strawberry"],"campfire_rested":4,"item_purchase_floors":[10,10,10,14],"current_hp_per_floor":[73,64,63,52,52,52,46,26,26,26,15,15,20,27,60,7,63,54,52,52,40,25,58,47,80,80,82,75,82,12,12,45,0,0],"gold":232,"neow_bonus":"HUNDRED_GOLD","is_daily":false,"chose_seed":false,"campfire_upgraded":3,"win_rate":0.0,"timestamp":1613658418,"path_taken":["M","?","M","?","?","R","E","?","T","?","?","?","?","$","R","BOSS","M","M","?","M","?","R","M","R","T","R","M","R","E","?","R","BOSS"],"items_purchased_type":["Relic","Relic","Card","Relic"],"build_version":"2020-12-22","purchased_purges":2,"victory":false,"max_hp_per_floor":[75,75,75,75,75,75,75,75,75,75,75,75,75,82,82,82,82,82,82,82,82,82,82,82,82,82,82,82,82,82,82,82,82,82],"card_choices":[{"not_picked":["Perfected Strike","Body Slam"],"picked":"Uppercut","floor":1},{"not_picked":["Wild Strike","Iron Wave","Sword Boomerang"],"picked":"SKIP","floor":2},{"not_picked":["Replay:Undeath\u0027s Touch","Armaments","Thunderclap"],"picked":"SKIP","floor":3},{"not_picked":["Clothesline","Cleave"],"picked":"Uppercut","floor":4},{"not_picked":["Whirlwind","Wild Strike","Iron Wave"],"picked":"SKIP","floor":7},{"not_picked":["Run Through","Warcry","Replay:Undeath\u0027s Touch"],"picked":"SKIP","floor":8},{"not_picked":["Run Through","Warcry","Replay:Undeath\u0027s Touch"],"picked":"SKIP","floor":8},{"not_picked":["Body Slam","Burning Pact"],"picked":"ReplayTheSpireMod:Muscle Training","floor":11},{"not_picked":["Second Wind","Heavy Blade"],"picked":"Berserk","floor":13},{"not_picked":["Barricade","Replay:Many Hands"],"picked":"Reaper","floor":16},{"not_picked":["Massacre","Dual Wield","Thunderclap"],"picked":"SKIP","floor":18},{"not_picked":["Anger","Havoc","Fire Breathing"],"picked":"SKIP","floor":19},{"not_picked":["Wild Strike","Heavy Blade","Run Through"],"picked":"SKIP","floor":21},{"not_picked":["Run Through","Twin Strike","Fire Breathing"],"picked":"SKIP","floor":22},{"not_picked":["Heavy Blade+1","Demon Form","ReplayTheSpireMod:Muscle Training"],"picked":"SKIP","floor":24},{"not_picked":["ReplayTheSpireMod:Strike From Hell","Anger"],"picked":"Dropkick","floor":28},{"not_picked":["Blood for Blood","Twin Strike","Evolve+1"],"picked":"SKIP","floor":30}],"player_experience":739044,"relics_obtained":[{"floor":7,"key":"Eternal Feather"},{"floor":9,"key":"aspiration:HummingbirdHeart"},{"floor":11,"key":"Potion Belt"},{"floor":12,"key":"Smiling Mask"},{"floor":26,"key":"infinitespire:BottledMercury"},{"floor":30,"key":"Gremlin Horn"}],"event_choices":[{"damage_healed":0,"gold_gain":0,"player_choice":"Upgraded","damage_taken":0,"max_hp_gain":0,"max_hp_loss":0,"event_name":"Upgrade Shrine","floor":5,"gold_loss":0,"cards_upgraded":["Uppercut"]},{"damage_healed":0,"gold_gain":0,"player_choice":"Searched \u00271\u0027 times","damage_taken":0,"max_hp_gain":0,"max_hp_loss":0,"event_name":"Dead Adventurer","floor":11,"gold_loss":0},{"damage_healed":0,"gold_gain":0,"player_choice":"Forge","damage_taken":0,"max_hp_gain":0,"max_hp_loss":0,"event_name":"Accursed Blacksmith","floor":20,"gold_loss":0,"cards_upgraded":["Berserk"]},{"damage_healed":0,"gold_gain":0,"player_choice":"Upgraded","damage_taken":0,"max_hp_gain":0,"max_hp_loss":0,"event_name":"Upgrade Shrine","floor":31,"gold_loss":0,"cards_upgraded":["Reaper"]}],"is_beta":false,"boss_relics":[{"not_picked":["Mark of Pain","Ooze Armor"],"picked":"Pandora\u0027s Box"}],"items_purged_floors":[10,14],"is_endless":false,"potions_floor_spawned":[3,4,11,13,22,24,30],"killed_by":"Automaton","ascension_level":19}}