{"host":"sw6p9u0oh417cx03","time":1613676473,"event":{"mods":["AchievementEnabler","Act Like it!","BaseMod","CapriCore","DeckTracker","Highlight Path","Minty Spire (QoL Compilation)","Quick Restart","StSLib"],"gold_per_floor":[113,113,14,39,55,55,90,90,139,139,170,182,200,218,218,320,320,330,230,249,70,170,185,185,35,35,50,70,70,96,110,110,206,256,266,286,286,286,286,312,312,333,405,433,447,272,272,2,2,2,2,2,2,35,35],"floor_reached":56,"language":"ZHS","playtime":2679,"items_purged":["Strike_G","Bane","Blade Dance+1","Slice","Glass Knife","Masterful Stab"],"score":2099,"play_id":"4cfb95e6-4bfd-46aa-aef9-415cc891744e","local_time":"20210219032753","is_ascension_mode":true,"campfire_choices":[{"data":"Blade Dance","floor":6.0,"key":"SMITH"},{"data":"Wraith Form v2","floor":15.0,"key":"SMITH"},{"data":"Concentrate","floor":24,"key":"SMITH"},{"data":"Prepared","floor":32,"key":"SMITH"},{"data":"Acrobatics","floor":41,"key":"SMITH"},{"floor":47,"key":"RECALL"},{"data":"Acrobatics","floor":49,"key":"SMITH"},{"data":"Adrenaline","floor":52,"key":"SMITH"}],"circlet_count":0,"master_deck":["Survivor+1","Concentrate+1","Wraith Form v2+1","Finesse","Prepared+1","Acrobatics+1","Malaise","Quick Slash","Acrobatics+1","Acrobatics","Adrenaline+1","A Thousand Cuts","Grand Finale+1","Backflip","Tactician+1","Calculated Gamble+1","After Image"],"relics":["Ring of the Snake","NeowsBlessing","Ginger","PreservedInsect","StrikeDummy","Pandora\u0027s Box","Nloth\u0027s Gift","CeramicFish","Tiny House","Regal Pillow","Singing Bowl","Oddly Smooth Stone","Centennial Puzzle"],"acts_visited":["Exordium","TheCity","TheBeyond","TheEnding"],"potions_floor_usage":[20],"damage_taken":[{"damage":0.0,"enemies":"2 Louse","floor":1.0,"turns":1.0},{"damage":0.0,"enemies":"Cultist","floor":5.0,"turns":1.0},{"damage":0.0,"enemies":"Gremlin Nob","floor":7.0,"turns":1.0},{"damage":10.0,"enemies":"Lagavulin","floor":11.0,"turns":3.0},{"damage":1.0,"enemies":"Jaw Worm","floor":12.0,"turns":3.0},{"damage":0.0,"enemies":"Blue Slaver","floor":13.0,"turns":2.0},{"damage":5.0,"enemies":"3 Louse","floor":14.0,"turns":2.0},{"damage":47.0,"enemies":"Hexaghost","floor":16.0,"turns":12.0},{"damage":0,"enemies":"Chosen","floor":18,"turns":2},{"damage":0,"enemies":"3 Byrds","floor":20,"turns":3},{"damage":0,"enemies":"Cultist and Chosen","floor":23,"turns":3},{"damage":0,"enemies":"Centurion and Healer","floor":27,"turns":2},{"damage":0,"enemies":"Snecko","floor":28,"turns":1},{"damage":0,"enemies":"Slavers","floor":30,"turns":1},{"damage":0,"enemies":"3 Cultists","floor":31,"turns":1},{"damage":0,"enemies":"Champ","floor":33,"turns":1},{"damage":0,"enemies":"3 Shapes","floor":35,"turns":1},{"damage":0,"enemies":"Orb Walker","floor":36,"turns":1},{"damage":0,"enemies":"Reptomancer","floor":40,"turns":2},{"damage":0,"enemies":"4 Shapes","floor":42,"turns":1},{"damage":0,"enemies":"Giant Head","floor":44,"turns":1},{"damage":0,"enemies":"Maw","floor":45,"turns":1},{"damage":0,"enemies":"Awakened One","floor":50,"turns":2},{"damage":0,"enemies":"Shield and Spear","floor":54,"turns":1},{"damage":0,"enemies":"The Heart","floor":55,"turns":3}],"seed_played":"-1574770267092191229","potions_obtained":[{"floor":1.0,"key":"Poison Potion"},{"floor":5.0,"key":"FearPotion"},{"floor":11.0,"key":"FairyPotion"},{"floor":13.0,"key":"Fire Potion"},{"floor":18,"key":"Explosive Potion"},{"floor":20,"key":"ColorlessPotion"},{"floor":34,"key":"LiquidBronze"},{"floor":35,"key":"Swift Potion"}],"is_trial":false,"path_per_floor":["M","?","$","T","M","R","E","?","T","?","E","M","M","M","R","B",null,"M","$","M","$","?","M","R","$","T","M","M","?","E","M","R","B",null,"M","M","?","?","?","E","R","M","T","E","M","$","R","$","R","B",null,"R","$","E","B",null],"character_chosen":"THE_SILENT","items_purchased":["Blade Dance","Backflip","After Image"],"campfire_rested":0,"item_purchase_floors":[3,21,48],"current_hp_per_floor":[63,63,63,63,63,63,63,49,49,70,60,59,59,54,54,7,54,54,54,54,54,54,54,54,54,54,54,54,54,54,54,54,54,71,71,71,71,71,71,71,71,71,71,73,75,75,75,75,75,75,75,75,75,77,77],"gold":35,"neow_bonus":"THREE_ENEMY_KILL","is_daily":false,"chose_seed":false,"campfire_upgraded":7,"win_rate":0.0,"timestamp":1613676473,"path_taken":["M","?","$","?","?","R","E","?","T","?","E","M","M","M","R","BOSS","BOSS","M","$","M","$","?","M","R","$","T","?","?","?","E","M","R","BOSS","M","M","?","?","?","E","R","M","T","E","?","$","R","$","R","BOSS","R","$","E","BOSS"],"items_purchased_type":["Card","Card","Card"],"build_version":"2020-12-22","purchased_purges":6,"victory":true,"max_hp_per_floor":[70,70,70,70,70,70,70,70,70,70,70,70,70,70,70,70,70,70,70,70,70,70,70,70,70,70,70,70,70,70,70,70,70,75,75,75,75,71,71,71,71,71,71,73,75,75,75,75,75,75,75,75,75,77,77],"card_choices":[{"not_picked":["Caltrops","Riddle With Holes"],"picked":"Concentrate","floor":1.0},{"not_picked":["Infinite Blades","Cloak And Dagger"],"picked":"Prepared","floor":5.0},{"not_picked":["Dodge and Roll","Finisher","Blade Dance"],"picked":"SKIP","floor":7.0},{"not_picked":["Flying Knee","Underhanded Strike"],"picked":"Glass Knife","floor":11.0},{"not_picked":["Blur","Flying Knee","Dagger Spray"],"picked":"SKIP","floor":12.0},{"not_picked":["Catalyst","Blade Dance","Outmaneuver"],"picked":"SKIP","floor":13.0},{"not_picked":["Backflip","Sucker Punch"],"picked":"Acrobatics","floor":14.0},{"not_picked":["Venomology","Burst"],"picked":"Malaise","floor":16.0},{"not_picked":["Riddle With Holes","Deflect","Noxious Fumes"],"picked":"SKIP","floor":18},{"not_picked":["Sucker Punch","Choke","Bane"],"picked":"SKIP","floor":20},{"not_picked":["Prepared","Riddle With Holes+1","Bane"],"picked":"SKIP","floor":23},{"not_picked":["Doppelganger","Heel Hook"],"picked":"Tactician+1","floor":27},{"not_picked":["PiercingWail+1","Choke","Caltrops"],"picked":"SKIP","floor":28},{"not_picked":["Wraith Form v2","Deadly Poison","Setup"],"picked":"SKIP","floor":30},{"not_picked":["Dagger Spray","Outmaneuver","Masterful Stab+1"],"picked":"SKIP","floor":31},{"not_picked":["Dodge and Roll","Burst","Blade Dance"],"picked":"SKIP","floor":35},{"not_picked":["Flechettes+1","Deadly Poison","Sucker Punch"],"picked":"SKIP","floor":36},{"not_picked":["Tactician","Die Die Die","Blade Dance+1"],"picked":"SKIP","floor":40},{"not_picked":["Crippling Poison+1","Poisoned Stab+1"],"picked":"Calculated Gamble+1","floor":42},{"not_picked":["Setup+1","Accuracy+1","Quick Slash+1"],"picked":"Singing Bowl","floor":44},{"not_picked":["Wraith Form v2","Quick Slash","Expertise+1"],"picked":"Singing Bowl","floor":45},{"not_picked":["Crippling Poison+1","Acrobatics+1","Bane"],"picked":"Singing Bowl","floor":54}],"player_experience":381669,"relics_obtained":[{"floor":4.0,"key":"Vajra"},{"floor":7.0,"key":"Ginger"},{"floor":9.0,"key":"PreservedInsect"},{"floor":11.0,"key":"StrikeDummy"},{"floor":30,"key":"CeramicFish"},{"floor":40,"key":"Regal Pillow"},{"floor":43,"key":"Singing Bowl"},{"floor":44,"key":"Oddly Smooth Stone"},{"floor":54,"key":"Centennial Puzzle"}],"event_choices":[{"damage_healed":0.0,"max_hp_gain":0.0,"max_hp_loss":0.0,"gold_gain":0.0,"event_name":"Match and Keep!","player_choice":"2 cards matched","floor":2.0,"gold_loss":0.0,"damage_taken":0.0,"cards_obtained":["Wraith Form v2","Finesse"]},{"damage_healed":0.0,"max_hp_gain":0.0,"max_hp_loss":0.0,"gold_gain":0.0,"event_name":"Shining Light","player_choice":"Entered Light","floor":8.0,"gold_loss":0.0,"damage_taken":14.0,"cards_upgraded":["Strike_G","Survivor"]},{"damage_healed":23.0,"max_hp_gain":0.0,"max_hp_loss":0.0,"gold_gain":0.0,"event_name":"Big Fish","player_choice":"Banana","floor":10.0,"gold_loss":0.0,"damage_taken":0.0},{"damage_healed":0,"gold_gain":100,"player_choice":"Pray","damage_taken":0,"max_hp_gain":0,"max_hp_loss":0,"event_name":"Golden Shrine","floor":22,"gold_loss":0},{"damage_healed":0,"gold_gain":0,"player_choice":"Traded Relic","damage_taken":0,"relics_obtained":["Nloth\u0027s Gift"],"max_hp_gain":0,"max_hp_loss":0,"event_name":"N\u0027loth","floor":29,"relics_lost":["Vajra"],"gold_loss":0},{"damage_healed":0,"gold_gain":0,"player_choice":"Ignored","damage_taken":0,"max_hp_gain":0,"max_hp_loss":0,"event_name":"Tomb of Lord Red Mask","floor":37,"gold_loss":0},{"damage_healed":0,"gold_gain":0,"player_choice":"Max HP","damage_taken":0,"max_hp_gain":0,"max_hp_loss":4,"event_name":"Winding Halls","floor":38,"gold_loss":0},{"cards_removed":["Neutralize"],"damage_healed":0,"gold_gain":0,"player_choice":"Offered Basic","damage_taken":0,"max_hp_gain":0,"max_hp_loss":0,"event_name":"Bonfire Elementals","floor":39,"gold_loss":0}],"is_beta":false,"boss_relics":[{"not_picked":["Snecko Eye","Astrolabe"],"picked":"Pandora\u0027s Box"},{"not_picked":["WristBlade","SacredBark"],"picked":"Tiny House"}],"items_purged_floors":[3,19,21,25,46,48],"is_endless":false,"potions_floor_spawned":[1,5,11,13,18,20,27,35,40,42],"ascension_level":8}}