{"host":"j5shy70asow5koz5","time":1613646289,"event":{"mods":["2.2 Compatiblity","Act Like it!","Arknights","BaseMod","Colored Map","Marisa£¨Ùöéë¡¡Øª×âÞÞ£©","Minty Spire (QoL Compilation)","Prisma Mod","StSLib","SuperFastMode","Td1madao Mod","The Disciple","The Gatherer","The Servant 0.9.4","Waifu the Spire"],"gold_per_floor":[119,119,119,44,44,75,75,105,105,5,5,5,5,40,40,115,115,134,145,70,82,30,30,42,77,89,101,113,125,150,173,185,197,197],"floor_reached":33,"language":"KOR","playtime":620,"items_purged":["Strike_MRS","Strike_MRS"],"score":592,"play_id":"a6c95476-5867-4318-8b4b-2d7836bfdea4","local_time":"20210218200449","is_ascension_mode":true,"campfire_choices":[{"floor":7,"key":"REST"},{"data":"Singularity","floor":13,"key":"SMITH"},{"data":"AsteroidBelt","floor":15,"key":"SMITH"},{"data":"UnstableBomb","floor":23,"key":"SMITH"},{"data":"MilkyWay","floor":29,"key":"SMITH"},{"data":"MasterSpark","floor":32,"key":"SMITH"}],"circlet_count":0,"master_deck":["AscendersBane","Strike_MRS+1","Defend_MRS","Defend_MRS","Defend_MRS","Defend_MRS","MasterSpark+1","UpSweep+1","UnstableBomb+1","Singularity+1","Parasite","Parasite","AsteroidBelt+1","CurseOfTheBell","SprinkleStarSeal+1","MilkyWay+1","UnstableBomb+1","MysteriousBeam+1"],"relics":["MiniHakkero","NeowsBlessing","Happy Flower","Mercury Hourglass","Mummified Hand","Orichalcum","ShroomBag","Unceasing Top","Calling Bell","Boot","Gremlin Horn","Ice Cream","MawBank","HornCleat"],"acts_visited":["Exordium","TheCity"],"potions_floor_usage":[14,14,30,31,33],"damage_taken":[{"damage":0,"enemies":"Small Slimes","floor":1,"turns":1},{"damage":0,"enemies":"Lagavulin","floor":6,"turns":1},{"damage":0,"enemies":"3 Sentries","floor":8,"turns":1},{"damage":18,"enemies":"Lagavulin","floor":14,"turns":4},{"damage":26,"enemies":"The Guardian","floor":16,"turns":10},{"damage":2,"enemies":"3 Byrds","floor":18,"turns":4},{"damage":0,"enemies":"Spheric Guardian","floor":19,"turns":2},{"damage":3,"enemies":"Snecko","floor":21,"turns":3},{"damage":0,"enemies":"3 Cultists","floor":24,"turns":3},{"damage":21,"enemies":"Slavers","floor":25,"turns":4},{"damage":5,"enemies":"Centurion and Healer","floor":30,"turns":3},{"damage":2,"enemies":"Snecko","floor":31,"turns":5},{"damage":78,"enemies":"Automaton","floor":33,"turns":6}],"seed_played":"2898984503724407666","potions_obtained":[{"floor":6,"key":"Block Potion"},{"floor":14,"key":"Fruit Juice"},{"floor":16,"key":"Energy Potion"},{"floor":25,"key":"LiquidBronze"},{"floor":27,"key":"ColorlessPotion"},{"floor":30,"key":"ShroomBrew"},{"floor":31,"key":"BlessingOfTheForge"}],"is_trial":false,"path_per_floor":["M","?","?","$","T","E","R","E","T","$","?","$","R","E","R","B",null,"M","M","?","M","$","R","M","E","T","?","$","R","M","M","R","B"],"character_chosen":"MARISA","items_purchased":["MilkyWay"],"campfire_rested":1,"item_purchase_floors":[22],"current_hp_per_floor":[63,42,24,24,24,24,45,45,45,45,45,45,45,36,36,14,60,62,66,66,65,65,65,69,52,52,52,52,52,51,53,53,0,0],"gold":197,"neow_bonus":"THREE_ENEMY_KILL","is_daily":false,"chose_seed":false,"campfire_upgraded":5,"win_rate":0.0,"timestamp":1613646289,"path_taken":["M","?","?","$","?","E","R","E","T","$","?","?","R","E","R","BOSS","M","?","?","M","$","R","M","E","T","?","$","R","M","?","R","BOSS"],"items_purchased_type":["Card"],"build_version":"2020-12-22","purchased_purges":2,"victory":false,"max_hp_per_floor":[70,70,70,70,70,70,70,70,70,70,70,70,70,75,75,75,75,75,75,75,75,75,75,75,75,75,75,75,75,75,75,75,75,75],"card_choices":[{"not_picked":["GalacticHalo","LuminesStrike","MachineGunSpark"],"picked":"SKIP","floor":1},{"not_picked":["NonDirectionalLaser","ChargingUp"],"picked":"UnstableBomb","floor":6},{"not_picked":["CollectingQuirk","GasGiant"],"picked":"Singularity","floor":8},{"not_picked":["GalacticHalo","UnstableBomb"],"picked":"AsteroidBelt","floor":14},{"not_picked":["RefractionSpark","GalacticHalo"],"picked":"SprinkleStarSeal+1","floor":18},{"not_picked":["6A","Robbery","MeteoricShower"],"picked":"SKIP","floor":19},{"not_picked":["GalacticHalo","DC","FairyDestructionRay"],"picked":"SKIP","floor":21},{"not_picked":["ManaConvection","ChargingUp","EventHorizon"],"picked":"SKIP","floor":24},{"not_picked":["CasketOfStar","IllusionStar"],"picked":"UnstableBomb+1","floor":25},{"not_picked":["BlazeAway","WitchOfGreed"],"picked":"MysteriousBeam+1","floor":30},{"not_picked":["RefractionSpark+1","WitchOfGreed","Acceleration"],"picked":"SKIP","floor":31}],"player_experience":115336,"relics_obtained":[{"floor":5,"key":"Mercury Hourglass"},{"floor":6,"key":"Mummified Hand"},{"floor":8,"key":"Orichalcum"},{"floor":9,"key":"ShroomBag"},{"floor":14,"key":"Unceasing Top"},{"floor":17,"key":"Boot"},{"floor":17,"key":"Gremlin Horn"},{"floor":17,"key":"Ice Cream"},{"floor":25,"key":"MawBank"},{"floor":26,"key":"HornCleat"}],"event_choices":[{"damage_healed":0,"gold_gain":0,"player_choice":"Entered Light","damage_taken":21,"max_hp_gain":0,"max_hp_loss":0,"event_name":"Shining Light","floor":2,"gold_loss":0,"cards_upgraded":["Strike_MRS","UpSweep"]},{"damage_healed":0,"gold_gain":0,"player_choice":"Success","damage_taken":18,"relics_obtained":["Happy Flower"],"max_hp_gain":0,"max_hp_loss":0,"event_name":"Scrap Ooze","floor":3,"gold_loss":0},{"damage_healed":0,"gold_gain":0,"player_choice":"Ignored","damage_taken":0,"max_hp_gain":0,"max_hp_loss":0,"event_name":"Liars Game","floor":11,"gold_loss":0},{"cards_removed":["Strike_MRS"],"damage_healed":0,"gold_gain":0,"player_choice":"Gave Gold","damage_taken":0,"max_hp_gain":0,"max_hp_loss":0,"event_name":"Beggar","floor":20,"gold_loss":75},{"damage_healed":0,"gold_gain":0,"player_choice":"Got Potions","damage_taken":0,"max_hp_gain":0,"max_hp_loss":0,"event_name":"Lab","floor":27,"gold_loss":0}],"is_beta":false,"boss_relics":[{"not_picked":["Ectoplasm","Cursed Key"],"picked":"Calling Bell"}],"items_purged_floors":[4,10],"is_endless":false,"potions_floor_spawned":[6,14,16,25,30,31],"killed_by":"Automaton","ascension_level":16}}