{"host":"iodn1af76021fjto","time":1613641033,"event":{"mods":["AchievementEnabler","BaseMod","BetterRewards","Colored Map","Downfall","Hermit","Jorbs\u0027s Wanderer Trilogy","Minty Spire (QoL Compilation)","Quick Restart","StSLib","SuperFastMode","The Cursed","The Hierophant","The Jungle","The Runesmith","The Servant 0.9.4"],"gold_per_floor":[117,117,133,110,121,150,150,165,165,165,195,45,45,45,45,145,145,161,90,79,79,99,134,134,146,146,146,146,96,124,136,136,136,136],"floor_reached":33,"language":"ENG","playtime":1199,"items_purged":[],"score":322,"play_id":"6c09517e-265c-49f2-909b-86ec9b51ab27","local_time":"20210218043713","is_ascension_mode":true,"campfire_choices":[{"data":"Catalyst","floor":7,"key":"SMITH"},{"floor":10,"key":"REST"},{"floor":13,"key":"REST"},{"data":"Venomology","floor":15,"key":"SMITH"},{"data":"Catalyst","floor":24,"key":"SMITH"},{"floor":28,"key":"REST"},{"floor":32,"key":"REST"}],"circlet_count":0,"master_deck":["Strike_G","Strike_G","Strike_G","Strike_G","Defend_G","Defend_G","Defend_G","Defend_G","Defend_G","Survivor","Neutralize","Venomology+1","Bane","Blur","Deadly Poison","Catalyst+1","Outmaneuver","Choke","After Image","Catalyst+1","Noxious Fumes","Deadly Poison","Poisoned Stab+1"],"relics":["Ring of the Snake","Matryoshka","Blood Vial","Pocketwatch","Juzu Bracelet","TwistedFunnel","Philosopher\u0027s Stone","Tough Bandages","Centennial Puzzle","Mercury Hourglass","Eternal Feather"],"acts_visited":["Exordium","TheCity"],"potions_floor_usage":[3,6,8,11,16,18,20,22,23,25,30,31,33,33],"damage_taken":[{"damage":1,"enemies":"Small Slimes","floor":1,"turns":4},{"damage":9,"enemies":"Cultist","floor":3,"turns":6},{"damage":11,"enemies":"Jaw Worm","floor":5,"turns":5},{"damage":29,"enemies":"3 Sentries","floor":6,"turns":14},{"damage":14,"enemies":"Lots of Slimes","floor":8,"turns":5},{"damage":32,"enemies":"Gremlin Nob","floor":11,"turns":4},{"damage":24,"enemies":"The Guardian","floor":16,"turns":12},{"damage":11,"enemies":"Spheric Guardian","floor":18,"turns":5},{"damage":22,"enemies":"2 Thieves","floor":20,"turns":4},{"damage":15,"enemies":"3 Cultists","floor":22,"turns":6},{"damage":82,"enemies":"Gremlin Leader","floor":23,"turns":7},{"damage":2,"enemies":"Snake Plant","floor":25,"turns":3},{"damage":30,"enemies":"Book of Stabbing","floor":30,"turns":5},{"damage":1,"enemies":"Chosen and Byrds","floor":31,"turns":3},{"damage":47,"enemies":"Collector","floor":33,"turns":8}],"seed_played":"-2297458650900948305","potions_obtained":[{"floor":3,"key":"Fruit Juice"},{"floor":8,"key":"FearPotion"},{"floor":16,"key":"Dexterity Potion"},{"floor":25,"key":"Dexterity Potion"},{"floor":30,"key":"champ:CounterPotion"},{"floor":31,"key":"champ:CounterPotion"}],"is_trial":false,"path_per_floor":["M","?","M","$","M","E","R","M","T","R","E","$","R","?","R","B",null,"M","$","M","$","M","E","R","M","T","?","R","?","E","M","R","B"],"character_chosen":"THE_SILENT","items_purchased":["Deadly Poison","TwistedFunnel","Noxious Fumes"],"campfire_rested":4,"item_purchase_floors":[4,12,19],"current_hp_per_floor":[69,69,65,65,54,25,25,11,11,33,3,3,25,25,25,3,75,64,64,44,44,31,10,10,10,10,15,37,37,9,10,44,0,0],"gold":136,"neow_bonus":"ONE_RANDOM_RARE_CARD","is_daily":false,"chose_seed":false,"campfire_upgraded":3,"win_rate":0.0,"timestamp":1613641033,"path_taken":["M","?","M","$","M","E","R","M","T","R","E","?","R","?","R","BOSS","M","$","M","?","M","E","R","M","T","?","R","?","E","M","R","BOSS"],"items_purchased_type":["Card","Relic","Card"],"build_version":"2020-12-22","purchased_purges":0,"victory":false,"max_hp_per_floor":[70,70,75,75,75,75,75,75,75,75,75,75,75,75,75,75,75,75,75,75,75,75,75,75,75,75,75,75,75,75,75,75,75,75],"card_choices":[{"not_picked":["Dodge and Roll","Backflip"],"picked":"Bane","floor":1},{"not_picked":["Dodge and Roll","Skewer","Escape Plan"],"picked":"SKIP","floor":3},{"not_picked":["Flechettes","Underhanded Strike","Footwork"],"picked":"SKIP","floor":5},{"not_picked":["Masterful Stab","Endless Agony"],"picked":"Catalyst","floor":6},{"not_picked":["Bane","Dodge and Roll"],"picked":"Outmaneuver","floor":8},{"not_picked":["Escape Plan","Sucker Punch","Dash"],"picked":"SKIP","floor":11},{"not_picked":["Die Die Die","Phantasmal Killer"],"picked":"After Image","floor":16},{"not_picked":["Flying Knee","Backflip"],"picked":"Catalyst","floor":18},{"not_picked":["Bane","Blur","Underhanded Strike+1"],"picked":"SKIP","floor":20},{"not_picked":["Deflect","Acrobatics"],"picked":"Deadly Poison","floor":22},{"not_picked":["Blur+1","Prepared"],"picked":"Deadly Poison","floor":23},{"not_picked":["Choke","Caltrops+1","Terror"],"picked":"SKIP","floor":25},{"not_picked":["Caltrops+1","Footwork"],"picked":"Poisoned Stab+1","floor":30},{"not_picked":["Poisoned Stab","PiercingWail","Choke+1"],"picked":"SKIP","floor":31}],"player_experience":263869,"relics_obtained":[{"floor":6,"key":"Matryoshka"},{"floor":9,"key":"Blood Vial"},{"floor":9,"key":"Pocketwatch"},{"floor":11,"key":"Juzu Bracelet"},{"floor":23,"key":"Tough Bandages"},{"floor":26,"key":"Centennial Puzzle"},{"floor":26,"key":"Mercury Hourglass"},{"floor":30,"key":"Eternal Feather"}],"event_choices":[{"damage_healed":0,"gold_gain":0,"player_choice":"1 cards matched","damage_taken":0,"max_hp_gain":0,"max_hp_loss":0,"event_name":"Match and Keep!","floor":2,"gold_loss":0,"cards_obtained":["Blur"]},{"damage_healed":0,"gold_gain":0,"cards_transformed":["Strike_G"],"player_choice":"Transformed","damage_taken":0,"max_hp_gain":0,"max_hp_loss":0,"event_name":"Transmorgrifier","floor":14,"gold_loss":0,"cards_obtained":["Choke"]},{"cards_removed":["Deadly Poison"],"damage_healed":5,"gold_gain":0,"player_choice":"Offered Common","damage_taken":0,"max_hp_gain":0,"max_hp_loss":0,"event_name":"Bonfire Elementals","floor":27,"gold_loss":0},{"cards_removed":["Deadly Poison"],"damage_healed":5,"gold_gain":0,"player_choice":"Offered Special","damage_taken":0,"max_hp_gain":0,"max_hp_loss":0,"event_name":"Bonfire Elementals","floor":27,"gold_loss":0},{"damage_healed":0,"gold_gain":0,"player_choice":"Bet on Owner","damage_taken":0,"max_hp_gain":0,"max_hp_loss":0,"event_name":"The Joust","floor":29,"gold_loss":50}],"is_beta":false,"boss_relics":[{"not_picked":["Coffee Dripper","Runic Pyramid"],"picked":"Philosopher\u0027s Stone"}],"items_purged_floors":[],"is_endless":false,"potions_floor_spawned":[3,8,11,16,20,25,30,31],"killed_by":"Collector","ascension_level":2}}