{"host":"mo4d2vii2wc3uyp7","time":1613658484,"event":{"mods":["AchievementEnabler","BaseMod","Colored Map","Highlight Path","Keyboard Shortcuts","Minty Spire (QoL Compilation)","Permanent Neow","Quick Restart","Shop Mod","StSLib","SuperFastMode","everything is the same but u backflip on backflip"],"gold_per_floor":[110,120,130,142,156,188,188,214,214,214,233,257,257,71,96,96,208,208,224,3,17,26,22,22,58,80,130,239,239,275,309,309,309,418,418,432,446,466,482,108,141,141,141,141,141,171,171,197,217,217,217,217],"floor_reached":51,"language":"KOR","playtime":1901,"items_purged":["Strike_G","Defend_G"],"score":693,"play_id":"d1bf2fc6-bbc7-41f5-a729-143d65bcab9e","local_time":"20210218232804","is_ascension_mode":true,"campfire_choices":[{"data":"Terror","floor":7.0,"key":"SMITH"},{"data":"Dagger Spray","floor":10.0,"key":"SMITH"},{"floor":16.0,"key":"REST"},{"data":"Venomology","floor":24.0,"key":"SMITH"},{"floor":29.0,"key":"REST"},{"floor":33.0,"key":"REST"},{"data":"Envenom","floor":42.0,"key":"SMITH"},{"data":"Tactician","floor":45.0,"key":"SMITH"},{"floor":47,"key":"REST"},{"floor":50,"key":"REST"}],"circlet_count":0,"master_deck":["Strike_G","Strike_G","Strike_G","Strike_G","Defend_G","Defend_G","Defend_G","Defend_G","Survivor","Neutralize","CurseOfTheBell","Terror+1","Poisoned Stab","Dagger Spray+1","Prepared","Unload","Adrenaline","Caltrops","Venomology+1","Footwork","Necronomicurse","Dagger Throw","Envenom+1","Backstab","Calculated Gamble+1","Noxious Fumes","Tactician+1","A Thousand Cuts","Masterful Stab+1","Panache","Dagger Throw+1","Distraction+1"],"relics":["Calling Bell","Bronze Scales","Mummified Hand","Tingsha","StoneCalendar","CeramicFish","White Beast Statue","Membership Card","Tough Bandages","SacredBark","Potion Belt","StrikeDummy","Necronomicon","HornCleat","Ancient Tea Set","WingedGreaves","Pantograph","Boot","Tiny Chest","Black Star","Paper Crane","Bottled Tornado","Smiling Mask","Singing Bowl","Shuriken","Happy Flower","Torii"],"acts_visited":["Exordium","TheCity","TheBeyond"],"potions_floor_usage":[46,48,49,49,51,51,51,51,51],"damage_taken":[{"damage":4.0,"enemies":"Cultist","floor":1.0,"turns":4.0},{"damage":0.0,"enemies":"Jaw Worm","floor":2.0,"turns":3.0},{"damage":4.0,"enemies":"2 Louse","floor":3.0,"turns":2.0},{"damage":8.0,"enemies":"Exordium Wildlife","floor":4.0,"turns":3.0},{"damage":3.0,"enemies":"Red Slaver","floor":5.0,"turns":3.0},{"damage":12.0,"enemies":"Gremlin Nob","floor":6.0,"turns":4.0},{"damage":18.0,"enemies":"3 Sentries","floor":8.0,"turns":7.0},{"damage":2.0,"enemies":"Blue Slaver","floor":11.0,"turns":2.0},{"damage":0.0,"enemies":"Lots of Slimes","floor":12.0,"turns":1.0},{"damage":8.0,"enemies":"Lagavulin","floor":15.0,"turns":3.0},{"damage":14.0,"enemies":"Hexaghost","floor":17.0,"turns":6.0},{"damage":0.0,"enemies":"3 Byrds","floor":19.0,"turns":2.0},{"damage":10.0,"enemies":"Spheric Guardian","floor":21.0,"turns":4.0},{"damage":16.0,"enemies":"Gremlin Leader","floor":25.0,"turns":7.0},{"damage":18.0,"enemies":"Shelled Parasite and Fungi","floor":26.0,"turns":4.0},{"damage":11.0,"enemies":"Colosseum Slavers","floor":28.0,"turns":4.0},{"damage":2.0,"enemies":"Colosseum Nobs","floor":28.0,"turns":4.0},{"damage":16.0,"enemies":"Book of Stabbing","floor":30.0,"turns":4.0},{"damage":0.0,"enemies":"Gremlin Leader","floor":31.0,"turns":7.0},{"damage":24.0,"enemies":"Champ","floor":34.0,"turns":10.0},{"damage":2.0,"enemies":"Orb Walker","floor":36.0,"turns":4.0},{"damage":0.0,"enemies":"3 Shapes","floor":37.0,"turns":4.0},{"damage":7.0,"enemies":"Maw","floor":38.0,"turns":7.0},{"damage":10.0,"enemies":"4 Shapes","floor":39.0,"turns":4.0},{"damage":33.0,"enemies":"Nemesis","floor":41.0,"turns":5.0},{"damage":93,"enemies":"Giant Head","floor":46,"turns":9},{"damage":12,"enemies":"Transient","floor":48,"turns":5},{"damage":17,"enemies":"Sphere and 2 Shapes","floor":49,"turns":5},{"damage":92,"enemies":"Awakened One","floor":51,"turns":9}],"seed_played":"-6128800853857158526","potions_obtained":[{"floor":1.0,"key":"DuplicationPotion"},{"floor":4.0,"key":"CultistPotion"},{"floor":5.0,"key":"Poison Potion"},{"floor":8.0,"key":"Fruit Juice"},{"floor":11.0,"key":"LiquidMemories"},{"floor":15.0,"key":"Block Potion"},{"floor":17.0,"key":"Explosive Potion"},{"floor":19.0,"key":"SpeedPotion"},{"floor":21.0,"key":"PowerPotion"},{"floor":25.0,"key":"Explosive Potion"},{"floor":26.0,"key":"LiquidMemories"},{"floor":28.0,"key":"SpeedPotion"},{"floor":31.0,"key":"LiquidBronze"},{"floor":34.0,"key":"Swift Potion"},{"floor":38.0,"key":"Block Potion"},{"floor":39.0,"key":"SteroidPotion"},{"floor":41.0,"key":"FairyPotion"},{"floor":46,"key":"Swift Potion"},{"floor":48,"key":"EssenceOfSteel"},{"floor":49,"key":"Block Potion"}],"is_trial":false,"path_per_floor":["M","M","M","M","M","E","R","E","T","R","M","M","M","$","E","R","B",null,"M","$","M","?","$","R","E","M","T","?","R","E","E","?","R","B",null,"M","M","M","M","$","E","R","?","T","R","E","R","M","M","R","B"],"character_chosen":"THE_SILENT","items_purchased":["Membership Card","Potion Belt","Footwork","StrikeDummy","Dagger Throw","Paper Crane","Panache","Bottled Tornado"],"campfire_rested":5,"item_purchase_floors":[14,20,20,20,23,40,40,40],"current_hp_per_floor":[66,66,62,54,51,39,39,21,21,21,24,24,24,24,16,38,24,75,75,75,65,49,49,49,33,15,15,29,51,35,35,35,57,51,75,73,73,66,56,56,59,59,59,59,59,48,71,59,42,65,0,0],"gold":217,"neow_bonus":"BOSS_RELIC","is_daily":false,"chose_seed":false,"campfire_upgraded":5,"win_rate":0.0,"timestamp":1613658484,"path_taken":["M","M","M","M","M","E","R","E","T","R","M","M","M","$","E","R","BOSS","M","?","M","?","$","R","E","?","T","?","R","E","E","?","R","BOSS","M","?","M","M","$","E","R","?","T","R","E","R","M","M","R","BOSS"],"items_purchased_type":["Relic","Relic","Card","Relic","Card","Relic","Card","Relic"],"build_version":"2020-12-22","purchased_purges":2,"victory":false,"max_hp_per_floor":[70,70,70,70,70,70,70,70,70,70,75,75,75,75,75,75,75,75,75,75,75,75,75,75,75,75,75,75,75,75,75,75,75,75,75,75,75,75,75,75,77,77,77,77,77,79,79,79,79,79,79,79],"card_choices":[{"not_picked":["Accuracy","Bane"],"picked":"Terror","floor":1.0},{"not_picked":["Bouncing Flask","Prepared"],"picked":"Poisoned Stab","floor":2.0},{"not_picked":["Deadly Poison","Caltrops"],"picked":"Dagger Spray","floor":3.0},{"not_picked":["Flying Knee","Noxious Fumes"],"picked":"Prepared","floor":4.0},{"not_picked":["Skewer","Poisoned Stab","Flying Knee"],"picked":"SKIP","floor":5.0},{"not_picked":["Slice","Sucker Punch"],"picked":"Unload","floor":6.0},{"not_picked":["Poisoned Stab","Dodge and Roll","Sucker Punch"],"picked":"SKIP","floor":8.0},{"not_picked":["Underhanded Strike","Reflex"],"picked":"Adrenaline","floor":11.0},{"not_picked":["Choke","Flechettes"],"picked":"Caltrops","floor":12.0},{"not_picked":["Blur","Outmaneuver","Finisher"],"picked":"SKIP","floor":15.0},{"not_picked":["Glass Knife","Grand Finale"],"picked":"Venomology","floor":17.0},{"not_picked":["Accuracy","Flying Knee","Poisoned Stab"],"picked":"SKIP","floor":19.0},{"not_picked":["PiercingWail","Dodge and Roll","Eviscerate"],"picked":"SKIP","floor":21.0},{"not_picked":["Deadly Poison","Dagger Spray"],"picked":"Envenom","floor":25.0},{"not_picked":["Setup+1","Outmaneuver"],"picked":"Backstab","floor":26.0},{"not_picked":["Blur","Quick Slash"],"picked":"Calculated Gamble+1","floor":28.0},{"not_picked":["Terror","Riddle With Holes+1"],"picked":"Noxious Fumes","floor":30.0},{"not_picked":["Quick Slash","Sucker Punch+1"],"picked":"Tactician","floor":31.0},{"not_picked":["Envenom","Tools of the Trade"],"picked":"A Thousand Cuts","floor":34.0},{"not_picked":["Flechettes","Underhanded Strike+1","Well Laid Plans+1"],"picked":"SKIP","floor":36.0},{"not_picked":["Skewer","Cloak And Dagger","Acrobatics+1"],"picked":"SKIP","floor":37.0},{"not_picked":["All Out Attack+1","Quick Slash"],"picked":"Masterful Stab+1","floor":38.0},{"not_picked":["Blade Dance","Quick Slash+1","Flying Knee"],"picked":"SKIP","floor":39.0},{"not_picked":["Bane+1","Poisoned Stab","Underhanded Strike+1"],"picked":"Singing Bowl","floor":41.0},{"not_picked":["Sucker Punch+1","Grand Finale","Dodge and Roll"],"picked":"Singing Bowl","floor":46},{"not_picked":["Slice","A Thousand Cuts"],"picked":"Dagger Throw+1","floor":48},{"not_picked":["Underhanded Strike+1","Poisoned Stab+1"],"picked":"Distraction+1","floor":49}],"player_experience":633391,"relics_obtained":[{"floor":0.0,"key":"Bronze Scales"},{"floor":0.0,"key":"Mummified Hand"},{"floor":0.0,"key":"Tingsha"},{"floor":6.0,"key":"StoneCalendar"},{"floor":8.0,"key":"CeramicFish"},{"floor":9.0,"key":"White Beast Statue"},{"floor":15.0,"key":"Tough Bandages"},{"floor":22.0,"key":"Necronomicon"},{"floor":25.0,"key":"HornCleat"},{"floor":27.0,"key":"Ancient Tea Set"},{"floor":28.0,"key":"WingedGreaves"},{"floor":28.0,"key":"Pantograph"},{"floor":30.0,"key":"Boot"},{"floor":31.0,"key":"Tiny Chest"},{"floor":41.0,"key":"Smiling Mask"},{"floor":41.0,"key":"Singing Bowl"},{"floor":44.0,"key":"Shuriken"},{"floor":46,"key":"Happy Flower"},{"floor":46,"key":"Torii"}],"event_choices":[{"damage_healed":0.0,"max_hp_gain":0.0,"max_hp_loss":0.0,"gold_gain":0.0,"event_name":"Cursed Tome","player_choice":"Obtained Book","floor":22.0,"gold_loss":0.0,"damage_taken":16.0},{"damage_healed":0.0,"max_hp_gain":0.0,"max_hp_loss":0.0,"gold_gain":0.0,"event_name":"Colosseum","player_choice":"Fight","floor":28.0,"gold_loss":0.0,"damage_taken":0.0},{"damage_healed":0.0,"max_hp_gain":0.0,"max_hp_loss":0.0,"gold_gain":0.0,"event_name":"Colosseum","player_choice":"Fought Nobs","floor":28.0,"gold_loss":0.0,"damage_taken":0.0},{"damage_healed":0.0,"max_hp_gain":0.0,"max_hp_loss":0.0,"gold_gain":0.0,"event_name":"N\u0027loth","player_choice":"Ignored","floor":32.0,"gold_loss":0.0,"damage_taken":0.0},{"damage_healed":0.0,"max_hp_gain":0.0,"max_hp_loss":0.0,"gold_gain":0.0,"event_name":"Match and Keep!","player_choice":"0 cards matched","floor":43.0,"gold_loss":0.0,"damage_taken":0.0,"cards_obtained":[]}],"is_beta":false,"boss_relics":[{"not_picked":["Ectoplasm","Empty Cage"],"picked":"SacredBark"},{"not_picked":["Runic Dome","Tiny House"],"picked":"Black Star"}],"items_purged_floors":[14,40],"is_endless":false,"potions_floor_spawned":[1,4,5,8,11,12,15,17,19,21,25,26,28,28,30,31,34,36,37,38,39,41,46,48,49],"killed_by":"Awakened One","ascension_level":1}}